  <div class='ocr_page' id='page_1' title='image "/cluster/home/n/w/nwhite01/storage/ocr_20150623/104/hvd.32044015466824/316.png"; bbox 0 0 3940 6340; ppageno 0'>
   <div class='ocr_carea' id='block_1_1' title="bbox 132 351 239 408">
    <p class='ocr_par' dir='ltr' id='par_1_1' title="bbox 132 351 239 408">
     <span class='ocr_line' id='line_1_1' title="bbox 132 351 239 408; baseline 0 0"><span class='ocrx_word' id='word_1_1' title='bbox 132 351 239 408; x_wconf 73' lang='grc'><strong>801</strong></span> 
     </span>
    </p>
   </div>
   <div class='ocr_carea' id='block_1_2' title="bbox 169 490 3314 547">
    <p class='ocr_par' dir='ltr' id='par_1_2' title="bbox 169 490 3314 547">
     <span class='ocr_line' id='line_1_2' title="bbox 169 490 3314 547; baseline 0.001 -26"><span class='ocrx_word' id='word_1_2' title='bbox 169 490 3314 547; x_wconf 58' lang='lat' dir='ltr'><em>WW</em></span> 
     </span>
    </p>
   </div>
   <div class='ocr_carea' id='block_1_3' title="bbox 1620 350 1949 411">
    <p class='ocr_par' dir='ltr' id='par_1_3' title="bbox 1620 350 1949 411">
     <span class='ocr_line' id='line_1_3' title="bbox 1620 350 1949 411; baseline 0.012 -4"><span class='ocrx_word' id='word_1_3' title='bbox 1620 350 1949 411; x_wconf 65' lang='lat' dir='ltr'><strong>CHAR&#39;I‘E.</strong></span> 
     </span>
    </p>
   </div>
   <div class='ocr_carea' id='block_1_4' title="bbox 1000 622 2546 750">
    <p class='ocr_par' dir='ltr' id='par_1_4' title="bbox 1000 622 2546 750">
     <span class='ocr_line' id='line_1_4' title="bbox 1000 622 2546 750; baseline 0.003 -8"><span class='ocrx_word' id='word_1_4' title='bbox 1000 622 1797 743; x_wconf 83' lang='lat' dir='ltr'><strong>EGINHARDI</strong></span> <span class='ocrx_word' id='word_1_5' title='bbox 1885 627 2546 750; x_wconf 65' lang='lat' dir='ltr'><strong>CHARTIE.</strong></span> 
     </span>
    </p>
   </div>
   <div class='ocr_carea' id='block_1_5' title="bbox 1505 844 2048 872">
    <p class='ocr_par' dir='ltr' id='par_1_5' title="bbox 1505 844 2048 872">
     <span class='ocr_line' id='line_1_5' title="bbox 1505 844 2048 872; baseline 0.004 -6"><span class='ocrx_word' id='word_1_6' title='bbox 1505 844 2048 872; x_wconf 53' lang='grc'><strong><em>*-</em></strong></span> 
     </span>
    </p>
   </div>
   <div class='ocr_carea' id='block_1_6' title="bbox 907 944 953 1004">
    <p class='ocr_par' dir='ltr' id='par_1_6' title="bbox 907 944 953 1004">
     <span class='ocr_line' id='line_1_6' title="bbox 907 944 953 1004; baseline -0.022 0"><span class='ocrx_word' id='word_1_7' title='bbox 907 944 953 1004; x_wconf 91' lang='grc' dir='ltr'><strong>Ῑ.</strong></span> 
     </span>
    </p>
   </div>
   <div class='ocr_carea' id='block_1_7' title="bbox 129 1060 1723 1137">
    <p class='ocr_par' dir='ltr' id='par_1_7' title="bbox 129 1060 1723 1137">
     <span class='ocr_line' id='line_1_7' title="bbox 129 1060 1723 1137; baseline -0.003 -16"><span class='ocrx_word' id='word_1_8' title='bbox 129 1064 336 1121; x_wconf 83' lang='lat' dir='ltr'><strong>Charta</strong></span> <span class='ocrx_word' id='word_1_9' title='bbox 371 1060 873 1137; x_wconf 51' lang='lat' dir='ltr'><strong>qunEginhardm,</strong></span> <span class='ocrx_word' id='word_1_10' title='bbox 905 1071 1170 1137; x_wconf 71' lang='lat' dir='ltr'><strong>annuente</strong></span> <span class='ocrx_word' id='word_1_11' title='bbox 1203 1062 1378 1118; x_wconf 88' lang='lat' dir='ltr'><strong>Imma</strong></span> <span class='ocrx_word' id='word_1_12' title='bbox 1411 1078 1577 1117; x_wconf 72' lang='lat' dir='ltr'><strong>uxore</strong></span> <span class='ocrx_word' id='word_1_13' title='bbox 1607 1079 1723 1137; x_wconf 71' lang='lat' dir='ltr'><strong>sua,</strong></span> 
     </span>
    </p>
   </div>
   <div class='ocr_carea' id='block_1_8' title="bbox 205 1133 1730 1206">
    <p class='ocr_par' dir='ltr' id='par_1_8' title="bbox 205 1133 1730 1206">
     <span class='ocr_line' id='line_1_8' title="bbox 205 1133 1730 1206; baseline -0.003 -14"><span class='ocrx_word' id='word_1_14' title='bbox 205 1133 396 1192; x_wconf 75' lang='lat' dir='ltr'><strong>cellani</strong></span> <span class='ocrx_word' id='word_1_15' title='bbox 425 1133 762 1206; x_wconf 69' lang='lat' dir='ltr'><strong>Michelstadt</strong></span> <span class='ocrx_word' id='word_1_16' title='bbox 788 1150 907 1188; x_wconf 87' lang='lat' dir='ltr'><strong>cum</strong></span> <span class='ocrx_word' id='word_1_17' title='bbox 947 1135 1295 1206; x_wconf 76' lang='lat' dir='ltr'><strong>appenditiis,</strong></span> <span class='ocrx_word' id='word_1_18' title='bbox 1347 1142 1544 1188; x_wconf 82' lang='lat' dir='ltr'><strong>retento</strong></span> <span class='ocrx_word' id='word_1_19' title='bbox 1589 1134 1730 1204; x_wconf 81' lang='lat' dir='ltr'><strong>ejus-</strong></span> 
     </span>
    </p>
   </div>
   <div class='ocr_carea' id='block_1_9' title="bbox 204 1204 1730 1276">
    <p class='ocr_par' dir='ltr' id='par_1_9' title="bbox 204 1204 1730 1276">
     <span class='ocr_line' id='line_1_9' title="bbox 204 1204 1730 1276; baseline -0.002 -14"><span class='ocrx_word' id='word_1_20' title='bbox 204 1208 328 1262; x_wconf 81' lang='lat' dir='ltr'><strong>dem</strong></span> <span class='ocrx_word' id='word_1_21' title='bbox 380 1205 693 1276; x_wconf 73' lang='lat' dir='ltr'><strong>amfractu,</strong></span> <span class='ocrx_word' id='word_1_22' title='bbox 747 1204 1067 1260; x_wconf 77' lang='lat' dir='ltr'><strong>monasterio</strong></span> <span class='ocrx_word' id='word_1_23' title='bbox 1114 1204 1554 1261; x_wconf 78' lang='lat' dir='ltr'><strong>Laureshamensi</strong></span> <span class='ocrx_word' id='word_1_24' title='bbox 1604 1221 1730 1260; x_wconf 87' lang='lat' dir='ltr'><strong>con-</strong></span> 
     </span>
    </p>
   </div>
   <div class='ocr_carea' id='block_1_10' title="bbox 204 1279 1344 1421">
    <p class='ocr_par' dir='ltr' id='par_1_10' title="bbox 204 1279 1344 1421">
     <span class='ocr_line' id='line_1_10' title="bbox 204 1279 1344 1421; baseline 0.001 -18"><span class='ocrx_word' id='word_1_25' title='bbox 204 1279 364 1334; x_wconf 52' lang='grc' dir='ltr'><strong>κάπ’</strong></span> <span class='ocrx_word' id='word_1_26' title='bbox 525 1347 688 1421; x_wconf 86' lang='lat' dir='ltr'><strong>(Ann.</strong></span> <span class='ocrx_word' id='word_1_27' title='bbox 723 1345 863 1417; x_wconf 82' lang='grc'><strong>819,</strong></span> <span class='ocrx_word' id='word_1_28' title='bbox 907 1346 977 1402; x_wconf 76' lang='grc'><strong>12</strong></span> <span class='ocrx_word' id='word_1_29' title='bbox 1009 1345 1344 1421; x_wconf 84' lang='lat' dir='ltr'><strong>Septembr.)</strong></span> 
     </span>
    </p>
   </div>
   <div class='ocr_carea' id='block_1_11' title="bbox 267 1461 1602 1529">
    <p class='ocr_par' dir='ltr' id='par_1_11' title="bbox 267 1461 1602 1529">
     <span class='ocr_line' id='line_1_11' title="bbox 267 1461 1602 1529; baseline 0.002 -17"><span class='ocrx_word' id='word_1_30' title='bbox 267 1461 522 1525; x_wconf 79' lang='lat' dir='ltr'><strong>(Helvicb,</strong></span> <span class='ocrx_word' id='word_1_31' title='bbox 546 1461 884 1525; x_wconf 81' lang='lat' dir='ltr'><strong>Antiquitates</strong></span> <span class='ocrx_word' id='word_1_32' title='bbox 923 1463 1396 1528; x_wconf 84' lang='lat' dir='ltr'><strong>Laureshamenses,</strong></span> <span class='ocrx_word' id='word_1_33' title='bbox 1423 1477 1473 1529; x_wconf 93' lang='lat' dir='ltr'><strong>p.</strong></span> <span class='ocrx_word' id='word_1_34' title='bbox 1498 1463 1602 1528; x_wconf 75' lang='grc' dir='ltr'>ιι.)</span> 
     </span>
    </p>
   </div>
   <div class='ocr_carea' id='block_1_12' title="bbox 104 1565 1722 1640">
    <p class='ocr_par' dir='ltr' id='par_1_12' title="bbox 104 1565 1722 1640">
     <span class='ocr_line' id='line_1_12' title="bbox 104 1565 1722 1640; baseline 0.002 -18"><span class='ocrx_word' id='word_1_35' title='bbox 104 1565 114 1591; x_wconf 72' lang='grc'><strong>⁷</strong></span> <span class='ocrx_word' id='word_1_36' title='bbox 205 1565 472 1624; x_wconf 88' lang='lat' dir='ltr'><strong>Dominus</strong></span> <span class='ocrx_word' id='word_1_37' title='bbox 512 1582 576 1623; x_wconf 91' lang='lat' dir='ltr'><strong>ac</strong></span> <span class='ocrx_word' id='word_1_38' title='bbox 627 1567 959 1640; x_wconf 76' lang='lat' dir='ltr'><strong>Redemptor</strong></span> <span class='ocrx_word' id='word_1_39' title='bbox 1012 1577 1201 1626; x_wconf 91' lang='lat' dir='ltr'><strong>noster</strong></span> <span class='ocrx_word' id='word_1_40' title='bbox 1247 1569 1608 1640; x_wconf 73' lang='lat' dir='ltr'><strong>corporaliter</strong></span> <span class='ocrx_word' id='word_1_41' title='bbox 1662 1567 1722 1625; x_wconf 91' lang='lat' dir='ltr'><strong>in</strong></span> 
     </span>
    </p>
   </div>
   <div class='ocr_carea' id='block_1_13' title="bbox 130 1661 1728 1733">
    <p class='ocr_par' dir='ltr' id='par_1_13' title="bbox 130 1661 1728 1733">
     <span class='ocr_line' id='line_1_13' title="bbox 130 1661 1728 1733; baseline -0.001 -13"><span class='ocrx_word' id='word_1_42' title='bbox 130 1661 307 1720; x_wconf 80' lang='lat' dir='ltr'><strong>terris</strong></span> <span class='ocrx_word' id='word_1_43' title='bbox 332 1667 707 1726; x_wconf 73' lang='lat' dir='ltr'><strong>conversatus,</strong></span> <span class='ocrx_word' id='word_1_44' title='bbox 742 1661 1010 1729; x_wconf 87' lang='lat' dir='ltr'><strong>homines,</strong></span> <span class='ocrx_word' id='word_1_45' title='bbox 1044 1661 1215 1718; x_wconf 89' lang='lat' dir='ltr'><strong>variis</strong></span> <span class='ocrx_word' id='word_1_46' title='bbox 1253 1663 1506 1718; x_wconf 88' lang='lat' dir='ltr'><strong>sordibus</strong></span> <span class='ocrx_word' id='word_1_47' title='bbox 1529 1675 1728 1733; x_wconf 87' lang='lat' dir='ltr'><strong>pecca-</strong></span> 
     </span>
    </p>
   </div>
   <div class='ocr_carea' id='block_1_14' title="bbox 127 1751 1723 1824">
    <p class='ocr_par' dir='ltr' id='par_1_14' title="bbox 127 1751 1723 1824">
     <span class='ocr_line' id='line_1_14' title="bbox 127 1751 1723 1824; baseline 0 -15"><span class='ocrx_word' id='word_1_48' title='bbox 127 1758 321 1809; x_wconf 82' lang='lat' dir='ltr'><strong>torum</strong></span> <span class='ocrx_word' id='word_1_49' title='bbox 365 1751 696 1822; x_wconf 89' lang='lat' dir='ltr'><strong>inqninatos,</strong></span> <span class='ocrx_word' id='word_1_50' title='bbox 722 1751 1017 1808; x_wconf 90' lang='lat' dir='ltr'><strong>admonere</strong></span> <span class='ocrx_word' id='word_1_51' title='bbox 1049 1753 1302 1824; x_wconf 89' lang='lat' dir='ltr'><strong>dignatus</strong></span> <span class='ocrx_word' id='word_1_52' title='bbox 1347 1760 1451 1821; x_wconf 90' lang='lat' dir='ltr'><strong>est,</strong></span> <span class='ocrx_word' id='word_1_53' title='bbox 1489 1753 1678 1809; x_wconf 88' lang='lat' dir='ltr'><strong>dicens</strong></span> <span class='ocrx_word' id='word_1_54' title='bbox 1709 1771 1723 1809; x_wconf 88' lang='lat'><strong>:</strong></span> 
     </span>
    </p>
   </div>
   <div class='ocr_carea' id='block_1_15' title="bbox 128 1841 1726 1915">
    <p class='ocr_par' dir='ltr' id='par_1_15' title="bbox 128 1841 1726 1915">
     <span class='ocr_line' id='line_1_15' title="bbox 128 1841 1726 1915; baseline 0.001 -17"><span class='ocrx_word' id='word_1_55' title='bbox 128 1841 274 1899; x_wconf 82' lang='lat' dir='ltr'><strong>Date</strong></span> <span class='ocrx_word' id='word_1_56' title='bbox 301 1841 700 1915; x_wconf 76' lang='lat' dir='ltr'><strong>eleemosynam,</strong></span> <span class='ocrx_word' id='word_1_57' title='bbox 731 1851 780 1896; x_wconf 86' lang='lat' dir='ltr'><strong>et</strong></span> <span class='ocrx_word' id='word_1_58' title='bbox 805 1859 921 1898; x_wconf 83' lang='lat' dir='ltr'><strong>ecce</strong></span> <span class='ocrx_word' id='word_1_59' title='bbox 971 1842 1148 1897; x_wconf 88' lang='lat' dir='ltr'><strong>omnia</strong></span> <span class='ocrx_word' id='word_1_60' title='bbox 1176 1844 1375 1897; x_wconf 85' lang='lat' dir='ltr'><strong>munda</strong></span> <span class='ocrx_word' id='word_1_61' title='bbox 1402 1853 1526 1898; x_wconf 84' lang='lat' dir='ltr'><strong>sunt</strong></span> <span class='ocrx_word' id='word_1_62' title='bbox 1550 1843 1726 1910; x_wconf 81' lang='lat' dir='ltr'><strong>vobis;</strong></span> 
     </span>
    </p>
   </div>
   <div class='ocr_carea' id='block_1_16' title="bbox 128 1933 1729 2008">
    <p class='ocr_par' dir='ltr' id='par_1_16' title="bbox 128 1933 1729 2008">
     <span class='ocr_line' id='line_1_16' title="bbox 128 1933 1729 2008; baseline -0.002 -15"><span class='ocrx_word' id='word_1_63' title='bbox 128 1944 188 1993; x_wconf 74' lang='lat' dir='ltr'><strong>et</strong></span> <span class='ocrx_word' id='word_1_64' title='bbox 215 1936 420 1992; x_wconf 86' lang='lat' dir='ltr'><strong>iterum</strong></span> <span class='ocrx_word' id='word_1_65' title='bbox 454 1955 468 1991; x_wconf 90' lang='lat'><strong>:</strong></span> <span class='ocrx_word' id='word_1_66' title='bbox 506 1933 694 1990; x_wconf 83' lang='lat' dir='ltr'><strong>Facite</strong></span> <span class='ocrx_word' id='word_1_67' title='bbox 714 1935 860 1990; x_wconf 80' lang='lat' dir='ltr'><strong>vobis</strong></span> <span class='ocrx_word' id='word_1_68' title='bbox 891 1936 1089 1990; x_wconf 81' lang='lat' dir='ltr'><strong>amicos</strong></span> <span class='ocrx_word' id='word_1_69' title='bbox 1113 1935 1180 1990; x_wconf 84' lang='lat' dir='ltr'><strong>de</strong></span> <span class='ocrx_word' id='word_1_70' title='bbox 1200 1952 1504 1991; x_wconf 86' lang='lat' dir='ltr'><strong>mammona</strong></span> <span class='ocrx_word' id='word_1_71' title='bbox 1532 1937 1729 2008; x_wconf 85' lang='lat' dir='ltr'><strong>iniqui-</strong></span> 
     </span>
    </p>
   </div>
   <div class='ocr_carea' id='block_1_17' title="bbox 135 2031 1728 2105">
    <p class='ocr_par' dir='ltr' id='par_1_17' title="bbox 135 2031 1728 2105">
     <span class='ocr_line' id='line_1_17' title="bbox 135 2031 1728 2105; baseline -0.001 -16"><span class='ocrx_word' id='word_1_72' title='bbox 135 2036 286 2100; x_wconf 81' lang='lat' dir='ltr'><strong>tatis,</strong></span> <span class='ocrx_word' id='word_1_73' title='bbox 314 2035 409 2105; x_wconf 82' lang='lat' dir='ltr'><strong>qui</strong></span> <span class='ocrx_word' id='word_1_74' title='bbox 439 2051 527 2089; x_wconf 77' lang='lat' dir='ltr'><strong>vos</strong></span> <span class='ocrx_word' id='word_1_75' title='bbox 550 2033 804 2104; x_wconf 75' lang='lat' dir='ltr'><strong>recipiant</strong></span> <span class='ocrx_word' id='word_1_76' title='bbox 829 2032 886 2087; x_wconf 87' lang='lat' dir='ltr'><strong>in</strong></span> <span class='ocrx_word' id='word_1_77' title='bbox 904 2041 1104 2087; x_wconf 67' lang='lat' dir='ltr'><strong>aeterna</strong></span> <span class='ocrx_word' id='word_1_78' title='bbox 1126 2031 1488 2088; x_wconf 85' lang='lat' dir='ltr'><strong>tabernacula.</strong></span> <span class='ocrx_word' id='word_1_79' title='bbox 1517 2031 1728 2088; x_wconf 85' lang='lat' dir='ltr'><strong>Idcirco</strong></span> 
     </span>
    </p>
   </div>
   <div class='ocr_carea' id='block_1_18' title="bbox 135 2123 1728 2198">
    <p class='ocr_par' dir='ltr' id='par_1_18' title="bbox 135 2123 1728 2198">
     <span class='ocr_line' id='line_1_18' title="bbox 135 2123 1728 2198; baseline -0.004 -12"><span class='ocrx_word' id='word_1_80' title='bbox 135 2145 273 2194; x_wconf 91' lang='lat' dir='ltr'><strong>nos,</strong></span> <span class='ocrx_word' id='word_1_81' title='bbox 303 2129 357 2182; x_wconf 92' lang='lat' dir='ltr'><strong>in</strong></span> <span class='ocrx_word' id='word_1_82' title='bbox 387 2128 560 2198; x_wconf 85' lang='lat' dir='ltr'><strong>ipsius</strong></span> <span class='ocrx_word' id='word_1_83' title='bbox 602 2126 701 2181; x_wconf 90' lang='lat' dir='ltr'><strong>Dei</strong></span> <span class='ocrx_word' id='word_1_84' title='bbox 729 2125 1116 2195; x_wconf 79' lang='lat' dir='ltr'><strong>omnipotentis</strong></span> <span class='ocrx_word' id='word_1_85' title='bbox 1144 2133 1200 2181; x_wconf 89' lang='lat' dir='ltr'><strong>et</strong></span> <span class='ocrx_word' id='word_1_86' title='bbox 1227 2125 1332 2181; x_wconf 87' lang='lat' dir='ltr'><strong>ista</strong></span> <span class='ocrx_word' id='word_1_87' title='bbox 1363 2123 1606 2194; x_wconf 90' lang='lat' dir='ltr'><strong>jubentis</strong></span> <span class='ocrx_word' id='word_1_88' title='bbox 1631 2140 1728 2181; x_wconf 91' lang='lat' dir='ltr'><strong>no-</strong></span> 
     </span>
    </p>
   </div>
   <div class='ocr_carea' id='block_1_19' title="bbox 129 2215 1728 2289">
    <p class='ocr_par' dir='ltr' id='par_1_19' title="bbox 129 2215 1728 2289">
     <span class='ocr_line' id='line_1_19' title="bbox 129 2215 1728 2289; baseline -0.002 -14"><span class='ocrx_word' id='word_1_89' title='bbox 129 2221 297 2285; x_wconf 91' lang='lat' dir='ltr'><strong>mine,</strong></span> <span class='ocrx_word' id='word_1_90' title='bbox 325 2218 674 2289; x_wconf 86' lang='lat' dir='ltr'><strong>Eginhardus</strong></span> <span class='ocrx_word' id='word_1_91' title='bbox 697 2225 753 2273; x_wconf 90' lang='lat' dir='ltr'><strong>et</strong></span> <span class='ocrx_word' id='word_1_92' title='bbox 785 2216 977 2284; x_wconf 89' lang='lat' dir='ltr'><strong>Imma,</strong></span> <span class='ocrx_word' id='word_1_93' title='bbox 1009 2215 1170 2272; x_wconf 83' lang='lat' dir='ltr'><strong>simul</strong></span> <span class='ocrx_word' id='word_1_94' title='bbox 1219 2216 1285 2272; x_wconf 91' lang='lat' dir='ltr'><strong>de</strong></span> <span class='ocrx_word' id='word_1_95' title='bbox 1312 2216 1488 2272; x_wconf 88' lang='lat' dir='ltr'><strong>salute</strong></span> <span class='ocrx_word' id='word_1_96' title='bbox 1516 2217 1728 2272; x_wconf 88' lang='lat' dir='ltr'><strong>anima-</strong></span> 
     </span>
    </p>
   </div>
   <div class='ocr_carea' id='block_1_20' title="bbox 1761 949 3426 1032">
    <p class='ocr_par' dir='ltr' id='par_1_20' title="bbox 1761 949 3426 1032">
     <span class='ocr_line' id='line_1_20' title="bbox 1761 949 3426 1032; baseline 0.016 -29"><span class='ocrx_word' id='word_1_97' title='bbox 1761 951 1988 1014; x_wconf 76' lang='lat' dir='ltr'><strong>Aneat.</strong></span> <span class='ocrx_word' id='word_1_98' title='bbox 2021 949 2086 1006; x_wconf 86' lang='lat' dir='ltr'><strong>Et</strong></span> <span class='ocrx_word' id='word_1_99' title='bbox 2143 952 2189 1007; x_wconf 89' lang='lat' dir='ltr'><strong>si</strong></span> <span class='ocrx_word' id='word_1_100' title='bbox 2236 953 2432 1025; x_wconf 85' lang='lat' dir='ltr'><strong>aliquis</strong></span> <span class='ocrx_word' id='word_1_101' title='bbox 2481 963 2671 1014; x_wconf 92' lang='lat' dir='ltr'><strong>contra</strong></span> <span class='ocrx_word' id='word_1_102' title='bbox 2722 960 2827 1017; x_wconf 91' lang='lat' dir='ltr'><strong>hoc</strong></span> <span class='ocrx_word' id='word_1_103' title='bbox 2867 972 3070 1020; x_wconf 70' lang='lat' dir='ltr'><strong>nostrae</strong></span> <span class='ocrx_word' id='word_1_104' title='bbox 3110 963 3426 1032; x_wconf 84' lang='lat' dir='ltr'><strong>donationis</strong></span> 
     </span>
    </p>
   </div>
   <div class='ocr_carea' id='block_1_21' title="bbox 1834 1046 3424 1120">
    <p class='ocr_par' dir='ltr' id='par_1_21' title="bbox 1834 1046 3424 1120">
     <span class='ocr_line' id='line_1_21' title="bbox 1834 1046 3424 1120; baseline 0.013 -21"><span class='ocrx_word' id='word_1_105' title='bbox 1834 1051 2219 1100; x_wconf 83' lang='lat' dir='ltr'><strong>testamentum</strong></span> <span class='ocrx_word' id='word_1_106' title='bbox 2249 1046 2516 1104; x_wconf 88' lang='lat' dir='ltr'><strong>resultare</strong></span> <span class='ocrx_word' id='word_1_107' title='bbox 2546 1050 2797 1118; x_wconf 89' lang='lat' dir='ltr'><strong>voluerit,</strong></span> <span class='ocrx_word' id='word_1_108' title='bbox 2825 1061 2918 1108; x_wconf 89' lang='lat' dir='ltr'><strong>aut</strong></span> <span class='ocrx_word' id='word_1_109' title='bbox 2961 1054 3093 1112; x_wconf 89' lang='lat' dir='ltr'><strong>illud</strong></span> <span class='ocrx_word' id='word_1_110' title='bbox 3117 1060 3424 1120; x_wconf 87' lang='lat' dir='ltr'><strong>convellere</strong></span> 
     </span>
    </p>
   </div>
   <div class='ocr_carea' id='block_1_22' title="bbox 1831 1141 3423 1212">
    <p class='ocr_par' dir='ltr' id='par_1_22' title="bbox 1831 1141 3423 1212">
     <span class='ocr_line' id='line_1_22' title="bbox 1831 1141 3423 1212; baseline 0.014 -24"><span class='ocrx_word' id='word_1_111' title='bbox 1831 1141 1994 1205; x_wconf 90' lang='lat' dir='ltr'><strong>atque</strong></span> <span class='ocrx_word' id='word_1_112' title='bbox 2043 1152 2308 1192; x_wconf 84' lang='lat' dir='ltr'><strong>evacuare</strong></span> <span class='ocrx_word' id='word_1_113' title='bbox 2337 1142 2706 1210; x_wconf 83' lang='lat' dir='ltr'><strong>temptaverit,</strong></span> <span class='ocrx_word' id='word_1_114' title='bbox 2753 1143 3006 1212; x_wconf 88' lang='lat' dir='ltr'><strong>primitus</strong></span> <span class='ocrx_word' id='word_1_115' title='bbox 3049 1147 3329 1207; x_wconf 88' lang='lat' dir='ltr'><strong>Christum</strong></span> <span class='ocrx_word' id='word_1_116' title='bbox 3363 1163 3423 1211; x_wconf 89' lang='lat' dir='ltr'><strong>et</strong></span> 
     </span>
    </p>
   </div>
   <div class='ocr_carea' id='block_1_23' title="bbox 1829 1229 3424 1303">
    <p class='ocr_par' dir='ltr' id='par_1_23' title="bbox 1829 1229 3424 1303">
     <span class='ocr_line' id='line_1_23' title="bbox 1829 1229 3424 1303; baseline 0.014 -23"><span class='ocrx_word' id='word_1_117' title='bbox 1829 1233 2079 1281; x_wconf 88' lang='lat' dir='ltr'><strong>sanctum</strong></span> <span class='ocrx_word' id='word_1_118' title='bbox 2104 1237 2401 1300; x_wconf 87' lang='lat' dir='ltr'><strong>martyrem</strong></span> <span class='ocrx_word' id='word_1_119' title='bbox 2437 1229 2552 1299; x_wconf 86' lang='lat' dir='ltr'><strong>ejus</strong></span> <span class='ocrx_word' id='word_1_120' title='bbox 2586 1231 2880 1291; x_wconf 89' lang='lat' dir='ltr'><strong>Nazarium</strong></span> <span class='ocrx_word' id='word_1_121' title='bbox 2924 1237 3172 1298; x_wconf 81' lang='lat' dir='ltr'><strong>nefandis</strong></span> <span class='ocrx_word' id='word_1_122' title='bbox 3199 1245 3424 1303; x_wconf 87' lang='lat' dir='ltr'><strong>ausibus</strong></span> 
     </span>
    </p>
   </div>
   <div class='ocr_carea' id='block_1_24' title="bbox 1829 1318 3421 1400">
    <p class='ocr_par' dir='ltr' id='par_1_24' title="bbox 1829 1318 3421 1400">
     <span class='ocr_line' id='line_1_24' title="bbox 1829 1318 3421 1400; baseline 0.014 -29"><span class='ocrx_word' id='word_1_123' title='bbox 1829 1318 1942 1372; x_wconf 90' lang='lat' dir='ltr'><strong>suis</strong></span> <span class='ocrx_word' id='word_1_124' title='bbox 1995 1320 2332 1376; x_wconf 90' lang='lat' dir='ltr'><strong>contrarium</strong></span> <span class='ocrx_word' id='word_1_125' title='bbox 2367 1324 2588 1391; x_wconf 87' lang='lat' dir='ltr'><strong>sentiat,</strong></span> <span class='ocrx_word' id='word_1_126' title='bbox 2623 1334 2680 1380; x_wconf 90' lang='lat' dir='ltr'><strong>et</strong></span> <span class='ocrx_word' id='word_1_127' title='bbox 2724 1327 2966 1400; x_wconf 89' lang='lat' dir='ltr'><strong>insuper,</strong></span> <span class='ocrx_word' id='word_1_128' title='bbox 3016 1331 3150 1390; x_wconf 92' lang='lat' dir='ltr'><strong>ﬁsco</strong></span> <span class='ocrx_word' id='word_1_129' title='bbox 3197 1335 3421 1393; x_wconf 88' lang='lat' dir='ltr'><strong>distrin-</strong></span> 
     </span>
    </p>
   </div>
   <div class='ocr_carea' id='block_1_25' title="bbox 1829 1411 3424 1494">
    <p class='ocr_par' dir='ltr' id='par_1_25' title="bbox 1829 1411 3424 1494">
     <span class='ocr_line' id='line_1_25' title="bbox 1829 1411 3424 1494; baseline 0.013 -31"><span class='ocrx_word' id='word_1_130' title='bbox 1829 1417 2010 1481; x_wconf 80' lang='lat' dir='ltr'><strong>gente,</strong></span> <span class='ocrx_word' id='word_1_131' title='bbox 2040 1411 2296 1467; x_wconf 89' lang='lat' dir='ltr'><strong>mulctam</strong></span> <span class='ocrx_word' id='word_1_132' title='bbox 2322 1412 2390 1468; x_wconf 90' lang='lat' dir='ltr'><strong>de</strong></span> <span class='ocrx_word' id='word_1_133' title='bbox 2414 1415 2580 1471; x_wconf 85' lang='lat' dir='ltr'><strong>rebus</strong></span> <span class='ocrx_word' id='word_1_134' title='bbox 2606 1419 2842 1489; x_wconf 87' lang='lat' dir='ltr'><strong>propriis</strong></span> <span class='ocrx_word' id='word_1_135' title='bbox 2883 1423 3025 1491; x_wconf 88' lang='lat' dir='ltr'><strong>parti</strong></span> <span class='ocrx_word' id='word_1_136' title='bbox 3054 1426 3300 1494; x_wconf 66' lang='lat' dir='ltr'><strong>praedicti</strong></span> <span class='ocrx_word' id='word_1_137' title='bbox 3330 1442 3424 1484; x_wconf 84' lang='lat' dir='ltr'><strong>ve-</strong></span> 
     </span>
    </p>
   </div>
   <div class='ocr_carea' id='block_1_26' title="bbox 1828 1502 3424 1580">
    <p class='ocr_par' dir='ltr' id='par_1_26' title="bbox 1828 1502 3424 1580">
     <span class='ocr_line' id='line_1_26' title="bbox 1828 1502 3424 1580; baseline 0.013 -25"><span class='ocrx_word' id='word_1_138' title='bbox 1828 1502 2087 1559; x_wconf 89' lang='lat' dir='ltr'><strong>nerabilis</strong></span> <span class='ocrx_word' id='word_1_139' title='bbox 2116 1505 2433 1560; x_wconf 87' lang='lat' dir='ltr'><strong>monasterii</strong></span> <span class='ocrx_word' id='word_1_140' title='bbox 2462 1517 2685 1564; x_wconf 90' lang='lat' dir='ltr'><strong>coactus</strong></span> <span class='ocrx_word' id='word_1_141' title='bbox 2717 1511 2983 1580; x_wconf 83' lang='lat' dir='ltr'><strong>exsolvat,</strong></span> <span class='ocrx_word' id='word_1_142' title='bbox 3018 1517 3135 1571; x_wconf 89' lang='lat' dir='ltr'><strong>auri</strong></span> <span class='ocrx_word' id='word_1_143' title='bbox 3171 1517 3424 1576; x_wconf 80' lang='lat' dir='ltr'><strong>videlicet</strong></span> 
     </span>
    </p>
   </div>
   <div class='ocr_carea' id='block_1_27' title="bbox 1827 1593 3425 1672">
    <p class='ocr_par' dir='ltr' id='par_1_27' title="bbox 1827 1593 3425 1672">
     <span class='ocr_line' id='line_1_27' title="bbox 1827 1593 3425 1672; baseline 0.012 -23"><span class='ocrx_word' id='word_1_144' title='bbox 1827 1593 2024 1650; x_wconf 89' lang='lat' dir='ltr'><strong>libram</strong></span> <span class='ocrx_word' id='word_1_145' title='bbox 2052 1612 2237 1665; x_wconf 88' lang='lat' dir='ltr'><strong>unam,</strong></span> <span class='ocrx_word' id='word_1_146' title='bbox 2280 1601 2489 1670; x_wconf 78' lang='lat' dir='ltr'><strong>argenti</strong></span> <span class='ocrx_word' id='word_1_147' title='bbox 2528 1602 2708 1672; x_wconf 90' lang='lat' dir='ltr'><strong>pondo</strong></span> <span class='ocrx_word' id='word_1_148' title='bbox 2751 1619 2850 1660; x_wconf 77' lang='grc' dir='ltr'>χιι.</span> <span class='ocrx_word' id='word_1_149' title='bbox 2881 1605 2948 1660; x_wconf 83' lang='grc' dir='ltr'>Ει</span> <span class='ocrx_word' id='word_1_150' title='bbox 2979 1607 3083 1663; x_wconf 92' lang='lat' dir='ltr'><strong>hoc</strong></span> <span class='ocrx_word' id='word_1_151' title='bbox 3125 1617 3425 1668; x_wconf 87' lang='lat' dir='ltr'><strong>testamen-</strong></span> 
     </span>
    </p>
   </div>
   <div class='ocr_carea' id='block_1_28' title="bbox 1828 1680 3418 1760">
    <p class='ocr_par' dir='ltr' id='par_1_28' title="bbox 1828 1680 3418 1760">
     <span class='ocr_line' id='line_1_28' title="bbox 1828 1680 3418 1760; baseline 0.012 -19"><span class='ocrx_word' id='word_1_152' title='bbox 1828 1694 1966 1753; x_wconf 90' lang='lat' dir='ltr'><strong>tum,</strong></span> <span class='ocrx_word' id='word_1_153' title='bbox 2013 1695 2178 1760; x_wconf 90' lang='lat' dir='ltr'><strong>atque</strong></span> <span class='ocrx_word' id='word_1_154' title='bbox 2209 1688 2327 1746; x_wconf 86' lang='lat' dir='ltr'><strong>haec</strong></span> <span class='ocrx_word' id='word_1_155' title='bbox 2364 1691 2585 1747; x_wconf 87' lang='lat' dir='ltr'><strong>donatio</strong></span> <span class='ocrx_word' id='word_1_156' title='bbox 2630 1703 2817 1752; x_wconf 91' lang='lat' dir='ltr'><strong>nostra</strong></span> <span class='ocrx_word' id='word_1_157' title='bbox 2847 1696 3003 1754; x_wconf 86' lang='lat' dir='ltr'><strong>ﬁrma</strong></span> <span class='ocrx_word' id='word_1_158' title='bbox 3051 1709 3107 1755; x_wconf 91' lang='lat' dir='ltr'><strong>et</strong></span> <span class='ocrx_word' id='word_1_159' title='bbox 3157 1680 3418 1760; x_wconf 84' lang='lat' dir='ltr'><strong>inviolata</strong></span> 
     </span>
    </p>
   </div>
   <div class='ocr_carea' id='block_1_29' title="bbox 1827 1780 3422 1863">
    <p class='ocr_par' dir='ltr' id='par_1_29' title="bbox 1827 1780 3422 1863">
     <span class='ocr_line' id='line_1_29' title="bbox 1827 1780 3422 1863; baseline 0.011 -30"><span class='ocrx_word' id='word_1_160' title='bbox 1827 1788 2168 1850; x_wconf 89' lang='lat' dir='ltr'><strong>permaneat.</strong></span> <span class='ocrx_word' id='word_1_161' title='bbox 2215 1780 2284 1835; x_wconf 89' lang='lat' dir='ltr'><strong>Et</strong></span> <span class='ocrx_word' id='word_1_162' title='bbox 2334 1782 2402 1849; x_wconf 88' lang='lat' dir='ltr'><strong>si,</strong></span> <span class='ocrx_word' id='word_1_163' title='bbox 2433 1798 2758 1856; x_wconf 91' lang='lat' dir='ltr'><strong>quocunque</strong></span> <span class='ocrx_word' id='word_1_164' title='bbox 2807 1795 3071 1863; x_wconf 82' lang='lat' dir='ltr'><strong>tempore,</strong></span> <span class='ocrx_word' id='word_1_165' title='bbox 3106 1807 3136 1847; x_wconf 90' lang='lat' dir='ltr'><strong>a</strong></span> <span class='ocrx_word' id='word_1_166' title='bbox 3175 1795 3422 1863; x_wconf 88' lang='lat' dir='ltr'><strong>quolibet</strong></span> 
     </span>
    </p>
   </div>
   <div class='ocr_carea' id='block_1_30' title="bbox 1829 1872 3422 1957">
    <p class='ocr_par' dir='ltr' id='par_1_30' title="bbox 1829 1872 3422 1957">
     <span class='ocr_line' id='line_1_30' title="bbox 1829 1872 3422 1957; baseline 0.009 -30"><span class='ocrx_word' id='word_1_167' title='bbox 1829 1872 2050 1929; x_wconf 90' lang='lat' dir='ltr'><strong>homine</strong></span> <span class='ocrx_word' id='word_1_168' title='bbox 2075 1873 2221 1928; x_wconf 86' lang='lat' dir='ltr'><strong>aliud</strong></span> <span class='ocrx_word' id='word_1_169' title='bbox 2251 1875 2673 1933; x_wconf 86' lang='lat' dir='ltr'><strong>instrumentum</strong></span> <span class='ocrx_word' id='word_1_170' title='bbox 2694 1880 2752 1934; x_wconf 92' lang='lat' dir='ltr'><strong>in</strong></span> <span class='ocrx_word' id='word_1_171' title='bbox 2774 1889 2960 1938; x_wconf 90' lang='lat' dir='ltr'><strong>nostro</strong></span> <span class='ocrx_word' id='word_1_172' title='bbox 2987 1885 3209 1939; x_wconf 87' lang='lat' dir='ltr'><strong>nomine</strong></span> <span class='ocrx_word' id='word_1_173' title='bbox 3236 1887 3422 1957; x_wconf 86' lang='lat' dir='ltr'><strong>prola-</strong></span> 
     </span>
    </p>
   </div>
   <div class='ocr_carea' id='block_1_31' title="bbox 1829 1965 3427 2038">
    <p class='ocr_par' dir='ltr' id='par_1_31' title="bbox 1829 1965 3427 2038">
     <span class='ocr_line' id='line_1_31' title="bbox 1829 1965 3427 2038; baseline 0.009 -16"><span class='ocrx_word' id='word_1_174' title='bbox 1829 1973 1944 2022; x_wconf 91' lang='lat' dir='ltr'><strong>tum</strong></span> <span class='ocrx_word' id='word_1_175' title='bbox 1969 1965 2154 2034; x_wconf 81' lang='lat' dir='ltr'><strong>fuerit,</strong></span> <span class='ocrx_word' id='word_1_176' title='bbox 2179 1968 2325 2038; x_wconf 81' lang='lat' dir='ltr'><strong>quOd</strong></span> <span class='ocrx_word' id='word_1_177' title='bbox 2353 1969 2482 2024; x_wconf 91' lang='lat' dir='ltr'><strong>huic</strong></span> <span class='ocrx_word' id='word_1_178' title='bbox 2522 1981 2710 2028; x_wconf 89' lang='lat' dir='ltr'><strong>nostro</strong></span> <span class='ocrx_word' id='word_1_179' title='bbox 2734 1982 3057 2032; x_wconf 89' lang='lat' dir='ltr'><strong>testamento</strong></span> <span class='ocrx_word' id='word_1_180' title='bbox 3088 1981 3427 2037; x_wconf 89' lang='lat' dir='ltr'><strong>contrarium</strong></span> 
     </span>
    </p>
   </div>
   <div class='ocr_carea' id='block_1_32' title="bbox 1831 2057 3422 2136">
    <p class='ocr_par' dir='ltr' id='par_1_32' title="bbox 1831 2057 3422 2136">
     <span class='ocr_line' id='line_1_32' title="bbox 1831 2057 3422 2136; baseline 0.009 -25"><span class='ocrx_word' id='word_1_181' title='bbox 1831 2057 1922 2122; x_wconf 86' lang='lat' dir='ltr'><strong>sit,</strong></span> <span class='ocrx_word' id='word_1_182' title='bbox 1941 2057 2204 2114; x_wconf 90' lang='lat' dir='ltr'><strong>indicium</strong></span> <span class='ocrx_word' id='word_1_183' title='bbox 2223 2059 2478 2116; x_wconf 90' lang='lat' dir='ltr'><strong>datorum</strong></span> <span class='ocrx_word' id='word_1_184' title='bbox 2506 2063 2752 2119; x_wconf 84' lang='lat' dir='ltr'><strong>anterius</strong></span> <span class='ocrx_word' id='word_1_185' title='bbox 2771 2065 2857 2120; x_wconf 88' lang='lat' dir='ltr'><strong>vel</strong></span> <span class='ocrx_word' id='word_1_186' title='bbox 2881 2066 3157 2135; x_wconf 89' lang='lat' dir='ltr'><strong>posterius</strong></span> <span class='ocrx_word' id='word_1_187' title='bbox 3193 2068 3422 2136; x_wconf 85' lang='lat' dir='ltr'><strong>habens,</strong></span> 
     </span>
    </p>
   </div>
   <div class='ocr_carea' id='block_1_33' title="bbox 1829 2149 3428 2216">
    <p class='ocr_par' dir='ltr' id='par_1_33' title="bbox 1829 2149 3428 2216">
     <span class='ocr_line' id='line_1_33' title="bbox 1829 2149 3428 2216; baseline 0.009 -14"><span class='ocrx_word' id='word_1_188' title='bbox 1829 2149 2046 2206; x_wconf 89' lang='lat' dir='ltr'><strong>etiamsi</strong></span> <span class='ocrx_word' id='word_1_189' title='bbox 2076 2166 2243 2206; x_wconf 91' lang='lat' dir='ltr'><strong>manu</strong></span> <span class='ocrx_word' id='word_1_190' title='bbox 2287 2162 2476 2208; x_wconf 91' lang='lat' dir='ltr'><strong>nostra</strong></span> <span class='ocrx_word' id='word_1_191' title='bbox 2502 2154 2753 2210; x_wconf 88' lang='lat' dir='ltr'><strong>videatur</strong></span> <span class='ocrx_word' id='word_1_192' title='bbox 2774 2156 2860 2212; x_wconf 89' lang='lat' dir='ltr'><strong>vel</strong></span> <span class='ocrx_word' id='word_1_193' title='bbox 2897 2157 3109 2213; x_wconf 89' lang='lat' dir='ltr'><strong>dicatur</strong></span> <span class='ocrx_word' id='word_1_194' title='bbox 3155 2174 3277 2216; x_wconf 89' lang='lat' dir='ltr'><strong>esse</strong></span> <span class='ocrx_word' id='word_1_195' title='bbox 3334 2160 3428 2216; x_wconf 82' lang='lat' dir='ltr'><strong>ﬁr-</strong></span> 
     </span>
    </p>
   </div>
   <div class='ocr_carea' id='block_1_34' title="bbox 1829 2247 3427 2318">
    <p class='ocr_par' dir='ltr' id='par_1_34' title="bbox 1829 2247 3427 2318">
     <span class='ocr_line' id='line_1_34' title="bbox 1829 2247 3427 2318; baseline 0.008 -21"><span class='ocrx_word' id='word_1_196' title='bbox 1829 2251 2059 2311; x_wconf 91' lang='lat' dir='ltr'><strong>matum,</strong></span> <span class='ocrx_word' id='word_1_197' title='bbox 2087 2259 2319 2301; x_wconf 91' lang='lat' dir='ltr'><strong>vacuum</strong></span> <span class='ocrx_word' id='word_1_198' title='bbox 2357 2254 2414 2302; x_wconf 91' lang='lat' dir='ltr'><strong>et</strong></span> <span class='ocrx_word' id='word_1_199' title='bbox 2441 2247 2603 2304; x_wconf 90' lang='lat' dir='ltr'><strong>inane</strong></span> <span class='ocrx_word' id='word_1_200' title='bbox 2655 2259 2955 2318; x_wconf 85' lang='lat' dir='ltr'><strong>remaneat,</strong></span> <span class='ocrx_word' id='word_1_201' title='bbox 3003 2259 3057 2306; x_wconf 91' lang='lat' dir='ltr'><strong>et</strong></span> <span class='ocrx_word' id='word_1_202' title='bbox 3085 2252 3295 2309; x_wconf 90' lang='lat' dir='ltr'><strong>nullum</strong></span> <span class='ocrx_word' id='word_1_203' title='bbox 3349 2253 3427 2309; x_wconf 83' lang='lat' dir='ltr'><strong>ef-</strong></span> 
     </span>
    </p>
   </div>
   <div class='ocr_carea' id='block_1_35' title="bbox 129 2309 3428 2411">
    <p class='ocr_par' dir='ltr' id='par_1_35' title="bbox 129 2309 3428 2411">
     <span class='ocr_line' id='line_1_35' title="bbox 129 2309 3428 2411; baseline 0.001 -15"><span class='ocrx_word' id='word_1_204' title='bbox 129 2329 256 2369; x_wconf 61' lang='lat' dir='ltr'><strong>rum</strong></span> <span class='ocrx_word' id='word_1_205' title='bbox 292 2320 612 2411; x_wconf 49' lang='lat' dir='ltr'><strong>f&#39;°s_&quot;amm</strong></span> <span class='ocrx_word' id='word_1_206' title='bbox 635 2311 1039 2411; x_wconf 12' lang='lat' dir='ltr'><strong>cogi‘ames’ge&quot;</strong></span> <span class='ocrx_word' id='word_1_207' title='bbox 1067 2309 1728 2411; x_wconf 46' lang='grc' dir='ltr'><strong>δθξδθωηάίῖυθθθπίδ</strong></span> <span class='ocrx_word' id='word_1_208' title='bbox 1753 2330 1802 2392; x_wconf 90' lang='grc' dir='ltr'><strong>Β</strong></span> <span class='ocrx_word' id='word_1_209' title='bbox 1828 2309 2053 2391; x_wconf 83' lang='lat' dir='ltr'><strong>fectum</strong></span> <span class='ocrx_word' id='word_1_210' title='bbox 2078 2337 2352 2405; x_wconf 84' lang='lat' dir='ltr'><strong>obtineat;</strong></span> <span class='ocrx_word' id='word_1_211' title='bbox 2403 2340 2518 2406; x_wconf 92' lang='lat' dir='ltr'><strong>sed,</strong></span> <span class='ocrx_word' id='word_1_212' title='bbox 2549 2348 2611 2394; x_wconf 91' lang='lat' dir='ltr'><strong>ut</strong></span> <span class='ocrx_word' id='word_1_213' title='bbox 2635 2309 3010 2411; x_wconf 63' lang='lat' dir='ltr'><strong>praediximus,</strong></span> <span class='ocrx_word' id='word_1_214' title='bbox 3045 2343 3168 2398; x_wconf 64' lang='lat' dir='ltr'><strong>haec</strong></span> <span class='ocrx_word' id='word_1_215' title='bbox 3210 2344 3428 2400; x_wconf 89' lang='lat' dir='ltr'><strong>donatio</strong></span> 
     </span>
    </p>
   </div>
   <div class='ocr_carea' id='block_1_36' title="bbox 129 2401 1727 2474">
    <p class='ocr_par' dir='ltr' id='par_1_36' title="bbox 129 2401 1727 2474">
     <span class='ocr_line' id='line_1_36' title="bbox 129 2401 1727 2474; baseline -0.003 -12"><span class='ocrx_word' id='word_1_216' title='bbox 129 2405 362 2471; x_wconf 89' lang='lat' dir='ltr'><strong>nostris,</strong></span> <span class='ocrx_word' id='word_1_217' title='bbox 388 2405 673 2474; x_wconf 66' lang='lat' dir='ltr'><strong>beataeque</strong></span> <span class='ocrx_word' id='word_1_218' title='bbox 703 2418 767 2458; x_wconf 89' lang='lat' dir='ltr'><strong>ac</strong></span> <span class='ocrx_word' id='word_1_219' title='bbox 795 2409 1071 2473; x_wconf 71' lang='lat' dir='ltr'><strong>perpetua:</strong></span> <span class='ocrx_word' id='word_1_220' title='bbox 1109 2402 1236 2457; x_wconf 77' lang='lat' dir='ltr'><strong>vitae</strong></span> <span class='ocrx_word' id='word_1_221' title='bbox 1259 2401 1499 2471; x_wconf 62' lang='lat' dir='ltr'><strong>praemiis</strong></span> <span class='ocrx_word' id='word_1_222' title='bbox 1532 2417 1727 2458; x_wconf 90' lang='lat' dir='ltr'><strong>conse-</strong></span> 
     </span>
    </p>
   </div>
   <div class='ocr_carea' id='block_1_37' title="bbox 128 2493 1728 2568">
    <p class='ocr_par' dir='ltr' id='par_1_37' title="bbox 128 2493 1728 2568">
     <span class='ocr_line' id='line_1_37' title="bbox 128 2493 1728 2568; baseline -0.002 -15"><span class='ocrx_word' id='word_1_223' title='bbox 128 2496 365 2568; x_wconf 87' lang='lat' dir='ltr'><strong>quendis</strong></span> <span class='ocrx_word' id='word_1_224' title='bbox 389 2497 510 2567; x_wconf 89' lang='lat' dir='ltr'><strong>pari</strong></span> <span class='ocrx_word' id='word_1_225' title='bbox 533 2495 819 2552; x_wconf 86' lang='lat' dir='ltr'><strong>devotione</strong></span> <span class='ocrx_word' id='word_1_226' title='bbox 849 2502 1146 2550; x_wconf 85' lang='lat' dir='ltr'><strong>tractantes</strong></span> <span class='ocrx_word' id='word_1_227' title='bbox 1161 2535 1177 2559; x_wconf 94' lang='lat'><strong>,</strong></span> <span class='ocrx_word' id='word_1_228' title='bbox 1207 2493 1312 2550; x_wconf 87' lang='lat' dir='ltr'><strong>hoc</strong></span> <span class='ocrx_word' id='word_1_229' title='bbox 1339 2502 1728 2550; x_wconf 88' lang='lat' dir='ltr'><strong>testamentum</strong></span> 
     </span>
    </p>
   </div>
   <div class='ocr_carea' id='block_1_38' title="bbox 131 2586 1729 2658">
    <p class='ocr_par' dir='ltr' id='par_1_38' title="bbox 131 2586 1729 2658">
     <span class='ocr_line' id='line_1_38' title="bbox 131 2586 1729 2658; baseline -0.001 -14"><span class='ocrx_word' id='word_1_230' title='bbox 131 2589 342 2646; x_wconf 77' lang='lat' dir='ltr'><strong>facere</strong></span> <span class='ocrx_word' id='word_1_231' title='bbox 363 2589 725 2645; x_wconf 86' lang='lat' dir='ltr'><strong>decrevimus.</strong></span> <span class='ocrx_word' id='word_1_232' title='bbox 777 2587 883 2643; x_wconf 90' lang='lat' dir='ltr'><strong>Per</strong></span> <span class='ocrx_word' id='word_1_233' title='bbox 911 2588 1056 2658; x_wconf 91' lang='lat' dir='ltr'><strong>quod</strong></span> <span class='ocrx_word' id='word_1_234' title='bbox 1097 2594 1394 2657; x_wconf 89' lang='lat' dir='ltr'><strong>spontanea</strong></span> <span class='ocrx_word' id='word_1_235' title='bbox 1426 2593 1482 2642; x_wconf 90' lang='lat' dir='ltr'><strong>et</strong></span> <span class='ocrx_word' id='word_1_236' title='bbox 1519 2586 1729 2658; x_wconf 86' lang='lat' dir='ltr'><strong>integra</strong></span> 
     </span>
    </p>
   </div>
   <div class='ocr_carea' id='block_1_39' title="bbox 129 2679 1730 2752">
    <p class='ocr_par' dir='ltr' id='par_1_39' title="bbox 129 2679 1730 2752">
     <span class='ocr_line' id='line_1_39' title="bbox 129 2679 1730 2752; baseline -0.001 -14"><span class='ocrx_word' id='word_1_237' title='bbox 129 2684 416 2740; x_wconf 77' lang='lat' dir='ltr'><strong>voluntate</strong></span> <span class='ocrx_word' id='word_1_238' title='bbox 461 2683 750 2748; x_wconf 89' lang='lat' dir='ltr'><strong>donamus,</strong></span> <span class='ocrx_word' id='word_1_239' title='bbox 780 2681 924 2752; x_wconf 90' lang='lat' dir='ltr'><strong>quod</strong></span> <span class='ocrx_word' id='word_1_240' title='bbox 964 2681 1034 2737; x_wconf 87' lang='lat' dir='ltr'><strong>ab</strong></span> <span class='ocrx_word' id='word_1_241' title='bbox 1063 2680 1328 2737; x_wconf 87' lang='lat' dir='ltr'><strong>hodierna</strong></span> <span class='ocrx_word' id='word_1_242' title='bbox 1355 2681 1444 2736; x_wconf 90' lang='lat' dir='ltr'><strong>die</strong></span> <span class='ocrx_word' id='word_1_243' title='bbox 1470 2679 1730 2737; x_wconf 90' lang='lat' dir='ltr'><strong>donatum</strong></span> 
     </span>
    </p>
   </div>
   <div class='ocr_carea' id='block_1_40' title="bbox 129 2771 1731 2842">
    <p class='ocr_par' dir='ltr' id='par_1_40' title="bbox 129 2771 1731 2842">
     <span class='ocr_line' id='line_1_40' title="bbox 129 2771 1731 2842; baseline -0.003 -10"><span class='ocrx_word' id='word_1_244' title='bbox 129 2791 256 2832; x_wconf 90' lang='lat' dir='ltr'><strong>esse</strong></span> <span class='ocrx_word' id='word_1_245' title='bbox 281 2774 560 2842; x_wconf 89' lang='lat' dir='ltr'><strong>volumus,</strong></span> <span class='ocrx_word' id='word_1_246' title='bbox 589 2773 646 2828; x_wconf 91' lang='lat' dir='ltr'><strong>id</strong></span> <span class='ocrx_word' id='word_1_247' title='bbox 671 2781 814 2839; x_wconf 39' lang='lat' dir='ltr'><strong>\est,</strong></span> <span class='ocrx_word' id='word_1_248' title='bbox 849 2771 1042 2828; x_wconf 88' lang='lat' dir='ltr'><strong>cellam</strong></span> <span class='ocrx_word' id='word_1_249' title='bbox 1086 2773 1259 2828; x_wconf 87' lang='lat' dir='ltr'><strong>nostri</strong></span> <span class='ocrx_word' id='word_1_250' title='bbox 1296 2771 1438 2842; x_wconf 88' lang='lat' dir='ltr'><strong>juris</strong></span> <span class='ocrx_word' id='word_1_251' title='bbox 1471 2771 1731 2828; x_wconf 88' lang='lat' dir='ltr'><strong>vocabulo</strong></span> 
     </span>
    </p>
   </div>
   <div class='ocr_carea' id='block_1_41' title="bbox 131 2865 1730 2938">
    <p class='ocr_par' dir='ltr' id='par_1_41' title="bbox 131 2865 1730 2938">
     <span class='ocr_line' id='line_1_41' title="bbox 131 2865 1730 2938; baseline -0.001 -14"><span class='ocrx_word' id='word_1_252' title='bbox 131 2868 503 2932; x_wconf 79' lang='lat' dir='ltr'><strong>Michlenstat,</strong></span> <span class='ocrx_word' id='word_1_253' title='bbox 529 2867 692 2922; x_wconf 88' lang='lat' dir='ltr'><strong>sitam</strong></span> <span class='ocrx_word' id='word_1_254' title='bbox 716 2866 773 2921; x_wconf 93' lang='lat' dir='ltr'><strong>in</strong></span> <span class='ocrx_word' id='word_1_255' title='bbox 798 2880 938 2938; x_wconf 90' lang='lat' dir='ltr'><strong>pago</strong></span> <span class='ocrx_word' id='word_1_256' title='bbox 972 2865 1308 2937; x_wconf 89' lang='lat' dir='ltr'><strong>Plumgowe,</strong></span> <span class='ocrx_word' id='word_1_257' title='bbox 1341 2865 1397 2919; x_wconf 91' lang='lat' dir='ltr'><strong>in</strong></span> <span class='ocrx_word' id='word_1_258' title='bbox 1439 2865 1579 2920; x_wconf 86' lang='lat' dir='ltr'><strong>silva</strong></span> <span class='ocrx_word' id='word_1_259' title='bbox 1609 2881 1730 2936; x_wconf 70' lang='lat' dir='ltr'><strong>qua:</strong></span> 
     </span>
    </p>
   </div>
   <div class='ocr_carea' id='block_1_42' title="bbox 129 2955 1732 3030">
    <p class='ocr_par' dir='ltr' id='par_1_42' title="bbox 129 2955 1732 3030">
     <span class='ocr_line' id='line_1_42' title="bbox 129 2955 1732 3030; baseline -0.002 -13"><span class='ocrx_word' id='word_1_260' title='bbox 129 2961 338 3017; x_wconf 89' lang='lat' dir='ltr'><strong>dicitur</strong></span> <span class='ocrx_word' id='word_1_261' title='bbox 367 2956 689 3016; x_wconf 85' lang='lat' dir='ltr'><strong>Odenevvalt</strong></span> <span class='ocrx_word' id='word_1_262' title='bbox 710 2973 875 3029; x_wconf 89' lang='lat' dir='ltr'><strong>super</strong></span> <span class='ocrx_word' id='word_1_263' title='bbox 905 2955 1128 3012; x_wconf 85' lang='lat' dir='ltr'><strong>ﬂuvium</strong></span> <span class='ocrx_word' id='word_1_264' title='bbox 1157 2956 1538 3030; x_wconf 82' lang='lat' dir='ltr'><strong>Mimilingnm,</strong></span> <span class='ocrx_word' id='word_1_265' title='bbox 1564 2973 1732 3028; x_wconf 88' lang='lat' dir='ltr'><strong>quam</strong></span> 
     </span>
    </p>
   </div>
   <div class='ocr_carea' id='block_1_43' title="bbox 127 3049 1731 3123">
    <p class='ocr_par' dir='ltr' id='par_1_43' title="bbox 127 3049 1731 3123">
     <span class='ocr_line' id='line_1_43' title="bbox 127 3049 1731 3123; baseline -0.001 -15"><span class='ocrx_word' id='word_1_266' title='bbox 127 3053 294 3108; x_wconf 89' lang='lat' dir='ltr'><strong>nobis</strong></span> <span class='ocrx_word' id='word_1_267' title='bbox 332 3051 761 3123; x_wconf 89' lang='lat' dir='ltr'><strong>gloriosissimus</strong></span> <span class='ocrx_word' id='word_1_268' title='bbox 813 3051 1068 3122; x_wconf 90' lang='lat' dir='ltr'><strong>princeps</strong></span> <span class='ocrx_word' id='word_1_269' title='bbox 1102 3051 1332 3106; x_wconf 90' lang='lat' dir='ltr'><strong>domnus</strong></span> <span class='ocrx_word' id='word_1_270' title='bbox 1379 3049 1731 3107; x_wconf 82' lang='lat' dir='ltr'><strong>Hludovvicus</strong></span> 
     </span>
    </p>
   </div>
   <div class='ocr_carea' id='block_1_44' title="bbox 125 3141 1732 3217">
    <p class='ocr_par' dir='ltr' id='par_1_44' title="bbox 125 3141 1732 3217">
     <span class='ocr_line' id='line_1_44' title="bbox 125 3141 1732 3217; baseline -0.002 -17"><span class='ocrx_word' id='word_1_271' title='bbox 125 3146 436 3217; x_wconf 87' lang='lat' dir='ltr'><strong>imperator</strong></span> <span class='ocrx_word' id='word_1_272' title='bbox 455 3143 765 3214; x_wconf 88' lang='lat' dir='ltr'><strong>largissima</strong></span> <span class='ocrx_word' id='word_1_273' title='bbox 788 3142 1114 3199; x_wconf 84' lang='lat' dir='ltr'><strong>liberalitate</strong></span> <span class='ocrx_word' id='word_1_274' title='bbox 1136 3143 1430 3208; x_wconf 86' lang='lat' dir='ltr'><strong>concessit,</strong></span> <span class='ocrx_word' id='word_1_275' title='bbox 1455 3150 1512 3198; x_wconf 92' lang='lat' dir='ltr'><strong>et</strong></span> <span class='ocrx_word' id='word_1_276' title='bbox 1526 3143 1592 3197; x_wconf 90' lang='lat' dir='ltr'><strong>de</strong></span> <span class='ocrx_word' id='word_1_277' title='bbox 1605 3141 1732 3211; x_wconf 86' lang='lat' dir='ltr'><strong>jure</strong></span> 
     </span>
    </p>
   </div>
   <div class='ocr_carea' id='block_1_45' title="bbox 121 3234 1734 3306">
    <p class='ocr_par' dir='ltr' id='par_1_45' title="bbox 121 3234 1734 3306">
     <span class='ocr_line' id='line_1_45' title="bbox 121 3234 1734 3306; baseline -0.001 -12"><span class='ocrx_word' id='word_1_278' title='bbox 121 3253 232 3294; x_wconf 88' lang='lat' dir='ltr'><strong>suo</strong></span> <span class='ocrx_word' id='word_1_279' title='bbox 266 3238 324 3293; x_wconf 91' lang='lat' dir='ltr'><strong>in</strong></span> <span class='ocrx_word' id='word_1_280' title='bbox 356 3244 604 3294; x_wconf 90' lang='lat' dir='ltr'><strong>nostrum</strong></span> <span class='ocrx_word' id='word_1_281' title='bbox 643 3234 735 3306; x_wconf 91' lang='lat' dir='ltr'><strong>jus</strong></span> <span class='ocrx_word' id='word_1_282' title='bbox 761 3236 991 3292; x_wconf 90' lang='lat' dir='ltr'><strong>solemni</strong></span> <span class='ocrx_word' id='word_1_283' title='bbox 1029 3237 1319 3292; x_wconf 89' lang='lat' dir='ltr'><strong>donatione</strong></span> <span class='ocrx_word' id='word_1_284' title='bbox 1345 3236 1642 3302; x_wconf 87' lang='lat' dir='ltr'><strong>transtulit,</strong></span> <span class='ocrx_word' id='word_1_285' title='bbox 1667 3251 1734 3292; x_wconf 89' lang='lat' dir='ltr'><strong>ac</strong></span> 
     </span>
    </p>
   </div>
   <div class='ocr_carea' id='block_1_46' title="bbox 120 3328 1732 3403">
    <p class='ocr_par' dir='ltr' id='par_1_46' title="bbox 120 3328 1732 3403">
     <span class='ocr_line' id='line_1_46' title="bbox 120 3328 1732 3403; baseline -0.002 -17"><span class='ocrx_word' id='word_1_286' title='bbox 120 3331 408 3403; x_wconf 61' lang='lat' dir='ltr'><strong>praecepti</strong></span> <span class='ocrx_word' id='word_1_287' title='bbox 449 3331 532 3385; x_wconf 87' lang='lat' dir='ltr'><strong>sui</strong></span> <span class='ocrx_word' id='word_1_288' title='bbox 557 3330 887 3386; x_wconf 89' lang='lat' dir='ltr'><strong>auctoritate</strong></span> <span class='ocrx_word' id='word_1_289' title='bbox 911 3330 968 3384; x_wconf 91' lang='lat' dir='ltr'><strong>in</strong></span> <span class='ocrx_word' id='word_1_290' title='bbox 1003 3329 1396 3400; x_wconf 83' lang='lat' dir='ltr'><strong>proprietatem</strong></span> <span class='ocrx_word' id='word_1_291' title='bbox 1421 3328 1578 3384; x_wconf 90' lang='lat' dir='ltr'><strong>nobis</strong></span> <span class='ocrx_word' id='word_1_292' title='bbox 1604 3344 1732 3384; x_wconf 86' lang='lat' dir='ltr'><strong>con-</strong></span> 
     </span>
    </p>
   </div>
   <div class='ocr_carea' id='block_1_47' title="bbox 117 3418 1735 3492">
    <p class='ocr_par' dir='ltr' id='par_1_47' title="bbox 117 3418 1735 3492">
     <span class='ocr_line' id='line_1_47' title="bbox 117 3418 1735 3492; baseline -0.002 -15"><span class='ocrx_word' id='word_1_293' title='bbox 117 3421 406 3477; x_wconf 86' lang='lat' dir='ltr'><strong>ﬁrmavit.</strong></span> <span class='ocrx_word' id='word_1_294' title='bbox 436 3418 605 3488; x_wconf 85' lang='lat' dir='ltr'><strong>Hanc,</strong></span> <span class='ocrx_word' id='word_1_295' title='bbox 637 3428 699 3475; x_wconf 89' lang='lat' dir='ltr'><strong>ut</strong></span> <span class='ocrx_word' id='word_1_296' title='bbox 748 3421 1010 3486; x_wconf 78' lang='lat' dir='ltr'><strong>diximus,</strong></span> <span class='ocrx_word' id='word_1_297' title='bbox 1055 3419 1252 3475; x_wconf 89' lang='lat' dir='ltr'><strong>cellam</strong></span> <span class='ocrx_word' id='word_1_298' title='bbox 1286 3420 1388 3475; x_wconf 90' lang='lat' dir='ltr'><strong>sub</strong></span> <span class='ocrx_word' id='word_1_299' title='bbox 1418 3419 1735 3492; x_wconf 78' lang='lat' dir='ltr'><strong>integritate</strong></span> 
     </span>
    </p>
   </div>
   <div class='ocr_carea' id='block_1_48' title="bbox 114 3513 1732 3586">
    <p class='ocr_par' dir='ltr' id='par_1_48' title="bbox 114 3513 1732 3586">
     <span class='ocr_line' id='line_1_48' title="bbox 114 3513 1732 3586; baseline -0.002 -14"><span class='ocrx_word' id='word_1_300' title='bbox 114 3530 260 3572; x_wconf 84' lang='lat' dir='ltr'><strong>cum</strong></span> <span class='ocrx_word' id='word_1_301' title='bbox 311 3513 564 3570; x_wconf 91' lang='lat' dir='ltr'><strong>omnibus</strong></span> <span class='ocrx_word' id='word_1_302' title='bbox 591 3513 931 3586; x_wconf 90' lang='lat' dir='ltr'><strong>appendiciis</strong></span> <span class='ocrx_word' id='word_1_303' title='bbox 977 3521 1034 3570; x_wconf 90' lang='lat' dir='ltr'><strong>et</strong></span> <span class='ocrx_word' id='word_1_304' title='bbox 1084 3513 1332 3569; x_wconf 88' lang='lat' dir='ltr'><strong>terminis</strong></span> <span class='ocrx_word' id='word_1_305' title='bbox 1361 3513 1495 3580; x_wconf 88' lang='lat' dir='ltr'><strong>suis,</strong></span> <span class='ocrx_word' id='word_1_306' title='bbox 1525 3521 1732 3569; x_wconf 91' lang='lat' dir='ltr'><strong>etcum</strong></span> 
     </span>
    </p>
   </div>
   <div class='ocr_carea' id='block_1_49' title="bbox 113 3605 1732 3678">
    <p class='ocr_par' dir='ltr' id='par_1_49' title="bbox 113 3605 1732 3678">
     <span class='ocr_line' id='line_1_49' title="bbox 113 3605 1732 3678; baseline -0.002 -13"><span class='ocrx_word' id='word_1_307' title='bbox 113 3605 392 3665; x_wconf 88' lang='lat' dir='ltr'><strong>omnibus</strong></span> <span class='ocrx_word' id='word_1_308' title='bbox 422 3607 490 3662; x_wconf 92' lang='lat' dir='ltr'><strong>ad</strong></span> <span class='ocrx_word' id='word_1_309' title='bbox 511 3622 571 3663; x_wconf 90' lang='lat' dir='ltr'><strong>se</strong></span> <span class='ocrx_word' id='word_1_310' title='bbox 594 3607 1014 3678; x_wconf 88' lang='lat' dir='ltr'><strong>pertinentibus,</strong></span> <span class='ocrx_word' id='word_1_311' title='bbox 1043 3607 1098 3663; x_wconf 91' lang='lat' dir='ltr'><strong>id</strong></span> <span class='ocrx_word' id='word_1_312' title='bbox 1130 3615 1234 3673; x_wconf 90' lang='lat' dir='ltr'><strong>est,</strong></span> <span class='ocrx_word' id='word_1_313' title='bbox 1265 3607 1530 3673; x_wconf 88' lang='lat' dir='ltr'><strong>basilicis,</strong></span> <span class='ocrx_word' id='word_1_314' title='bbox 1553 3606 1732 3663; x_wconf 87' lang='lat' dir='ltr'><strong>domi-</strong></span> 
     </span>
    </p>
   </div>
   <div class='ocr_carea' id='block_1_50' title="bbox 113 3699 1732 3771">
    <p class='ocr_par' dir='ltr' id='par_1_50' title="bbox 113 3699 1732 3771">
     <span class='ocr_line' id='line_1_50' title="bbox 113 3699 1732 3771; baseline -0.003 -13"><span class='ocrx_word' id='word_1_315' title='bbox 113 3703 259 3768; x_wconf 69' lang='lat' dir='ltr'><strong>bus,</strong></span> <span class='ocrx_word' id='word_1_316' title='bbox 279 3700 600 3771; x_wconf 80' lang='lat' dir='ltr'><strong>caeterisque</strong></span> <span class='ocrx_word' id='word_1_317' title='bbox 627 3699 891 3768; x_wconf 65' lang='lat' dir='ltr'><strong>aediﬁciis,</strong></span> <span class='ocrx_word' id='word_1_318' title='bbox 924 3699 1108 3767; x_wconf 89' lang='lat' dir='ltr'><strong>terris,</strong></span> <span class='ocrx_word' id='word_1_319' title='bbox 1144 3700 1336 3770; x_wconf 89' lang='lat' dir='ltr'><strong>pratis,</strong></span> <span class='ocrx_word' id='word_1_320' title='bbox 1371 3699 1541 3765; x_wconf 90' lang='lat' dir='ltr'><strong>silvis,</strong></span> <span class='ocrx_word' id='word_1_321' title='bbox 1583 3713 1732 3754; x_wconf 89' lang='lat' dir='ltr'><strong>cam-</strong></span> 
     </span>
    </p>
   </div>
   <div class='ocr_carea' id='block_1_51' title="bbox 112 3791 1731 3865">
    <p class='ocr_par' dir='ltr' id='par_1_51' title="bbox 112 3791 1731 3865">
     <span class='ocr_line' id='line_1_51' title="bbox 112 3791 1731 3865; baseline -0.002 -16"><span class='ocrx_word' id='word_1_322' title='bbox 112 3793 236 3865; x_wconf 88' lang='lat' dir='ltr'><strong>pis,</strong></span> <span class='ocrx_word' id='word_1_323' title='bbox 261 3793 504 3864; x_wconf 87' lang='lat' dir='ltr'><strong>pascuis,</strong></span> <span class='ocrx_word' id='word_1_324' title='bbox 532 3792 711 3862; x_wconf 86' lang='lat' dir='ltr'><strong>aquis,</strong></span> <span class='ocrx_word' id='word_1_325' title='bbox 736 3807 1070 3862; x_wconf 89' lang='lat' dir='ltr'><strong>aquarumve</strong></span> <span class='ocrx_word' id='word_1_326' title='bbox 1097 3791 1435 3858; x_wconf 88' lang='lat' dir='ltr'><strong>decursibus,</strong></span> <span class='ocrx_word' id='word_1_327' title='bbox 1465 3792 1625 3849; x_wconf 90' lang='lat' dir='ltr'><strong>cultis</strong></span> <span class='ocrx_word' id='word_1_328' title='bbox 1655 3791 1731 3846; x_wconf 89' lang='lat' dir='ltr'><strong>lo-</strong></span> 
     </span>
    </p>
   </div>
   <div class='ocr_carea' id='block_1_52' title="bbox 110 3882 1734 3951">
    <p class='ocr_par' dir='ltr' id='par_1_52' title="bbox 110 3882 1734 3951">
     <span class='ocr_line' id='line_1_52' title="bbox 110 3882 1734 3951; baseline -0.002 -10"><span class='ocrx_word' id='word_1_329' title='bbox 110 3886 205 3942; x_wconf 89' lang='lat' dir='ltr'><strong>cis</strong></span> <span class='ocrx_word' id='word_1_330' title='bbox 237 3892 299 3939; x_wconf 89' lang='lat' dir='ltr'><strong>et</strong></span> <span class='ocrx_word' id='word_1_331' title='bbox 331 3882 570 3950; x_wconf 88' lang='lat' dir='ltr'><strong>incultis,</strong></span> <span class='ocrx_word' id='word_1_332' title='bbox 599 3883 891 3939; x_wconf 88' lang='lat' dir='ltr'><strong>mobilibus</strong></span> <span class='ocrx_word' id='word_1_333' title='bbox 931 3884 1094 3938; x_wconf 88' lang='lat' dir='ltr'><strong>rebus</strong></span> <span class='ocrx_word' id='word_1_334' title='bbox 1137 3891 1193 3938; x_wconf 88' lang='lat' dir='ltr'><strong>et</strong></span> <span class='ocrx_word' id='word_1_335' title='bbox 1239 3883 1627 3951; x_wconf 88' lang='lat' dir='ltr'><strong>immobilibus,</strong></span> <span class='ocrx_word' id='word_1_336' title='bbox 1669 3897 1734 3938; x_wconf 91' lang='lat' dir='ltr'><strong>ac</strong></span> 
     </span>
    </p>
   </div>
   <div class='ocr_carea' id='block_1_53' title="bbox 111 3975 1733 4050">
    <p class='ocr_par' dir='ltr' id='par_1_53' title="bbox 111 3975 1733 4050">
     <span class='ocr_line' id='line_1_53' title="bbox 111 3975 1733 4050; baseline -0.004 -14"><span class='ocrx_word' id='word_1_337' title='bbox 111 3979 346 4050; x_wconf 85' lang='lat' dir='ltr'><strong>seipsas</strong></span> <span class='ocrx_word' id='word_1_338' title='bbox 377 3977 745 4044; x_wconf 89' lang='lat' dir='ltr'><strong>moventibus,</strong></span> <span class='ocrx_word' id='word_1_339' title='bbox 775 3975 1067 4046; x_wconf 89' lang='lat' dir='ltr'><strong>mancipiis</strong></span> <span class='ocrx_word' id='word_1_340' title='bbox 1107 3975 1311 4032; x_wconf 88' lang='lat' dir='ltr'><strong>diversi</strong></span> <span class='ocrx_word' id='word_1_341' title='bbox 1336 3991 1496 4031; x_wconf 80' lang='lat' dir='ltr'><strong>sexus</strong></span> <span class='ocrx_word' id='word_1_342' title='bbox 1521 3985 1576 4031; x_wconf 89' lang='lat' dir='ltr'><strong>et</strong></span> <span class='ocrx_word' id='word_1_343' title='bbox 1599 3982 1733 4030; x_wconf 81' lang='lat' dir='ltr'><strong>aeta-</strong></span> 
     </span>
    </p>
   </div>
   <div class='ocr_carea' id='block_1_54' title="bbox 108 4069 1737 4142">
    <p class='ocr_par' dir='ltr' id='par_1_54' title="bbox 108 4069 1737 4142">
     <span class='ocr_line' id='line_1_54' title="bbox 108 4069 1737 4142; baseline -0.005 -10"><span class='ocrx_word' id='word_1_344' title='bbox 108 4076 193 4132; x_wconf 90' lang='lat' dir='ltr'><strong>tis</strong></span> <span class='ocrx_word' id='word_1_345' title='bbox 215 4115 236 4142; x_wconf 88' lang='lat'><strong>,</strong></span> <span class='ocrx_word' id='word_1_346' title='bbox 264 4088 496 4129; x_wconf 88' lang='lat' dir='ltr'><strong>numero</strong></span> <span class='ocrx_word' id='word_1_347' title='bbox 517 4083 765 4140; x_wconf 76' lang='lat' dir='ltr'><strong>centum,</strong></span> <span class='ocrx_word' id='word_1_348' title='bbox 783 4073 1046 4128; x_wconf 89' lang='lat' dir='ltr'><strong>donamus</strong></span> <span class='ocrx_word' id='word_1_349' title='bbox 1075 4080 1132 4126; x_wconf 90' lang='lat' dir='ltr'><strong>et</strong></span> <span class='ocrx_word' id='word_1_350' title='bbox 1157 4071 1425 4127; x_wconf 90' lang='lat' dir='ltr'><strong>tradimus</strong></span> <span class='ocrx_word' id='word_1_351' title='bbox 1451 4071 1521 4126; x_wconf 92' lang='lat' dir='ltr'><strong>ad</strong></span> <span class='ocrx_word' id='word_1_352' title='bbox 1548 4069 1737 4125; x_wconf 85' lang='lat' dir='ltr'><strong>basili-</strong></span> 
     </span>
    </p>
   </div>
   <div class='ocr_carea' id='block_1_55' title="bbox 108 4163 1737 4237">
    <p class='ocr_par' dir='ltr' id='par_1_55' title="bbox 108 4163 1737 4237">
     <span class='ocr_line' id='line_1_55' title="bbox 108 4163 1737 4237; baseline -0.004 -11"><span class='ocrx_word' id='word_1_353' title='bbox 108 4183 255 4227; x_wconf 87' lang='lat' dir='ltr'><strong>cam</strong></span> <span class='ocrx_word' id='word_1_354' title='bbox 290 4167 409 4223; x_wconf 89' lang='lat' dir='ltr'><strong>sive</strong></span> <span class='ocrx_word' id='word_1_355' title='bbox 457 4166 852 4222; x_wconf 88' lang='lat' dir='ltr'><strong>monasterium</strong></span> <span class='ocrx_word' id='word_1_356' title='bbox 882 4165 1179 4221; x_wconf 89' lang='lat' dir='ltr'><strong>venerandi</strong></span> <span class='ocrx_word' id='word_1_357' title='bbox 1219 4166 1477 4237; x_wconf 86' lang='lat' dir='ltr'><strong>martyris</strong></span> <span class='ocrx_word' id='word_1_358' title='bbox 1529 4163 1737 4220; x_wconf 87' lang='lat' dir='ltr'><strong>Christi</strong></span> 
     </span>
    </p>
   </div>
   <div class='ocr_carea' id='block_1_56' title="bbox 108 4255 1736 4327">
    <p class='ocr_par' dir='ltr' id='par_1_56' title="bbox 108 4255 1736 4327">
     <span class='ocr_line' id='line_1_56' title="bbox 108 4255 1736 4327; baseline -0.003 -13"><span class='ocrx_word' id='word_1_359' title='bbox 108 4257 380 4323; x_wconf 84' lang='lat' dir='ltr'><strong>Nazarii,</strong></span> <span class='ocrx_word' id='word_1_360' title='bbox 394 4257 537 4327; x_wconf 90' lang='lat' dir='ltr'><strong>quod</strong></span> <span class='ocrx_word' id='word_1_361' title='bbox 559 4264 786 4312; x_wconf 89' lang='lat' dir='ltr'><strong>vocatur</strong></span> <span class='ocrx_word' id='word_1_362' title='bbox 809 4255 1165 4324; x_wconf 87' lang='lat' dir='ltr'><strong>Lauresham,</strong></span> <span class='ocrx_word' id='word_1_363' title='bbox 1183 4265 1238 4312; x_wconf 90' lang='lat' dir='ltr'><strong>et</strong></span> <span class='ocrx_word' id='word_1_364' title='bbox 1259 4263 1344 4312; x_wconf 91' lang='lat' dir='ltr'><strong>est</strong></span> <span class='ocrx_word' id='word_1_365' title='bbox 1365 4263 1736 4312; x_wconf 87' lang='lat' dir='ltr'><strong>constructum</strong></span> 
     </span>
    </p>
   </div>
   <div class='ocr_carea' id='block_1_57' title="bbox 108 4349 1737 4424">
    <p class='ocr_par' dir='ltr' id='par_1_57' title="bbox 108 4349 1737 4424">
     <span class='ocr_line' id='line_1_57' title="bbox 108 4349 1737 4424; baseline -0.003 -15"><span class='ocrx_word' id='word_1_366' title='bbox 108 4355 172 4409; x_wconf 89' lang='lat' dir='ltr'><strong>in</strong></span> <span class='ocrx_word' id='word_1_367' title='bbox 220 4367 376 4424; x_wconf 84' lang='lat' dir='ltr'><strong>pago</strong></span> <span class='ocrx_word' id='word_1_368' title='bbox 433 4350 751 4418; x_wconf 77' lang='lat' dir='ltr'><strong>Rhenense,</strong></span> <span class='ocrx_word' id='word_1_369' title='bbox 800 4351 856 4406; x_wconf 90' lang='lat' dir='ltr'><strong>in</strong></span> <span class='ocrx_word' id='word_1_370' title='bbox 901 4351 1017 4421; x_wconf 87' lang='lat' dir='ltr'><strong>ripa</strong></span> <span class='ocrx_word' id='word_1_371' title='bbox 1063 4349 1299 4408; x_wconf 84' lang='lat' dir='ltr'><strong>ﬂuminis</strong></span> <span class='ocrx_word' id='word_1_372' title='bbox 1339 4352 1486 4421; x_wconf 91' lang='lat' dir='ltr'><strong>quod</strong></span> <span class='ocrx_word' id='word_1_373' title='bbox 1539 4350 1737 4406; x_wconf 89' lang='lat' dir='ltr'><strong>dicitur</strong></span> 
     </span>
    </p>
   </div>
   <div class='ocr_carea' id='block_1_58' title="bbox 111 4441 1735 4516">
    <p class='ocr_par' dir='ltr' id='par_1_58' title="bbox 111 4441 1735 4516">
     <span class='ocr_line' id='line_1_58' title="bbox 111 4441 1735 4516; baseline -0.003 -16"><span class='ocrx_word' id='word_1_374' title='bbox 111 4445 390 4516; x_wconf 71' lang='lat' dir='ltr'><strong>\Visgoz,</strong></span> <span class='ocrx_word' id='word_1_375' title='bbox 425 4444 519 4500; x_wconf 89' lang='lat' dir='ltr'><strong>ubi</strong></span> <span class='ocrx_word' id='word_1_376' title='bbox 545 4451 790 4514; x_wconf 87' lang='lat' dir='ltr'><strong>tempore</strong></span> <span class='ocrx_word' id='word_1_377' title='bbox 819 4443 1076 4514; x_wconf 73' lang='lat' dir='ltr'><strong>przesenti</strong></span> <span class='ocrx_word' id='word_1_378' title='bbox 1119 4443 1205 4498; x_wconf 89' lang='lat' dir='ltr'><strong>vir</strong></span> <span class='ocrx_word' id='word_1_379' title='bbox 1233 4442 1564 4498; x_wconf 89' lang='lat' dir='ltr'><strong>venerabilis</strong></span> <span class='ocrx_word' id='word_1_380' title='bbox 1591 4441 1735 4497; x_wconf 83' lang='lat' dir='ltr'><strong>Ada-</strong></span> 
     </span>
    </p>
   </div>
   <div class='ocr_carea' id='block_1_59' title="bbox 105 4535 1738 4611">
    <p class='ocr_par' dir='ltr' id='par_1_59' title="bbox 105 4535 1738 4611">
     <span class='ocr_line' id='line_1_59' title="bbox 105 4535 1738 4611; baseline -0.004 -15"><span class='ocrx_word' id='word_1_381' title='bbox 105 4543 339 4611; x_wconf 77' lang='lat' dir='ltr'><strong>lungus</strong></span> <span class='ocrx_word' id='word_1_382' title='bbox 365 4538 503 4594; x_wconf 85' lang='lat' dir='ltr'><strong>abba</strong></span> <span class='ocrx_word' id='word_1_383' title='bbox 536 4539 649 4594; x_wconf 88' lang='lat' dir='ltr'><strong>Deo</strong></span> <span class='ocrx_word' id='word_1_384' title='bbox 675 4538 1035 4594; x_wconf 86' lang='lat' dir='ltr'><strong>deservientis</strong></span> <span class='ocrx_word' id='word_1_385' title='bbox 1074 4535 1510 4608; x_wconf 84' lang='lat' dir='ltr'><strong>congregationis</strong></span> <span class='ocrx_word' id='word_1_386' title='bbox 1549 4543 1738 4607; x_wconf 89' lang='lat' dir='ltr'><strong>pastor</strong></span> 
     </span>
    </p>
   </div>
   <div class='ocr_carea' id='block_1_60' title="bbox 105 4631 1738 4707">
    <p class='ocr_par' dir='ltr' id='par_1_60' title="bbox 105 4631 1738 4707">
     <span class='ocr_line' id='line_1_60' title="bbox 105 4631 1738 4707; baseline -0.006 -14"><span class='ocrx_word' id='word_1_387' title='bbox 105 4647 170 4693; x_wconf 88' lang='lat' dir='ltr'><strong>et</strong></span> <span class='ocrx_word' id='word_1_388' title='bbox 203 4644 410 4692; x_wconf 85' lang='lat' dir='ltr'><strong>rector</strong></span> <span class='ocrx_word' id='word_1_389' title='bbox 434 4650 556 4691; x_wconf 91' lang='lat' dir='ltr'><strong>esse</strong></span> <span class='ocrx_word' id='word_1_390' title='bbox 589 4635 956 4707; x_wconf 87' lang='lat' dir='ltr'><strong>cognoscitur.</strong></span> <span class='ocrx_word' id='word_1_391' title='bbox 989 4633 1069 4689; x_wconf 89' lang='lat' dir='ltr'><strong>Ea</strong></span> <span class='ocrx_word' id='word_1_392' title='bbox 1100 4631 1360 4687; x_wconf 89' lang='lat' dir='ltr'><strong>videlicet</strong></span> <span class='ocrx_word' id='word_1_393' title='bbox 1381 4632 1596 4687; x_wconf 88' lang='lat' dir='ltr'><strong>ratione</strong></span> <span class='ocrx_word' id='word_1_394' title='bbox 1624 4643 1738 4685; x_wconf 91' lang='lat' dir='ltr'><strong>me-</strong></span> 
     </span>
    </p>
   </div>
   <div class='ocr_carea' id='block_1_61' title="bbox 103 4722 1737 4799">
    <p class='ocr_par' dir='ltr' id='par_1_61' title="bbox 103 4722 1737 4799">
     <span class='ocr_line' id='line_1_61' title="bbox 103 4722 1737 4799; baseline -0.007 -10"><span class='ocrx_word' id='word_1_395' title='bbox 103 4738 414 4788; x_wconf 85' lang='lat' dir='ltr'><strong>moratam</strong></span> <span class='ocrx_word' id='word_1_396' title='bbox 462 4730 813 4785; x_wconf 90' lang='lat' dir='ltr'><strong>donationem</strong></span> <span class='ocrx_word' id='word_1_397' title='bbox 842 4737 1008 4799; x_wconf 92' lang='lat' dir='ltr'><strong>atque</strong></span> <span class='ocrx_word' id='word_1_398' title='bbox 1050 4726 1400 4782; x_wconf 89' lang='lat' dir='ltr'><strong>traditionem</strong></span> <span class='ocrx_word' id='word_1_399' title='bbox 1452 4722 1737 4790; x_wconf 84' lang='lat' dir='ltr'><strong>facientes,</strong></span> 
     </span>
    </p>
   </div>
   <div class='ocr_carea' id='block_1_62' title="bbox 101 4817 1740 4894">
    <p class='ocr_par' dir='ltr' id='par_1_62' title="bbox 101 4817 1740 4894">
     <span class='ocr_line' id='line_1_62' title="bbox 101 4817 1740 4894; baseline -0.004 -14"><span class='ocrx_word' id='word_1_400' title='bbox 101 4834 195 4890; x_wconf 87' lang='lat' dir='ltr'><strong>ut,</strong></span> <span class='ocrx_word' id='word_1_401' title='bbox 237 4822 512 4894; x_wconf 86' lang='lat' dir='ltr'><strong>quamdiu</strong></span> <span class='ocrx_word' id='word_1_402' title='bbox 541 4822 596 4876; x_wconf 92' lang='lat' dir='ltr'><strong>in</strong></span> <span class='ocrx_word' id='word_1_403' title='bbox 623 4823 727 4878; x_wconf 89' lang='lat' dir='ltr'><strong>hac</strong></span> <span class='ocrx_word' id='word_1_404' title='bbox 755 4820 1089 4876; x_wconf 89' lang='lat' dir='ltr'><strong>mortalitate</strong></span> <span class='ocrx_word' id='word_1_405' title='bbox 1119 4819 1301 4876; x_wconf 89' lang='lat' dir='ltr'><strong>divina</strong></span> <span class='ocrx_word' id='word_1_406' title='bbox 1320 4817 1568 4888; x_wconf 90' lang='lat' dir='ltr'><strong>jussione</strong></span> <span class='ocrx_word' id='word_1_407' title='bbox 1591 4817 1740 4873; x_wconf 77' lang='lat' dir='ltr'><strong>vixe-</strong></span> 
     </span>
    </p>
   </div>
   <div class='ocr_carea' id='block_1_63' title="bbox 101 4911 1740 4985">
    <p class='ocr_par' dir='ltr' id='par_1_63' title="bbox 101 4911 1740 4985">
     <span class='ocr_line' id='line_1_63' title="bbox 101 4911 1740 4985; baseline -0.005 -12"><span class='ocrx_word' id='word_1_408' title='bbox 101 4918 334 4982; x_wconf 86' lang='lat' dir='ltr'><strong>rimus,</strong></span> <span class='ocrx_word' id='word_1_409' title='bbox 367 4913 665 4969; x_wconf 87' lang='lat' dir='ltr'><strong>habeamus</strong></span> <span class='ocrx_word' id='word_1_410' title='bbox 713 4914 1030 4985; x_wconf 71' lang='lat' dir='ltr'><strong>prredictam</strong></span> <span class='ocrx_word' id='word_1_411' title='bbox 1079 4911 1273 4967; x_wconf 88' lang='lat' dir='ltr'><strong>cellam</strong></span> <span class='ocrx_word' id='word_1_412' title='bbox 1321 4911 1377 4966; x_wconf 92' lang='lat' dir='ltr'><strong>in</strong></span> <span class='ocrx_word' id='word_1_413' title='bbox 1430 4916 1618 4965; x_wconf 88' lang='lat' dir='ltr'><strong>nostra</strong></span> <span class='ocrx_word' id='word_1_414' title='bbox 1645 4926 1740 4981; x_wconf 82' lang='lat' dir='ltr'><strong>po-</strong></span> 
     </span>
    </p>
   </div>
   <div class='ocr_carea' id='block_1_64' title="bbox 101 5002 1743 5074">
    <p class='ocr_par' dir='ltr' id='par_1_64' title="bbox 101 5002 1743 5074">
     <span class='ocr_line' id='line_1_64' title="bbox 101 5002 1743 5074; baseline -0.006 -7"><span class='ocrx_word' id='word_1_415' title='bbox 101 5016 361 5074; x_wconf 82' lang='lat' dir='ltr'><strong>testate,</strong></span> <span class='ocrx_word' id='word_1_416' title='bbox 390 5015 447 5062; x_wconf 87' lang='lat' dir='ltr'><strong>et</strong></span> <span class='ocrx_word' id='word_1_417' title='bbox 464 5009 564 5063; x_wconf 87' lang='lat' dir='ltr'><strong>sub</strong></span> <span class='ocrx_word' id='word_1_418' title='bbox 585 5016 774 5064; x_wconf 87' lang='lat' dir='ltr'><strong>nostra</strong></span> <span class='ocrx_word' id='word_1_419' title='bbox 804 5006 1170 5072; x_wconf 88' lang='lat' dir='ltr'><strong>ordinatione,</strong></span> <span class='ocrx_word' id='word_1_420' title='bbox 1199 5005 1405 5074; x_wconf 88' lang='lat' dir='ltr'><strong>absque</strong></span> <span class='ocrx_word' id='word_1_421' title='bbox 1431 5002 1595 5058; x_wconf 88' lang='lat' dir='ltr'><strong>ullius</strong></span> <span class='ocrx_word' id='word_1_422' title='bbox 1623 5017 1743 5073; x_wconf 83' lang='lat' dir='ltr'><strong>per-</strong></span> 
     </span>
    </p>
   </div>
   <div class='ocr_carea' id='block_1_65' title="bbox 1830 2436 3430 2511">
    <p class='ocr_par' dir='ltr' id='par_1_65' title="bbox 1830 2436 3430 2511">
     <span class='ocr_line' id='line_1_65' title="bbox 1830 2436 3430 2511; baseline 0.004 -23"><span class='ocrx_word' id='word_1_423' title='bbox 1830 2443 2019 2491; x_wconf 91' lang='lat' dir='ltr'><strong>nostra</strong></span> <span class='ocrx_word' id='word_1_424' title='bbox 2061 2436 2287 2505; x_wconf 89' lang='lat' dir='ltr'><strong>perenni</strong></span> <span class='ocrx_word' id='word_1_425' title='bbox 2317 2436 2615 2492; x_wconf 89' lang='lat' dir='ltr'><strong>stabilitate</strong></span> <span class='ocrx_word' id='word_1_426' title='bbox 2657 2436 2815 2493; x_wconf 88' lang='lat' dir='ltr'><strong>ﬁrma</strong></span> <span class='ocrx_word' id='word_1_427' title='bbox 2849 2445 2906 2492; x_wconf 91' lang='lat' dir='ltr'><strong>et</strong></span> <span class='ocrx_word' id='word_1_428' title='bbox 2952 2438 3276 2495; x_wconf 90' lang='lat' dir='ltr'><strong>inviolabilis</strong></span> <span class='ocrx_word' id='word_1_429' title='bbox 3305 2453 3430 2511; x_wconf 90' lang='lat' dir='ltr'><strong>per-</strong></span> 
     </span>
    </p>
   </div>
   <div class='ocr_carea' id='block_1_66' title="bbox 1830 2526 3426 2597">
    <p class='ocr_par' dir='ltr' id='par_1_66' title="bbox 1830 2526 3426 2597">
     <span class='ocr_line' id='line_1_66' title="bbox 1830 2526 3426 2597; baseline 0.003 -16"><span class='ocrx_word' id='word_1_430' title='bbox 1830 2532 2062 2591; x_wconf 85' lang='lat' dir='ltr'><strong>severet,</strong></span> <span class='ocrx_word' id='word_1_431' title='bbox 2103 2526 2451 2597; x_wconf 88' lang='lat' dir='ltr'><strong>stipulatione</strong></span> <span class='ocrx_word' id='word_1_432' title='bbox 2479 2527 2729 2583; x_wconf 79' lang='lat' dir='ltr'><strong>subnixa.</strong></span> <span class='ocrx_word' id='word_1_433' title='bbox 2786 2529 2856 2583; x_wconf 85' lang='lat' dir='ltr'><strong>Et</strong></span> <span class='ocrx_word' id='word_1_434' title='bbox 2882 2537 2944 2584; x_wconf 91' lang='lat' dir='ltr'><strong>ut</strong></span> <span class='ocrx_word' id='word_1_435' title='bbox 2979 2529 3083 2585; x_wconf 91' lang='lat' dir='ltr'><strong>hoc</strong></span> <span class='ocrx_word' id='word_1_436' title='bbox 3128 2538 3426 2585; x_wconf 87' lang='lat' dir='ltr'><strong>testamen-</strong></span> 
     </span>
    </p>
   </div>
   <div class='ocr_carea' id='block_1_67' title="bbox 1833 2619 3432 2695">
    <p class='ocr_par' dir='ltr' id='par_1_67' title="bbox 1833 2619 3432 2695">
     <span class='ocr_line' id='line_1_67' title="bbox 1833 2619 3432 2695; baseline 0.001 -19"><span class='ocrx_word' id='word_1_437' title='bbox 1833 2629 1964 2685; x_wconf 91' lang='lat' dir='ltr'><strong>tum,</strong></span> <span class='ocrx_word' id='word_1_438' title='bbox 2012 2619 2170 2690; x_wconf 81' lang='lat' dir='ltr'><strong>juxta</strong></span> <span class='ocrx_word' id='word_1_439' title='bbox 2218 2622 2354 2692; x_wconf 85' lang='lat' dir='ltr'><strong>legis</strong></span> <span class='ocrx_word' id='word_1_440' title='bbox 2395 2622 2866 2689; x_wconf 89' lang='lat' dir='ltr'><strong>consuetudinem,</strong></span> <span class='ocrx_word' id='word_1_441' title='bbox 2900 2623 3172 2695; x_wconf 83' lang='lat' dir='ltr'><strong>integram</strong></span> <span class='ocrx_word' id='word_1_442' title='bbox 3208 2622 3432 2680; x_wconf 84' lang='lat' dir='ltr'><strong>ﬁrmita-</strong></span> 
     </span>
    </p>
   </div>
   <div class='ocr_carea' id='block_1_68' title="bbox 1832 2712 3427 2784">
    <p class='ocr_par' dir='ltr' id='par_1_68' title="bbox 1832 2712 3427 2784">
     <span class='ocr_line' id='line_1_68' title="bbox 1832 2712 3427 2784; baseline 0.001 -18"><span class='ocrx_word' id='word_1_443' title='bbox 1832 2720 1942 2767; x_wconf 90' lang='lat' dir='ltr'><strong>tem</strong></span> <span class='ocrx_word' id='word_1_444' title='bbox 1970 2712 2221 2784; x_wconf 87' lang='lat' dir='ltr'><strong>accipiat,</strong></span> <span class='ocrx_word' id='word_1_445' title='bbox 2248 2713 2482 2784; x_wconf 69' lang='lat' dir='ltr'><strong>propriae</strong></span> <span class='ocrx_word' id='word_1_446' title='bbox 2511 2728 2706 2770; x_wconf 89' lang='lat' dir='ltr'><strong>manus</strong></span> <span class='ocrx_word' id='word_1_447' title='bbox 2733 2713 3138 2784; x_wconf 89' lang='lat' dir='ltr'><strong>subscriptione</strong></span> <span class='ocrx_word' id='word_1_448' title='bbox 3176 2713 3306 2769; x_wconf 89' lang='lat' dir='ltr'><strong>illud</strong></span> <span class='ocrx_word' id='word_1_449' title='bbox 3334 2713 3427 2768; x_wconf 77' lang='lat' dir='ltr'><strong>ﬁr-</strong></span> 
     </span>
    </p>
   </div>
   <div class='ocr_carea' id='block_1_69' title="bbox 1831 2806 3506 2878">
    <p class='ocr_par' dir='ltr' id='par_1_69' title="bbox 1831 2806 3506 2878">
     <span class='ocr_line' id='line_1_69' title="bbox 1831 2806 3506 2878; baseline 0.002 -18"><span class='ocrx_word' id='word_1_450' title='bbox 1831 2820 1986 2861; x_wconf 90' lang='lat' dir='ltr'><strong>mare</strong></span> <span class='ocrx_word' id='word_1_451' title='bbox 2011 2806 2375 2874; x_wconf 88' lang='lat' dir='ltr'><strong>decrevimus,</strong></span> <span class='ocrx_word' id='word_1_452' title='bbox 2415 2815 2471 2862; x_wconf 91' lang='lat' dir='ltr'><strong>et</strong></span> <span class='ocrx_word' id='word_1_453' title='bbox 2498 2807 2822 2863; x_wconf 85' lang='lat' dir='ltr'><strong>idoneorum</strong></span> <span class='ocrx_word' id='word_1_454' title='bbox 2863 2807 3106 2875; x_wconf 85' lang='lat' dir='ltr'><strong>testium,</strong></span> <span class='ocrx_word' id='word_1_455' title='bbox 3129 2809 3224 2878; x_wconf 89' lang='lat' dir='ltr'><strong>qui</strong></span> <span class='ocrx_word' id='word_1_456' title='bbox 3252 2808 3428 2878; x_wconf 90' lang='lat' dir='ltr'><strong>ipsam</strong></span> <span class='ocrx_word' id='word_1_457' title='bbox 3499 2842 3506 2845; x_wconf 95' lang='lat'><em>-</em></span> 
     </span>
    </p>
   </div>
   <div class='ocr_carea' id='block_1_70' title="bbox 1831 2901 3428 2974">
    <p class='ocr_par' dir='ltr' id='par_1_70' title="bbox 1831 2901 3428 2974">
     <span class='ocr_line' id='line_1_70' title="bbox 1831 2901 3428 2974; baseline -0.001 -17"><span class='ocrx_word' id='word_1_458' title='bbox 1831 2902 2178 2958; x_wconf 89' lang='lat' dir='ltr'><strong>donationem</strong></span> <span class='ocrx_word' id='word_1_459' title='bbox 2227 2903 2502 2970; x_wconf 86' lang='lat' dir='ltr'><strong>viderunt,</strong></span> <span class='ocrx_word' id='word_1_460' title='bbox 2539 2903 2833 2974; x_wconf 87' lang='lat' dir='ltr'><strong>signaculis</strong></span> <span class='ocrx_word' id='word_1_461' title='bbox 2883 2903 3131 2958; x_wconf 89' lang='lat' dir='ltr'><strong>roborari</strong></span> <span class='ocrx_word' id='word_1_462' title='bbox 3178 2901 3428 2957; x_wconf 82' lang='lat' dir='ltr'><strong>fecimus.</strong></span> 
     </span>
    </p>
   </div>
   <div class='ocr_carea' id='block_1_71' title="bbox 1830 2992 3429 3061">
    <p class='ocr_par' dir='ltr' id='par_1_71' title="bbox 1830 2992 3429 3061">
     <span class='ocr_line' id='line_1_71' title="bbox 1830 2992 3429 3061; baseline -0.001 -11"><span class='ocrx_word' id='word_1_463' title='bbox 1830 3025 1903 3037; x_wconf 91' lang='lat'>—</span> <span class='ocrx_word' id='word_1_464' title='bbox 1921 2995 2087 3051; x_wconf 89' lang='lat' dir='ltr'><strong>Facta</strong></span> <span class='ocrx_word' id='word_1_465' title='bbox 2108 2996 2327 3051; x_wconf 89' lang='lat' dir='ltr'><strong>donatio</strong></span> <span class='ocrx_word' id='word_1_466' title='bbox 2357 2996 2414 3051; x_wconf 93' lang='lat' dir='ltr'><strong>in</strong></span> <span class='ocrx_word' id='word_1_467' title='bbox 2434 2995 2809 3051; x_wconf 90' lang='lat' dir='ltr'><strong>Laureshamo</strong></span> <span class='ocrx_word' id='word_1_468' title='bbox 2836 2994 3195 3061; x_wconf 90' lang='lat' dir='ltr'><strong>monasterio,</strong></span> <span class='ocrx_word' id='word_1_469' title='bbox 3224 3009 3264 3049; x_wconf 91' lang='grc' dir='ltr'><strong>ιι</strong></span> <span class='ocrx_word' id='word_1_470' title='bbox 3304 2992 3429 3049; x_wconf 88' lang='lat' dir='ltr'><strong>ldus</strong></span> 
     </span>
    </p>
   </div>
   <div class='ocr_carea' id='block_1_72' title="bbox 1836 3084 3428 3159">
    <p class='ocr_par' dir='ltr' id='par_1_72' title="bbox 1836 3084 3428 3159">
     <span class='ocr_line' id='line_1_72' title="bbox 1836 3084 3428 3159; baseline -0.003 -16"><span class='ocrx_word' id='word_1_471' title='bbox 1836 3086 2206 3159; x_wconf 89' lang='lat' dir='ltr'><strong>Septembris,</strong></span> <span class='ocrx_word' id='word_1_472' title='bbox 2246 3103 2390 3143; x_wconf 91' lang='lat' dir='ltr'><strong>anno</strong></span> <span class='ocrx_word' id='word_1_473' title='bbox 2426 3104 2481 3142; x_wconf 79' lang='lat' dir='ltr'><strong>vr</strong></span> <span class='ocrx_word' id='word_1_474' title='bbox 2538 3087 2696 3158; x_wconf 84' lang='lat' dir='ltr'><strong>regni</strong></span> <span class='ocrx_word' id='word_1_475' title='bbox 2735 3087 2940 3142; x_wconf 88' lang='lat' dir='ltr'><strong>domini</strong></span> <span class='ocrx_word' id='word_1_476' title='bbox 2996 3085 3171 3141; x_wconf 89' lang='lat' dir='ltr'><strong>nostri</strong></span> <span class='ocrx_word' id='word_1_477' title='bbox 3221 3084 3428 3140; x_wconf 84' lang='lat' dir='ltr'><strong>Hludo-</strong></span> 
     </span>
    </p>
   </div>
   <div class='ocr_carea' id='block_1_73' title="bbox 1831 3175 3424 3252">
    <p class='ocr_par' dir='ltr' id='par_1_73' title="bbox 1831 3175 3424 3252">
     <span class='ocr_line' id='line_1_73' title="bbox 1831 3175 3424 3252; baseline -0.004 -16"><span class='ocrx_word' id='word_1_478' title='bbox 1831 3181 1958 3236; x_wconf 80' lang='lat' dir='ltr'><strong>wici</strong></span> <span class='ocrx_word' id='word_1_479' title='bbox 1998 3180 2371 3252; x_wconf 88' lang='lat' dir='ltr'><strong>gloriosissimi</strong></span> <span class='ocrx_word' id='word_1_480' title='bbox 2415 3180 2761 3250; x_wconf 89' lang='lat' dir='ltr'><strong>imperatoris</strong></span> <span class='ocrx_word' id='word_1_481' title='bbox 2804 3179 2860 3234; x_wconf 93' lang='lat' dir='ltr'><strong>in</strong></span> <span class='ocrx_word' id='word_1_482' title='bbox 2897 3177 2997 3233; x_wconf 89' lang='lat' dir='ltr'><strong>Dei</strong></span> <span class='ocrx_word' id='word_1_483' title='bbox 3039 3176 3259 3233; x_wconf 90' lang='lat' dir='ltr'><strong>nomine</strong></span> <span class='ocrx_word' id='word_1_484' title='bbox 3308 3175 3424 3232; x_wconf 82' lang='lat' dir='ltr'><strong>feli-</strong></span> 
     </span>
    </p>
   </div>
   <div class='ocr_carea' id='block_1_74' title="bbox 1833 3274 1990 3329">
    <p class='ocr_par' dir='ltr' id='par_1_74' title="bbox 1833 3274 1990 3329">
     <span class='ocr_line' id='line_1_74' title="bbox 1833 3274 1990 3329; baseline -0.013 0"><span class='ocrx_word' id='word_1_485' title='bbox 1833 3274 1990 3329; x_wconf 89' lang='lat' dir='ltr'><strong>citer.</strong></span> 
     </span>
    </p>
   </div>
   <div class='ocr_carea' id='block_1_75' title="bbox 1905 3358 3435 3440">
    <p class='ocr_par' dir='ltr' id='par_1_75' title="bbox 1905 3358 3435 3440">
     <span class='ocr_line' id='line_1_75' title="bbox 1905 3358 3435 3440; baseline -0.005 -19"><span class='ocrx_word' id='word_1_486' title='bbox 1905 3367 2020 3438; x_wconf 87' lang='lat' dir='ltr'><strong>Ego</strong></span> <span class='ocrx_word' id='word_1_487' title='bbox 2039 3365 2382 3440; x_wconf 86' lang='lat' dir='ltr'><strong>Eginhardus</strong></span> <span class='ocrx_word' id='word_1_488' title='bbox 2407 3371 2662 3434; x_wconf 90' lang='lat' dir='ltr'><strong>peccator</strong></span> <span class='ocrx_word' id='word_1_489' title='bbox 2699 3370 2756 3416; x_wconf 91' lang='lat' dir='ltr'><strong>et</strong></span> <span class='ocrx_word' id='word_1_490' title='bbox 2793 3361 3024 3416; x_wconf 89' lang='lat' dir='ltr'><strong>donator</strong></span> <span class='ocrx_word' id='word_1_491' title='bbox 3062 3358 3353 3428; x_wconf 84' lang='lat' dir='ltr'><strong>recognovi</strong></span> <span class='ocrx_word' id='word_1_492' title='bbox 3378 3367 3435 3414; x_wconf 89' lang='lat' dir='ltr'><strong>et</strong></span> 
     </span>
    </p>
   </div>
   <div class='ocr_carea' id='block_1_76' title="bbox 1834 3451 3429 3533">
    <p class='ocr_par' dir='ltr' id='par_1_76' title="bbox 1834 3451 3429 3533">
     <span class='ocr_line' id='line_1_76' title="bbox 1834 3451 3429 3533; baseline -0.006 -16"><span class='ocrx_word' id='word_1_493' title='bbox 1834 3475 2004 3517; x_wconf 81' lang='lat' dir='ltr'><strong>manu</strong></span> <span class='ocrx_word' id='word_1_494' title='bbox 2026 3460 2246 3533; x_wconf 91' lang='lat' dir='ltr'><strong>propria</strong></span> <span class='ocrx_word' id='word_1_495' title='bbox 2263 3457 2583 3530; x_wconf 90' lang='lat' dir='ltr'><strong>subscripsi.</strong></span> <span class='ocrx_word' id='word_1_496' title='bbox 2618 3455 2732 3527; x_wconf 89' lang='lat' dir='ltr'><strong>Ego</strong></span> <span class='ocrx_word' id='word_1_497' title='bbox 2761 3455 2934 3510; x_wconf 87' lang='lat' dir='ltr'><strong>Imma</strong></span> <span class='ocrx_word' id='word_1_498' title='bbox 2956 3452 3204 3509; x_wconf 60' lang='lat' dir='ltr'><strong>consensi</strong></span> <span class='ocrx_word' id='word_1_499' title='bbox 3231 3457 3287 3506; x_wconf 91' lang='lat' dir='ltr'><strong>et</strong></span> <span class='ocrx_word' id='word_1_500' title='bbox 3302 3451 3429 3507; x_wconf 90' lang='lat' dir='ltr'><strong>sub-</strong></span> 
     </span>
    </p>
   </div>
   <div class='ocr_carea' id='block_1_77' title="bbox 1837 3547 3429 3628">
    <p class='ocr_par' dir='ltr' id='par_1_77' title="bbox 1837 3547 3429 3628">
     <span class='ocr_line' id='line_1_77' title="bbox 1837 3547 3429 3628; baseline -0.004 -15"><span class='ocrx_word' id='word_1_501' title='bbox 1837 3558 2052 3627; x_wconf 89' lang='lat' dir='ltr'><strong>scripsi.</strong></span> <span class='ocrx_word' id='word_1_502' title='bbox 2083 3558 2124 3628; x_wconf 71' lang='lat'><strong>1-</strong></span> <span class='ocrx_word' id='word_1_503' title='bbox 2153 3556 2381 3628; x_wconf 89' lang='lat' dir='ltr'><strong>Signum</strong></span> <span class='ocrx_word' id='word_1_504' title='bbox 2406 3553 2760 3626; x_wconf 82' lang='lat' dir='ltr'><strong>Rabangarii.</strong></span> <span class='ocrx_word' id='word_1_505' title='bbox 2793 3551 2835 3624; x_wconf 58' lang='lat' dir='ltr'><strong>‘j-</strong></span> <span class='ocrx_word' id='word_1_506' title='bbox 2863 3550 3092 3624; x_wconf 88' lang='lat' dir='ltr'><strong>Signum</strong></span> <span class='ocrx_word' id='word_1_507' title='bbox 3138 3547 3429 3607; x_wconf 84' lang='lat' dir='ltr'><strong>Warboto—</strong></span> 
     </span>
    </p>
   </div>
   <div class='ocr_carea' id='block_1_78' title="bbox 1834 3645 2948 3721">
    <p class='ocr_par' dir='ltr' id='par_1_78' title="bbox 1834 3645 2948 3721">
     <span class='ocr_line' id='line_1_78' title="bbox 1834 3645 2948 3721; baseline -0.005 -15"><span class='ocrx_word' id='word_1_508' title='bbox 1834 3650 1940 3706; x_wconf 90' lang='lat' dir='ltr'><strong>nis.</strong></span> <span class='ocrx_word' id='word_1_509' title='bbox 1967 3649 2008 3721; x_wconf 66' lang='grc' dir='ltr'><strong>-ι-</strong></span> <span class='ocrx_word' id='word_1_510' title='bbox 2040 3648 2267 3721; x_wconf 89' lang='lat' dir='ltr'><strong>Signum</strong></span> <span class='ocrx_word' id='word_1_511' title='bbox 2297 3646 2586 3703; x_wconf 85' lang='lat' dir='ltr'><strong>Woll‘berti</strong></span> <span class='ocrx_word' id='word_1_512' title='bbox 2613 3654 2670 3702; x_wconf 91' lang='lat' dir='ltr'><strong>et</strong></span> <span class='ocrx_word' id='word_1_513' title='bbox 2695 3645 2948 3702; x_wconf 90' lang='lat' dir='ltr'><strong>aliorum.</strong></span> 
     </span>
    </p>
   </div>
   <div class='ocr_carea' id='block_1_79' title="bbox 1757 3713 3431 3812">
    <p class='ocr_par' dir='ltr' id='par_1_79' title="bbox 1757 3713 3431 3812">
     <span class='ocr_line' id='line_1_79' title="bbox 1757 3713 3431 3812; baseline -0.004 -15"><span class='ocrx_word' id='word_1_514' title='bbox 1757 3713 1803 3778; x_wconf 66' lang='grc' dir='ltr'>α</span> <span class='ocrx_word' id='word_1_515' title='bbox 1908 3741 2021 3812; x_wconf 87' lang='lat' dir='ltr'><strong>Ego</strong></span> <span class='ocrx_word' id='word_1_516' title='bbox 2048 3741 2408 3796; x_wconf 88' lang='lat' dir='ltr'><strong>Hirmimarus</strong></span> <span class='ocrx_word' id='word_1_517' title='bbox 2437 3739 2701 3794; x_wconf 89' lang='lat' dir='ltr'><strong>diaconus</strong></span> <span class='ocrx_word' id='word_1_518' title='bbox 2726 3745 2781 3792; x_wconf 90' lang='lat' dir='ltr'><strong>et</strong></span> <span class='ocrx_word' id='word_1_519' title='bbox 2820 3735 3068 3791; x_wconf 84' lang='lat' dir='ltr'><strong>notarius</strong></span> <span class='ocrx_word' id='word_1_520' title='bbox 3113 3733 3431 3805; x_wconf 89' lang='lat' dir='ltr'><strong>imperialis,</strong></span> 
     </span>
    </p>
   </div>
   <div class='ocr_carea' id='block_1_80' title="bbox 1839 3823 3435 3903">
    <p class='ocr_par' dir='ltr' id='par_1_80' title="bbox 1839 3823 3435 3903">
     <span class='ocr_line' id='line_1_80' title="bbox 1839 3823 3435 3903; baseline -0.007 -15"><span class='ocrx_word' id='word_1_521' title='bbox 1839 3841 2063 3902; x_wconf 84' lang='lat' dir='ltr'><strong>rogante</strong></span> <span class='ocrx_word' id='word_1_522' title='bbox 2091 3830 2422 3903; x_wconf 84' lang='lat' dir='ltr'><strong>Eginhardo.</strong></span> <span class='ocrx_word' id='word_1_523' title='bbox 2463 3830 2569 3885; x_wconf 92' lang='lat' dir='ltr'><strong>hoc</strong></span> <span class='ocrx_word' id='word_1_524' title='bbox 2594 3834 2982 3884; x_wconf 86' lang='lat' dir='ltr'><strong>testamentum</strong></span> <span class='ocrx_word' id='word_1_525' title='bbox 3008 3823 3200 3894; x_wconf 88' lang='lat' dir='ltr'><strong>scripsi</strong></span> <span class='ocrx_word' id='word_1_526' title='bbox 3225 3831 3284 3880; x_wconf 92' lang='lat' dir='ltr'><strong>et</strong></span> <span class='ocrx_word' id='word_1_527' title='bbox 3307 3823 3435 3880; x_wconf 83' lang='lat' dir='ltr'><strong>sub-</strong></span> 
     </span>
    </p>
   </div>
   <div class='ocr_carea' id='block_1_81' title="bbox 1838 3941 2051 3996">
    <p class='ocr_par' dir='ltr' id='par_1_81' title="bbox 1838 3941 2051 3996">
     <span class='ocr_line' id='line_1_81' title="bbox 1838 3941 2051 3996; baseline -0.019 -13"><span class='ocrx_word' id='word_1_528' title='bbox 1838 3941 2051 3996; x_wconf 77' lang='lat' dir='ltr'><strong>scripsi.</strong></span> 
     </span>
    </p>
   </div>
   <div class='ocr_carea' id='block_1_82' title="bbox 2597 4009 2671 4066">
    <p class='ocr_par' dir='ltr' id='par_1_82' title="bbox 2597 4009 2671 4066">
     <span class='ocr_line' id='line_1_82' title="bbox 2597 4009 2671 4066; baseline -0.027 0"><span class='ocrx_word' id='word_1_529' title='bbox 2597 4009 2671 4066; x_wconf 84' lang='lat' dir='ltr'><strong>II.</strong></span> 
     </span>
    </p>
   </div>
   <div class='ocr_carea' id='block_1_83' title="bbox 1839 4097 3436 4180">
    <p class='ocr_par' dir='ltr' id='par_1_83' title="bbox 1839 4097 3436 4180">
     <span class='ocr_line' id='line_1_83' title="bbox 1839 4097 3436 4180; baseline -0.007 -13"><span class='ocrx_word' id='word_1_530' title='bbox 1839 4109 2132 4180; x_wconf 80' lang='lat' dir='ltr'><strong>Descriptio</strong></span> <span class='ocrx_word' id='word_1_531' title='bbox 2157 4106 2394 4180; x_wconf 73' lang='lat' dir='ltr'><strong>locorum</strong></span> <span class='ocrx_word' id='word_1_532' title='bbox 2434 4106 2880 4180; x_wconf 56' lang='lat' dir='ltr'><strong>terminoruntque</strong></span> <span class='ocrx_word' id='word_1_533' title='bbox 2925 4100 3064 4156; x_wconf 74' lang='grc' dir='ltr'>υίιιω</span> <span class='ocrx_word' id='word_1_534' title='bbox 3097 4097 3436 4156; x_wconf 76' lang='lat' dir='ltr'><strong>Michelstadt</strong></span> 
     </span>
    </p>
   </div>
   <div class='ocr_carea' id='block_1_84' title="bbox 2257 4174 3011 4248">
    <p class='ocr_par' dir='ltr' id='par_1_84' title="bbox 2257 4174 3011 4248">
     <span class='ocr_line' id='line_1_84' title="bbox 2257 4174 3011 4248; baseline -0.005 -16"><span class='ocrx_word' id='word_1_535' title='bbox 2257 4177 2322 4231; x_wconf 91' lang='lat' dir='ltr'><strong>ab</strong></span> <span class='ocrx_word' id='word_1_536' title='bbox 2352 4178 2468 4248; x_wconf 84' lang='lat' dir='ltr'><strong>ipso</strong></span> <span class='ocrx_word' id='word_1_537' title='bbox 2499 4174 2809 4248; x_wconf 82' lang='lat' dir='ltr'><strong>Eginhardo</strong></span> <span class='ocrx_word' id='word_1_538' title='bbox 2850 4174 3011 4246; x_wconf 79' lang='lat' dir='ltr'><strong>facta.</strong></span> 
     </span>
    </p>
   </div>
   <div class='ocr_carea' id='block_1_85' title="bbox 2424 4267 2845 4334">
    <p class='ocr_par' dir='ltr' id='par_1_85' title="bbox 2424 4267 2845 4334">
     <span class='ocr_line' id='line_1_85' title="bbox 2424 4267 2845 4334; baseline -0.007 -15"><span class='ocrx_word' id='word_1_539' title='bbox 2424 4268 2674 4334; x_wconf 84' lang='lat' dir='ltr'><strong>(Helvicb,</strong></span> <span class='ocrx_word' id='word_1_540' title='bbox 2703 4267 2845 4331; x_wconf 86' lang='lat' dir='ltr'><strong>ibid.)</strong></span> 
     </span>
    </p>
   </div>
   <div class='ocr_carea' id='block_1_86' title="bbox 1909 4349 3437 4427">
    <p class='ocr_par' dir='ltr' id='par_1_86' title="bbox 1909 4349 3437 4427">
     <span class='ocr_line' id='line_1_86' title="bbox 1909 4349 3437 4427; baseline -0.005 -12"><span class='ocrx_word' id='word_1_541' title='bbox 1909 4357 2174 4427; x_wconf 89' lang='lat' dir='ltr'><strong>Quoniam</strong></span> <span class='ocrx_word' id='word_1_542' title='bbox 2200 4364 2328 4411; x_wconf 92' lang='lat' dir='ltr'><strong>sunt</strong></span> <span class='ocrx_word' id='word_1_543' title='bbox 2340 4354 2561 4425; x_wconf 86' lang='lat' dir='ltr'><strong>quidam</strong></span> <span class='ocrx_word' id='word_1_544' title='bbox 2587 4352 2697 4423; x_wconf 88' lang='lat' dir='ltr'><strong>qui,</strong></span> <span class='ocrx_word' id='word_1_545' title='bbox 2720 4349 2863 4407; x_wconf 83' lang='lat' dir='ltr'><strong>fastu</strong></span> <span class='ocrx_word' id='word_1_546' title='bbox 2885 4350 3129 4408; x_wconf 69' lang='lat' dir='ltr'><strong>saeculari</strong></span> <span class='ocrx_word' id='word_1_547' title='bbox 3154 4357 3437 4423; x_wconf 89' lang='lat' dir='ltr'><strong>turgentes</strong></span> 
     </span>
    </p>
   </div>
   <div class='ocr_carea' id='block_1_87' title="bbox 1837 4443 3437 4520">
    <p class='ocr_par' dir='ltr' id='par_1_87' title="bbox 1837 4443 3437 4520">
     <span class='ocr_line' id='line_1_87' title="bbox 1837 4443 3437 4520; baseline -0.005 -12"><span class='ocrx_word' id='word_1_548' title='bbox 1837 4460 1893 4508; x_wconf 93' lang='lat' dir='ltr'><strong>et</strong></span> <span class='ocrx_word' id='word_1_549' title='bbox 1913 4451 2237 4520; x_wconf 89' lang='lat' dir='ltr'><strong>semetipsos</strong></span> <span class='ocrx_word' id='word_1_550' title='bbox 2273 4454 2538 4512; x_wconf 88' lang='lat' dir='ltr'><strong>amantes,</strong></span> <span class='ocrx_word' id='word_1_551' title='bbox 2571 4461 2602 4501; x_wconf 91' lang='lat' dir='ltr'><strong>a</strong></span> <span class='ocrx_word' id='word_1_552' title='bbox 2628 4443 2832 4501; x_wconf 90' lang='lat' dir='ltr'><strong>Christi</strong></span> <span class='ocrx_word' id='word_1_553' title='bbox 2867 4445 3116 4502; x_wconf 84' lang='lat' dir='ltr'><strong>ﬁdelibus</strong></span> <span class='ocrx_word' id='word_1_554' title='bbox 3145 4443 3316 4500; x_wconf 90' lang='lat' dir='ltr'><strong>sacris</strong></span> <span class='ocrx_word' id='word_1_555' title='bbox 3341 4458 3437 4500; x_wconf 89' lang='lat' dir='ltr'><strong>ec-</strong></span> 
     </span>
    </p>
   </div>
   <div class='ocr_carea' id='block_1_88' title="bbox 1838 4539 3438 4604">
    <p class='ocr_par' dir='ltr' id='par_1_88' title="bbox 1838 4539 3438 4604">
     <span class='ocr_line' id='line_1_88' title="bbox 1838 4539 3438 4604; baseline -0.006 -2"><span class='ocrx_word' id='word_1_556' title='bbox 1838 4545 2022 4602; x_wconf 89' lang='lat' dir='ltr'><strong>clesiis</strong></span> <span class='ocrx_word' id='word_1_557' title='bbox 2050 4560 2148 4600; x_wconf 90' lang='lat' dir='ltr'><strong>seu</strong></span> <span class='ocrx_word' id='word_1_558' title='bbox 2187 4541 2534 4598; x_wconf 89' lang='lat' dir='ltr'><strong>monasteriis</strong></span> <span class='ocrx_word' id='word_1_559' title='bbox 2572 4539 2879 4596; x_wconf 89' lang='lat' dir='ltr'><strong>contradita</strong></span> <span class='ocrx_word' id='word_1_560' title='bbox 2924 4539 3213 4604; x_wconf 90' lang='lat' dir='ltr'><strong>invadunt,</strong></span> <span class='ocrx_word' id='word_1_561' title='bbox 3258 4546 3352 4593; x_wconf 88' lang='lat' dir='ltr'><strong>aut</strong></span> <span class='ocrx_word' id='word_1_562' title='bbox 3377 4546 3438 4593; x_wconf 91' lang='lat' dir='ltr'><strong>ut</strong></span> 
     </span>
    </p>
   </div>
   <div class='ocr_carea' id='block_1_89' title="bbox 1838 4628 3437 4703">
    <p class='ocr_par' dir='ltr' id='par_1_89' title="bbox 1838 4628 3437 4703">
     <span class='ocr_line' id='line_1_89' title="bbox 1838 4628 3437 4703; baseline -0.006 -8"><span class='ocrx_word' id='word_1_563' title='bbox 1838 4639 1941 4695; x_wconf 86' lang='lat' dir='ltr'><strong>sibi</strong></span> <span class='ocrx_word' id='word_1_564' title='bbox 1963 4635 2310 4692; x_wconf 61' lang='lat' dir='ltr'><strong>hatreditario</strong></span> <span class='ocrx_word' id='word_1_565' title='bbox 2327 4632 2450 4703; x_wconf 90' lang='lat' dir='ltr'><strong>jure</strong></span> <span class='ocrx_word' id='word_1_566' title='bbox 2473 4632 2765 4698; x_wconf 89' lang='lat' dir='ltr'><strong>retineant,</strong></span> <span class='ocrx_word' id='word_1_567' title='bbox 2792 4639 2886 4685; x_wconf 89' lang='lat' dir='ltr'><strong>aut</strong></span> <span class='ocrx_word' id='word_1_568' title='bbox 2926 4629 3187 4685; x_wconf 90' lang='lat' dir='ltr'><strong>mundiali</strong></span> <span class='ocrx_word' id='word_1_569' title='bbox 3216 4628 3437 4685; x_wconf 89' lang='lat' dir='ltr'><strong>baltheo</strong></span> 
     </span>
    </p>
   </div>
   <div class='ocr_carea' id='block_1_90' title="bbox 1840 4719 3436 4795">
    <p class='ocr_par' dir='ltr' id='par_1_90' title="bbox 1840 4719 3436 4795">
     <span class='ocr_line' id='line_1_90' title="bbox 1840 4719 3436 4795; baseline -0.008 -8"><span class='ocrx_word' id='word_1_570' title='bbox 1840 4733 1896 4787; x_wconf 92' lang='lat' dir='ltr'><strong>in</strong></span> <span class='ocrx_word' id='word_1_571' title='bbox 1923 4729 2188 4786; x_wconf 85' lang='lat' dir='ltr'><strong>beneﬁcio</strong></span> <span class='ocrx_word' id='word_1_572' title='bbox 2235 4726 2480 4783; x_wconf 91' lang='lat' dir='ltr'><strong>dividant</strong></span> <span class='ocrx_word' id='word_1_573' title='bbox 2515 4743 2529 4778; x_wconf 92' lang='lat'><strong>:</strong></span> <span class='ocrx_word' id='word_1_574' title='bbox 2574 4739 2673 4795; x_wconf 88' lang='lat' dir='ltr'><strong>ego</strong></span> <span class='ocrx_word' id='word_1_575' title='bbox 2710 4719 3077 4791; x_wconf 84' lang='lat' dir='ltr'><strong>Eginhardus,</strong></span> <span class='ocrx_word' id='word_1_576' title='bbox 3106 4733 3177 4773; x_wconf 89' lang='lat' dir='ltr'><strong>ne</strong></span> <span class='ocrx_word' id='word_1_577' title='bbox 3225 4719 3279 4772; x_wconf 92' lang='lat' dir='ltr'><strong>in</strong></span> <span class='ocrx_word' id='word_1_578' title='bbox 3326 4719 3436 4785; x_wconf 90' lang='lat' dir='ltr'><strong>his,</strong></span> 
     </span>
    </p>
   </div>
   <div class='ocr_carea' id='block_1_91' title="bbox 1839 4806 3438 4894">
    <p class='ocr_par' dir='ltr' id='par_1_91' title="bbox 1839 4806 3438 4894">
     <span class='ocr_line' id='line_1_91' title="bbox 1839 4806 3438 4894; baseline -0.008 -19"><span class='ocrx_word' id='word_1_579' title='bbox 1839 4837 1962 4894; x_wconf 81' lang='lat' dir='ltr'><strong>quae</strong></span> <span class='ocrx_word' id='word_1_580' title='bbox 2010 4820 2078 4876; x_wconf 93' lang='lat' dir='ltr'><strong>de</strong></span> <span class='ocrx_word' id='word_1_581' title='bbox 2107 4818 2254 4890; x_wconf 88' lang='lat' dir='ltr'><strong>regia</strong></span> <span class='ocrx_word' id='word_1_582' title='bbox 2283 4831 2446 4872; x_wconf 90' lang='lat' dir='ltr'><strong>manu</strong></span> <span class='ocrx_word' id='word_1_583' title='bbox 2491 4812 2795 4870; x_wconf 85' lang='lat' dir='ltr'><strong>Hludovvici</strong></span> <span class='ocrx_word' id='word_1_584' title='bbox 2823 4808 3167 4880; x_wconf 90' lang='lat' dir='ltr'><strong>imperatoris</strong></span> <span class='ocrx_word' id='word_1_585' title='bbox 3216 4807 3272 4861; x_wconf 92' lang='lat' dir='ltr'><strong>in</strong></span> <span class='ocrx_word' id='word_1_586' title='bbox 3320 4806 3438 4862; x_wconf 90' lang='lat' dir='ltr'><strong>loco</strong></span> 
     </span>
    </p>
   </div>
   <div class='ocr_carea' id='block_1_92' title="bbox 1841 4898 3436 4974">
    <p class='ocr_par' dir='ltr' id='par_1_92' title="bbox 1841 4898 3436 4974">
     <span class='ocr_line' id='line_1_92' title="bbox 1841 4898 3436 4974; baseline -0.009 -6"><span class='ocrx_word' id='word_1_587' title='bbox 1841 4912 2187 4969; x_wconf 85' lang='lat' dir='ltr'><strong>Micblenstat</strong></span> <span class='ocrx_word' id='word_1_588' title='bbox 2214 4907 2489 4974; x_wconf 77' lang='lat' dir='ltr'><strong>contraxi,</strong></span> <span class='ocrx_word' id='word_1_589' title='bbox 2520 4919 2715 4961; x_wconf 90' lang='lat' dir='ltr'><strong>manus</strong></span> <span class='ocrx_word' id='word_1_590' title='bbox 2761 4901 3072 4970; x_wconf 90' lang='lat' dir='ltr'><strong>iniquorum</strong></span> <span class='ocrx_word' id='word_1_591' title='bbox 3121 4898 3436 4970; x_wconf 67' lang='lat' dir='ltr'><strong>praevaleat,</strong></span> 
     </span>
    </p>
   </div>
   <div class='ocr_carea' id='block_1_93' title="bbox 1844 4990 3438 5070">
    <p class='ocr_par' dir='ltr' id='par_1_93' title="bbox 1844 4990 3438 5070">
     <span class='ocr_line' id='line_1_93' title="bbox 1844 4990 3438 5070; baseline -0.011 -10"><span class='ocrx_word' id='word_1_592' title='bbox 1844 5005 2113 5070; x_wconf 89' lang='lat' dir='ltr'><strong>advertat,</strong></span> <span class='ocrx_word' id='word_1_593' title='bbox 2144 5001 2390 5064; x_wconf 90' lang='lat' dir='ltr'><strong>obsecro,</strong></span> <span class='ocrx_word' id='word_1_594' title='bbox 2423 4997 2664 5054; x_wconf 86' lang='lat' dir='ltr'><strong>ﬁdelium</strong></span> <span class='ocrx_word' id='word_1_595' title='bbox 2715 5002 2824 5048; x_wconf 91' lang='lat' dir='ltr'><strong>tam</strong></span> <span class='ocrx_word' id='word_1_596' title='bbox 2879 4990 3225 5062; x_wconf 90' lang='lat' dir='ltr'><strong>sequentium</strong></span> <span class='ocrx_word' id='word_1_597' title='bbox 3273 5005 3438 5062; x_wconf 90' lang='lat' dir='ltr'><strong>quam</strong></span> 
     </span>
    </p>
   </div>
   <div class='ocr_carea' id='block_1_94' title="bbox 96 5083 3436 5170">
    <p class='ocr_par' dir='ltr' id='par_1_94' title="bbox 96 5083 3436 5170">
     <span class='ocr_line' id='line_1_94' title="bbox 96 5083 3436 5170; baseline -0.006 -11"><span class='ocrx_word' id='word_1_598' title='bbox 96 5116 291 5159; x_wconf 75' lang='lat' dir='ltr'><strong>some</strong></span> <span class='ocrx_word' id='word_1_599' title='bbox 313 5107 412 5154; x_wconf 89' lang='lat' dir='ltr'><strong>aut</strong></span> <span class='ocrx_word' id='word_1_600' title='bbox 433 5100 718 5170; x_wconf 86' lang='lat' dir='ltr'><strong>potestatis</strong></span> <span class='ocrx_word' id='word_1_601' title='bbox 748 5098 1179 5153; x_wconf 86' lang='lat' dir='ltr'><strong>contradictione</strong></span> <span class='ocrx_word' id='word_1_602' title='bbox 1209 5095 1296 5151; x_wconf 89' lang='lat' dir='ltr'><strong>vel</strong></span> <span class='ocrx_word' id='word_1_603' title='bbox 1323 5095 1735 5165; x_wconf 81' lang='lat' dir='ltr'><strong>impedimento,</strong></span> <span class='ocrx_word' id='word_1_604' title='bbox 1763 5088 1817 5148; x_wconf 92' lang='lat' dir='ltr'><strong>D</strong></span> <span class='ocrx_word' id='word_1_605' title='bbox 1841 5093 2190 5167; x_wconf 80' lang='lat' dir='ltr'><strong>praesentium</strong></span> <span class='ocrx_word' id='word_1_606' title='bbox 2216 5091 2503 5155; x_wconf 84' lang='lat' dir='ltr'><strong>memoria,</strong></span> <span class='ocrx_word' id='word_1_607' title='bbox 2527 5089 2762 5160; x_wconf 88' lang='lat' dir='ltr'><strong>qualiter</strong></span> <span class='ocrx_word' id='word_1_608' title='bbox 2786 5087 2843 5142; x_wconf 92' lang='lat' dir='ltr'><strong>in</strong></span> <span class='ocrx_word' id='word_1_609' title='bbox 2865 5100 3035 5140; x_wconf 88' lang='lat' dir='ltr'><strong>unum</strong></span> <span class='ocrx_word' id='word_1_610' title='bbox 3055 5085 3164 5141; x_wconf 90' lang='lat' dir='ltr'><strong>sint</strong></span> <span class='ocrx_word' id='word_1_611' title='bbox 3188 5083 3436 5150; x_wconf 83' lang='lat' dir='ltr'><strong>collecta,</strong></span> 
     </span>
    </p>
   </div>
   <div class='ocr_carea' id='block_1_95' title="bbox 95 5187 1740 5264">
    <p class='ocr_par' dir='ltr' id='par_1_95' title="bbox 95 5187 1740 5264">
     <span class='ocr_line' id='line_1_95' title="bbox 95 5187 1740 5264; baseline -0.008 -9"><span class='ocrx_word' id='word_1_612' title='bbox 95 5206 243 5257; x_wconf 84' lang='lat' dir='ltr'><strong>tam</strong></span> <span class='ocrx_word' id='word_1_613' title='bbox 277 5192 468 5258; x_wconf 87' lang='lat' dir='ltr'><strong>simul,</strong></span> <span class='ocrx_word' id='word_1_614' title='bbox 513 5207 677 5263; x_wconf 88' lang='lat' dir='ltr'><strong>quam</strong></span> <span class='ocrx_word' id='word_1_615' title='bbox 705 5191 1020 5264; x_wconf 87' lang='lat' dir='ltr'><strong>singillatim</strong></span> <span class='ocrx_word' id='word_1_616' title='bbox 1061 5205 1159 5261; x_wconf 86' lang='lat' dir='ltr'><strong>per</strong></span> <span class='ocrx_word' id='word_1_617' title='bbox 1204 5190 1636 5253; x_wconf 89' lang='lat' dir='ltr'><strong>successionem,</strong></span> <span class='ocrx_word' id='word_1_618' title='bbox 1670 5187 1740 5254; x_wconf 91' lang='lat' dir='ltr'><strong>si,</strong></span> 
     </span>
    </p>
   </div>
   <div class='ocr_carea' id='block_1_96' title="bbox 91 5279 1742 5357">
    <p class='ocr_par' dir='ltr' id='par_1_96' title="bbox 91 5279 1742 5357">
     <span class='ocr_line' id='line_1_96' title="bbox 91 5279 1742 5357; baseline -0.008 -8"><span class='ocrx_word' id='word_1_619' title='bbox 91 5305 237 5349; x_wconf 81' lang='lat' dir='ltr'><strong>uno</strong></span> <span class='ocrx_word' id='word_1_620' title='bbox 277 5285 614 5357; x_wconf 83' lang='lat' dir='ltr'><strong>superstite,</strong></span> <span class='ocrx_word' id='word_1_621' title='bbox 657 5284 797 5340; x_wconf 88' lang='lat' dir='ltr'><strong>alter</strong></span> <span class='ocrx_word' id='word_1_622' title='bbox 818 5298 850 5339; x_wconf 90' lang='lat' dir='ltr'><strong>e</strong></span> <span class='ocrx_word' id='word_1_623' title='bbox 873 5282 1030 5340; x_wconf 89' lang='lat' dir='ltr'><strong>nobis</strong></span> <span class='ocrx_word' id='word_1_624' title='bbox 1061 5289 1185 5338; x_wconf 89' lang='lat' dir='ltr'><strong>ante</strong></span> <span class='ocrx_word' id='word_1_625' title='bbox 1212 5281 1531 5338; x_wconf 89' lang='lat' dir='ltr'><strong>decesserit.</strong></span> <span class='ocrx_word' id='word_1_626' title='bbox 1576 5279 1742 5335; x_wconf 88' lang='lat' dir='ltr'><strong>Filios</strong></span> 
     </span>
    </p>
   </div>
   <div class='ocr_carea' id='block_1_97' title="bbox 89 5371 1742 5459">
    <p class='ocr_par' dir='ltr' id='par_1_97' title="bbox 89 5371 1742 5459">
     <span class='ocr_line' id='line_1_97' title="bbox 89 5371 1742 5459; baseline -0.007 -19"><span class='ocrx_word' id='word_1_627' title='bbox 89 5394 366 5459; x_wconf 82' lang='lat' dir='ltr'><strong>quoque</strong></span> <span class='ocrx_word' id='word_1_628' title='bbox 413 5379 460 5435; x_wconf 92' lang='lat' dir='ltr'><strong>si</strong></span> <span class='ocrx_word' id='word_1_629' title='bbox 509 5393 612 5435; x_wconf 92' lang='lat' dir='ltr'><strong>nos</strong></span> <span class='ocrx_word' id='word_1_630' title='bbox 660 5379 866 5434; x_wconf 88' lang='lat' dir='ltr'><strong>habere</strong></span> <span class='ocrx_word' id='word_1_631' title='bbox 909 5375 1216 5447; x_wconf 90' lang='lat' dir='ltr'><strong>contigerit,</strong></span> <span class='ocrx_word' id='word_1_632' title='bbox 1261 5390 1404 5429; x_wconf 91' lang='lat' dir='ltr'><strong>unus</strong></span> <span class='ocrx_word' id='word_1_633' title='bbox 1455 5388 1523 5429; x_wconf 81' lang='lat' dir='ltr'><strong>ex</strong></span> <span class='ocrx_word' id='word_1_634' title='bbox 1572 5372 1652 5428; x_wconf 89' lang='lat' dir='ltr'><strong>eis</strong></span> <span class='ocrx_word' id='word_1_635' title='bbox 1686 5371 1742 5428; x_wconf 92' lang='lat' dir='ltr'><strong>in</strong></span> 
     </span>
    </p>
   </div>
   <div class='ocr_carea' id='block_1_98' title="bbox 88 5464 1739 5544">
    <p class='ocr_par' dir='ltr' id='par_1_98' title="bbox 88 5464 1739 5544">
     <span class='ocr_line' id='line_1_98' title="bbox 88 5464 1739 5544; baseline -0.01 -9"><span class='ocrx_word' id='word_1_636' title='bbox 88 5476 339 5538; x_wconf 84' lang='lat' dir='ltr'><strong>eadem</strong></span> <span class='ocrx_word' id='word_1_637' title='bbox 394 5471 742 5544; x_wconf 88' lang='lat' dir='ltr'><strong>possessione</strong></span> <span class='ocrx_word' id='word_1_638' title='bbox 790 5470 948 5525; x_wconf 91' lang='lat' dir='ltr'><strong>nobis</strong></span> <span class='ocrx_word' id='word_1_639' title='bbox 984 5467 1109 5539; x_wconf 90' lang='lat' dir='ltr'><strong>jure</strong></span> <span class='ocrx_word' id='word_1_640' title='bbox 1160 5466 1410 5539; x_wconf 91' lang='lat' dir='ltr'><strong>precario</strong></span> <span class='ocrx_word' id='word_1_641' title='bbox 1466 5464 1739 5520; x_wconf 87' lang='lat' dir='ltr'><strong>succedat.</strong></span> 
     </span>
    </p>
   </div>
   <div class='ocr_carea' id='block_1_99' title="bbox 85 5559 1744 5632">
    <p class='ocr_par' dir='ltr' id='par_1_99' title="bbox 85 5559 1744 5632">
     <span class='ocr_line' id='line_1_99' title="bbox 85 5559 1744 5632; baseline -0.011 0"><span class='ocrx_word' id='word_1_642' title='bbox 85 5573 268 5632; x_wconf 86' lang='lat' dir='ltr'><strong>Post</strong></span> <span class='ocrx_word' id='word_1_643' title='bbox 313 5567 522 5624; x_wconf 89' lang='lat' dir='ltr'><strong>obitum</strong></span> <span class='ocrx_word' id='word_1_644' title='bbox 565 5581 697 5622; x_wconf 91' lang='lat' dir='ltr'><strong>vero</strong></span> <span class='ocrx_word' id='word_1_645' title='bbox 747 5572 1022 5630; x_wconf 88' lang='lat' dir='ltr'><strong>nostrum,</strong></span> <span class='ocrx_word' id='word_1_646' title='bbox 1074 5569 1377 5619; x_wconf 89' lang='lat' dir='ltr'><strong>memorata</strong></span> <span class='ocrx_word' id='word_1_647' title='bbox 1427 5559 1566 5617; x_wconf 88' lang='lat' dir='ltr'><strong>cella</strong></span> <span class='ocrx_word' id='word_1_648' title='bbox 1616 5573 1744 5615; x_wconf 89' lang='lat' dir='ltr'><strong>cum</strong></span> 
     </span>
    </p>
   </div>
   <div class='ocr_carea' id='block_1_100' title="bbox 89 5652 1744 5731">
    <p class='ocr_par' dir='ltr' id='par_1_100' title="bbox 89 5652 1744 5731">
     <span class='ocr_line' id='line_1_100' title="bbox 89 5652 1744 5731; baseline -0.009 -9"><span class='ocrx_word' id='word_1_649' title='bbox 89 5661 296 5723; x_wconf 86' lang='lat' dir='ltr'><strong>omni</strong></span> <span class='ocrx_word' id='word_1_650' title='bbox 341 5659 656 5731; x_wconf 87' lang='lat' dir='ltr'><strong>integritate</strong></span> <span class='ocrx_word' id='word_1_651' title='bbox 694 5657 761 5713; x_wconf 91' lang='lat' dir='ltr'><strong>ad</strong></span> <span class='ocrx_word' id='word_1_652' title='bbox 787 5656 1242 5729; x_wconf 68' lang='lat' dir='ltr'><strong>prmnominatum</strong></span> <span class='ocrx_word' id='word_1_653' title='bbox 1270 5652 1584 5710; x_wconf 77' lang='lat' dir='ltr'><strong>venerabile</strong></span> <span class='ocrx_word' id='word_1_654' title='bbox 1627 5667 1744 5707; x_wconf 82' lang='lat' dir='ltr'><strong>mo-</strong></span> 
     </span>
    </p>
   </div>
   <div class='ocr_carea' id='block_1_101' title="bbox 92 5739 1746 5820">
    <p class='ocr_par' dir='ltr' id='par_1_101' title="bbox 92 5739 1746 5820">
     <span class='ocr_line' id='line_1_101' title="bbox 92 5739 1746 5820; baseline -0.008 -6"><span class='ocrx_word' id='word_1_655' title='bbox 92 5751 452 5814; x_wconf 83' lang='lat' dir='ltr'><strong>nasterium</strong></span> <span class='ocrx_word' id='word_1_656' title='bbox 478 5750 683 5820; x_wconf 88' lang='lat' dir='ltr'><strong>absque</strong></span> <span class='ocrx_word' id='word_1_657' title='bbox 706 5748 868 5805; x_wconf 88' lang='lat' dir='ltr'><strong>ullius</strong></span> <span class='ocrx_word' id='word_1_658' title='bbox 891 5739 1324 5805; x_wconf 81' lang='lat' dir='ltr'><strong>contradictione</strong></span> <span class='ocrx_word' id='word_1_659' title='bbox 1347 5744 1664 5815; x_wconf 89' lang='lat' dir='ltr'><strong>recipiatur,</strong></span> <span class='ocrx_word' id='word_1_660' title='bbox 1687 5747 1746 5800; x_wconf 82' lang='lat' dir='ltr'><strong>et</strong></span> 
     </span>
    </p>
   </div>
   <div class='ocr_carea' id='block_1_102' title="bbox 94 5840 1746 5919">
    <p class='ocr_par' dir='ltr' id='par_1_102' title="bbox 94 5840 1746 5919">
     <span class='ocr_line' id='line_1_102' title="bbox 94 5840 1746 5919; baseline -0.008 -12"><span class='ocrx_word' id='word_1_661' title='bbox 94 5853 174 5907; x_wconf 82' lang='lat' dir='ltr'><strong>in</strong></span> <span class='ocrx_word' id='word_1_662' title='bbox 237 5845 376 5919; x_wconf 87' lang='lat' dir='ltr'><strong>ejus</strong></span> <span class='ocrx_word' id='word_1_663' title='bbox 425 5850 696 5918; x_wconf 85' lang='lat' dir='ltr'><strong>potestate</strong></span> <span class='ocrx_word' id='word_1_664' title='bbox 741 5850 905 5916; x_wconf 85' lang='lat' dir='ltr'><strong>atque</strong></span> <span class='ocrx_word' id='word_1_665' title='bbox 937 5840 1179 5900; x_wconf 89' lang='lat' dir='ltr'><strong>dominio</strong></span> <span class='ocrx_word' id='word_1_666' title='bbox 1219 5843 1485 5912; x_wconf 86' lang='lat' dir='ltr'><strong>perpetuo</strong></span> <span class='ocrx_word' id='word_1_667' title='bbox 1531 5848 1746 5906; x_wconf 83' lang='lat' dir='ltr'><strong>perma-</strong></span> 
     </span>
    </p>
   </div>
   <div class='ocr_carea' id='block_1_103' title="bbox 1845 5177 3440 5259">
    <p class='ocr_par' dir='ltr' id='par_1_103' title="bbox 1845 5177 3440 5259">
     <span class='ocr_line' id='line_1_103' title="bbox 1845 5177 3440 5259; baseline -0.009 -16"><span class='ocrx_word' id='word_1_668' title='bbox 1845 5188 2109 5259; x_wconf 89' lang='lat' dir='ltr'><strong>quibusve</strong></span> <span class='ocrx_word' id='word_1_669' title='bbox 2138 5199 2398 5256; x_wconf 89' lang='lat' dir='ltr'><strong>expressa</strong></span> <span class='ocrx_word' id='word_1_670' title='bbox 2420 5180 2718 5258; x_wconf 77' lang='lat' dir='ltr'><strong>vocabulis.</strong></span> <span class='ocrx_word' id='word_1_671' title='bbox 2754 5178 3048 5248; x_wconf 88' lang='lat' dir='ltr'><strong>Postquam</strong></span> <span class='ocrx_word' id='word_1_672' title='bbox 3087 5192 3213 5233; x_wconf 90' lang='lat' dir='ltr'><strong>eum</strong></span> <span class='ocrx_word' id='word_1_673' title='bbox 3260 5177 3440 5255; x_wconf 73' lang='lat' dir='ltr'><strong>lpcum</strong></span> 
     </span>
    </p>
   </div>
   <div class='ocr_carea' id='block_1_104' title="bbox 1844 5267 3440 5352">
    <p class='ocr_par' dir='ltr' id='par_1_104' title="bbox 1844 5267 3440 5352">
     <span class='ocr_line' id='line_1_104' title="bbox 1844 5267 3440 5352; baseline -0.009 -16"><span class='ocrx_word' id='word_1_674' title='bbox 1844 5278 2300 5352; x_wconf 82' lang='lat' dir='ltr'><strong>praenominatum</strong></span> <span class='ocrx_word' id='word_1_675' title='bbox 2324 5271 2877 5331; x_wconf 89' lang='lat' dir='ltr'><strong>Laureshamensium</strong></span> <span class='ocrx_word' id='word_1_676' title='bbox 2907 5269 3266 5326; x_wconf 91' lang='lat' dir='ltr'><strong>dominationi</strong></span> <span class='ocrx_word' id='word_1_677' title='bbox 3313 5267 3440 5322; x_wconf 90' lang='lat' dir='ltr'><strong>sub-</strong></span> 
     </span>
    </p>
   </div>
   <div class='ocr_carea' id='block_1_105' title="bbox 1841 5363 3439 5447">
    <p class='ocr_par' dir='ltr' id='par_1_105' title="bbox 1841 5363 3439 5447">
     <span class='ocr_line' id='line_1_105' title="bbox 1841 5363 3439 5447; baseline -0.008 -17"><span class='ocrx_word' id='word_1_678' title='bbox 1841 5375 2034 5447; x_wconf 87' lang='lat' dir='ltr'><strong>jugare</strong></span> <span class='ocrx_word' id='word_1_679' title='bbox 2059 5371 2323 5443; x_wconf 91' lang='lat' dir='ltr'><strong>disposui,</strong></span> <span class='ocrx_word' id='word_1_680' title='bbox 2371 5367 2593 5424; x_wconf 90' lang='lat' dir='ltr'><strong>adscitis</strong></span> <span class='ocrx_word' id='word_1_681' title='bbox 2639 5366 2837 5436; x_wconf 89' lang='lat' dir='ltr'><strong>quibus</strong></span> <span class='ocrx_word' id='word_1_682' title='bbox 2876 5373 3065 5422; x_wconf 92' lang='lat' dir='ltr'><strong>notum</strong></span> <span class='ocrx_word' id='word_1_683' title='bbox 3096 5363 3295 5429; x_wconf 81' lang='lat' dir='ltr'><strong>fuerat,</strong></span> <span class='ocrx_word' id='word_1_684' title='bbox 3329 5371 3439 5418; x_wconf 91' lang='lat' dir='ltr'><strong>ter-</strong></span> 
     </span>
    </p>
   </div>
   <div class='ocr_carea' id='block_1_106' title="bbox 1849 5455 3443 5529">
    <p class='ocr_par' dir='ltr' id='par_1_106' title="bbox 1849 5455 3443 5529">
     <span class='ocr_line' id='line_1_106' title="bbox 1849 5455 3443 5529; baseline -0.007 -8"><span class='ocrx_word' id='word_1_685' title='bbox 1849 5466 2056 5522; x_wconf 90' lang='lat' dir='ltr'><strong>minum</strong></span> <span class='ocrx_word' id='word_1_686' title='bbox 2079 5472 2135 5521; x_wconf 90' lang='lat' dir='ltr'><strong>et</strong></span> <span class='ocrx_word' id='word_1_687' title='bbox 2160 5461 2426 5520; x_wconf 91' lang='lat' dir='ltr'><strong>vocabula</strong></span> <span class='ocrx_word' id='word_1_688' title='bbox 2447 5460 2689 5515; x_wconf 91' lang='lat' dir='ltr'><strong>locorum</strong></span> <span class='ocrx_word' id='word_1_689' title='bbox 2711 5458 2997 5529; x_wconf 87' lang='lat' dir='ltr'><strong>diligenter</strong></span> <span class='ocrx_word' id='word_1_690' title='bbox 3014 5455 3354 5528; x_wconf 88' lang='lat' dir='ltr'><strong>investigavi,</strong></span> <span class='ocrx_word' id='word_1_691' title='bbox 3385 5462 3443 5511; x_wconf 90' lang='lat' dir='ltr'><strong>et</strong></span> 
     </span>
    </p>
   </div>
   <div class='ocr_carea' id='block_1_107' title="bbox 1848 5546 3442 5619">
    <p class='ocr_par' dir='ltr' id='par_1_107' title="bbox 1848 5546 3442 5619">
     <span class='ocr_line' id='line_1_107' title="bbox 1848 5546 3442 5619; baseline -0.008 -5"><span class='ocrx_word' id='word_1_692' title='bbox 1848 5556 2058 5614; x_wconf 90' lang='lat' dir='ltr'><strong>recenti</strong></span> <span class='ocrx_word' id='word_1_693' title='bbox 2085 5554 2351 5610; x_wconf 89' lang='lat' dir='ltr'><strong>memoria</strong></span> <span class='ocrx_word' id='word_1_694' title='bbox 2388 5551 2662 5609; x_wconf 88' lang='lat' dir='ltr'><strong>notarium</strong></span> <span class='ocrx_word' id='word_1_695' title='bbox 2691 5566 2878 5608; x_wconf 91' lang='lat' dir='ltr'><strong>meum</strong></span> <span class='ocrx_word' id='word_1_696' title='bbox 2918 5550 3217 5606; x_wconf 89' lang='lat' dir='ltr'><strong>Lutherum</strong></span> <span class='ocrx_word' id='word_1_697' title='bbox 3259 5546 3442 5619; x_wconf 85' lang='lat' dir='ltr'><strong>expri-</strong></span> 
     </span>
    </p>
   </div>
   <div class='ocr_carea' id='block_1_108' title="bbox 1851 5642 3437 5718">
    <p class='ocr_par' dir='ltr' id='par_1_108' title="bbox 1851 5642 3437 5718">
     <span class='ocr_line' id='line_1_108' title="bbox 1851 5642 3437 5718; baseline -0.008 -10"><span class='ocrx_word' id='word_1_698' title='bbox 1851 5665 2000 5708; x_wconf 87' lang='lat' dir='ltr'><strong>mere</strong></span> <span class='ocrx_word' id='word_1_699' title='bbox 2045 5647 2243 5703; x_wconf 78' lang='lat' dir='ltr'><strong>litteris</strong></span> <span class='ocrx_word' id='word_1_700' title='bbox 2291 5645 2430 5718; x_wconf 89' lang='lat' dir='ltr'><strong>jussi</strong></span> <span class='ocrx_word' id='word_1_701' title='bbox 2468 5660 2484 5701; x_wconf 90' lang='lat'><strong>:</strong></span> <span class='ocrx_word' id='word_1_702' title='bbox 2516 5660 2581 5703; x_wconf 88' lang='lat' dir='ltr'><strong>ea</strong></span> <span class='ocrx_word' id='word_1_703' title='bbox 2620 5644 2877 5702; x_wconf 90' lang='lat' dir='ltr'><strong>videlicet</strong></span> <span class='ocrx_word' id='word_1_704' title='bbox 2927 5642 3437 5713; x_wconf 90' lang='lat' dir='ltr'><strong>circumspectione,</strong></span> 
     </span>
    </p>
   </div>
   <div class='ocr_carea' id='block_1_109' title="bbox 1851 5733 3442 5814">
    <p class='ocr_par' dir='ltr' id='par_1_109' title="bbox 1851 5733 3442 5814">
     <span class='ocr_line' id='line_1_109' title="bbox 1851 5733 3442 5814; baseline -0.008 -17"><span class='ocrx_word' id='word_1_705' title='bbox 1851 5741 1979 5814; x_wconf 90' lang='lat' dir='ltr'><strong>quia</strong></span> <span class='ocrx_word' id='word_1_706' title='bbox 1999 5738 2293 5794; x_wconf 90' lang='lat' dir='ltr'><strong>multorum</strong></span> <span class='ocrx_word' id='word_1_707' title='bbox 2318 5739 2770 5797; x_wconf 85' lang='lat' dir='ltr'><strong>monasteriorum</strong></span> <span class='ocrx_word' id='word_1_708' title='bbox 2790 5738 2872 5795; x_wconf 90' lang='lat' dir='ltr'><strong>eis</strong></span> <span class='ocrx_word' id='word_1_709' title='bbox 2885 5737 3087 5808; x_wconf 63' lang='lat' dir='ltr'><strong>praedia</strong></span> <span class='ocrx_word' id='word_1_710' title='bbox 3103 5733 3442 5805; x_wconf 86' lang='lat' dir='ltr'><strong>conjungun-</strong></span> 
     </span>
    </p>
   </div>
   <div class='ocr_carea' id='block_1_110' title="bbox 1853 5828 3440 5904">
    <p class='ocr_par' dir='ltr' id='par_1_110' title="bbox 1853 5828 3440 5904">
     <span class='ocr_line' id='line_1_110' title="bbox 1853 5828 3440 5904; baseline -0.008 -10"><span class='ocrx_word' id='word_1_711' title='bbox 1853 5844 1961 5904; x_wconf 86' lang='lat' dir='ltr'><strong>tur,</strong></span> <span class='ocrx_word' id='word_1_712' title='bbox 1990 5842 2046 5893; x_wconf 88' lang='lat' dir='ltr'><strong>et</strong></span> <span class='ocrx_word' id='word_1_713' title='bbox 2067 5833 2407 5895; x_wconf 86' lang='lat' dir='ltr'><strong>diversorum</strong></span> <span class='ocrx_word' id='word_1_714' title='bbox 2428 5833 2771 5895; x_wconf 85' lang='lat' dir='ltr'><strong>dominorum</strong></span> <span class='ocrx_word' id='word_1_715' title='bbox 2804 5831 3069 5892; x_wconf 81' lang='lat' dir='ltr'><strong>beneﬁcia</strong></span> <span class='ocrx_word' id='word_1_716' title='bbox 3097 5828 3440 5898; x_wconf 77' lang='lat' dir='ltr'><strong>circumqua-</strong></span> 
     </span>
    </p>
   </div>
  </div>
