3940 6340
109 393 227 452 605

1580 392 1887 459 CHART‘
1901 440 1909 456 .

3290 420 3397 489 eos
3446 470 3449 475 .

107 509 196 566 rei
226 507 675 580 compensatione
701 508 852 567 dedit
873 519 1096 567 econtra
1119 511 1348 569 domnus
1370 510 1714 587 Eglnhardus
1738 516 1794 579 Α
1814 510 1910 582 qui
1948 507 2090 567 infra
2130 512 2464 581 monasterio
2495 525 2642 585 sunt,
2684 519 2741 583 in
2777 521 3150 591 anniversaria
3178 529 3254 595 tui
3293 543 3399 602 pro

105 602 452 661 venerabilis
478 602 647 658 abbas
687 603 935 674 partibus
980 613 1179 661 sanctae
1208 604 1391 662 Mariae
1438 607 1708 678 mancipia

106 697 229 752 duo
258 696 347 751 his
382 694 711 761 nominibus,
742 693 982 753 lmboldo
1009 704 1063 752 et
1090 697 1429 767 Vulframno,
1459 699 1535 755 ita
1559 708 1619 755 ut
1639 701 1708 756 ab

103 786 389 851 hodierna
420 786 509 842 die
533 786 792 857 quidquid
830 787 897 844 de
926 788 1028 845 hoc
1052 790 1197 860 quod
1225 791 1593 862 unusquisque
1639 809 1707 849 ex

100 881 282 936 nobis
310 881 540 951 accepit,
572 883 1072 953 proopertunitate
1105 899 1202 939 sua
1246 884 1428 939 facere
1451 884 1704 956 elegerit,

101 972 353 1029 liberum
382 974 438 1029 in
465 974 715 1030 omnibus
748 974 1062 1059 perfruatur
1090 978 1333 1033 arbitrio.
1362 978 1431 1033 Et
1454 979 1583 1034 illud
1606 995 1707 1059 pro

103 1068 398 1124 ﬁrmitatis
422 1069 662 1124 studium
679 1069 823 1147 inter
844 1085 941 1129 nos
963 1071 1477 1145 successoribusque
1505 1074 1708 1137 nostris

102 1157 365 1214 inserere
391 1167 631 1231 pactum,
671 1169 733 1215 ut
777 1160 909 1216 duas
955 1161 1212 1232 epistolas
1256 1162 1325 1219 dc
1368 1164 1472 1218 hac
1499 1179 1560 1219 re
1596 1176 1708 1220 uno

100 1259 313 1306 tenore
324 1250 663 1320 conscriptas
684 1249 865 1307 facere
888 1267 983 1308 seu
1007 1255 1353 1311 conscribere
1364 1257 1704 1314 deberemus.

98 1342 275 1411 Quod
304 1344 381 1398 ita
407 1350 462 1398 et
484 1342 728 1398 fecimus.
760 1342 873 1399 Nec
899 1344 1073 1411 nobis,
1100 1362 1277 1417 neque
1301 1350 1708 1429 successoribus

98 1436 347 1501 nostris,
377 1442 569 1491 contra
593 1451 726 1505 pare
749 1451 849 1492 suo
870 1438 939 1494 de
963 1438 1067 1497 hoc
1092 1439 1235 1508 quod
1262 1443 1472 1512 acmpit
1502 1459 1531 1503 a
1576 1459 1707 1514 pare

93 1541 215 1583 suo
260 1527 374 1583 ullo
400 1543 642 1599 unquam
679 1535 920 1599 tempore
950 1530 1280 1586 calumniam
1331 1534 1571 1604 aliquam
1616 1537 1704 1593 vel

95 1620 445 1692 nepetitione
486 1636 751 1693 generare
795 1631 1107 1701 praesumat.
1150 1623 1302 1692 Quod
1350 1628 1441 1696 qui
1483 1628 1704 1699 fecerit,

94 1728 236 1768 rem
271 1729 435 1783 quam
459 1714 668 1784 accepit
691 1714 929 1782 amittat,
961 1724 1017 1771 et
1043 1717 1265 1787 insuper
1298 1719 1419 1786 pari
1446 1735 1578 1787 suo,
1612 1738 1706 1779 co-

94 1812 283 1875 gente
315 1804 464 1869 ﬁsos,
494 1804 613 1867 auri
642 1806 779 1875 libra
808 1822 933 1875 una,
968 1808 1180 1878 argenti
1204 1810 1421 1880 poudua
1448 1826 1542 1869 sex
1573 1830 1702 1871 coa-

1807 605 1992 660 anima
2021 613 2136 662 tua.
2164 607 2334 666 Facta
2357 612 2627 681 prestaria
2664 614 2722 671 in
2750 618 3083 683 monasterio
3111 620 3397 691 Blanditus

1804 696 2023 799 publico
2070 700 2174 756 sub
2215 702 2305 758 die
2344 720 2425 763 xu
2476 703 2584 761 kal.
2633 705 2795 766 Febr.
2823 723 2967 769 anno
3007 727 3103 773 xvi
3136 729 3401 799 regnante

1805 787 2006 844 domno
2045 800 2235 849 nostro
2269 794 2589 856 liludowico
2617 800 3016 872 gloriosissimo
3044 787 3395 880 imperatore.

1873 880 2053 976 {Ego
2090 884 2433 956 Eginhardus
2458 892 2628 958 abbas
2662 898 2952 968 rccognovi
2982 906 3037 967 et
3074 901 3395 976 subscripsi.

1803 1002 1876 1013 —
1913 972 2064 1047 Sign.
2102 976 2400 1049 Egeshario
2442 982 2803 1043 vicedomino.
2849 1019 2921 1029 —
2951 988 3104 1063 Sign.
3130 972 3399 1050 Badurico

1806 1072 1991 1131 gustus
2020 1068 2141 1143 (sic)
2170 1071 2507 1143 presbytero.
2553 1106 2626 1128 -τ
2648 1074 2800 1151 sign.
2834 1078 3155 1153 Wincgario
3192 1087 3399 1143 decano

1806 1158 2141 1249 presbytero.
2209 1190 2282 1203 -—
2342 1164 2493 1236 Sign.
2549 1167 2871 1230 Fletaualdo
2914 1176 3257 1249 presbytero.
3317 1212 3391 1222 ——

1809 1246 1965 1342 Sign.
1985 1250 2352 1310 Ermenlando
2372 1259 2712 1331 presbytero.
2738 1294 2812 1305 -—
2836 1265 2987 1338 Sign.
3011 1246 3400 1342 Regenmundo

1806 1340 2145 1499 aresbytcro.
2160 1376 2230 1419 έ-
2244 1344 2394 1431 sign.
2419 1349 2798 1499 Thefenlando
2809 1340 3145 1432 presbytero.
3159 1392 3231 1403 —
3242 1361 3394 1435 Sign.

1860 1432 2110 1499 mdgario
2138 1437 2387 1499 diacono.
2416 1472 2489 1492 -.—
2558 1445 2977 1499 i2n.10hannns
3019 1453 3137 1499 (nini
3177 1455 3394 1499 mihdin-

1860 1432 2110 1515 rodgario
2138 1437 2387 1505 diacono.
2416 1472 2489 1492 -ι-
2515 1432 2666 1521 Sigu.
2694 1445 2977 1508 Johannus
3019 1453 3137 1527 (sic)
3177 1432 3400 1512 subdia-

1807 1538 1968 1581 cono.
2013 1557 2087 1568 —
2129 1527 2280 1602 Sign.
2331 1532 2494 1591 Odric
2538 1538 2889 1596 subdiacono.
2934 1573 3007 1585 —
3037 1543 3190 1617 Sign.
3233 1546 3396 1603 Teut-

1808 1620 2011 1713 mundo
2036 1620 2254 1678 clerico.
2273 1656 2345 1666 -
2370 1625 2520 1701 Sign.
2552 1629 2886 1692 Folcuuinzo
2902 1635 3121 1694 clerico.
3146 1670 3219 1681 -—
3239 1639 3393 1713 Sign.

1808 1702 2092 1778 δίδωθι-ιο
2139 1714 2358 1773 clerico.
2402 1747 2475 1761 —
2517 1719 2669 1794 Sign.
2699 1724 3021 1785 Brunhardo
3068 1702 3397 1788 clerico."—

1808 1796 1960 1897 βὶειι.
1990 1801 2284 1897 Adalgario
2329 1808 2665 1868 diacono.—
2685 1814 2837 1889 Sign.
2878 1819 3213 1890 Egelmundo
3249 1840 3400 1897 pres-

94 1902 236 1950 clus
278 1894 545 1961 exsolvat,
572 1902 630 1951 et
666 1898 920 1966 repetitio
944 1913 1043 1954 sua
1073 1898 1283 1956 nullum
1307 1902 1553 1963 obtineat
1575 1905 1700 1963 effe-

1804 1888 2113 2009 :ymfo;—
2136 1880 2304 2009 ISign.
2363 1900 2732 2005 Erchenmaro
2747 1880 2777 1889 ⁷
2797 1880 3137 1993 presbytero.
3173 1880 3399 1997 -—‘Ego

95 1995 284 2055 ctum,
331 1988 427 2045 sed
471 1997 769 2067 praesentes
799 1992 1254 2055 commutationes
1298 1994 1398 2051 has
1429 1996 1618 2055 ﬁrmas
1652 2008 1710 2058 et

93 2083 339 2145 stabiles
382 2087 598 2145 valeant
642 2091 954 2160 perdurare.
1001 2122 1071 2134 -—
1096 2090 1293 2151 Actum
1339 2094 1708 2175 Argentogelo

92 2185 237 2233 ante
254 2177 481 2261 basilica
501 2188 703 2237 sanctae
722 2182 926 2250 Marias,
972 2198 1115 2240 anno
1134 2186 1421 2245 undecimo
1444 2197 1709 2261 regnante

92 2268 334 2325 domino
357 2260 672 2329 Hludowico
693 2273 937 2345 piissimo
961 2275 1308 2348 imperatore.

169 2360 218 2432 ἰ-
248 2359 477 2434 Signum
498 2363 787 2436 Egisbario
807 2368 1167 2426 vicedomino.
1191 2371 1231 2445 -ι-
1248 2371 1475 2447 Signum
1502 2373 1707 2437 Theot-

90 2450 291 2508 boldo.
324 2453 366 2524 -ι-
391 2454 617 2525 Signum
643 2456 883 2516 Derulfo.
915 2458 957 2531 -ι-
987 2460 1213 2532 Signum
1238 2462 1523 2529 Barbatio.
1551 2465 1594 2538 ἰ’
1623 2464 1711 2523 ειν

93 2559 278 2616 gnum
302 2545 554 2611 Aneloni.
582 2549 625 2623 ἰ-
657 2550 885 2625 Signum
907 2552 1199 2629 Anseluco.

872 2666 941 2723 γ.

88 2770 668 2847 CharmnEginhardi
717 2774 777 2833 S.
827 2777 1102 2835 Blandinii
1150 2778 1451 2841 Gandensis
1496 2784 1703 2847 abbatis

163 2862 281 2916 qua
311 2840 624 2925 Nor'dbertg
637 2850 915 2925 prcestqrie
937 2840 1463 2925 conceditiquasdaim
1503 2840 1593 2912 res
1629 2840 1703 2915 ad

165 2914 556 2979 mumterium
579 2914 956 2976 Blandiniense
982 2920 1046 2977 ab
1089 2914 1270 2980 eodem
1297 2924 1585 2999 delegatus.

546 3103 564 3118 ’
614 3028 742 3103 (An.
778 3031 904 3098 850,
934 3032 999 3091 si
1033 3032 1183 3107 Jan.)

538 3120 763 3188 (Teulet,
793 3123 918 3187 Opp.
954 3125 1263 3191 Rginbardi.)

162 3204 502 3267 Venerabile
527 3205 583 3262 in
608 3205 827 3315 Christo
853 3207 1195 3282 Eginhardus
1216 3211 1404 3271 abbas.
1423 3212 1563 3281 Dum
1586 3233 1696 3275 non
1723 3249 1769 3315 α
1798 3204 2124 3315 ιῐίξξηᾘιξιῖ
2415 3204 2473 3313 ἒξ

70 3311 175 3361 est
222 3302 559 3373 incognitum
590 3301 827 3374 qualiter
857 3321 946 3362 res
968 3315 1087 3364 tuas
1113 3311 1258 3379 quod
1283 3318 1342 3366 tu
1367 3315 1696 3385 comparasti

66 3406 137 3455 et
189 3396 271 3452 ad
316 3398 703 3455 monasterium
750 3407 997 3456 nostrum
1043 3403 1313 3460 tradidisti
1348 3413 1406 3461 et
1444 3407 1513 3463 ad
1556 3423 1696 3478 opus

68 3491 341 3547 fratrum
387 3498 693 3551 nostrorum
744 3492 1004 3563 delegasti
1051 3505 1214 3566 atque
1266 3495 1539 3566 ﬁrmasti,
1599 3499 1695 3557 sed

64 3593 287 3659 postea
319 3591 412 3640 tua
440 3581 543 3643 fuit
582 3583 792 3658 petitio,
824 3593 879 3641 et
915 3593 1102 3649 nostra
1132 3602 1241 3644 non
1269 3587 1558 3665 denegavit
1600 3606 1695 3657 vo-

64 3679 299 3743 luntas,
333 3682 392 3729 ut
423 3673 594 3747 beam
620 3691 739 3732 rem
764 3685 819 3733 et
846 3675 936 3731 illa
966 3685 1132 3747 terra,
1158 3681 1300 3750 quod
1323 3681 1695 3741 Thiodsumda

65 3770 308 3837 habuit,
340 3784 442 3842 per
466 3769 789 3841 beneficium
824 3779 1073 3829 nostrum
1100 3770 1198 3827 tibi
1242 3773 1548 3831 Nordberto
1588 3777 1692 3833 hoc

59 3859 550 3935 prestitissemus.
581 3860 737 3933 Quod
778 3862 854 3920 ita
883 3871 939 3921 et
980 3862 1238 3932 fecimus;
1270 3874 1326 3925 et
1352 3866 1420 3922 ad
1466 3882 1692 3927 onorem

61 3966 250 4011 tuum
273 3954 496 4025 quando
520 3953 814 4027 aliquantis
837 3958 1171 4029 temporibus
1194 3959 1263 4017 ad
1294 3961 1691 4021 monasterium

59 4060 349 4111 nostrum
374 4051 609 4117 venires,
642 4050 739 4106 tibi
777 4054 1109 4127 provendam
1133 4054 1265 4111 dare
1287 4053 1554 4111 faciamus
1575 4096 1591 4122 ,
1633 4064 1689 4113 et

54 4162 179 4219 pro
214 4159 327 4203 usu
353 4141 650 4203 fructuario
673 4143 740 4201 de
762 4145 910 4219 ipsas
936 4160 1023 4201 res
1052 4147 1209 4203 nobis
1240 4163 1463 4215 censum
1497 4148 1688 4221 levasti

56 4248 128 4299 ut
188 4236 367 4293 anuis
399 4237 655 4309 singulis,
710 4237 781 4295 ad
819 4237 1177 4299 festivitatem
1227 4240 1400 4299 sancti
1450 4238 1684 4311 Martini.

52 4334 212 4390 dare
271 4329 476 4385 debeas
526 4329 782 4387 denarios
812 4345 877 4396 ιι,
907 4338 962 4385 et
988 4330 1164 4401 ipsum
1212 4345 1440 4387 censum
1487 4333 1688 4389 debent

49 4425 292 4489 fratres
322 4420 592 4491 accipere.
632 4418 701 4478 Et
740 4421 819 4487 sic
849 4423 1007 4479 nobis
1036 4422 1346 4495 conplacuit
1370 4431 1533 4497 atque
1557 4438 1687 4480 con-

46 4516 238 4575 venit
262 4521 330 4576 ut
352 4512 499 4583 ipsas
513 4528 607 4581 res
630 4529 732 4573 nec
755 4516 1031 4581 venderis,
1047 4530 1149 4577 nec
1172 4514 1411 4584 donaris,
1429 4533 1531 4577 nec
1553 4516 1687 4581 alie-

1811 1979 2098 2047 Rinhadus
2120 1990 2364 2064 presbyt.
2392 1993 2610 2066 scripsi.

2562 2129 2650 2199 VI.

1951 2233 2153 2296 Charta
2178 2238 2418 2315 ejusdem
2441 2248 2740 2317 argumenti
2766 2264 2864 2327 pro
2892 2248 3254 2325 Erycum-do.

2195 2368 2359 2444 (Ann.
2389 2374 2499 2431 850
2522 2375 2609 2432 vel
2631 2378 2757 2463 839,
2790 2379 2823 2435 7
2853 2379 3033 2458 Sept.)

1878 2504 2202 2567 Venerabile
2228 2510 2286 2567 in
2311 2511 2532 2571 Christo
2555 2516 2872 2592 Eginhardo
2897 2524 3095 2582 abbate
3118 2526 3190 2585 de
3209 2540 3401 2587 monac

1804 2601 1977 2663 sterio
2002 2602 2321 2673 Blandinio,
2350 2606 2549 2666 dilecto
2579 2611 2756 2669 amico
2802 2623 2989 2671 nostro
3032 2616 3396 2692 Engelhardo.

1805 2692 1946 2756 Dum
1978 2712 2090 2761 non
2116 2706 2203 2756 est
2233 2699 2604 2772 incognitum,
2652 2705 2890 2776 qualiter
2917 2707 3155 2783 aliquam
3187 2712 3401 2771 alodem
3508 2777 3526 2787 ,

1804 2793 1958 2841 tuum
1990 2787 2059 2843 ad
2091 2791 2486 2848 monasterium
2519 2801 2770 2851 nostrum
2807 2799 3079 2858 tradidisti
3109 2811 3274 2874 atque
3302 2804 3400 2863 ἢν..

1804 2881 1987 2947 masti,
2026 2882 2132 2939 hoc
2165 2892 2250 2939 est
2273 2885 2329 2940 in
2357 2900 2497 2957 pago
2524 2886 2835 2946 Rodaninse
2864 2902 2890 2933 ιι
2933 2892 2989 2974 in
3034 2894 3154 2951 loco
3181 2896 3277 2968 qui
3301 2912 3402 2959 vo-

1802 2983 1962 3037 catur
1980 2974 2206 3045 Facum,
2223 2994 2392 3051 prope
2418 2978 2636 3043 fluviola
2660 2982 2946 3055 Absentia,
2992 2986 3047 3049 id
3082 2997 3166 3045 est
3195 2988 3399 3047 ibidem

1802 3080 1928 3123 casa
1955 3082 2079 3125 cum
2105 3071 2323 3137 curtile,
2360 3079 2478 3128 tum
2500 3073 2621 3130 aliis
2650 3077 2810 3133 tectis
2844 3086 2902 3135 et
2936 3081 3306 3153 watrisoapud
3331 3085 3399 3153 ti,

1801 3165 1857 3214 et
1886 3158 1953 3215 de
1976 3165 2124 3219 terra
2167 3160 2375 3218 arabile
2415 3169 2472 3219 et
2497 3161 2555 3222 in
2582 3162 2853 3222 Vacberia
2877 3181 3098 3225 acorum
3124 3177 3182 3227 et
3212 3171 3280 3227 ad
3310 3187 3400 3229 se-

1796 3343 2030 3415 gendum
2070 3345 2286 3401 carrad.
2325 3360 2408 3403 ιιιι
2444 3354 2499 3403 et
2542 3347 2596 3408 in
2622 3346 3026 3423 Wielingahem
3063 3364 3087 3399 ο
3126 3361 3284 3426 prato
3324 3357 3396 3425 ad

1795 3432 1981 3515 fenum
2004 3435 2379 3521 collegendum
2399 3440 2612 3496 carrad.
2635 3455 2736 3496 xu.
2759 3440 2872 3499 Hoc
2890 3444 3097 3519 omnia,
3131 3446 3392 3520 quicquid

1795 3528 1865 3591 ad
1890 3529 2007 3603 ipsa
2035 3545 2162 3589 casa
2186 3530 2401 3604 aspicit,
2431 3531 2500 3601 ad
2522 3533 2912 3593 monasterium
2946 3544 3195 3609 nostrum
3221 3540 3392 3596 tradi-

1795 3620 1925 3677 disti
1950 3630 2113 3693 atque
2140 3621 2414 3690 ﬁrmasti;
2453 3624 2548 3685 sed
2581 3631 2771 3695 DQStea
2808 3632 2903 3691 tua
2950 3624 3054 3693 fuit
3092 3628 3306 3705 petitio,
3334 3634 3389 3699 et

1794 3720 1981 3766 nostra
2015 3726 2124 3768 non
2156 3712 2446 3785 denegavit
2478 3712 2750 3781 voluntas,
2779 3716 3038 3788 utipsam
3060 3718 3270 3781 alodem
3292 3733 3392 3791 per

1791 3801 2117 3863 boneﬁclum
2167 3812 2415 3860 nostrum
2464 3802 2562 3865 tibi
2611 3805 3013 3887 Engelhardum
3054 3817 3112 3866 et
3158 3826 3389 3877 uxorem

1793 3902 1940 3951 tuam
1970 3893 2383 3955 Heletradanem
2408 3894 2843 3966 prestitissimus.
2884 3895 3039 3975 Quod
3072 3898 3146 3961 ita
3174 3906 3228 3959 et
3257 3897 3388 3961 feci-

1791 3999 1916 4041 mus
1941 3993 1997 4039 et
2019 3983 2440 4041 Heletradanem
2463 3992 2520 4041 et
2543 3984 2671 4043 filiis
2696 3987 2894 4065 vestris
2931 3987 3235 4055 laxavimus
3253 4031 3269 4058 ,
3300 4007 3386 4060 se.

1792 4075 1911 4131 curi
1943 4074 2064 4151 [que
2090 4075 2205 4133 sitis
2230 4074 2346 4151 abs]
2367 4091 2473 4147 que
2500 4076 2726 4145 servitio
2749 4085 2804 4134 et
2831 4092 3058 4136 censum
3079 4090 3135 4138 et
3161 4092 3386 4167 econtra

1790 4166 2148 4237 hereditatem
2170 4175 2320 4225 tuam
2343 4184 2442 4240 per
2462 4167 2784 4227 beneﬁcium
2804 4179 3052 4229 nostrum
3074 4168 3220 4251 illam
3242 4166 3385 4249 rem,

1789 4272 1952 4329 quam
1982 4258 2378 4330 Engelramnus
2402 4257 2473 4317 ad
2493 4258 2881 4327 mnesterium
2908 4260 3194 4337 Blandinio
3223 4267 3386 4331 dona-

1787 4348 1866 4404 vit
1894 4355 1949 4404 et
1976 4349 2235 4421 ﬁrmavit,
2264 4349 2369 4404 hoc
2400 4358 2487 4406 est
2511 4350 2569 4405 in
2596 4351 2716 4423 ipso
2742 4368 2881 4426 pago
2907 4353 3224 4427 Rodininse,
3248 4368 3305 4417 et
3325 4361 3382 4419 in

1788 4437 1907 4521 ipsa
1938 4440 2064 4517 villa
2094 4441 2187 4514 qui
2215 4450 2445 4498 vocatur
2471 4441 2674 4500 Facum
2720 4460 2889 4518 prope
2926 4446 3141 4506 lluviola
3170 4449 3383 4508 Absen-

1788 4531 1896 4599 cia,
1923 4533 1977 4593 id
2006 4541 2091 4601 est
2120 4532 2322 4603 ibidem
2352 4548 2479 4592 casa
2509 4538 2634 4593 cum
2663 4538 2876 4609 curtile,
2904 4555 3028 4599 cum
3052 4541 3175 4599 aliis
3201 4545 3379 4614 tectis,

43 4607 259 4671 naris,
304 4606 865 4708 nec-concambi-aris,
1030 4606 1224 4708 inn-ullo
1249 4606 1536 4708 naufragio
1561 4610 1687 4708 mi‘t-
1709 4610 1764 4675 D
1789 4634 1845 4683 ει
1863 4626 1918 4682 in
1942 4641 2075 4699 ,σω
2101 4627 2195 4698 φη
2227 4636 2456 4685 meam,-
2489 4629 2757 4693 Facberia
2800 4606 3043 4702 mrum,
3084 4634 3177 4694 ubi
3202 4606 3381 4708 ροιθεί

42 4711 187 4759 tere
250 4696 532 4753 licentiam
569 4713 675 4754 non
723 4699 956 4767 habeas;
985 4699 1102 4770 {nisi
1149 4709 1384 4768 tantum,
1416 4703 1545 4758 dum
1591 4702 1682 4785 diu

38 4789 407 4858 advixeris,
448 4790 655 4847 usitare
698 4798 755 4855 et
809 4791 1133 4848 emeliorare
1173 4792 1365 4851 facias.
1426 4794 1515 4861 Et,
1561 4804 1685 4871 post

35 4888 145 4943 obi
154 4895 296 4945 tum
318 4890 495 4948 tuum,
510 4884 656 4954 quod
670 4892 726 4938 tu
737 4886 1065 4955 comparasti
1082 4894 1138 4941 et
1148 4887 1202 4942 in
1215 4887 1480 4945 beneﬁcio
1492 4898 1682 4947 nostro

32 4975 350 5042 habuisti,
390 4984 444 5059 et
470 4974 560 5037 illa
596 4974 752 5047 alode
786 4978 927 5049 quod
952 4989 1112 5035 antea
1133 4980 1427 5048 tradidisti,
1473 4983 1542 5038 ab
1587 4983 1681 5041 illo

28 5073 142 5131 die
166 5071 294 5139 has
314 5080 409 5131 res
429 5064 626 5135 fratres
652 5069 756 5127 hoc
780 5069 983 5135 habere
1011 5070 1243 5131 debeant
1264 5072 1332 5128 ad
1358 5087 1600 5133 mensam
1625 5081 1681 5141 et

23 5167 111 5222 ad
128 5174 530 5235 opuseorasn.
547 5161 1068 5221 EtOdbertuslieeat
1086 5166 1398 5249 percensire
1413 5168 1519 5227 hoc
1532 5169 1679 5231 clero

20 5256 136 5315 vel
170 5254 244 5310 d.
279 5264 356 5319 τι,
388 5261 443 5313 et
460 5252 640 5326 ipsum
670 5266 899 5323 censum
923 5252 1126 5312 debent
1155 5255 1355 5315 fratres
1389 5258 1676 5331 accipere,

84 5422 145 5473 ο
190 5407 414 5467 Postea
442 5415 846 5463 marcmonatus
876 5402 1203 5466 Rhodensis.

112 5480 150 5521 b
186 5476 394 5534 Kiiian
424 5476 694 5553 Duillaens
728 5478 784 5553 in
822 5476 920 5534 suo
948 5476 1318 5553 Etymologico
1363 5481 1675 5543 Teutomcae

17 5556 278 5624 uagum
303 5548 716 5631 ιορςειτ-ςςήαρρ
754 5548 1149 5631 interpretatur
1182 5548 1672 5631 iiquagiumuquaz-

17 5616 268 5695 duaeea
292 5616 588 5695 ;_Hasselt_
611 5616 740 5695 vei-9
777 5616 1032 5695 nonnulla
1075 5624 1143 5677 ex
1188 5616 1674 5695 consuetudinibus

17 5686 829 5780 δειείὲάὲἴεῖξέιιξὶδιμξΡὲεφ
861 5686 1498 5780 ίυιετιδςθιέιι.ίρ’³ιηρ¹ίμε
1522 5715 1671 5780 ,ηοιι-

18 5710 133 5753 Bel
197 5710 250 5753 ιι
279 5710 448 5757 auert
480 5710 675 5760 quibus
708 5710 823 5748 naec
861 5710 1238 5819 intergretauo
1267 5710 1498 5780 amplius
1533 5715 1671 5759 non—

18 5711 197 5849 ιιιρῇ
233 5762 598 5849 extcpdeuda‘
619 5763 857 5849 videtur,
883 5780 986 5849 qua
1029 5765 1317 5849 doquidem
1339 5784 1404 5849 in
1435 5768 1673 5849 locisal:

17 5824 180 5897 Estis
204 5824 412 5923 agitur
432 5831 724 5923 dgcolonis
746 5836 797 5889 in
814 5824 1226 5923 thither-schap?
1249 5824 1671 5923 de‘Sparendam

461 5903 841 5985 Watriscapud
865 5922 998 5981 ergo
1035 5903 1209 5983 accipi
1238 5903 1421 5987 potest
1468 5904 1673 5970 canalis

1786 4714 2092 4797 modJem.
2118 4732 2195 4785 ιιι,
2221 4724 2275 4773 et
2295 4718 2531 4790 pratello
2545 4721 2614 4777 ad
2636 4723 2931 4796 segandum
2952 4723 3138 4780 fenum
3160 4728 3374 4785 carrad.

1785 4820 1846 4862 ιιι
1874 4813 1929 4862 et
1955 4805 2010 4867 in
2035 4806 2429 4879 Wielingabem
2455 4811 2524 4869 ad
2545 4811 2730 4870 fenum
2759 4812 3138 4885 colligendum,
3157 4819 3372 4877 carrad.

1784 4914 1885 4955 xu.
1910 4897 2039 4957 Hae
2067 4900 2272 4967 omnia,
2306 4902 2564 4974 quicquid
2592 4905 2661 4967 ad
2684 4904 2799 4974 ipsa
2830 4919 2958 4973 casa
2987 4906 3202 4977 θδρίοίι.
3220 4909 3376 4979 νίψει

1783 4984 2159 5063 Engelhardus
2189 5000 2244 5049 et
2268 4991 2630 5077 Helotradane
2662 5000 2991 5064 prmstamn
3011 4996 3080 5055 ad
3123 4998 3372 5057 husitano

1784 5083 1907 5155 dam
1939 5093 1994 5143 et
2024 5102 2121 5160 per
2146 5086 2334 5145 ambas
2363 5102 2450 5144 res
2480 5103 2706 5159 censum
2736 5087 2959 5150 levasti:
2980 5098 3043 5148 ut
3071 5092 3225 5149 annis
3254 5095 3371 5150 sin-

1781 5175 1924 5247 gulis
1953 5177 2020 5233 ad
2046 5176 2401 5243 festivitatem
2428 5179 2602 5249 sancti
2634 5178 2851 5247 Martini
2882 5180 3012 5267 dare
3037 5183 3245 5261 debetis
3272 5187 3368 5243 de-

1783 5269 1969 5325 narios
1996 5284 2120 5339 un;
2158 5276 2215 5353 et
2241 5270 2335 5342 qui
2363 5285 2494 5343 pare
2522 5286 2622 5351 suo
2656 5272 3021 5345 supervixerit
3057 5278 3246 5362 ambas
3279 5294 3369 5339 res

1781 5444 1877 5511 seu
1901 5444 2092 5511 cursus
2119 5445 2401 5511 aquaaqua
2425 5443 2547 5511 cum
2568 5430 2855 5511 praediisin
2871 5392 3103 5507 utraque
3130 5438 3245 5511 ripa
3270 5438 3368 5497 ad-

1774 5501 2115 5580 iacentibus;
2140 5500 2240 5580 vel
2272 5500 2623 5558 haeredioiuin
2659 5500 3205 5580 undequaque'aqui's
3236 5524 3367 5567 con-

1777 5572 1985 5644 clusum
2011 5581 2066 5631 et
2096 5572 2328 5644 molibus
2372 5582 2709 5644 protectum,
2745 5572 3145 5637 ut‘isliusmofli
3191 5583 3361 5640 multa

1775 5640 2065 5739 videreest
2080 5640 2147 5709 in
2167 5638 2391 5737 Belgio;
2405 5642 2509 5700 Adi
2534 5638 2869 5713 Glossarium
2899 5648 3179 5727 pucangii,
3194 5638 3360 5739 verbo

1776 5711 2090 5921 ἵξιἔέἕᾶἵέ
2105 5783 2423 5869 Wieleghem
2463 5801 2561 5846 seu
2591 5786 2927 5875 Wyleghem,
2971 5807 3139 5883 prope
3172 5790 3356 5885 ᾼιιόσέ

1776 5871 1959 5913 narae.
2838 5872 2839 5875 ‘
2978 5871 2985 5875 '
3076 5871 3084 5883 '
3176 5871 3233 5895 "

2502 3255 2577 3313 ibi
2599 3272 2633 3317 e
2668 3258 2897 3328 pratcllo
2931 3260 3001 3323 ad
3028 3259 3214 3323 fenum
3245 3264 3397 3322 colli-
3464 3286 3486 3300 -
