3940 6340
522 315 631 374 615

1604 305 1882 367 CLAUDII
1916 302 2229 368 EPISCOPI
2262 302 2728 366 TAURINENSIS
3683 305 3764 363 6l6
3849 311 3852 368 ἱ

522 421 826 484 storiarum,
855 418 1136 477 Summam
1161 378 1472 546 quamdam,
1492 435 1555 478 ac
1578 421 1793 477 tandem
1813 420 2110 477 Homilias:
2137 421 2530 491 ABaronium,
2578 427 2712 476 tom.
2752 416 2850 485 IX,
2903 417 2974 473 ad
3018 431 3108 473 an.
3131 416 3258 482 745,
3307 431 3458 473 num.
3480 417 3572 486 2i,
3593 417 3765 488 24,28,

523 494 666 548 quod
717 491 1014 548 Bostonum
1071 499 1156 547 tra
1199 509 1292 548 ere
1336 494 1430 548 ait.
1491 493 1598 548 Sed
1645 493 1846 548 scimus
1881 493 2011 548 quid
2045 494 2112 548 de
2213 495 2326 548 57).
2375 492 2481 548 Sed
2513 493 2602 548 hic
2645 507 2754 546 non
2793 489 3036 548 aequalis.
3067 490 3165 546 sed
3205 487 3376 545 multo
3415 497 3499 544 est
3529 492 3765 548 antiquior

562 494 666 548 uod
717 491 1014 550 Bostonum
1071 491 1292 548 tradere
1336 494 1430 548 ait.
1491 493 1598 548 Sed
1645 493 1846 548 scimus
1881 493 2011 563 quid
2045 494 2112 548 de

572 566 731 620 homa
757 563 1076 635 Qempstero
1101 565 1416 635 censuerint
1436 564 1538 618 viri
1566 563 1920 635 eruditissimi
1951 563 2113 635 (Lab-

521 638 657 693 beus
686 635 743 689 in
767 633 1096 706 Bibliotheca
1121 633 1568 706 bibliothecaifum,
1595 650 1717 706 pag.
1747 634 1870 706 159.
1903 633 2112 690 Haller-

521 706 745 778 vordius
791 705 844 778 in
877 703 1118 778 Specim._
1136 704 1201 778 de
1218 705 1404 778 Latin.
1437 703 1612 772 Hist,
1659 703 1786 778 pag.
1824 705 1880 778 8)
1912 724 1924 760 :
1961 726 1992 778 Vt
2023 706 2112 761 cui

524 721 745 762 VOI‘GIIJS
791 721 844 759 in
877 721 1102 775 opeam.
1136 721 1201 758 ae
1227 721 1404 760 Latin.
1437 721 1608 772 mst.,
1650 721 1786 830 ἕπε.
1824 721 1880 778 δ)
1912 724 1924 760 :
1973 726 1992 758 ‹
2023 721 2112 761 cui

524 776 758 840 scilicet,
791 775 1046 848 Usserius
1071 774 1285 848 a_it_(De_
1306 775 1646 848 Britannar.
1701 776 1854 848 coles.
1887 777 2112 848 primor-

526 849 654 911 diis,
683 862 801 917 cap.
827 847 914 911 15,
935 861 1058 928 pag.
1080 845 1230 928 463A),
1263 846 1548 928 familiaris
1577 847 1680 928 fuit
1704 845 1986 928 librorum,
2020 848 2113 928 qui

524 933 802 986 nunquam
847 917 1037 986 scripti
1074 925 1219 982 sunt,
1260 933 1328 972 ex
1369 918 1537 987 ipsius
1577 919 1750 973 otioso
1793 919 2113 988 deprompta

527 989 757 1062 cerebro
784 988 1073 1062 recensio;
1109 1007 1127 1040 ι
1176 988 1429 1062 ῃυίλαιίω
1476 989 1954 1062 (Ιὺᾷάεηζ.οερ.ί1,
1985 1005 2110 1062 pag.

528 1060 618 1131 ll)
651 1059 926 1115 hominem
958 1059 1140 1115 multae
1174 1057 1450 1127 lectionis,
1486 1057 1583 1116 Sed
1608 1057 2002 1131 nullius'plaue'
2027 1057 2116 1132 ju-

525 1131 675 1187 dicii.
713 1150 731 1182 ›
765 1130 1021 1187 appellat.

565 1131 675 1194 icii,
713 1150 731 1182 ι
765 1131 1021 1201 appellat.

596 1201 716 1256 Jam
740 1202 935 1256 tertius
962 1208 1018 1256 et
1036 1201 1260 1258 ultimus
1282 1201 1538 1258 Claudius
1562 1201 1813 1257 Clemens
1829 1201 2114 1272 Dempste-

525 1272 737 1336 rianus,
771 1272 1010 1344 ejusdem
1057 1282 1111 1328 et
1157 1275 1273 1344 ipse
1315 1289 1440 1329 cum
1485 1274 1694 1344 duobus
1743 1274 2116 1344 superioribus

525 1344 702 1399 :ctatis
725 1352 779 1397 et
806 1343 1060 1409 nationis,
1087 1343 1284 1400 ille’est
1304 1345 1555 1400 Clemens
1579 1343 1776 1399 Scotus
1805 1343 1857 1398 in
1883 1344 2114 1400 Francia

527 1413 779 1486 orientali
808 1414 1114 1486 haereticus,
1129 1417 1220 1485 qui
1251 1413 1528 1470 Bonifacio
1557 1416 1784 1486 martyri
1804 1415 2116 1483 Moguntino

527 1485 757 1557 antistiti
807 1493 861 1557 et
888 1484 1282 1557 Germanorum
1331 1486 1596 1557 apostolo,
1630 1484 1887 1542 molestus
1920 1495 1975 1541 et
2020 1487 2116 1540 ad-

525 1556 805 1611 versarius
834 1554 934 1610 fuit
963 1556 1018 1611 in
1047 1554 1392 1629 propagando
1417 1557 1694 1629 Evangelii
1721 1558 1929 1613 semine
1958 1557 2116 1629 (Vide

599 1677 626 1706 α
652 1664 860 1720 Claudii
892 1666 1244 1740 Taurinensis
1274 1683 1395 1737 qua:
1429 1677 1644 1724 aetatem
1690 1668 1930 1740 tulerunt
1970 1667 2116 1740 frag—

527 1744 854 1811 mentatum
881 1738 1026 1811 edita
1057 1749 1172 1811 tum
1199 1739 1364 1794 etiam
1395 1740 1781 1811 manuscripta,
1812 1738 2115 1810 quibusque

527 1807 584 1879 in
611 1807 760 1879 locis
787 1809 1015 1879 _singula
1056 1810 1188 1865 olim
1228 1811 1539 1866 exstiterint
1571 1807 1844 1865 aut'nunc
1880 1807 2115 1876 exstent,

531 1877 738 1950 iudicat
779 1877 935 1950 Joan.
973 1879 1096 1935 Alb.
1134 1879 1421 1936 Fabricius
1471 1882 1722 1935 Biblioth.
1757 1881 1894 1936 med.
1935 1891 1982 1934 et
2013 1883 2111 1950 inf.

529 1947 583 2002 in
609 1946 854 2022 Claudio
882 1948 1124 2020 Hispano
1172 1959 1303 2006 tom.
1331 1953 1372 2017 l,
1406 1968 1530 2022 pag.
1558 1952 1682 2008 588.
1731 1951 1908 2007 Fuere
1955 1946 2120 2006 etiam

529 2019 623 2090 qui
651 2019 937 2075 Claudium
980 2019 1276 2076 Arianismi
1306 2019 1709 2087 insi—multarent,
1743 2023 1884 2092 quod
1919 2023 2124 2078 calum-

2213 495 2326 565 37).
2375 487 2602 565 Sedhic
2645 507 2754 565 non
2793 489 3044 565 aequalis,
3067 490 3165 546 sed
3205 487 3385 565 mglto
3415 497 3499 565 est
3529 492 3768 565 antiquior

2215 559 2424 622 duobus
2453 563 2602 627 aliis;
2640 559 2928 618 damnatus
2955 562 3155 632 quippe
3194 577 3227 616 a
3261 559 3527 632 Zacharia
3553 559 3770 630 pontiﬁce

2215 637 2271 692 in
2295 635 2539 691 Concilio
2565 634 2812 688 Romano
2852 634 2979 688 anni
3011 631 3132 686 7155.
3170 633 3282 688 Nec
3318 632 3388 687 ad
3414 631 3580 697 hunc,
3609 633 3694 687 sed
3719 635 3769 689 ad

2213 707 2552 792 βιςεηεηέεειξ
2583 705 2737 788 illam
2761 704 2978 792 Alesi"?
3009 703 3271 792 οουεῑεξιιπμ
3296 701 3710 792 Periimus“
3732 705 3771 760 ίιι

2214 778 2391 834 indice
2420 777 2769 832 Fuldensium
2814 774 3072 830 abbatum
3132 772 3561 844 Christophorus
3589 772 3771 831 Brouc-

2217 865 2311 905 rus
2342 849 2490 905 legit.

2287 865 2654 976 illeﬁldiamus
2697 918 2941 985 tandem,
2990 916 3216 973 Claudio
3261 915 3504 987 Hispano
3559 916 3773 988 episcopo

2216 991 2560 1056 Taurinensi,
2592 1005 2755 1059 quem
2784 991 3004 1044 unicum
3037 988 3197 1056 hujus
3239 989 3417 1059 aetatis
3454 989 3535 1042 ita
3563 998 3773 1059 vocatum

2213 1057 2633 1126 existimamus,
2683 1061 2818 1116 alias
2866 1061 3034 1115 etiam
3086 1075 3250 1130 quam
3300 1057 3544 1114 nefarias
3598 1058 3658 1113 de
3691 1062 3776 1115 suis

2216 1133 2515 1188 haeresibus
2554 1132 2960 1188 lucubrationes
2987 1146 3094 1186 non
3123 1131 3483 1202 denegamus;
3524 1139 3775 1202 quantum-

2214 1205 2299 1260 vis
2353 1203 2599 1258 omiserit
2623 1202 2809 1268 Jonas,
2842 1203 2936 1272 qui
2973 1203 3232 1257 adversus
3250 1200 3379 1272 eum
3411 1200 3530 1272 fato
3552 1201 3660 1272 jam
3685 1201 3774 1254 fun-

2216 1284 2364 1331 ctum
2393 1275 2634 1344 scripsit,
2664 1271 3122 1345 quemadmodum
3166 1280 3222 1326 et
3247 1271 3555 1345 Dungalus,
3587 1271 3775 1345 aliquam

2217 1347 2287 1401 ab
2341 1361 2408 1400 eo
2454 1342 3085 1416 pi‘idem'derivatorum
3139 1357 3364 1416 operum
3421 1342 3776 1416 catholicorum

2215 1413 2548 1472 mention—em
2585 1417 2807 1472 habere.
2850 1415 3006 1482 Quod
3034 1413 3196 1484 plane
3231 1413 3492 1478 debuere,
3528 1423 3593 1468 ut
3624 1414 3694 1466 vel
3723 1415 3774 1467 sic

2217 1499 2524 1543 castrorum
2568 1487 2694 1542 ﬁdei
2742 1491 3080 1543 desertorem
3131 1484 3544 1554 iniquissimum
3595 1484 3775 1540 validius

2215 1568 2529 1631 premerent
2558 1570 2605 1612 ι.

2216 1674 2371 1730 niose
2413 1674 2469 1728 in
2507 1689 2634 1729 eum
2677 1673 2879 1730 dictum
2919 1673 3061 1728 idem
3099 1670 3384 1728 Fabricius
3415 1671 3774 1730 existimatus

2221 1763 2252 1801 a
2284 1746 2556 1801 Richardo
2588 1745 2811 1800 Simone
2839 1745 2892 1799 iu
2923 1760 3153 1800 censura
3196 1743 3546 1797 Bibliothecm
3592 1742 3778 1796 ecclesia-

2221 1819 2365 1872 sticw
2391 1817 2742 1872 Du-Piniante
2777 1825 2909 1887 tom.
2949 1816 2988 1879 l,
3021 1831 3144 1887 pag.
3174 1815 3299 1881 286,
3343 1822 3398 1887 et
3428 1814 3589 1874 alibi,
3631 1828 3775 1867 novam

2225 1887 2344 1944 viro
2383 1887 2583 1958 alioqui
2613 1889 2772 1944 docto
2797 1885 3059 1943 inﬂictam
3095 1885 3309 1958 plagam
3340 1885 3628 1942 detersam
3657 1895 3703 1938 et
3723 1897 3777 1937 sa-

2229 1969 2415 2014 natam
2444 1958 2613 2016 fuisse
2641 1959 2738 2015 ait.

535 2117 3773 2145 Μ

582 2325 660 2384 Γῆ

614 2429 697 2493 ΙΝ
764 2431 1047 2495 LIBROS
1116 2432 1805 2498 INFORMATIONUM
1874 2429 2248 2494 LITTERIE
2323 2427 2430 2490 ET

1283 2217 1315 2256 ³
1376 2215 2138 2382 cunam:
2248 2209 3073 2326 EPISCOPI

2507 2426 2763 2490 SPIRIT
2773 2425 2862 2488 US
2929 2423 3176 2488 SUPER
3248 2423 3697 2488 LEVITICUM
3713 2466 3728 2496 ,

683 2599 870 2718 AD
957 2597 2012 2719 THEODEMIRUM
2098 2593 2766 2711 ABBATEM
2852 2589 3660 2710 PRZEFATIO.

1968 2783 2388 2800 ψ

1847 2851 2095 2924 [Mabill.,
2117 2850 2234 2903 Yet.
2256 2852 2502 2916 AnalectJ

1995 2948 2388 2966 —u__

609 3010 770 3083 Cogis
792 3015 850 3065 et
877 3007 1178 3080 compellis,
1209 3006 1532 3064 charissime
1559 3006 1734 3064 frater
1766 3006 2126 3065 Theodemire
2154 3016 2199 3078 C
2233 3010 2340 3068 Sed
2383 3015 2605 3081 reptans
2634 3007 2691 3063 in
2726 3016 2929 3064 terram
2957 3005 3420 3080 lacrymabundus
3459 3013 3514 3063 et
3546 3006 3792 3081 gemibnn-

533 3106 707 3171 abba,
734 3112 898 3175 atque
921 3145 936 3172 ,
967 3112 1028 3158 ut
1075 3103 1151 3158 ita
1178 3101 1378 3170 dicam,
1425 3103 1792 3158 stomachanti
1827 3103 2010 3158 animo
2041 3119 2128 3159 me

533 3198 893 3270 reprehendis
917 3197 1009 3252 diu
1034 3196 1269 3264 siluisse,
1302 3211 1403 3253 nec
1423 3196 1671 3268 paruisse
1689 3195 1924 3266 iussioni
1947 3204 2053 3252 tuae
2073 3198 2129 3252 in

533 3291 874 3361 expositione
907 3289 1155 3346 Levitici.
1202 3289 1490 3344 Biennium
1522 3297 1608 3345 est
1646 3289 1789 3358 quod
1818 3289 1915 3344 tibi
1953 3289 2126 3345 direxi

535 3381 934 3451 expositionum
965 3389 1131 3450 atque
1163 3379 1610 3435 informationum
1642 3381 1839 3436 litterae
1875 3387 1932 3436 et
1963 3380 2129 3451 spiri-

535 3483 627 3529 tus
665 3473 720 3528 in
746 3473 932 3529 Exodo
963 3472 1132 3527 libros
1159 3480 1414 3542 quatuor,
1438 3473 1634 3543 quibus
1659 3472 1990 3543 principium
2021 3479 2126 3537 est,

538 3563 668 3621 Post
698 3565 1078 3636 expositionem
1101 3564 1224 3618 libri
1253 3563 1532 3634 Geneseos,
1561 3566 1705 3621 unde
1734 3574 1859 3620 ante
1877 3565 1978 3619 hos
2002 3571 2129 3620 octo

522 3673 706 3730 [annos
732 3673 800 3714 ex
826 3658 989 3714 dictis
1019 3665 1331 3714 sanctorum
1361 3657 1585 3714 Patrum
1613 3659 1680 3713 de
1707 3658 1892 3713 littera
1917 3664 1974 3714 et
2015 3657 2127 3726 spi-

536 3751 646 3806 ritu
689 3759 803 3807 tres
828 3750 974 3806 edidi
1003 3750 1190 3806 libros.
1222 3750 1267 3806 E
1296 3752 1573 3808 contrario
1605 3759 1662 3805 tu
1686 3751 1983 3821 respondes
2007 3764 2131 3806 eve-

536 3845 685 3900 nisse
709 3844 806 3900 tibi
844 3848 991 3916 quod
1015 3845 1266 3916 provenit
1298 3842 1498 3912 Jacob,
1535 3843 1628 3915 qui
1655 3861 1756 3915 pro
1785 3844 1989 3900 Rachel
2016 3859 2130 3900 ser-

534 3937 684 4002 vivit,
741 3947 797 3994 et
840 3938 897 3993 in
947 3948 1106 3994 nocte
1148 3939 1303 3993 Liam
1334 3939 1548 4010 accepit
1583 3958 1597 3992 :
1627 3939 1702 3994 ita
1742 3946 1796 3994 et
1837 3947 1896 3993 tu
1945 3937 2130 4010 petisti

538 4028 934 4100 expositionem
967 4029 1094 4085 libri
1121 4028 1368 4094 Levitici,
1409 4039 1464 4086 et
1492 4030 1752 4101 accepisti
1791 4030 1982 4085 Exodi.
2019 4027 2131 4084 Nec

541 4121 597 4176 in
625 4121 730 4176 hoc
760 4119 906 4177 facto
935 4136 996 4175 re
1021 4135 1154 4176 vera
1182 4136 1269 4176 me
1295 4135 1531 4192 agnosco
1557 4121 1691 4176 satis
1715 4135 1950 4176 errasse.
1989 4119 2130 4188 Quia

539 4213 681 4270 sicut
705 4211 814 4267 illis
836 4227 948 4268 non
969 4218 1088 4268 erat
1114 4211 1450 4276 consuetudo
1477 4219 1538 4266 ut
1564 4210 1806 4267 minores
1832 4211 1988 4282 prius
2014 4218 2129 4266 tra-

2229 3104 2332 3160 dus
2374 3104 2551 3159 clamo
2582 3103 2650 3157 ad
2677 3101 2849 3156 Deum
2883 3119 2898 3155 :
2944 3098 3123 3166 Quare
3151 3116 3232 3154 me
3263 3098 3540 3170 repulisti,
3586 3110 3633 3155 et
3661 3099 3792 3153 tristis

2228 3197 2434 3261 incedo,
2463 3195 2589 3248 dum
2621 3193 2803 3266 afﬂigit
2828 3209 2911 3246 me
2932 3191 3223 3246 inimicus?

2301 3291 2454 3360 Quod
2485 3289 2630 3346 enim
2651 3288 2900 3359 prmcipis
2923 3288 3123 3343 bonum
3149 3295 3234 3342 est
3253 3301 3414 3358 opus,
3449 3287 3550 3342 sed
3571 3296 3794 3357 magnum

2231 3400 2397 3456 super
2441 3397 2500 3439 se
2529 3382 2693 3437 habet
2727 3380 2984 3451 pondus:
3024 3387 3080 3435 et
3125 3379 3309 3436 nescio
3346 3381 3632 3450 quomodo
3669 3379 3794 3449 digne

2228 3477 2399 3548 possit
2442 3474 2666 3545 perﬁci,
2714 3474 2861 3544 quod
2905 3489 3014 3528 non
3062 3480 3244 3544 potest
3279 3472 3628 3544 cogitatione
3678 3483 3793 3526 com-

2228 3567 2489 3642 prehendi
2522 3585 2534 3618 :
2567 3573 2624 3621 et
2677 3566 2819 3621 sicut
2864 3562 3079 3620 diﬁicile
3131 3572 3218 3619 est
3269 3579 3615 3634 quemquam
3663 3573 3793 3617 man!

2227 3678 2388 3735 posse
2427 3660 2626 3717 coelum
2650 3668 2897 3732 tangere,
2940 3658 3017 3713 ita
3061 3657 3282 3713 difﬁcile
3309 3665 3393 3714 est
3423 3659 3625 3713 omnia
3651 3668 3798 3711 sacra-

2230 3763 2415 3810 menta
2445 3753 2581 3824 legis
2631 3753 2850 3818 divinm,
2894 3751 3038 3806 sicut
3083 3760 3141 3805 tu
3185 3751 3459 3822 principis,
3507 3751 3800 3822 explanare-

2232 3849 2341 3906 Sed
2370 3850 2511 3905 istud
2553 3849 2660 3905 illis
2686 3848 2954 3903 debueras
2977 3843 3282 3918 iniungere,
3313 3845 3403 3916 qui
3449 3847 3718 3901 habentes
3737 3843 3799 3900 in-

2232 3954 2317 4001 tra
2357 3959 2416 3999 se
2445 3942 2649 3999 fontem
2690 3941 3016 4013 eloquentiae
3039 3983 3054 4007 ,
3095 3941 3238 3996 unde
3278 3939 3552 4010 quidquid
3605 3939 3708 3995 illis
3740 3937 3803 3991 in-

2225 4036 2492 4109 jungitur,
2505 4033 2748 4091 carmine
2770 4033 2975 4104 irriguo
2996 4032 3265 4104 copiosius
3279 4030 3620 4102 explicatur.
3637 4029 3803 4086 Venia

2230 4136 2455 4186 econtra
2494 4127 2806 4198 quicunque
2853 4136 3098 4198 angusta:
3140 4124 3514 4196 intelligentia:
3568 4134 3656 4181 est
3693 4123 3805 4177 sicut

2231 4236 2351 4293 ego,
2394 4235 2496 4275 nec
2535 4219 2700 4274 habet
2743 4217 3066 4273 afﬂuentiam
3107 4217 3348 4290 eloquii,
3397 4233 3499 4288 per
3541 4234 3710 4288 quam
3735 4212 3800 4266 vel

541 4309 800 4365 uerentur
830 4306 898 4361 ad
936 4305 1154 4377 nuptias
1177 4345 1193 4372 ,
1233 4318 1400 4375 quam
1438 4302 1676 4375 majores
1706 4321 1720 4358 :
1756 4302 1834 4358 ita
1861 4317 1963 4358 nec
1996 4303 2130 4358 mihi
2153 4377 2190 4381 _
2233 4312 2368 4367 alios
2395 4311 2643 4377 reﬁcere,
2667 4311 2754 4365 vel
2788 4327 2899 4366 sum
2929 4311 3192 4366 siccitatis
3219 4309 3390 4381 possit
3421 4310 3679 4381 inopiam
3709 4319 3809 4362 tem-
3906 4302 3907 4348 1

539 4401 720 4457 visum“
747 4406 962 4456 rectum
999 4397 1134 4466 fuit,
1175 4407 1238 4454 ut
1273 4398 1427 4468 prius
1459 4405 1828 4469 exponeretur
1871 4397 2128 4453 sacrificii
2152 4377 2206 4437 D
2231 4417 2460 4475 perare;
2508 4403 2644 4458 tales
2681 4418 2790 4457 non
2831 4401 3008 4457 solum
3047 4416 3146 4473 per
3264 4400 3475 4471 aliquid
3515 4377 3716 4458 dicere
3739 4413 3810 4465 ap-
3906 4423 3907 4475 ἦ

544 4494 712 4560 ritus,
743 4506 908 4563 quam
948 4491 1344 4549 sacriﬁciorum
1371 4491 1610 4547 ministri
1646 4491 1732 4547 vel
1767 4490 1938 4547 locus.
1973 4491 2130 4558 Quod
2230 4503 2441 4566 petunt,
2489 4511 2681 4550 verum
2725 4495 2890 4550 etiam
2941 4495 2987 4549 si
3021 4493 3150 4564 quid
3191 4494 3272 4548 eis
3318 4491 3638 4562 injunctum
3680 4491 3810 4547 fuerit
3906 4490 3907 4506 ‘

541 4601 672 4643 vero
689 4584 924 4656 iussioni
965 4593 1071 4642 tuae
1096 4587 1363 4643 hactenus
1383 4601 1578 4658 parere
1619 4586 1858 4657 nequivi,
1890 4601 2001 4642 non
2027 4585 2132 4641 fuit
2231 4585 2638 4656 pertimescunt.
2693 4582 2849 4651 Quod
2900 4583 2955 4638 in
3009 4598 3096 4638 me
3141 4597 3521 4660 recognosco,
3580 4579 3810 4654 pusillam
3906 4587 3907 4660 ἲ

538 4678 757 4750 pigritia
783 4678 869 4735 vel
911 4682 1150 4751 torporis
1189 4677 1548 4750 negligentia,
1580 4677 1676 4733 sed
1703 4677 2016 4748 reipublicae
2054 4677 2133 4733 in—

539 4773 761 4830 festatio
784 4775 922 4842 dira,
965 4783 1020 4832 et
1055 4774 1325 4831 malorum
1353 4775 1633 4838 hominum
1661 4775 1830 4830 nimia
1856 4775 2130 4844 perversi-

541 4873 645 4920 tas.
683 4866 816 4934 Quae
855 4869 974 4924 duae
1001 4882 1092 4924 res
1131 4884 1220 4924 me
1257 4867 1314 4924 in
1345 4875 1557 4922 tantum
1592 4868 1865 4934 cruciant,
1898 4877 1959 4923 ut
1996 4868 2130 4922 mihi

537 4956 652 5028 jam
682 4960 753 5015 sit
780 4961 996 5016 tmdium
1028 4961 1246 5027 vivere,
1280 4961 1700 5031 debilitatusque
1735 4961 1928 5033 pennis
1956 4961 2130 5015 virtu-

542 5052 680 5114 tum,
710 5066 817 5105 non
857 5051 1011 5108 valeo
1041 5052 1098 5107 in
1123 5052 1467 5109 solitudinem
1511 5053 1718 5125 fugere,
1747 5054 1842 5109 ubi
1885 5053 2130 5123 aliquan-

545 5136 716 5193 tulum
756 5141 1128 5212 requiescam,
1168 5150 1225 5197 et
1252 5142 1428 5199 dicam
1463 5145 1574 5200 Deo
1607 5159 1621 5198 :
1655 5144 1872 5200 Dimitte
1912 5160 2027 5210 me,
2070 5151 2128 5197 ut

543 5231 792 5303 plangam
833 5231 1110 5304 paululum
1145 5233 1378 5289 dolorem
1422 5252 1616 5301 meum,
1653 5245 1702 5290 et
1731 5236 1996 5306 cognitum
2035 5234 2130 5289 tibi

545 5319 744 5389 faciam
768 5331 1036 5392 peccatum
1063 5337 1233 5377 meum
1253 5363 1268 5391 ,
1308 5334 1589 5396 antequam
1627 5325 1813 5379 vadum
1844 5334 1892 5380 et
1916 5342 2021 5380 non
2047 5341 2128 5379 re-

545 5422 722 5467 uertar
759 5412 830 5467 ad
862 5422 1058 5467 terram
1092 5415 1416 5471 tenebrosam
1445 5426 1491 5470 et
1523 5426 1756 5486 opertam
1788 5417 1969 5471 mortis
1999 5414 2129 5471 cali-

543 5505 700 5576 gine,
742 5505 832 5560 ubi
879 5514 1104 5562 aeternus
1144 5508 1334 5564 horror
1373 5517 1422 5564 et
1462 5507 1640 5563 nullus
1682 5510 1811 5564 ordo
1843 5509 2125 5564 inhabitat.

622 5633 649 5663 ι
679 5622 757 5677 De
781 5620 1002 5677 Claudio
1028 5621 1349 5678 Taurinensi
1373 5623 1626 5694 episc0po
1644 5640 1802 5678 nemo
1824 5624 2024 5679 certius
2053 5631 2130 5694 te-

545 5693 861 5751 stimonium
892 5695 1190 5765 prodiderit
1209 5709 1371 5763 quam
1392 5693 1570 5750 Jonas
1586 5695 1989 5750 Aurelianensis
2021 5693 2128 5765 epi-

545 5780 745 5838 scopus
783 5763 971 5821 tum—in
997 5765 1488 5838 prmfatione,_tum
1523 5767 1679 5838 initio
1710 5766 1836 5820 libri
1858 5765 2018 5836 primi
2055 5763 2128 5819 de

547 5835 712 5900 Cultu
731 5835 1031 5912 imaginum
1051 5837 1312 5898 adversus
1344 5835 1541 5909 ipsum.
1577 5855 1594 5891 ι
1632 5837 1682 5893 ls
1708 5835 1891 5910 itaque
1921 5838 1986 5894 de
2019 5852 2128 5908 quo

2232 4676 2439 4733 habens
2476 4676 2848 4746 intelligentia:
2876 4674 3153 4745 eloquium
3192 4690 3207 4729 :
3247 4676 3376 4746 quia
3419 4690 3522 4731 nec
3558 4671 3816 4731 saecularis

2231 4769 2551 4824 litteratum
2601 4768 2765 4823 didici
2812 4766 3090 4832 studium,
3144 4782 3247 4822 nec
3292 4767 3604 4837 aliquando
3643 4763 3815 4820 exinde

2235 4862 2555 4932 magistrum
2586 4859 2771 4916 habui.
2804 4859 3076 4926 Quantum
3116 4859 3263 4915 enim
3293 4859 3474 4915 doctis
3498 4871 3730 4915 necesse
3753 4861 3820 4910 est

2234 4952 2419 5022 loqui,
2455 4959 2665 5006 tantum
2692 4951 2928 5007 indoctis
2961 4951 3091 5006 utile
3115 4959 3201 5006 est
3235 4960 3419 5006 tacere
3458 4971 3472 5005 :
3505 4953 3645 5022 quia
3673 4950 3744 5004 illi
3771 4949 3820 4998 de

2234 5044 2419 5114 parvis
2442 5058 2636 5113 magna
2659 5043 2840 5098 sciunt
2864 5043 3158 5110 disserere,
3191 5057 3292 5115 ego
3316 5043 3387 5098 de
3405 5043 3637 5115 magnis
3660 5040 3820 5097 nescii

2235 5134 2414 5205 aliqua
2445 5148 2609 5204 parva
2640 5134 2912 5204 proferre;
2943 5143 3000 5191 et
3019 5135 3140 5190 ideo
3169 5150 3201 5189 a
3224 5149 3313 5192 me
3333 5134 3680 5191 formidatur
3702 5131 3824 5203 quod
3906 5131 3907 5205 ξ

2234 5228 2303 5284 ab
2330 5227 2450 5283 aliis
2475 5227 2825 5296 quierendum
2854 5234 2957 5282 est.
3906 5227 3907 5296 1

2304 5317 2459 5385 Quod
2521 5332 2646 5372 vero
2699 5318 3028 5372 sententiam
3089 5315 3521 5387 uniuscujusque
3598 5315 3830 5372 doctoris

2233 5409 2290 5465 in
2327 5409 2540 5480 paginis
2570 5408 2833 5464 adnotare
2877 5410 3123 5481 praecipis
3160 5410 3217 5465 in
3247 5408 3708 5481 expositionibus
3746 5423 3829 5462 no-

2232 5503 2393 5568 stris,
2428 5501 2701 5556 neminem
2733 5500 2837 5556 hoc
2882 5499 3077 5558 fecisse
3121 5500 3251 5573 legi,
3298 5508 3524 5570 excepto
3575 5499 3833 5555 δεειὶςειιξο

2236 5618 2664 5690 εείιιιι-,ίίηᾳυὶῃ
2689 5625 2913 5690 exortus
2929 5633 3015 5690 ex,
3031 5617 3219 5690 eadem
3243 5616 3536 5690 Hispania,
3561 5613 3836 5690 ejusdem-
3906 5613 3907 5668 1

2235 5686 2342 5761 que
2369 5686 2570 5761 Felicis
2596 5689 2939 5761 discipulatui
2969 5689 3287 5761 abineunte
3322 5695 3487 5761 {etate
3526 5686 3837 5761 ὀφείλετε.

2233 5757 2333 5832 per
2361 5760 2575 5832 aliquod
2595 5767 2806 5832 tempus
2829 5760 2883 5812 in
2899 5759 3111 5832 palatio
3122 5759 3412 5832 memorati
3439 5757 3836 5832 glogiosissimi

2233 5827 2656 5917 assessu:
2687 5827 2913 5915 ῡςοίιιιέ
2938 5830 3188 5915 amabilis
3231 5827 3460 5914 Αυειιειὶ
3507 5827 3840 5902 (Lmae)
3906 5827 3907 5864 ξ
