3940 6340
152 384 261 443 617

765 389 836 447 ΙΝ
872 390 1004 449 LIB.
1035 391 1639 459 INFORMATIONUM,
1670 390 1824 450 ETC.
1866 390 2238 451 PREFATIO
2274 390 2364 449 ET
2398 391 2799 465 POSTFATIO.
2876 350 2881 355 ‘

3314 391 3421 451 618

146 515 310 557 mum
332 499 536 556 Bedam
566 513 582 554 :
614 500 758 572 quod
792 506 1010 577 quidem
1052 523 1154 564 nec
1187 509 1278 565 ille
1318 509 1551 581 amplius
1578 522 1742 579 quam
1767 510 1822 570 Α
1845 519 1965 577 qua:
1999 504 2351 562 excellentior
2384 505 2557 561 virtus
2590 504 2843 561 omnibus
2869 502 3163 560 virtutibus
3187 512 3292 570 est,
3323 522 3427 563 nos

146 591 208 648 in
239 592 456 648 duobus
499 594 779 651 codicibus
806 594 972 665 fecit,
1022 600 1078 655 in
1107 601 1443 671 expositione
1485 600 1738 656 videlicet

142 683 612 756 evangelistarum
645 685 813 743 Marci
841 698 897 745 et
917 690 1094 746 Luae.
1123 691 1277 760 Quod
1305 708 1405 765 ego
1436 693 1555 747 ideo
1576 691 1736 747 omisi

140 774 355 845 facere,
400 778 527 849 quia
556 780 857 837 sententias
897 784 1253 852 quorumdam
1281 801 1417 855 quas
1447 783 1737 839 adnotave-

140 886 292 936 ram,
336 870 488 942 prius
528 870 631 926 sub
664 872 884 928 nomine
911 874 1142 930 aliorum
1173 875 1483 945 diligentius
1514 874 1740 947 perqui-

136 978 311 1029 rens,
355 961 587 1017 aliorum
620 977 714 1019 eas
760 978 882 1020 esse
928 966 1105 1036 reperi
1150 976 1360 1036 postea.
1391 965 1546 1033 Quod
1590 965 1737 1020 enim

136 1059 351 1128 optimc
375 1056 541 1122 nosti,
568 1056 709 1112 sicut
729 1058 1039 1114 novissimis
1067 1057 1259 1114 diebus
1277 1057 1519 1114 Verbum
1547 1055 1737 1112 Deiex

135 1149 319 1206 Maria
347 1164 512 1205 carne
530 1148 787 1205 vestitum
807 1149 1075 1219 processit
1101 1149 1157 1204 in
1187 1147 1483 1215 mundum;
1512 1155 1569 1203 et
1591 1145 1738 1201 aliud

133 1242 368 1314 quidem
403 1248 523 1297 erat
554 1240 698 1312 quod
733 1241 1056 1297 videbantur
1095 1242 1153 1296 in
1181 1257 1245 1297 eo
1264 1283 1279 1308 ,
1308 1240 1454 1296 aliud
1483 1240 1627 1311 quod
1653 1231 1737 1294 in-

133 1335 487 1407 telligebatur
518 1333 719 1406 (carnis
764 1350 1000 1406 namque
1054 1344 1307 1407 aspectus
1338 1335 1394 1390 in
1422 1350 1487 1391 eo
1516 1332 1739 1405 patebat

131 1426 421 1492 omnibus,
461 1426 650 1497 paucis
688 1441 816 1481 vero
851 1434 907 1481 et
942 1426 1130 1482 electis
1161 1426 1395 1483 dabatur
1425 1426 1733 1482 divinitatis

139 1516 379 1589 agnitio)
426 1517 500 1571 ita
529 1524 586 1571 et
628 1531 750 1572 cum
777 1530 875 1586 per
908 1516 1202 1587 prophetas
1242 1506 1329 1573 vel
1371 1515 1736 1586 legislatorem

132 1610 385 1684 verbum
411 1609 508 1665 Dei
528 1608 805 1681 profertur
834 1609 905 1664 ad
923 1608 1189 1677 homines,
1224 1626 1335 1666 non
1365 1610 1735 1690 absque-com-

128 1704 452 1775 petentibus
510 1701 787 1772 profertur
850 1701 1200 1758 indumentis.
1265 1700 1401 1757 Nam
1465 1702 1605 1757 sicut
1657 1699 1734 1756 ibi

129 1796 350 1861 carnis,
379 1796 449 1850 ita
496 1795 588 1851 hic
630 1795 827 1851 litterae
868 1794 1138 1851 velamine
1169 1795 1412 1868 tegitur:
1444 1802 1509 1850 ut
1550 1795 1733 1850 littera

1840 611 2138 667 provocare
2177 598 2457 668 exemplis.
2493 595 2576 653 Ad
2601 598 2741 653 hanc
2767 603 2951 652 autem
2990 611 3154 666 quam
3186 599 3425 669 praedico

1843 691 2169 747 charitatem
2208 691 2327 761 plus
2355 705 2443 748 me
2482 690 2680 747 vestris
2707 689 3048 747 orationibus
3084 704 3248 760 quam
3284 692 3425 748 meis

1840 782 2049 840 viribus
2092 800 2252 855 posse
2288 784 2520 841 confido.
2564 784 2676 851 En,
2707 782 3029 839 charissime
3058 781 3248 848 frater,
3286 784 3431 840 sicut

1841 874 2012 946 potui,
2043 875 2298 945 respondi
2327 875 2649 945 quibusdam
2674 873 3117 945 inquisitionibus
3146 873 3256 929 tuis
3285 892 3299 927 :
3326 889 3428 944 pro

1842 982 1950 1038 qua
1974 982 2035 1023 re
2062 966 2261 1023 obnixe
2281 968 2565 1037 deprecor,
2592 975 2653 1021 ut
2674 967 2719 1022 si
2739 966 2873 1037 quid
2895 966 2963 1021 de
2985 965 3072 1021 his
3101 966 3264 1021 rebus
3282 965 3430 1020 unde

1840 1074 1929 1114 me
1956 1059 2278 1129 interrogas,
2310 1058 2357 1113 si
2386 1059 2515 1130 quid
2540 1057 2791 1114 invenisti
2816 1056 3033 1123 melius,
3055 1056 3142 1111 vel
3173 1055 3428 1127 deinceps

1840 1149 2085 1205 invenire
2130 1148 2408 1220 potueris;
2448 1149 2815 1220 gratissimum
2860 1146 3200 1212 habebimus,
3241 1146 3288 1202 si
3327 1160 3430 1202 nos

1841 1238 2037 1296 feceris
2078 1254 2260 1306 nosse,
2312 1239 2439 1309 quia
2464 1254 2566 1312 ego
2607 1240 2783 1312 magis
2820 1255 2943 1294 amo
2973 1239 3216 1307 discere,
3263 1254 3430 1310 quam

1841 1331 2055 1387 docere.
2086 1330 2223 1399 Quia
2262 1330 2354 1386 illa
2382 1333 2629 1387 veritatis
2672 1340 2728 1388 et
2759 1332 3040 1404 sapientiae
3082 1333 3430 1405 pulchritudo

1841 1420 2076 1496 (tantum
2104 1423 2250 1480 adsit
2273 1438 2629 1495 perseverans
2655 1424 2901 1481 voluntas
2928 1425 3172 1493 fruendi,
3202 1442 3302 1498 pro
3334 1443 3432 1484 cu-

1832 1513 1924 1585 jus
1954 1531 2139 1573 amore
2168 1517 2273 1572 hoc
2298 1518 2609 1589 peregimus
2633 1519 2803 1590 opus)
2834 1533 2936 1577 nec
2960 1520 3307 1579 multitudine
3329 1538 3431 1579 au-

1837 1606 2104 1663 dientium
2126 1608 2430 1679 constipata
2453 1609 2684 1665 secludit
2706 1611 3004 1677 venientes,
3030 1628 3130 1669 nec
3150 1615 3432 1687 peragitur

1840 1705 2101 1770 tempore,
2135 1714 2236 1755 nec
2261 1698 2461 1771 migrat
2501 1699 2665 1768 locis,
2710 1717 2815 1757 nec
2848 1712 3008 1758 nocte
3058 1703 3428 1775 intercipitur,

1837 1806 1941 1848 nec
1966 1792 2161 1849 umbra
2190 1792 2601 1860 intercluditur,
2625 1810 2727 1851 nec
2752 1795 3003 1852 sensibus
3029 1798 3275 1869 corporis
3302 1800 3433 1855 sub-

129 1889 364 1961 quidem
405 1884 670 1959 aspicitur
714 1894 974 1958 tanquam
1014 1903 1169 1953 caro,
1207 1886 1383 1944 latens
1416 1901 1548 1942 vero
1577 1885 1738 1957 spiri-
1763 1893 1811 1955 Β
1832 1881 1998 1955 jacet.
2045 1883 2126 1940 De
2153 1891 2268 1939 toto
2293 1884 2495 1940 mundo
2535 1885 2603 1940 ad
2635 1899 2695 1940 se
2722 1886 3032 1955 conversis,
3078 1888 3174 1957 qui
3200 1887 3435 1958 diligunt

129 1978 266 2034 talis
295 1978 621 2033 intrinsecus
663 1991 856 2033 sensus
897 1986 1155 2048 tanquam
1184 1975 1441 2031 divinitas
1480 1975 1730 2031 sentitur.

130 2069 274 2127 Tale
302 2086 432 2143 ergo
449 2074 546 2126 'est
580 2068 725 2140 quod
752 2077 808 2126 et
835 2084 981 2125 nunc
1002 2068 1306 2123 invenimus
1335 2067 1535 2123 librum
1572 2066 1731 2124 Levi-

128 2163 232 2220 tici
274 2163 688 2234 perquirentes,
718 2161 774 2216 in
799 2176 907 2232 quo
944 2158 1341 2215 sacrificiorum
1381 2158 1523 2213 ritus
1550 2164 1607 2213 et
1630 2158 1731 2213 hoc

127 2258 371 2313 stiarum
399 2255 690 2312 diversitas
724 2270 789 2310 ac
823 2254 1169 2309 sacerdotum
1197 2252 1499 2308 ministeria
1531 2252 1734 2309 descri—

124 2350 382 2415 buntur;
417 2349 512 2404 sed
541 2348 657 2403 hzec
693 2346 989 2403 secundum
1017 2344 1289 2410 litteram,
1325 2359 1447 2415 quae
1475 2352 1732 2415 tanquam

126 2458 271 2500 caro
318 2442 481 2498 Verbi
514 2441 611 2496 Dei
638 2448 722 2496 est
754 2448 808 2496 et
837 2440 1209 2495 indumentum
1251 2438 1553 2494 divinitatis
1582 2439 1731 2510 eius,

126 2539 289 2611 digni
334 2536 587 2593 fortassis
629 2535 717 2591 vel
753 2534 1036 2607 aspiciant,
1079 2534 1166 2589 vel
1211 2533 1437 2589 audiant
1475 2533 1729 2606 indigni:

124 2630 235 2687 sed
254 2630 401 2685 beati
433 2638 556 2685 sunt
584 2626 660 2682 illi
686 2625 828 2682 oculi
848 2625 941 2696 qui
962 2624 1208 2680 velamen
1229 2624 1427 2679 litterte
1450 2625 1731 2680 obtectum

123 2723 467 2780 intrinsecus
512 2720 753 2776 divinum
781 2718 1033 2789 spiritum
1071 2717 1278 2783 vident,
1307 2725 1364 2773 et
1410 2717 1555 2773 beati
1602 2722 1732 2773 sunt

123 2815 232 2889 qui
265 2813 333 2869 ad
362 2815 480 2871 haec
509 2812 777 2870 audienda
804 2811 1038 2868 mundas
1068 2826 1230 2880 aures
1251 2811 1527 2869 interioris
1549 2812 1728 2868 homi-

122 2908 226 2963 nis
250 2905 523 2963 deferunt.

200 2999 571 3073 Aggrediinur
598 2998 766 3070 igitur
801 2998 906 3054 hoc
931 3013 1068 3069 opus
1108 3006 1382 3054 annuente
1414 2998 1618 3069 pietate
1655 2999 1731 3055 di-

122 3092 264 3148 vina
302 3089 740 3162 Quadragesimae
766 3097 1032 3160 tempore,
1071 3088 1174 3144 sub
1213 3089 1299 3146 die
1332 3090 1563 3160 septimo
1606 3089 1731 3146 ldus

123 3182 343 3247 Martii,
372 3197 514 3237 anno
536 3180 931 3238 incarnationis
953 3180 1059 3239 825
1083 3179 1385 3239 Salvatoris
1403 3180 1534 3239 Jesu
1572 3180 1729 3238 Chri-

120 3273 203 3329 sti
238 3272 456 3328 Domini
483 3271 675 3328 nostri.

116 3384 398 3469 Explica.
423 3386 663 3469 pi'iefatio
965 3370 1627 3469 Taurinensishepiswpi;
1651 3393 1725 3450 et,
1828 3428 1831 3431 ι

201 3454 496 3528 praemissis
526 3454 771 3528 capituiis
802 3455 920 3508 libri
946 3455 1138 3528 primi,
1169 3455 1352 3526 incipit
1375 3454 1507 3510 liber
1524 3454 1728 3525 primus

204 3525 664 3598 Informationum
703 3525 890 3580 littera:
921 3535 969 3580 et
999 3526 1237 3596 spiritus.

196 3639 485 3696 Leviticus
508 3638 647 3693 liber
681 3638 984 3710 appellatus
1013 3645 1117 3704 est,
1147 3653 1213 3694 eo
1241 3637 1385 3709 quod
1414 3627 1729 3694 Levitarum

121 3716 445 3791 ministeria
464 3739 519 3789 et
537 3731 881 3787 diversitates
896 3731 1238 3787 victimarum
1258 3732 1591 3803 exsequitur,
1618 3740 1726 3787 etc.

675 3822 743 3877 Et
772 3823 830 3877 in
863 3822 968 3892 ﬁne
1003 3823 1196 3894 operis.

120 3914 268 3977 Haec
300 3918 429 3991 quia
449 3916 660 3986 iussisti
686 3916 928 3972 scribere
956 3934 969 3970 :
1002 3931 1111 3971 non
1151 3931 1250 3986 pro
1290 3916 1595 3973 eruditione
1630 3932 1729 3973 no-

118 4023 275 4080 stra,
307 4011 402 4068 sed
427 4027 525 4081 pro
551 4017 733 4066 vestra
756 4009 1068 4081 dignatione
1102 4010 1441 4080 praesumpsi.
1474 4010 1730 4066 Vest-rum

118 4120 273 4164 vero
299 4110 386 4159 est
408 4101 708 4175 diiudicare
740 4100 926 4157 verius
945 4140 961 4163 .
988 4107 1047 4155 et
1072 4101 1142 4157 ad
1167 4114 1354 4156 veram
1382 4100 1728 4169 charitatem,

119 4285 182 4339 in
215 4280 413 4338 ofﬁcio
462 4279 872 4352 presbyteratus
922 4277 1195 4352 militavit.
1249 4277 1359 4352 Sed
1400 4286 1460 4333 ut
1500 4277 1732 4352 aliorum

117 4353 363 4410 utilitati
400 4349 649 4407 doctrina
681 4350 1079 4421 praedicationis
1105 4349 1442 4421 evangelica,
1485 4364 1604 4421 qua:
1654 4350 1732 4406 illi

117 4424 433 4481 admodum
468 4423 645 4477 inesse
684 4420 997 4486 videbatur,
1035 4420 1363 4486 consuleret,
1396 4420 1566 4490 ipsius
1602 4422 1734 4490 piis-

115 4495 262 4551 simi
291 4493 888 4565 principisiclcmentia
915 4490 1498 4565 priesul'l‘aurincnsis
1547 4493 1733 4547 subro-

114 4561 312 4640 gatus
338 4572 423 4640 esi.
460 4561 794 4640 Ecclesiae.)
829 4563 965 4640 ilinc
1003 4561 1316 4640 confutatur
1343 4561 1619 4640 _vulgatus
1666 4577 1731 4640 _ac

114 4632 447 4694 communis
477 4651 649 4700 error,
680 4634 773 4704 qui
803 4636 871 4690 ab
895 4634 1050 4688 annis
1079 4635 1217 4704 bene
1246 4632 1430 4687 multis
1470 4632 1726 4704 invaluit,
1754 4643 1809 4704 1)

112 4707 427 4765 Claudium
457 4706 667 4761 scilicet
696 4702 894 4776 genere
919 4704 1143 4760 Scotum
1167 4702 1353 4776 fuisse,
1379 4718 1449 4758 ex
1468 4702 1728 4759 Hibernia

114 4778 468 4848 oriundum:
504 4792 664 4848 quem
687 4775 741 4830 in
766 4790 1009 4831 errorem
1033 4776 1197 4831 etiam
1223 4775 1446 4846 impegit
1482 4776 1731 4831 eruditus

118 4852 211 4906 vir
257 4847 515 4904 Usserius
540 4847 935 4902 Armachanus.
1208 4854 1211 4855 '

197 4919 613 4975 Theodemirus
626 4916 810 4973 Gallus
837 4919 1006 4974 abbas
1024 4918 1126 4973 fuit
1147 4932 1352 4989 praeera
1361 4925 1487 4989 tque
1508 4927 1732 4989 centum

112 4990 502 5062 quadraginta
538 4989 818 5062 monachis
847 4990 948 5062 sub
979 4988 1165 5060 regula
1205 4989 1376 5062 sancti
1404 4988 1728 5062 Benedicti,

114 5059 185 5117 tit
207 5059 616 5132 ripsei'testatur
639 5061 693 5114 in
725 5059 951 5132 epistola
979 5059 1169 5132 contra
1190 5059 1478 5132 Claudium
1501 5060 1726 5130 scripta,

112 5129 298 5202 cuius
332 5129 1027 5203 fragmentarefertilonas
1058 5130 1113 5184 in
1148 5130 1241 5184 lib.
1276 5146 1336 5184 ιιι
1371 5132 1561 5203 operis
1565 5144 1733 5203 _prte-

115 5200 315 5261 citati.
356 5200 624 5258 Abbatem
656 5201 710 5255 in
733 5200 903 5256 Gallia
927 5201 1115 5268 fuisse,
1148 5215 1256 5256 non
1282 5200 1415 5256 vero
1449 5202 1503 5254 in
1541 5200 1734 5270 Hispa-

113 5279 252 5341 nia,
302 5273 389 5328 uti
416 5273 709 5344 aliquando
737 5274 1042 5344 suspicatus
1076 5287 1219 5344 sum,
1253 5271 1446 5344 colligo
1481 5287 1546 5326 ex
1582 5270 1733 5344 Jonas

112 5348 228 5403 lib.
268 5362 309 5412 ι,
344 5344 413 5400 de
433 5341 625 5399 eodem
654 5341 880 5398 Claudio
905 5344 1049 5399 hunc
1083 5343 1139 5397 in
1166 5341 1395 5397 modum
1422 5341 1690 5412 loquentis
1718 5358 1730 5394 :

118 5439 143 5471 ι
181 5418 402 5473 Fertur
429 5417 638 5486 interea
664 5415 718 5469 in
743 5414 1177 5486 suggillationem
1224 5413 1475 5486 eiusdemi
1500 5412 1734 5478 abbatis,

111 5489 426 5557 totiusque
450 5485 742 5542 Gallicana:
771 5484 1044 5548 Ecclesiae,
1078 5492 1251 5557 tanta:
1276 5484 1612 5557 prolixitatis
1642 5499 1739 5557 v97

108 5562 314 5616 misse
338 5554 601 5623 libellum,
632 5566 739 5612 etc.
771 5579 789 5611 υ
812 5557 882 5611 At
900 5557 1053 5628 cujus
1077 5555 1182 5611 loci
1205 5554 1373 5611 abbas
1392 5555 1575 5620 fuerit,
1599 5554 1734 5608 mihi

109 5633 416 5687 hactenus
447 5630 862 5699 incompertum.

199 5701 386 5757 Multa
416 5698 645 5770 scripsit
672 5698 948 5765 Claudius,
984 5699 1255 5771 principue
1300 5714 1431 5755 vero
1459 5712 1735 5771 comment

110 5774 291 5835 taria
320 5774 375 5828 in
401 5766 591 5828 sacros
615 5771 803 5837 libros,
829 5766 1024 5843 nempe
1058 5772 1110 5825 in
1135 5766 1410 5843 Genesim
1438 5787 1584 5843 anno
1628 5766 1732 5843 8M

110 5848 319 5902 libros
364 5853 503 5909 tres;
541 5843 595 5897 in
652 5845 882 5897 exozlum
932 5838 1165 5914 quatuor
1210 5858 1351 5897 anno
1390 5841 1523 5907 821;
1558 5849 1627 5914 _e_t
1676 5838 1733 5914 in

106 5917 453 5977 Leviticum
481 5929 625 5970 anno
643 5914 768 5979 825,
800 5929 921 5985 qum
940 5910 1123 5971 omnia
1153 5914 1497 5969 Theodemiri
1524 5910 1736 5967 abbatis

304 6102 313 6121 .
397 6010 673 6082 Petraea.
718 6006 883 6073 CIV.

1838 1993 1982 2044 eam,
2025 1977 2276 2033 omnibus
2315 1976 2564 2048 proxima
2604 1985 2707 2045 est,
2748 1978 2999 2034 omnibus
3049 1980 3378 2052 sempiterna
3414 1997 3429 2034 :

1837 2072 1986 2128 nullo
2021 2071 2144 2128 loco
2172 2078 2276 2138 est,
2310 2085 2580 2142 nusquam
2604 2071 2778 2138 deest,
2812 2070 2946 2127 foris
2970 2071 3224 2129 admonet
3242 2115 3258 2140 ,
3285 2072 3433 2129 intus

1837 2165 2033 2232 docet;
2073 2171 2359 2221 cernentes
2397 2179 2458 2220 se
2487 2171 2786 2220 commutat
2811 2179 3000 2220 omnes
3039 2165 3094 2221 in
3128 2166 3357 2233 melius,
3399 2182 3433 2222 a

1835 2258 1985 2314 nullo
2015 2257 2073 2312 in
2095 2257 2335 2314 deterius
2359 2264 2761 2324 commutatur;
2792 2257 2971 2313 nullus
2994 2258 3059 2314 de
3084 2258 3176 2313 illa
3198 2258 3430 2329 judicat,

1836 2351 2015 2407 nullus
2038 2351 2157 2407 sine
2184 2351 2275 2406 illa
2300 2352 2437 2407 bene
2459 2351 2690 2422 judicat.
2726 2350 2840 2406 Hac
2863 2350 2970 2407 fide
3004 2365 3221 2406 omnem
3247 2359 3431 2407 muta-

1835 2442 2103 2498 bilitatem
2143 2443 2214 2498 ab
2249 2443 2555 2498 aeternitate
2598 2440 2824 2514 sejungo
2874 2449 2931 2498 et
2968 2442 3086 2513 ipsa
3126 2442 3437 2499 aeternitate

1835 2536 1985 2591 nulla
2037 2536 2211 2607 spatia
2255 2534 2515 2605 temporis
2555 2548 2741 2601 cerno,
2790 2535 2918 2605 quia
2958 2534 3132 2607 spatia
3174 2535 3436 2607 temporis

1834 2628 2130 2698 praeteritis
2164 2635 2222 2682 et
2247 2624 2446 2681 futuris
2471 2640 2657 2681 rerum
2696 2625 2933 2681 motibus
2970 2633 3244 2681 constant.
3289 2624 3438 2680 Nihil

1836 2725 2019 2772 autem
2048 2715 2293 2788 praeterit
2339 2715 2397 2770 in
2448 2721 2675 2780 zeterno,
2745 2722 2804 2769 et
2830 2713 2966 2769 nihil
3017 2712 3263 2769 futurum
3306 2722 3432 2770 est:

1835 2808 1963 2878 quia
1984 2816 2041 2861 et
2063 2807 2327 2878 quidquid
2350 2808 2630 2879 praeterit,
2658 2823 2780 2864 esse
2807 2808 3039 2874 desinit;
3083 2815 3141 2862 et
3172 2808 3317 2877 quod
3346 2806 3435 2862 fu—

1837 2907 2145 2973 turum'est.
2168 2900 2411 2957 nondum
2440 2915 2561 2957 esse
2576 2900 2762 2972 coepit.
2787 2899 3086 2956 Eternitas
3107 2908 3287 2956 autem
3315 2906 3436 2956 tan-

1834 2993 2117 3049 tummodo
2151 3000 2258 3060 est,
2285 3008 2390 3049 nec
2411 2991 2536 3059 fuit,
2569 2991 2727 3062 quasi
2765 2990 2880 3062 iam
2906 3005 3017 3046 non
3049 2991 3150 3056 sit;
3180 3006 3283 3047 nec
3305 2990 3435 3056 erit,

1835 3084 1990 3155 quasi
2019 3084 2198 3139 adhuc
2241 3098 2353 3139 non
2399 3083 2510 3138 sit:
2537 3082 2667 3154 quia
2709 3081 2823 3137 sola
2866 3081 2982 3151 ipsa
3025 3081 3312 3138 verissime
3355 3081 3439 3137 di-

1834 3191 1961 3232 cere
1998 3176 2174 3248 potuit
2218 3177 2472 3233 humanae
2517 3176 2689 3232 menti
2726 3192 2739 3228 :
2769 3174 2884 3246 Ego
2918 3191 3037 3229 sum
3075 3176 3168 3246 qui
3212 3191 3352 3242 sum,
3379 3183 3439 3229 et

1756 3272 1803 3336 α
1834 3251 1902 3325 de
1928 3269 2019 3324 illa
2042 3269 2328 3326 verissime
2354 3269 2461 3324 dici
2482 3267 2660 3340 potuit
2688 3285 2701 3321 ε
2735 3264 2838 3333 Qui
2863 3275 2941 3322 est
2964 3267 3106 3321 misit
3138 3283 3239 3323 me.

1903 3363 1973 3418 Et
2009 3364 2137 3435 quia
2165 3364 2242 3419 ita
2278 3372 2400 3431 est,
2442 3377 2552 3419 non
2587 3361 2844 3432 iubemur
2878 3361 2948 3416 ad
2982 3368 3288 3417 creaturam
3311 3367 3434 3417 ten-

1832 3457 1984 3522 dere,
2021 3463 2083 3511 ut
2114 3455 2414 3512 efﬁciamur
2437 3455 2607 3522 beati,
2635 3454 2729 3510 sed
2760 3454 2829 3509 ad
2860 3454 3038 3524 ipsum
3067 3452 3384 3510 Creatorem
3416 3473 3431 3510 :

1833 3548 1902 3603 de
1925 3561 2033 3618 quo
2061 3548 2108 3603 si
2138 3548 2287 3604 aliud
2312 3563 2474 3618 quam
2494 3553 2729 3618 oportet,
2756 3561 2821 3602 ac
2845 3561 2967 3603 sese
2993 3560 3083 3602 res
3111 3546 3275 3603 habet
3293 3588 3307 3613 ,
3336 3564 3433 3603 uo-

1830 3638 1918 3695 bis
1959 3640 2340 3710 persuadetur,
2387 3638 2853 3711 perniciosissimo
2896 3653 3083 3694 errore
3109 3636 3430 3709 decipimur.

1831 3733 1915 3789 Ad
1956 3734 2064 3790 hoc
2090 3735 2235 3790 enim
2264 3734 2541 3806 pergendo
2561 3733 2707 3805 quod
2734 3743 2828 3788 aut
2855 3748 2963 3788 non
2989 3740 3110 3797 est,
3157 3741 3250 3786 aut
3276 3733 3321 3787 si
3348 3740 3434 3788 est

1832 3823 2024 3880 beatos
2046 3839 2153 3880 non
2184 3823 2336 3891 facit,
2369 3824 2435 3879 ad
2457 3825 2676 3880 beatam
2704 3823 2874 3878 vitam
2911 3836 3255 3891 nequaquam
3280 3822 3433 3892 quis-

1836 3931 2001 3987 quam
2044 3915 2246 3986 poterit
2280 3915 2584 3984 pervenire.
2618 3913 2735 3981 Qua
2772 3911 3003 3967 veritate
3038 3919 3093 3966 et
3137 3911 3428 3981 sapientia,

1834 4023 1957 4079 quae
1998 4006 2303 4063 communis
2352 4004 2606 4060 omnibus
2653 4011 2755 4070 est,
2809 4017 2999 4059 omnes
3052 4003 3325 4073 sapientes
3373 4012 3432 4061 et

1834 4101 1982 4158 beati
2022 4100 2161 4157 ﬁunt
2204 4096 2518 4155 inhzerendo
2556 4096 2652 4153 illi.
2699 4096 3042 4153 Beatitudine
3085 4104 3268 4155 autem
3303 4096 3433 4156 alte-

1835 4286 2057 4341 hortatu
2101 4296 2390 4354 aggressus
2424 4288 2529 4354 est.
2574 4280 2848 4336 Praeterea
2896 4288 3309 4354 commentatus
3345 4291 3431 4340 est

1838 4349 2198 4437 E_v_augeliuﬁi
2221 4351 2479 4437 Matihtei,
2494 4367 2748 4437 opu-sque
2770 4367 2928 4437 suum
2948 4349 2977 4406 J
2983 4362 3104 4408 usto
3117 4352 3427 4437 Garrofensi

1838 4422 2019 4481 abbati
2045 4422 2378 4494 nuncupavit
2398 4438 2543 4494 anno
2562 4422 2684 4477 815.
2706 4422 2790 4477 Ad
2820 4424 2936 4479 haec
2956 4425 3207 4494 exposuit
3234 4437 3428 4480 omnes

1836 4495 1993 4567 Pauli
2017 4493 2304 4567 Epistolas,
2329 4508 2397 4567 e_x
2421 4493 2617 4563 quibus
2646 4493 3087 4567 explanationem
3118 4495 3171 4549 in
3209 4494 3428 4567 Episto-g

1837 4566 1946 4621 lam
1977 4563 2314 4622 ad'Galatas
2345 4563 2932 4620 Dructeranno'abbati
2977 4563 3428 4621 Sollemniacensi

1835 4638 2039 4718 dicavit
2070 4655 2082 4690 :
2108 4652 2239 4718 eam
2280 4650 2413 4718 _vero
2449 4651 2579 4718 quae
2605 4637 2671 4718 in.
2708 4635 3007 4718 Epistolam
3046 4637 3138 4718 ad.
3164 4635 3430 4718 Ephesios

1834 4709 2155 4765 elucubrata
2181 4708 2250 4763 ab
2278 4707 2397 4778 ipso
2425 4706 2533 4772 eet,
2556 4706 2832 4778 Ludovico
2853 4707 3097 4777 Augusto
3124 4706 3423 4778 inscripsit.

1837 4779 2069 4850 Scripsit
2093 4779 2257 4834 etiam
2276 4777 2521 4848 quaedam
2537 4778 2590 4833 in
2605 4777 2807 4850 cultum
2828 4791 3104 4832 sacrarum
3128 4777 3425 4850 imaginum

1833 4846 2059 4922 piasque
2088 4846 2579 4922 peregrinationes,
2603 4850 2658 4903 in
2693 4846 2892 4922 quibus
2910 4863 3047 4922 non_
3059 4856 3210 4922 recte
3233 4846 3423 4922 Sensit:

1905 4916 1989 4977 Εἰ
2015 4916 2106 4976 his
2139 4916 2392 4977 omnibus
2443 4919 2556 4975 sola
2601 4916 2875 4990 expositio
2907 4918 2962 4972 in
3006 4916 3329 4990 Epistolam,
3356 4919 3425 4974 ad

1833 4992 2058 5074 Galatas
2082 4992 2223 5065 typis
2243 4991 2459 5074 vulgata
2483 4998 2569 5073 est
2587 4990 2648 5074 iit
2663 4987 2999 5074 Bibliotheca
3014 4987 3244 5074 ‘P'atrum
3270 5008 3283 5042 :
3310 4989 3425 5074 ira:

1874 5057 2475 5133 mentum'prxfationis
2501 5061 2557 5133 in
2587 5059 2897 5133 Matthzeum
2928 5058 2985 5113 in
3014 5057 3187 5115 lucem
3202 5059 3429 5131 protulit

1886 5135 2093 5190 sserius
2119 5129 2261 5188 inter
2292 5131 2611 5187 lliberuicas
2635 5129 2895 5200 epistolas
2934 5144 2949 5183 :
2983 5129 3427 5200 caetera,‘przeter

1836 5207 1971 5261 duas
2025 5206 2186 5260 hasce
2226 5202 2601 5274 przefationes,
2639 5200 2815 5255 adhuc
2859 5200 3193 5274 intenebris
3228 5200 3421 5257 latent.

1836 5271 2243 5346 Expositioneni
2270 5275 2322 5346 in
2358 5273 2667 5346 Matthgeum
2701 5271 2963 5346 r_eperi_in
2991 5271 3314 5346 bibliotheca
3341 5288 3427 5327 ca-

1838 5341 2098 5402 théilralis
2123 5344 2367 5401 ecclesias
2394 5342 2771 5397 Laudunensis
2806 5357 2821 5397 :
2864 5341 3263 5398 Commentaria
3294 5359 3426 5398 vero

1839 5418 1894 5472 in
1926 5416 2224 5473 Leviticum
2255 5429 2423 5486 penes
2458 5428 2558 5467 nos
2590 5414 2853 5486 habemus
2876 5413 2954 5486 _in
2971 5413 3187 5486 _codice
3235 5414 3422 5486 Remi-

1839 5488 2001 5559 giano
2022 5497 2079 5544 et
2097 5483 2462 5559 expositiones
2491 5483 2956 5559 supeLEpistolas
2970 5483 3123 5539 Pauli
3143 5485 3198 5539 in
3214 5484 3425 5541 duobus

1843 5554 2209 5613 voluminibus
2240 5555 2582 5611 bibliotheca:
2617 5554 3000 5612 Floriacensis.

1913 5627 2189 5685 Adversus
2214 5627 2791 5698 Claudiumiscripsere
2813 5626 3204 5684 Theodemirus
3232 5626 3420 5689 abbas,

1841 5700 2120 5771 Dungalus
2143 5700 2408 5771 Reclusus
2427 5706 2483 5755 et
2500 5697 2667 5771 Jonas
2689 5698 3098 5771 Aurelianensis
3111 5699 3418 5771 episcopus,

1842 5766 2121 5827 sacrarum
2152 5770 2450 5842 imaginum
2476 5770 2684 5826 cultum
2709 5778 2765 5826 et
2795 5766 3264 5842 peregrinationes
3301 5766 3421 5837 pias

1842 5843 1994 5899 libris
2027 5842 2187 5900 editis
2216 5839 2588 5901 defendentes.

2904 5986 2985 6059 20
