3940 6340
217 359 337 420 625

1114 364 1582 434 QUA'JSTIONES
1623 365 1773 424 XXX
1815 366 2043 426 SUPER
2081 368 2328 429 LIBROS
2367 372 2628 431 REGUM.

3415 387 3522 447 626

215 477 441 555 rigatis,
496 486 554 536 et
574 490 676 552 per
702 479 951 536 ordinem
972 480 1257 551 exponatis
1282 498 1294 535 :
1352 489 1409 537 et
1427 481 1690 554 quidquid
1723 482 1826 538 im-
1851 486 1905 548 Α
2000 482 2087 537 18.
2130 481 2363 558 Cumque
2390 487 2720 542 imminerent
2746 497 2931 557 vectes,
2960 501 3008 545 et
3036 509 3351 566 apparerent
3373 470 3519 557 sum.

214 575 404 649 perito
455 587 708 630 sermone
750 572 960 628 locutus
990 571 1186 627 fuerim
1213 585 1238 614 α
1265 615 1279 641 ,
1321 582 1380 628 ut
1415 575 1692 647 magister,
1745 576 1822 631 ita

218 666 553 740 discipulum
590 665 896 723 emendate.
956 664 1068 738 Ego
1112 666 1256 722 enim
1300 682 1410 723 non
1450 682 1548 738 per
1574 669 1820 725 ordinem

214 759 348 819 misi
382 766 612 832 propter
658 759 930 830 quandam
976 758 1275 833 agilitatem
1310 767 1367 816 et
1435 760 1819 835 negligentiam

216 854 554 927 scriptoris:
597 868 695 910 vos
739 868 891 921 vero,
946 862 1009 911 ut
1055 854 1283 912 historia
1320 870 1379 913 se
1410 857 1622 926 habet,
1669 860 1819 916 ordi-

215 956 373 1097 mf.
389 1039 461 1099 Et
479 1039 747 1097 suscitabo
771 1040 901 1096 mihi
931 1038 1269 1099 Sacerdotem
1319 1042 1549 1114 ﬁdelem.
1606 1045 1647 1102 Ι.
1679 1045 1815 1120 Reg.

210 1131 271 1188 2.
307 1130 399 1187 55.

289 1225 348 1281 2.
393 1223 463 1281 Et
488 1240 593 1282 non
621 1226 807 1281 cecidit
836 1242 900 1282 ea:
927 1228 1167 1285 omnibus
1193 1229 1360 1286 verbis
1380 1230 1495 1303 ejus
1513 1231 1570 1286 in
1599 1211 1814 1287 terram:

209 1319 254 1376 Ι.
498 1416 757 1487 percussit
805 1416 871 1471 de
916 1414 1110 1488 papula
1183 1418 1518 1490 septuaginta
1571 1420 1736 1487 viros,
1765 1428 1818 1475 et

204 1506 595 1578 quinquaginta
645 1506 809 1579 plebis
836 1506 879 1563 Ι.
911 1507 965 1563 6.
1009 1509 1097 1565 19.
1156 1509 1442 1583 (Vulgatus
1501 1521 1683 1570 tamen
1734 1514 1813 1569 in-

210 1604 433 1669 terpres
457 1598 622 1654 habet
646 1616 658 1652 :
687 1599 1067 1673 quinquaginta
1093 1601 1264 1658 millia
1291 1603 1501 1677 plebis.)

284 1688 341 1743 4.
380 1688 468 1744 Ea:
493 1706 599 1761 qua
636 1691 723 1745 die
748 1692 944 1746 mansit
972 1709 1098 1748 area
1143 1693 1425 1767 (Vulgatus
1473 1696 1664 1753 addit:
1698 1698 1812 1753 Do-

209 1782 368 1856 mini)
418 1782 472 1837 in
532 1782 933 1853 Cariathiarim,
977 1786 1317 1860 multiplicati
1350 1799 1475 1845 sunt
1532 1791 1646 1846 dies
1694 1792 1812 1865 ejus

202 1873 533 2035 “(5.1.013
559 1968 637 2025 ait
672 1968 945 2029 Jonathan
973 1974 1042 2030 ad
1072 1975 1246 2031 David
1279 1993 1293 2031 :
1321 1974 1381 2031 Si
1406 1976 1609 2044 vixero,
1639 1978 1804 2050 facies

204 2059 341 2114 mihi
371 2059 787 2118 misericordiam
825 2072 930 2122 etc.
960 2066 1004 2121 l.
1037 2066 1128 2122 20.
1165 2068 1251 2123 14.

270 2149 325 2206 6.
368 2151 398 2192 ι’
427 2149 580 2208 Fecit
627 2151 883 2212 Salomon
915 2157 1257 2228 festivitatem
1285 2161 1563 2218 celebrem.
1616 2173 1665 2220 et
1689 2182 1806 2221 om-

194 2243 285 2299 nis
314 2242 491 2300 Israel
536 2263 657 2302 cum
695 2265 777 2305 eo.
807 2248 896 2305 III.
929 2250 985 2305 8.
1028 2251 1097 2307 65

272 2336 329 2391 7.
369 2336 439 2392 In
467 2339 651 2396 diebus
701 2342 818 2413 ejus
860 2344 1147 2415 aediﬁcavit
1191 2346 1255 2402 de
1278 2348 1462 2405 Achiel
1509 2351 1574 2406 de
1616 2350 1802 2409 Bethel

193 2427 437 2487 Hierico.
478 2431 567 2488 ΙΙΙ.
608 2432 696 2490 16.
726 2434 817 2491 54.
851 2434 944 2509 (Αι
1010 2436 1276 2510 Vulgatus
1336 2441 1547 2497 habet:
1588 2441 1712 2499 Hiel
1736 2445 1803 2503 de

195 2518 431 2595 Betbel.)

270 2613 329 2668 8.
367 2611 500 2669 Hice
538 2616 742 2686 Iaciant
769 2619 900 2674 milii
941 2621 1035 2685 dii,
1085 2630 1136 2676 et
1164 2623 1277 2679 hinc
1311 2625 1535 2694 addant,
1561 2629 1607 2684 si
1635 2629 1798 2700 suffe-

190 2702 329 2757 cerit
353 2703 525 2775 pulvis
553 2705 822 2764 Samaria:
860 2711 1062 2783 pugillo
1107 2715 1337 2771 universi
1366 2718 1571 2789 populi,
1599 2722 1691 2793 qui
1716 2739 1799 2778 se-

187 2797 379 2939 qiztur
429 2814 533 2854 me.
598 2799 685 2857 III.
742 2801 833 2858 20.
882 2804 971 2861 10.
1033 2804 1167 2877 (Sed
1211 2809 1477 2882 Vulgatus
1504 2813 1669 2871 habet
1696 2833 1798 2890 pu-

187 2885 249 2957 gi
293 2886 386 2959 is.)

248 2901 359 2943 ms.

186 2901 246 2957 91
265 2981 323 3037 9.
366 2901 544 3041 i‘ertia
569 3004 696 3058 pars
721 2997 949 3046 vestrum
974 2992 1204 3049 introeat
1246 2993 1500 3067 Sabbato,
1540 3009 1592 3055 et
1623 3002 1796 3059 obser-

185 3084 275 3133 vet
306 3078 608 3135 excubitum
636 3082 826 3138 domus
874 3087 1030 3157 regis.
1078 3087 1169 3144 IV.
1200 3089 1288 3145 11.
1314 3091 1367 3148 6.
1398 3091 1490 3164 (At
1516 3094 1572 3151 in
1605 3106 1791 3156 nostra

193 3170 454 3227 versione
484 3171 681 3245 legitur
701 3175 1007 3252 excubias.)
1094 3242 1095 3245 η

1808 1206 1838 1235 ἢ

1924 577 2130 632 mitates
2149 596 2331 635 eorum
2353 581 2485 651 foris
2505 583 2888 649 sanctuarium,
2913 592 3018 640 etc.
3045 586 3129 641 IIl.
3153 590 3205 645 8.
3233 592 3288 647 8.
3320 592 3414 665 (At
3440 594 3519 651 le-

1924 671 2157 741 gendum
2180 678 2483 739 eminerent,
2513 674 2590 728 uti
2621 673 2786 730 habet
2816 679 3121 733 communis
3157 680 3367 757 lectio.)

1996 761 2082 817 19.
2128 760 2494 837 Produxitque
2517 764 2689 835 ﬁlium
2720 768 2876 839 regis,
2910 777 2959 823 et
2995 772 3172 841 posuit
3213 774 3371 845 super
3393 794 3514 833 eum

1923 850 2188 917 diadema,
2226 863 2275 907 et
2309 856 2685 912 testimonium.
2734 857 2824 913 IV.
2868 859 3071 915 11.12.

1992 945 2081 1002 20.
2120 945 2191 1001 Et
2216 965 2322 1004 non
2344 950 2502 1019 ﬁebat
2531 952 2667 1006 ratio
2691 951 2757 1008 iis
2792 953 3111 1026 hominibus,
3160 959 3250 1032 qui
3277 946 3509 1033 accipie4

1923 1039 2047 1095 bant
2079 1043 2380 1113 pecuniam.
2413 1044 2502 1101 IV.
2533 1045 2619 1100 12.
2655 1046 2745 1101 15.

1990 1132 2080 1188 21.
2138 1133 2261 1205 Ipse
2321 1137 2576 1208 percussit
2644 1137 2819 1194 Edom
2875 1141 2933 1197 in
2979 1143 3113 1199 valle
3174 1144 3509 1205 Salinarum.

1918 1228 2010 1285 Ν.
2048 1229 2135 1285 14.
2167 1231 2220 1285 7.

1991 1322 2081 1378 22.
2126 1323 2248 1396 Ipse
2307 1327 2546 1383 restituet
2604 1330 2855 1387 terminos
2916 1331 3093 1388 Israel
3156 1335 3222 1390 ab
3284 1337 3510 1394 introitu

1921 1421 2140 1477 Ematlt.
2173 1423 2263 1480 IV.
2298 1424 2383 1479 14.
2416 1425 2508 1481 25.

1988 1515 2079 1572 25.
2120 1515 2190 1570 Ει
2219 1534 2545 1590 unaqquue
2573 1535 2697 1590 gens
2746 1521 3010 1592 fabricata
3038 1533 3113 1578 est
3139 1525 3294 1580 deum
3328 1542 3504 1584 suum.
3549 1504 3556 1513 ’

1919 1604 2008 1661 IV.
2044 1607 2131 1661 17.
2164 1608 2255 1664 29.
2310 1607 2647 1681 (Lectionem
2701 1614 2842 1668 hanc
2892 1617 3147 1686 proponit
3203 1617 3508 1675 rectissime

1917 1696 2169 1769 Vulgata,
2203 1708 2258 1754 et
2277 1701 2526 1771 sequitur
2545 1701 2757 1759 clariss.
2789 1704 3084 1762 Zacharias
3113 1726 3125 1761 :
3160 1714 3217 1762 at
3248 1708 3302 1762 in
3322 1722 3509 1766 exem-

1914 1792 2051 1862 plari
2082 1794 2151 1850 ad
2182 1810 2271 1850 me
2306 1795 2475 1851 misso
2510 1796 2711 1868 legitur
2735 1797 2950 1854 domum
2971 1798 3171 1871 suam.)

1831 1868 1881 1928 Β
1975 1883 2065 1937 21.
2110 1882 2209 1938 Ubi
2233 1894 2308 1939 est
2338 1885 2466 1940 deus
2489 1885 2707 1954 Emath,
2735 1898 2783 1943 et
2813 1889 3050 1961 Arphath
3076 1892 3096 1945 !
3126 1868 3226 1946 Ubi
3270 1899 3376 1948 etc.
3408 1894 3497 1952 IV.

1911 1973 2000 2031 18.
2029 1974 2118 2030 54.
2165 1976 2416 2048 (Vulgata
2447 1977 2713 2051 Arphad.)

1982 2067 2073 2123 25.
2113 2068 2363 2124 Ascendit
2398 2071 2586 2126 umbra
2641 2073 2819 2128 decem
2874 2092 3044 2133 uncis.
3075 2078 3166 2134 IV.
3208 2082 3297 2138 20.
3327 2084 3378 2141 9.
3412 2085 3506 2158 (At

1904 2160 2194 2232 legendum
2239 2169 2323 2217 est
2358 2178 2484 2220 cum
2533 2163 2763 2236 Vulgata
2795 2183 2807 2220 :
2846 2165 2955 2234 Vis,
3003 2180 3059 2225 ut
3087 2176 3362 2245 ascendat,
3393 2186 3499 2236 etc.

1903 2251 2007 2306 nisi
2034 2251 2107 2306 vis
2128 2251 2358 2308 indicari
2378 2251 2579 2310 versic.
2614 2254 2701 2309 11.
2721 2256 2843 2326 jam
2866 2258 3231 2333 descenderat,
3261 2268 3393 2340 etc.)

1972 2342 2064 2399 26.
2119 2342 2252 2411 Qum
2291 2343 2563 2402 habitabat
2602 2338 2919 2406 Jerusalem
2984 2355 3041 2409 in
3107 2338 3496 2418 secundm-IV.

1899 2432 1991 2489 22.
2026 2434 2113 2489 14.

1970 2545 2060 2601 27.
2112 2544 2504 2605 Contaminavit
2560 2568 2765 2625 quoque
2830 2552 3084 2629 Topheth,
3131 2564 3275 2634 quod
3324 2576 3400 2623 est
3442 2569 3502 2629 in

1898 2637 2034 2694 valle
2065 2638 2167 2709 ﬁlii
2193 2639 2408 2698 Ennon.
2436 2641 2527 2699 IV.
2557 2643 2648 2701 25.
2677 2645 2766 2702 10.

1968 2753 2058 2811 28.
2098 2755 2327 2814 Abstulit
2385 2777 2590 2835 quoque
2624 2781 2803 2837 equos,
2856 2785 2987 2842 quos
3050 2774 3308 2833 dederant
3349 2797 3496 2857 reges

1895 2850 2042 2907 Juda
2068 2852 2204 2910 Soli.
2234 2854 2323 2911 IV.
2357 2856 2447 2911 25.
2486 2859 2573 2913 11.

1965 2964 2055 3022 29.
2097 2967 2326 3026 Excelsa
2369 2989 2594 3046 quoque,
2625 2994 2745 3049 qua:
2782 2989 2931 3037 erant
2970 2986 3028 3039 in
3053 2986 3374 3059 Jerusalem,
3423 2995 3495 3050 ad

1894 3060 2167 3117 dexteram
2207 3072 2411 3135 partem
2459 3070 2655 3124 montis
2686 3072 3009 3143 o/fensionis,
3044 3086 3149 3134 etc.
3183 3079 3282 3136 lbi.
3315 3099 3368 3138 ν.
3400 3084 3490 3143 15.

1918 3222 1919 3225 η
1965 3177 2054 3234 50.
2094 3177 2168 3234 Et
2204 3183 2479 3239 transtulit
2526 3204 2735 3244 omnem
2780 3189 3105 3265 Jerusalem,
3134 3206 3184 3252 et
3214 3200 3484 3259 universos

267 3261 359 3317 10.
401 3261 553 3331 Quod
583 3265 661 3320 ait
686 3265 902 3337 A'bigail
932 3249 1002 3325 ad
1024 3270 1197 3329 David
1223 3290 1236 3327 :
1272 3272 1333 3329 Si
1377 3276 1518 3332 enim
1547 3255 1793 3339 surrexe-
1819 3249 1864 3313 Ο
1894 3271 2157 3343 Primi?“
2188 3281 2295 3329 θῑο·
2327 3274 2415 3331 Π·
2459 3276 2547 3332 24·
2588 3279 2675 3335 ηε

186 3351 267 3407 rit
303 3352 460 3408 homo
482 3354 769 3427 aliquando
801 3376 1113 3430 persequens
1139 3371 1208 3430 te,
1238 3371 1344 3421 etc.
1375 3364 1417 3421 I.
1450 3366 1540 3422 25.
1575 3366 1664 3425 29.

266 3446 357 3504 11.
404 3447 467 3505 Et
515 3452 785 3524 praecepit,
834 3461 893 3508 ut
943 3453 1188 3512 docerent
1209 3457 1351 3529 filios
1388 3458 1539 3517 Juda
1578 3479 1783 3521 arcum.

180 3534 257 3596 Π.
292 3538 346 3594 1.
381 3539 468 3597 18.

263 3628 353 3685 12.
395 3628 466 3685 Et
491 3642 747 3704 percussit
774 3632 954 3703 Moab,
991 3646 1041 3694 et
1063 3654 1277 3699 mensus
1310 3652 1386 3699 est
1405 3660 1493 3700 eos
1517 3647 1778 3717 funiculo.

182 3718 256 3777 II.
287 3721 343 3778 8.
384 3720 440 3777 2.

263 3810 353 3867 15.
395 3811 519 3885 Ipse
541 3824 673 3871 esset
700 3818 854 3889 quasi
899 3822 1215 3880 tenerrimus
1262 3823 1393 3897 ligni
1443 3830 1777 3889 vermiculus.

190 3901 262 3959 II.
287 3902 379 3960 25.
407 3906 460 3962 8.
489 3905 772 3980 (Vulgatus
797 3910 963 3967 habet
990 3911 1113 3986 est.)

260 4000 352 4057 14.
390 4000 513 4074 Ipse
540 4004 828 4075 descendit,
882 4016 932 4063 et
984 4012 1242 4081 percussit
1290 4011 1491 4070 leonem
1522 4016 1580 4073 in
1605 4020 1781 4077 media

179 4095 440 4150 cisterna.
465 4095 529 4151 ll.
554 4097 646 4153 25.
680 4098 770 4154 20.

259 4186 350 4242 15.
390 4186 468 4242 De
507 4191 726 4262 templo,
775 4194 916 4265 quod
967 4195 1191 4252 habebat
1232 4198 1449 4270 triginta
1475 4202 1677 4259 cubitos
1724 4206 1780 4261 in

173 4277 542 4337 altitudinem.
577 4282 646 4337 Et
669 4284 725 4339 in
760 4284 899 4342 libro
925 4287 1379 4360 Paralipomenon
1406 4292 1628 4350 habebat
1651 4312 1776 4352 cen-

174 4380 296 4425 tum
322 4372 529 4443 viginti.
562 4373 697 4446 Reg.
724 4375 811 4431 lll.
842 4376 893 4431 6.
925 4377 979 4432 2.
1029 4378 1092 4433 u.
1122 4379 1359 4452 Paralip.
1401 4382 1454 4437 δ.
1499 4384 1553 4438 4.

253 4462 344 4519 16.
384 4463 592 4521 Ostium
630 4469 790 4525 medii
824 4470 1004 4530 lateris
1032 4473 1089 4528 in
1116 4482 1268 4544 parte
1289 4484 1403 4530 erat
1431 4476 1776 4535 domus'dex-

171 4564 327 4611 terte.
375 4554 461 4611 Ill.
503 4558 637 4632 Reg.
673 4560 725 4616 6.
766 4560 818 4617 8.

252 4648 345 4703 17.
381 4648 633 4724 Texitque
680 4654 893 4711 domum
926 4657 1212 4730 laqueariis
1249 4662 1496 4719 cedrinis.
1525 4663 1612 4720 Ill.
1635 4665 1687 4721 6.
1717 4665 1770 4723 9.

171 4745 274 4819 (At
303 4748 362 4804 in
384 4748 616 4822 Vulgata
644 4752 916 4811 habetur:
950 4757 1080 4811 texit
1112 4758 1359 4831 quoque.)

250 4897 277 4925 ι
291 4883 509 4969 Anceps
520 4889 701 4969 haereo
714 4906 842 4969 num
861 4892 1252 4969 legendumsu,
1270 4894 1454 4969 fuerit,
1470 4912 1539 4969 an
1556 4897 1767 4969 fuerim.

169 4954 523 5014 Postremum
551 4961 653 5016 hoc
681 4961 890 5018 clariss.
915 4954 1208 5020 Zachariae
1236 4954 1452 5027 placet;
1493 4954 1569 5024 Et.
1580 4954 1769 5027 revera

170 5028 488 5105 subrustice
538 5031 604 5105 de
636 5034 898 5105 episcOpo
937 5035 1178 5105 loquitur
1205 5028 1576 5105 Theutmirus,
1626 5042 1673 5096 si
1703 5043 1771 5098 de

211 5100 472 5168 ropositis
499 5117 528 5156 a
554 5100 863 5181 Leid'mtho,
924 5100 1026 5181 aut
1041 5106 1342 5181 Nimbridio
1380 5100 1770 5181 quaestionibus

166 5114 472 5225 Eropusms
499 5117 528 5156 a
555 5114 863 5185 ueldmtho,
924 5115 1017 5188 aut
1041 5114 1342 5190 Nimbridio
1371 5114 1770 5192 quaestionibus

194 5185 296 5251 asc
328 5182 643 5251 pronuntiet
675 5192 689 5228 :
741 5183 801 5230 ut
839 5186 1106 5251 magister,
1136 5189 1213 5232 ua
1248 5178 1567 5251 discipulum
1595 5199 1772 5238 emen-

169 5240 345 5321 datef
381 5242 454 5297 At
487 5243 561 5321 ab
588 5244 782 5300 horum
806 5240 978 5303 altero
1015 5240 1185 5321 fuisse
1212 5240 1519 5321 propositas
1543 5252 1643 5308 has
1671 5255 1770 5309 tri-

167 5311 345 5387 gi_nta
368 5315 719 5387 quaestiones,
749 5332 978 5387 quarum
1018 5311 1337 5377 solutionem
1385 5323 1771 5382 Theuthmirus

166 5382 458 5461 ἐπιδεξιρῃ
480 5382 720 5461 indicare
742 5382 954 5445 videtur
971 5390 1200 5460 ipsemet
1218 5391 1625 5461 Theuthmirus,
1644 5411 1767 5452 cum

166 5456 296 5512 haec
321 5456 543 5538 subiicit
574 5477 586 5513 :
629 5460 728 5538 has
773 5478 793 5511 ι
829 5456 1155 5538 quaestiones
1179 5461 1331 5538 XXX
1353 5473 1518 5536 atque
1541 5456 1772 5538 apertio-

165 5542 275 5582 nes
328 5528 564 5604 illarum,
618 5528 1013 5604 siprudentize
1033 5541 1228 5589 vestrm
1250 5528 1448 5604 placet,
1493 5528 1618 5592 cum
1663 5539 1769 5596 illis

166 5599 569 5678 quaestionibus
617 5601 686 5657 de
714 5599 1154 5678 pragdictoglibro
1199 5599 1442 5677 Regum,
1478 5624 1614 5678 quas
1642 5610 1768 5666 misi

164 5671 457 5750 sanctitati
483 5679 679 5750 vestrae
701 5671 1090 5750 explanandas,
1109 5692 1233 5731 cum
1246 5671 1450 5750 a'vobis
1464 5671 1528 5735 ei:
1536 5680 1766 5750 planatae

164 5740 399 5822 gignit,
450 5742 643 5798 ordine
692 5740 811 5811 suo,
856 5762 966 5822 uno
1016 5748 1323 5804 adunentur
1363 5749 1419 5804 in
1451 5740 1699 5822 corpore.
1738 5772 1758 5806 ι

156 5813 630 5894 .Eﬂlagitarevero
650 5831 728 5884 se,
745 5826 871 5894 utet
893 5819 1108 5894 harum,
1131 5827 1192 5894 et
1211 5837 1398 5877 earum
1418 5813 1602 5894 etiam,
1626 5839 1763 5894 quas

1963 3364 2076 3422 Has
2094 3368 2427 3438 quaestiones
2452 3372 2700 3444 triginta,
2732 3384 2895 3448 atque
2916 3381 3225 3452 apertiones
3251 3385 3487 3459 illarum,

1892 3456 1941 3514 si
1967 3458 2271 3530 prudentiae
2312 3470 2510 3519 vestrae
2556 3464 2753 3537 placet,
2786 3485 2910 3525 cum
2933 3471 3041 3529 illis
3089 3456 3484 3548 quaestionibus

1890 3552 1959 3610 de
1984 3553 2245 3625 przedicto
2271 3555 2412 3613 libro
2437 3556 2666 3630 Regum,
2684 3578 2821 3633 quas
2841 3566 2966 3624 misi
2994 3571 3270 3628 sanctitati
3294 3583 3489 3631 vestrae

1891 3643 2283 3715 explanandas,
2316 3662 2441 3703 cum
2466 3665 2498 3704 a
2528 3650 2684 3709 vobis
2710 3654 3013 3725 explanatae
3048 3657 3271 3730 fuerint,
3293 3664 3488 3720 ordine

1890 3750 2011 3804 suo,
2046 3752 2156 3793 uno
2190 3739 2503 3797 adnuentur
2545 3744 2603 3798 in
2647 3761 2899 3819 corpore,
2930 3758 2987 3806 et
3028 3762 3088 3808 ut
3133 3754 3252 3824 ipse
3281 3761 3480 3826 nostis,

1888 3836 1945 3885 et
1968 3837 2206 3888 vestram
2230 3834 2630 3905 praefationem,
2658 3845 2716 3895 et
2736 3856 2916 3897 meam
2960 3845 3301 3915 petitionem,
3328 3853 3486 3920 quasi

1885 3921 2333 3991 praefatiunculas
2360 3927 2416 3981 in
2436 3928 2616 3998 capite
2644 3931 3110 4001 explanationum,
3140 3937 3209 3995 de
3238 3940 3483 4011 praefatis

1886 4014 2276 4082 quaestionibus
2321 4017 2597 4086 adnotate,
2652 4030 2709 4078 et
2758 4023 2815 4079 in
2870 4028 3126 4087 omnibus
3171 4034 3479 4106 scripturis,

1886 4121 2021 4176 quas
2046 4108 2165 4164 istis
2196 4109 2250 4165 in
2277 4112 2525 4182 partibus
2553 4116 2791 4186 mittitis,
2828 4120 2937 4176 mei
2976 4139 3085 4181 non
3111 4126 3480 4187 obliviscami-

1883 4201 1975 4268 ni;
2001 4203 2099 4258 sed
2127 4220 2344 4277 semper
2372 4208 2668 4268 admonere
2697 4215 2993 4288 dignemini
3023 4223 3154 4293 quid
3198 4242 3359 4299 agere
3387 4228 3480 4285 de-

1882 4293 2062 4350 beam.
2128 4294 2360 4355 Maxime
2391 4299 2446 4354 in
2501 4303 2842 4363 orationibus
2884 4311 3136 4381 obsecro,
3165 4293 3366 4387 utipse
3396 4334 3478 4374 ro-

1883 4388 2022 4459 getis
2072 4389 2363 4447 Dominum
2414 4411 2515 4465 pro
2548 4414 2654 4466 me,
2699 4409 2755 4457 et
2795 4419 2895 4474 per
2941 4408 3181 4465 studium
3230 4420 3475 4475 vestrum

1882 4478 1975 4533 alii
2011 4480 2177 4535 etiam
2231 4494 2445 4554 rogent.
2501 4486 2559 4542 Si
2595 4491 2740 4546 enim
2777 4495 2942 4552 unius
2962 4497 3101 4567 justi
3128 4503 3299 4557 oratio
3338 4505 3475 4559 mul-

1799 4622 1855 4685 D
1882 4578 1993 4627 tum
2023 4571 2157 4685 va‘let
2198 4573 2340 4647 (Jac.
2390 4576 2443 4633 5.
2484 4577 2597 4654 16.)
2644 4592 2704 4638 ut
2739 4585 2855 4655 ipse
2906 4590 3099 4657 nostis,
3131 4602 3335 4663 quanto
3364 4611 3474 4653 ma-

1879 4663 1962 4735 gis
1987 4663 2284 4722 multorum
2318 4670 2534 4726 assidua
2557 4673 2584 4728 7
2631 4675 2782 4743 Vale,
2811 4678 2886 4733 mi
2915 4688 3088 4749 pater,
3132 4689 3190 4738 et
3225 4684 3280 4739 in
3307 4686 3474 4756 spiri-

1881 4756 2107 4812 tualium
2137 4756 2371 4816 ﬁliorum
2392 4766 2669 4836 prosperis
2698 4783 2912 4839 semper
2937 4772 3094 4842 polle.

1876 4894 2134 4986 plaudius
2157 4916 2266 4956 uno
2263 4916 2507 4986 _e_orpo.re
2536 4907 3024 4986 complectatur,_et
3053 4914 3370 4986 explicatas,
3403 4921 3469 4976 il-

1847 4966 2241 5060 .lustratasque
2262 4966 2900 5060 Theuthmiroremittat.
2932 4966 3371 5060 deterrimis};

1876 5040 1990 5133 sive
2024 5040 2165 5096 alter
2194 5048 2561 5133 proposuerit,
2591 5050 2890 5133 ‘tam_illaa,
2939 5070 3101 5125 quam
3122 5040 3466 5133 alii—quas,

1874 5111 2127 5200 deinceps
2148 5111 2416 5200 recenset,
2438 5111 2796 5200 dissolvendae
2816 5111 2994 5187 eranl.
3014 5111 3442 5200 atque-illustjran

1874 5180 1975 5257 dae,
1998 5180 2117 5257 ejus
2140 5195 2351 5257 rogatu,
2378 5180 2409 5242 a
2436 5188 2675 5246 Claudio.

1900 5254 1980 5334 -_PA
2018 5254 2231 5334 Sequor
2246 5272 2480 5334 prorsus
2506 5262 2783 5332 exemplar
2811 5266 2879 5321 ad
2910 5284 3000 5324 me
3029 5271 3297 5331 missum:
3331 5293 3461 5334 nam

1873 5324 2134 5408 editum‘a
2156 5326 2217 5381 P.
2246 5324 2507 5408 Zacharia
2545 5324 2898 5402 quaestionem
2922 5324 3311 5408 hancIetwt-revs

1875 5405 2171 5478 sequentes
2188 5399 2579 5478 collocatpost
2620 5420 2760 5472 eam,
2792 5424 2913 5478 qua:
2952 5414 3019 5469 ad
3048 5399 3458 5477 hunc'vmbdutwn

1872 5466 2064 5552 incipit
2094 5466 2365 5552 :Cumque
2414 5466 2756 5552 imminerent.
2794 5466 3459 5552 vectesfe—tﬂordiiievivfi

1873 5546 1975 5623 est.
2007 5539 2294 5623 Tp'mvero
2318 5543 2723 5623 chronologiam
2768 5539 3066 5623 sequimur,
3100 5539 3170 5613 et
3188 5539 3460 5618 Eééiééi;

1870 5608 2026 5701 stici
2048 5608 2530 5701 Ristprimjﬂseriem
2558 5608 3066 5701 :VQuanLtamen
3095 5608 3182 5701 his

1869 5679 2029 5734 nibus
2057 5684 2425 5758 proponendis
2447 5679 2670 5746 mininie
2703 5709 2735 5747 a
2763 5679 3457 5758 rheuih'miié'iuigéééi.

1867 5751 2341 5845 vagamuaftirmat
2364 5757 2629 5845 ipsemet:
2691 5764 2889 5845 Recole
2927 5751 3112 5842 nuper
3142 5751 3459 5845 58555

1867 5820 2105 5918 ordinem
2153 5820 2541 5897 exponatii..."
2575 5833 2690 5906 Ego
2735 5820 2879 5918 enim
2912 5820 3452 5913 ibi."per'"o'riiin’é&

164 5887 294 5956 ipse
328 5885 410 5943 ad
443 5885 726 5944 Claudium
759 5887 1045 5945 solvendas
1073 5885 1243 5958 misit,
1287 5901 1345 5949 et
1391 5885 1758 5963 explicandas,
1859 5892 2000 5959 misi,
2022 5901 2128 5951 etc.
