3940 6340
539 350 639 415 627

1618 348 1893 409 CLAUDII
1934 349 2396 407 TAURINENSIS
2435 350 2743 409 EPISCOPl
3610 371 3675 426 ωδ

608 474 660 528 1.
713 484 737 512 α
786 468 911 525 Fuit
974 469 1055 524 vir
1110 484 1248 522 unus
1296 466 1359 522 de
1419 466 1682 520 Ramatha
1733 466 1788 519 in
1835 463 2037 538 Sophin
2060 465 2124 519 de
2151 470 2206 531 Α
2230 462 2328 520 Dei
2347 467 2534 536 jacens
2561 467 2824 521 invenitur
2848 464 3077 538 Dagon:
3105 476 3157 524 et
3184 479 3355 540 postea
3382 464 3507 531 tertia
3524 480 3618 554 die.)

536 571 709 619 monte
768 556 1011 632 Elfraim,
1070 567 1117 613 et
1162 575 1352 613 nomen
1395 556 1510 629 ejus
1564 553 1824 611 Helcana.
1882 554 1951 611 Et
2002 563 2126 625 post

533 671 725 730 pauca.
772 651 973 709 Habuit
1013 669 1205 707 uxores
1239 650 1417 706 duas:
1465 664 1651 705 nomen
1700 649 1794 729 uni
1838 648 2027 715 Annae,
2074 658 2123 702 et

534 768 725 807 nomen
765 747 1011 804 secunda:
1067 742 1351 801 Fennenw.
1401 740 1443 797 Ι.
1478 743 1611 814 Reg.
1642 743 1691 795 1.
1736 740 1786 796 1.
1818 750 1875 797 et
1895 741 1950 796 2.
1983 740 2126 809 Quid

533 840 808 914 signiﬁcet
840 840 925 894 vir
960 836 1102 893 iste:
1134 836 1223 891 vel
1269 835 1386 891 duae
1432 849 1632 889 uxores
1685 833 1835 905 ejus,
1891 849 1999 887 una
2047 831 2125 886 fe-

533 934 734 1001 cunda,
777 932 881 987 alia
930 928 1240 987 infecunda.
1282 926 1350 984 Et
1380 945 1477 983 cur
1506 927 1573 983 de
1620 925 1776 981 Anna
1814 925 2071 981 scribitur
2103 941 2115 977 :

529 1027 673 1100 quod
715 1024 984 1099 afﬂigebat
1041 1039 1245 1097 quoque
1299 1038 1414 1075 eam
1448 1019 1641 1075 remulo
1700 1019 1835 1090 ejus,
1880 1026 1928 1071 et
1969 1017 2119 1072 vehe-

530 1130 732 1177 menter
761 1119 1005 1190 angebat.
1037 1117 1105 1171 Et
1131 1115 1360 1185 reliqua.
1390 1130 1532 1169 vers.
1563 1112 1614 1168 6.

601 1215 657 1270 2.
697 1213 829 1269 Cum
860 1213 1104 1267 redeunte
1124 1199 1351 1280 tempore
1376 1206 1714 1262 ascenderent
1739 1204 1989 1275 templum
2017 1202 2121 1257 Do-

529 1304 684 1371 mini,
715 1313 761 1358 et
786 1303 861 1357 sic
883 1300 1195 1374 provocabat
1238 1317 1371 1354 eam.
1418 1298 1588 1352 Porro
1615 1294 1709 1351 illa
1731 1295 1908 1366 ﬂebat,
1936 1303 1985 1349 et
2015 1311 2117 1349 non

530 1396 766 1469 capiebat
799 1396 994 1461 cibum,
1041 1409 1214 1464 usque
1260 1394 1386 1448 dum
1425 1392 1603 1447 dicit:
1668 1387 1959 1461 Vultusque
2004 1389 2119 1459 ejus

527 1507 636 1545 non
679 1498 801 1544 sunt
858 1486 1083 1559 amplius
1131 1487 1190 1541 in
1236 1486 1443 1541 diversa
1495 1480 1705 1537 mutati.
1757 1481 1825 1536 Et
1882 1481 2113 1551 reliqua.

526 1597 581 1635 v.
615 1581 666 1637 7.
699 1589 805 1639 etc.

469 1680 487 1709 ’⁷
598 1673 652 1728 5.
692 1668 967 1727 Exultavit
988 1689 1079 1728 cor
1102 1687 1277 1726 meum
1296 1668 1352 1725 in
1376 1668 1624 1733 Domino,
1676 1680 1850 1738 usque
1880 1665 2010 1720 dum
2033 1663 2118 1719 di-

526 1765 645 1821 cit:
679 1762 934 1821 Dominus
963 1763 1228 1837 judicabit
1262 1762 1421 1832 ﬁnem
1469 1769 1644 1825 terrae,
1677 1768 1725 1813 et
1766 1758 1910 1811 dabit
1954 1757 2117 1827 impe-

2306 561 2391 614 10.
2443 557 2558 614 Viri
2591 577 2814 632 quoque,
2868 561 2959 632 qui
2981 565 3167 617 mortui
3198 581 3293 619 non
3326 566 3521 636 fuerant,
3559 591 3680 643 percu-

2231 651 2497 706 tiebantur
2523 653 2577 706 in
2615 652 2886 707 secretiori
2936 662 3082 723 parte
3112 654 3319 720 natium,
3358 672 3500 729 usque
3524 662 3680 722 dumdi.

2229 742 2304 798 cit
2337 760 2348 796 :
2384 740 2492 798 Sed
2510 752 2559 797 et
2580 752 2807 815 satrapis
2829 741 3224 799 Philistinoruin
3244 748 3546 817 sequebantur
3564 773 3682 812 arcam

2229 832 2463 901 Domini,
2498 848 2659 906 usque
2716 832 2789 888 ad
2832 833 3079 889 terminos
3112 834 3386 892 Bethsame.
3435 838 3677 903 lbidemver.

2228 935 2524 997 postremo,
2551 942 2645 981 seu
2676 927 2766 993 12,
2807 941 2979 996 usque
3021 927 3087 981 ad
3124 927 3277 984 ﬁnem
3311 933 3525 990 versiculi
3554 938 3601 991 12
3625 956 3681 995 ca-

2224 1020 2354 1089 pitis
2390 1021 2786 1090 subsequentis,
2819 1019 2875 1074 id
2901 1028 2982 1075 est
3012 1020 3045 1073 6

2296 1113 2383 1167 11.
2435 1111 2606 1165 Porro
2662 1111 3002 1167 Bethsamita:
3056 1115 3303 1169 metebant
3342 1119 3552 1185 triticum,
3575 1138 3684 1193 usque

2226 1204 2353 1260 dum
2384 1203 2517 1258 dicit
2549 1223 2561 1257 :
2600 1202 2665 1257 At
2696 1204 2823 1258 urbe
2867 1213 3079 1260 murata
3131 1224 3284 1277 usque
3327 1209 3389 1262 ad
3427 1209 3585 1275 villam,
3614 1233 3683 1285 qua

2223 1307 2336 1352 erat
2363 1298 2556 1368 absque
2602 1314 2771 1360 muro,
2807 1307 2854 1351 et
2902 1315 3068 1367 usque
3095 1299 3162 1353 ad
3198 1300 3318 1353 Abel
3345 1317 3685 1375 magnum,srpa

2223 1408 2375 1465 quem
2401 1399 2689 1461 posuerunt
2736 1406 2916 1444 arcam
2964 1388 3194 1445 Domini.
3236 1392 3443 1463 Propter
3480 1397 3588 1463 quod
3609 1397 3683 1449 dicit

2222 1483 2351 1539 Abel
2372 1500 2618 1555 magnum
2646 1484 2673 1537 ἓν
2692 1482 2761 1537 Et
2792 1483 3018 1552 reliqua.
3072 1483 3376 1540 indicantur
3428 1486 3503 1541 hic
3519 1487 3685 1543 versiculi

2223 1577 2308 1643 15,
2344 1585 2401 1631 et
2434 1578 2827 1647 subsequentes
2866 1590 3039 1646 usque
3089 1574 3159 1630 ad
3188 1575 3252 1631 18
3278 1575 3359 1648 (eo
3382 1580 3682 1643 comprehensi,

2222 1662 2514 1742 capitis'6.)

2296 1758 2382 1815 12.
2425 1760 2605 1827 Quare
2631 1760 2696 1816 de
2727 1758 2946 1816 Samuel
2999 1759 3277 1827 scribitur,
3315 1761 3445 1831 quod
3462 1760 3684 1832 iudicaverit

524 1852 664 1914 rium
693 1860 801 1930 regi
819 1876 940 1925 suo,
980 1865 1031 1911 et
1058 1854 1363 1912 sublimabit
1412 1866 1576 1907 cornu
1605 1847 1802 1905 Christi
1832 1849 1934 1903 sui.
1979 1847 2111 1918 Cap.
2143 1840 2193 1901 B
2222 1849 2394 1905 Israel
2442 1852 2645 1905 cunctis
2709 1851 2890 1906 diebus
2942 1852 3062 1906 vita:
3112 1868 3242 1918 sure,
3303 1868 3414 1907 cum
3448 1854 3492 1906 in
3523 1855 3603 1907 vita
3628 1870 3683 1908 sua

523 1955 656 2039 2.1,
690 1971 864 2028 usque
901 1955 969 2011 ad
1003 1954 1089 2009 11.

593 2037 650 2102 4.
692 2045 912 2103 Samuel
943 2054 1119 2100 autem
1153 2042 1486 2098 ministrabat
1536 2048 1657 2095 ante
1691 2039 1883 2111 faciem
1902 2037 2115 2091 Domini

521 2154 654 2210 puer
705 2138 970 2194 accinctus
1026 2137 1177 2206 ephot
1236 2135 1285 2186 ιι.
1338 2131 1479 2203 quod
1526 2139 1643 2185 erat
1698 2128 1892 2199 epliot,
1943 2142 2115 2197 usque

522 2230 652 2289 dum
689 2229 821 2286 dicit
863 2248 876 2283 :
912 2227 1154 2283 abierunt
1176 2225 1232 2280 in
1258 2224 1431 2278 locum
1455 2238 1631 2277 suum.
1661 2221 1715 2275 ἓ.
1762 2219 1851 2285 18,
1888 2219 1974 2285 19,
2021 2217 2109 2273 20.

594 2323 649 2379 5.
695 2321 937 2377 Visitavit
983 2338 1103 2392 ergo
1150 2318 1407 2374 Dominus
1443 2315 1669 2381 Annam,
1717 2323 1765 2368 et
1796 2313 2031 2382 concepit
2062 2323 2114 2365 et

518 2412 719 2486 peperit
762 2421 865 2468 tres
892 2410 1054 2483 ﬁlios,
1084 2421 1133 2465 et
1152 2411 1286 2464 duas
1324 2407 1465 2478 ﬁlias
1494 2424 1511 2461 :
1546 2406 1789 2477 (Ibidem.
1822 2420 1874 2457 v.
1903 2402 2015 2474 21.)
2044 2396 2115 2455 Et

517 2506 636 2577 ipsa
669 2518 833 2577 supra
866 2504 1200 2575 prophetans
1236 2501 1407 2556 dicit:
1440 2497 1648 2555 Steﬁlis
1699 2496 1897 2567 peperit
1945 2491 2110 2565 pluri-

515 2612 650 2651 mos.
703 2596 780 2669 (ν.
809 2592 887 2669 5.)
916 2593 1060 2650 Alibi
1087 2593 1300 2667 peperit
1340 2599 1535 2663 septem
1577 2601 1625 2642 ο.
1666 2586 1809 2656 Quid
1863 2585 1966 2641 sibi
1995 2585 2112 2640 vult

515 2686 678 2744 hoc?
797 2684 809 2695 “

588 2778 643 2833 6.
684 2777 794 2834 Cur
821 2778 1022 2832 dicitur
1046 2792 1144 2847 per
1173 2777 1350 2830 virum
1374 2774 1472 2830 Dei
1501 2775 1571 2831 ad
1607 2771 1729 2831 Heli
1760 2789 1775 2828 :
1809 2770 1987 2839 Quare
2016 2770 2109 2825 ab-

506 2869 689 2942 jecisti
714 2884 943 2923 munera
968 2884 1102 2933 mea,
1132 2878 1179 2921 et
1229 2867 1492 2921 victimam
1538 2881 1727 2929 meam,
1775 2879 1934 2934 quam
1972 2879 2109 2932 pra:-

517 2961 652 3031 cepi,
676 2966 734 3014 ut
776 2957 1035 3030 oﬁ'erretis
1066 2958 1123 3011 in
1175 2955 1388 3029 templo,
1420 2971 1589 3026 usque
1623 2953 1750 3008 dum
1790 2952 1961 3011 dicit:
2004 2950 2108 3018 Qui

517 3054 859 3108 contemnunt
887 3068 969 3106 me
1016 3061 1166 3106 erunt
1198 3048 1468 3121 ignobiles.
1496 3046 1699 3103 Ibidem
1729 3063 1781 3100 v.
1809 3042 1900 3111 29,
1931 3053 1985 3100 et
2014 3045 2102 3101 50.

516 3146 652 3222 (Sed
704 3162 829 3203 cum
878 3144 1061 3217 aliquo
1119 3144 1435 3201 discriminc
1488 3140 1718 3212 Vulgata
1770 3140 1849 3197 sic
1884 3141 2049 3195 vertit
2089 3155 2103 3194 :

2224 1946 2469 1999 amiserit
2498 1945 2863 2015 principatum
2889 1945 2915 1999 ?
2942 1943 3204 2017 (Consule
3229 1961 3364 2002 vers.
3397 1945 3470 2014 15,
3498 1956 3540 2002 et
3562 1950 3681 2003 subse-

2218 2045 2445 2106 quentcs
2483 2036 2677 2106 capitis
2705 2036 2784 2107 7.)

2292 2127 2377 2180 15.
2420 2127 2553 2181 Cum
2598 2128 2847 2183 unxisset
2878 2127 3098 2183 Samuel
3147 2128 3351 2184 Saulem
3378 2128 3425 2183 in
3475 2130 3681 2200 regem,ait

2218 2219 2285 2274 ad
2314 2233 2435 2273 cum
2468 2239 2479 2272 :
2514 2218 2647 2273 Cum
2676 2220 2868 2275 abieris
2897 2222 3059 2276 hodie
3083 2238 3115 2276 a
3150 2238 3229 2275 me
3257 2222 3465 2276 invenies
3485 2220 3682 2275 deorum:

2206 2310 2369 2382 jumta
2399 2309 2696 2381 sepulcrum
2729 2311 2951 2378 Rachel,
2982 2312 3043 2366 in
3073 2313 3267 2383 ﬁnibus
3291 2311 3534 2382 Benjamin
3556 2312 3594 2364 is
3622 2329 3681 2364 su-

2222 2406 2359 2461 ridie
2407 2407 2656 2462 salientes
2707 2424 2927 2479 magnas
2975 2406 3178 2479 foveas.
3220 2404 3291 2462 Et
3339 2407 3546 2461 liberabis
3582 2422 3680 2477 popa-

2215 2496 2324 2550 lum
2357 2498 2474 2567 ejus
2498 2497 2562 2551 de
2588 2514 2748 2552 manu
2773 2499 3118 2553 inimicorum
3146 2499 3277 2569 ejus.
3308 2515 3415 2569 cap.
3456 2497 3521 2551 10.
3549 2496 3586 2551 2.
3605 2493 3682 2564 (Sed

2214 2590 2445 2645 multum
2472 2591 2638 2645 distat
2671 2591 2874 2646 codicis
2900 2590 3067 2659 hujus
3095 2590 3447 2661 interpretatio
3469 2604 3493 2643 a
3517 2586 3677 2656 Vulgata.

2213 2694 2379 2749 quam
2404 2680 2657 2736 consulas
2684 2680 2857 2754 volo.)
2881 2680 2992 2736 Cur
3038 2679 3171 2737 Saul
3200 2681 3280 2738 bis
3302 2678 3532 2755 ungitur?
3551 2676 3599 2733 Et
3619 2676 3679 2731 lla-

2213 2770 2303 2825 vid
2333 2771 2535 2824 tertio?
2566 2771 2632 2825 Et
2658 2772 2883 2841 reliqua.

2285 2861 2371 2914 14.
2414 2861 2593 2927 Quare
2652 2862 2718 2917 de
2766 2861 2895 2917 Saul
2948 2863 3249 2919 scribitur:
3278 2863 3409 2933 ﬁlius
3454 2863 3573 2916 unius
3602 2855 3678 2911 anni

2211 2964 2324 3009 erat
2356 2952 2486 3009 Saul
2510 2971 2627 3009 cum
2685 2968 2909 3027 regnare
2958 2960 3221 3029 erupisset,
3250 2965 3296 3013 et
3317 2957 3494 3012 duobus
3511 2952 3675 3008 assim-

2211 3049 2388 3118 gnarit
2436 3063 2593 3118 super
2651 3044 2843 3116 Israel,
2891 3066 3011 3120 cap.
3060 3053 3147 3108 15.
3176 3052 3226 3106 1.
3258 3065 3374 3107 cum
3398 3062 3531 3121 supra
3548 3046 3680 3116 legatur

2212 3141 2356 3209 quod
2387 3143 2457 3197 ab
2504 3143 2733 3199 humero
2765 3150 2819 3198 et
2845 3132 3074 3200 sursum
3113 3146 3369 3200 emineret
3394 3143 3517 3200 omni
3541 3135 3671 3211 Mulo-

518 3240 697 3307 Quare
744 3238 886 3294 calce
937 3238 1202 3308 abjecistis
1255 3235 1518 3290 victimam
1568 3251 1757 3302 meam,
1791 3242 1839 3287 et
1884 3246 2102 3286 munera
2132 3222 2175 3283 C
2209 3244 2328 3302 cap.
2361 3232 2492 3309 9.

514 3348 654 3397 mea,
690 3342 809 3401 qua!
826 3331 1066 3399 prcecepi,
1094 3338 1150 3383 ut
1179 3329 1498 3398 efferrentur
1534 3327 1662 3399 etc.)

592 3422 644 3475 7.
687 3421 823 3476 Ecce
847 3421 956 3476 dies
991 3423 1224 3487 veniunt,
1253 3430 1301 3476 et
1331 3420 1614 3492 prrccidam
1642 3420 1910 3475 brachium
1932 3428 2098 3484 tuum,

516 3522 568 3569 et
600 3512 872 3567 brachium
906 3512 1094 3567 domus
1121 3513 1287 3585 patris
1318 3515 1417 3581 tui,
1440 3522 1497 3567 ut
1534 3529 1637 3568 non
1662 3515 1729 3568 sit
1754 3530 1911 3568 senex
1936 3515 1989 3568 in
2011 3514 2106 3568 do-

514 3618 604 3659 mo
632 3610 747 3657 tua.
774 3601 847 3657 Et
873 3601 1066 3658 videbis
1096 3600 1364 3659 Christum
1401 3604 1649 3659 (emulum
1703 3615 1852 3659 tuum
1896 3605 1952 3659 in
1982 3603 2104 3659 uni-

515 3693 680 3749 uersis
703 3694 967 3766 prosperis
1011 3691 1204 3763 Israel,
1241 3706 1417 3766 usque
1461 3698 1588 3752 dum
1631 3696 1762 3752 dicit
1793 3714 1806 3750 :
1837 3697 2105 3750 comedam

517 3784 807 3843 ὑπερπαίω
849 3787 1022 3859 panis.
1057 3787 1194 3844 Ibid.
1226 3804 1279 3844 ν.
1313 3791 1400 3845 51.
1459 3804 1631 3861 usque
1664 3790 1733 3845 ad
1764 3790 1926 3844 ﬁnem
1954 3782 2104 3859 capi-

516 3878 609 3935 tis.
640 3879 771 3953 (Sed
799 3876 1028 3954 Vulgata
1073 3898 1181 3938 non
1208 3883 1344 3938 nihil
1382 3883 1546 3940 distat
1577 3905 1589 3939 :
1622 3885 1786 3941 habet
1818 3885 1963 3941 enim
1996 3903 2008 3940 :
2034 3880 2106 3939 Et

515 3974 715 4030 uidebis
746 3976 994 4031 malum
1017 3986 1165 4032 tuum
1190 3978 1245 4032 in
1268 3978 1481 4050 templo,
1512 3979 1642 4051 etc.)

588 4067 642 4122 8.
684 4064 830 4121 Puer
855 4076 1029 4122 autem
1056 4067 1275 4124 Samuel
1301 4069 1635 4125 ministrabat
1671 4070 1900 4127 Domino
1924 4090 2105 4130 coram

525 4155 667 4223 Heli,
702 4157 1023 4228 usquedum
1056 4159 1189 4213 dicit
1218 4172 1233 4214 :
1269 4158 1378 4214 Nec
1400 4169 1604 4231 poterat
1632 4163 1807 4217 videre
1834 4162 2104 4221 lucernam

515 4248 639 4316 Dei,
678 4250 983 4321 priusquam
1021 4250 1428 4320 extingueretur,
1467 4261 1514 4305 et
1567 4250 1785 4307 Samuel
1814 4254 2106 4312 dormiebat

516 4340 576 4395 in
612 4338 803 4411 templo
846 4338 1081 4404 Domini,
1120 4338 1209 4393 ubi
1248 4349 1360 4393 erat
1386 4355 1533 4407 arca,
1574 4349 1677 4396 etc.
1715 4342 1842 4412 Cap.
1876 4342 1928 4397 5.
1960 4361 2009 4399 v.
2048 4348 2099 4413 1,

515 4445 693 4502 usque
725 4430 795 4485 ad
846 4430 1087 4486 tertium.
1139 4428 1276 4500 (lloc
1300 4445 1514 4500 quoque
1565 4435 1975 4502 comprehenso,
2009 4440 2104 4497 sed

516 4538 643 4579 cum
699 4524 1036 4605 discrimine,
1085 4524 1232 4594 quod
1279 4525 1334 4578 in
1368 4522 1595 4595 Vulgata
1634 4526 1750 4582 haec
1781 4528 2051 4584 habentur
2086 4550 2099 4587 :
2128 4576 2183 4643 Β

518 4634 610 4643 -.-ρ
634 4627 836 4643 --ι-η..ι
859 4618 1028 4643 ..ΣΔΑ..-
1056 4634 1069 4643 .
1109 4618 1318 4643 1..---..μ
1354 4617 1442 4643 Π-2
1515 4629 1784 4643 -..ι-,.------
1846 4625 1957 4643 A443,
1996 4642 2009 4643 γ

517 4634 610 4672 nec
633 4627 836 4689 poterat
858 4618 1069 4674 videre:
1104 4618 1319 4673 lucerna
1344 4617 1462 4685 Dei,
1508 4629 1785 4693 antequam
1835 4625 2106 4697 extingue-

517 4721 685 4778 retur,
711 4709 943 4767 Samuel.
969 4711 1103 4785 etc.)

592 4803 646 4858 9.
688 4802 827 4872 Quid
862 4803 1151 4874 signiﬁcat,
1188 4804 1334 4875 quod
1363 4820 1493 4861 arca
1517 4804 1612 4860 Dei
1639 4807 1900 4863 translata
1925 4823 1955 4863 a
1976 4808 2107 4864 Phi-

514 4894 729 4965 listacis,
756 4904 811 4951 et
835 4897 892 4953 in
933 4897 1134 4967 templo
1189 4896 1376 4970 Dagon
1409 4898 1612 4969 posita,
1654 4899 1823 4955 altera
1859 4900 1945 4956 die
1973 4908 2101 4957 ante

516 5000 706 5042 arcam
730 4984 829 5041 Dei
855 4988 1127 5042 invenitur
1151 4987 1354 5060 Dagon.
1400 4988 1577 5044 Tertia
1609 4990 1694 5044 die
1718 4998 1893 5061 caput,
1915 4999 1965 5045 et
1982 4990 2099 5061 pal-

515 5093 619 5134 mae
665 5076 780 5148 ejus
834 5077 955 5132 dum
1003 5078 1246 5133 abscissa:
1304 5089 1453 5135 erant
1504 5098 1661 5153 super
1685 5081 1864 5148 limen,
1907 5090 1961 5145 et
1984 5082 2099 5153 ipse

512 5180 731 5228 truncus
756 5183 1099 5227 remanserat.
1124 5173 1192 5228 Et
1215 5174 1440 5245 reliqua.
1458 5192 1576 5247 cap.
1592 5174 1762 5241 5.v.1,
1778 5176 1829 5231 9.
1849 5177 1901 5231 5.
1917 5176 2093 5232 4.et5.

514 5263 598 5338 (Si
620 5264 825 5323 clarius
852 5265 908 5321 id
919 5265 1003 5321 vis
1017 5280 1358 5336 expressum,
1387 5270 1466 5325 sic
1489 5271 1701 5341 corrige
1727 5288 1740 5323 :
1768 5282 1889 5325 ante
1916 5286 2095 5325 arcam

582 5411 613 5442 ι
650 5396 855 5458 Recole
877 5402 1280 5459 annotationem
1311 5403 1399 5458 11.

582 5470 612 5511 δ
650 5469 948 5544 ΕρΙιοᾳνει
987 5474 1192 5530 similes
1249 5488 1409 5530 voces
1462 5472 1624 5544 paulo
1652 5473 1813 5530 aliter
1854 5478 2095 5531 conscri-

510 5549 637 5613 ptas
682 5543 1006 5618 acAVulgata
1048 5547 1267 5618 habeat,
1307 5554 1361 5601 et
1411 5543 1675 5601 Hebraica
1710 5545 1891 5618 lingua
1928 5561 2095 5617 expo-

510 5623 648 5700 scat,
684 5614 910 5700 feler
938 5617 1388 5700 consuetudinem
1415 5631 1605 5700 earum
1633 5614 1932 5700 regionum,
1957 5614 2093 5689 quas

510 5684 795 5761 incolebat_
832 5687 1224 5761 Theuthmirus
1253 5701 1275 5761 ;_
1303 5698 1423 5761 aut,
1469 5688 1514 5743 si
1559 5688 1667 5761 vis,
1697 5684 1751 5761 in
1801 5684 2093 5745 amanuen-

511 5772 625 5811 sem
653 5774 665 5811 :
699 5757 894 5828 solent
933 5760 1076 5813 enim
1112 5757 1280 5828 [quod
1322 5758 1524 5815 dudum
1552 5759 1727 5815 critici
1751 5760 2095 5828 animadver-

511 5827 714 5898 terunt]
752 5828 987 5898 imperiti
1040 5826 1416 5893 anianuenses,
1455 5829 1492 5881 ii
1520 5826 1843 5897 praesertim,
1893 5832 1986 5900 qui
2023 5844 2090 5886 ex

2279 3325 2365 3379 15.
2431 3325 2542 3382 Cur
2573 3327 2630 3381 in
2689 3329 2879 3383 eodem
2931 3329 3080 3387 libro
3140 3331 3420 3388 scribitur:
3457 3320 3682 3394 Quodlibet

2207 3421 2467 3491 ferrarius
2520 3438 2623 3475 non
2680 3423 3053 3477 inveniebatur
3092 3426 3149 3480 in
3186 3434 3293 3479 tota
3336 3433 3460 3478 terra
3492 3412 3679 3476 limit“

2204 3514 2345 3584 quod
2394 3523 2620 3568 retunsa:
2672 3524 2823 3569 erant
2877 3518 3015 3571 acies
3074 3533 3332 3573 vomerum
3381 3524 3423 3568 et
3455 3508 3684 3581 ligasti.“

2207 3608 2515 3662 tridentium
2546 3616 2595 3661 et
2648 3611 2940 3674 securium,
2968 3626 3141 3682 usque
3163 3608 3231 3664 ad
3255 3605 3497 3664 stimulum
3516 3594 3683 3665 eorum

2205 3704 2352 3757 dum.
2385 3704 2453 3757 Et
2489 3704 2715 3777 reliqua.
2751 3706 2835 3759 15.
2867 3704 2954 3759 20.
2983 3704 3079 3759 21.
3118 3705 3271 3761 Unde
3296 3704 3402 3758 brec
3436 3699 3531 3752 sine
3557 3685 3683 3777 labri)?

2280 3794 2363 3848 16.
2408 3784 2588 3860 Quare
2618 3776 2687 3850 de
2711 3790 2982 3851 Jonathan
3021 3796 3286 3851 scribitur
3314 3813 3325 3848 :
3354 3789 3479 3862 quod
3518 3776 3679 3839 utarde-

2207 3888 2275 3940 rit
2306 3904 2542 3952 manum,
2576 3897 2621 3941 et
2652 3887 2928 3942 intinxerit
2973 3889 3027 3941 in
3075 3889 3256 3960 favum
3292 3884 3462 3948 mellis,
3485 3882 3685 3951 quem!!!

2207 3979 2531 4042 comedisset,
2588 3978 2875 4033 illuminati
2907 3990 3027 4034 sunt
3063 3982 3205 4035 oculi
3244 3980 3371 4050 ejus.
3409 3963 3686 4031 14.210”

2206 4070 2366 4124 modo
2402 4070 2644 4137 intinxit,
2698 4070 2745 4125 si
2793 4086 2901 4125 non
2951 4072 3110 4127 vidit.
3153 4071 3212 4128 Si
3246 4070 3465 4134 videbat,
3506 4053 3687 4134 ᾳυοωοάθ

2208 4159 2540 4214 illuminatus
2566 4162 2689 4216 est?
2712 4161 2779 4216 Et
2806 4162 3032 4232 reliqua.
3126 4218 3135 4221 _

2282 4255 2365 4308 17.
2407 4254 2540 4309 Cum
2573 4256 2833 4311 Dominus
2880 4257 3126 4313 misisset
3155 4256 3284 4313 Saul
3311 4254 3689 4328 percutereptta‘

2206 4356 2368 4422 tores
2403 4348 2683 4416 Amelech,
2740 4364 2838 4405 cur
2869 4352 3119 4422 pepercit
3178 4350 3394 4412 Chineo,
3440 4345 3587 4400 dicens
3615 4338 3688 4406 P0“

2203 4421 2422 4509 pauca?
2461 4439 2538 4494 Tu
2567 4442 2705 4494 enim
2729 4441 2901 4511 fecisti
2946 4442 3363 4496 misericordiam
3411 4450 3511 4490 cum
3533 4424 3689 4484 omnibus

2206 4532 2331 4602 ﬁliis
2360 4532 2550 4597 Israel,
2587 4550 2703 4587 cum
2730 4534 3070 4589 accenderent
3097 4535 3163 4589 de
3190 4533 3432 4604 Αἶσωιιο.
3457 4519 3686 4617 Etrtlitll'"

2213 4623 2297 4679 15.
2361 4625 2433 4691 1.,
2484 4625 2535 4678 6.
2578 4624 2711 4691 Quis
2764 4633 2847 4680 est
2903 4626 2995 4681 hic
3032 4625 3275 4681 Chineus
3305 4625 3327 4679 ?
3361 4630 3412 4677 et
3456 4616 3533 4673 tibi
3566 4612 3692 4678 legitur

2209 4719 2349 4775 hanc
2381 4719 2809 4778 misericordiam
2844 4717 3041 4774 fecisse
3060 4720 3091 4772 ἵ

2281 4812 2365 4867 18.
2407 4810 2516 4867 Cur
2543 4810 2762 4868 Samuel
2799 4811 2936 4867 dixit
2961 4811 3113 4882 Agag
3165 4810 3324 4883 regi?
3361 4803 3538 4866 Siccine
3554 4792 3690 4864 δέρειν
3790 4792 3791 4859 ξ

2206 4922 2391 4963 amara
2422 4906 2614 4960 mors?
2654 4905 2835 4977 Usque
2890 4907 3018 4961 dum
3068 4907 3205 4967 dicit
3234 4906 3293 4960 in
3329 4905 3509 4973 frustra
3537 4882 3691 4949 ϐυθίων
3790 4902 3791 4977 Ῑ

2206 4998 2425 5055 Samuel
2454 4998 2601 5070 Agag
2623 5016 2801 5053 coram
2842 5000 3084 5054 Domino.
3120 5000 3209 5055 15.
3247 4999 3347 5054 δι’
3363 5003 3413 5052 et
3441 4992 3614 5053 subseq.

2278 5088 2364 5147 19.
2406 5089 2514 5146 Cur
2532 5090 2598 5145 de
2628 5091 2797 5149 David
2822 5092 3101 5158 scribitur,
3132 5092 3276 5163 quod
3303 5104 3367 5145 eo
3391 5092 3606 5153 tempore.
3625 5080 3691 5138 (ιυο

2204 5185 2417 5242 viderat
2450 5185 2580 5241 Saul
2610 5185 2777 5243 David
2809 5186 3183 5256 egredientem
3233 5192 3415 5246 contra
3454 5172 3689 5256 Phlusw

2204 5276 2282 5332 ait
2306 5277 2375 5332 ad
2424 5277 2608 5332 Abner
2652 5252 2954 5347 principem
2985 5274 3233 5331 militias:
3268 5274 3460 5343 nequ
3499 5252 3693 5330 “iam

2204 5412 2463 5467 dictantis
2510 5428 2641 5469 voce
2683 5414 3049 5477 conscribunt,
3082 5414 3157 5469 ad
3215 5427 3340 5466 eum
3385 5400 3692 5477 ιιιοάιιηιῖοθῖ⁵

2204 5484 2409 5555 scripto
2446 5486 2770 5553 exprimere,
2803 5500 2909 5554 quo
2954 5469 3052 5555 ipsi
3081 5483 3465 5553 pronuntiant:

2202 5540 2543 5627 tem‘litteras
2573 5566 2614 5621 t,
2644 5565 2700 5611 et
2725 5540 2769 5609 δ’
2798 5540 3106 5627 promiscue
3150 5561 3426 5624 usurpant,
3457 5552 3503 5601 et
3532 5540 3691 5595 ιιιετεω

2202 5625 2425 5681 alterius
2452 5627 2570 5682 loco
2592 5625 2867 5682 adhibent.

2276 5667 3023 5768 ξ’ἓῶέυυίιυέηᾶἤίᾶιὶοηθ
3054 5711 3201 5752 nona
3241 5694 3311 5751 ad
3359 5692 3614 5747 sermonem
3651 5667 3687 5726 θ’

2200 5767 2470 5840 Antipatri
2494 5767 2712 5824 tradidi.
