3940 6340
1034 337 1497 411 QUAESTIONES
1536 337 1688 397 XXX
1727 338 1954 397 SUPER
1990 340 2238 399 LIBROS
2276 338 2540 402 REGUM.

3339 351 3443 408 630

164 456 379 516 scendit
425 457 509 513 hic
555 455 878 523 adolescens,
927 454 1144 514 Abner?
1177 456 1245 513 Et
1279 456 1505 528 reliqua.
1562 456 1649 511 1'1.
1672 454 1761 511 65.
1792 458 1846 519 Α
1869 467 1919 512 et
1947 474 2064 511 cum
2100 459 2333 515 audieris
2358 462 2587 516 sonitum
2615 459 2904 532 gradientis
2931 465 2988 519 in
3012 466 3280 520 cacumine
3303 467 3445 536 piro-

165 553 315 611 Cum
341 566 505 624 supra
542 548 759 625 legatur
808 551 955 621 quod
1003 552 1240 621 armiger
1267 549 1397 605 Saui
1432 550 1624 605 fuisset
1650 547 1759 603 Da-

164 643 267 701 vid
299 648 479 708 antea,
509 650 566 697 et
593 642 858 698 citharam
913 643 970 697 in
998 647 1290 712 conspectu
1318 639 1435 711 ejus
1485 641 1757 711 percutie-

160 738 391 797 hat..Et
442 736 673 808 reliqua.
706 735 792 792 16.
819 735 934 804 21.,
963 732 1052 790 23.
1086 735 1153 790 Et
1186 748 1286 791 cur
1310 733 1527 790 Goliath
1552 733 1761 806 spurius

164 826 512 884 dicebatur?
540 825 629 882 17.
661 823 715 881 4.
746 825 837 882 23.
864 825 933 881 Et
960 824 1167 881 addidit
1209 825 1482 881 Jonathan
1514 823 1761 895 dejurare

162 920 366 977 David.
396 919 485 975 20.
518 919 606 976 17.

72 1022 77 1025 '
242 1015 335 1071 20.
376 1014 487 1070 Cur
510 1013 683 1070 David
709 1020 900 1070 contra
925 1013 1259 1069 Pbilistacum
1284 1028 1516 1086 pergens
1543 1012 1610 1067 ad
1626 1026 1763 1083 pra:-

162 1108 438 1173 liandum,
497 1122 647 1161 arma
678 1106 807 1162 Saul
857 1116 1078 1179 portare
1124 1106 1316 1172 noluit,
1376 1102 1470 1162 sed
1524 1106 1763 1177 quinque

164 1199 383 1271 lapides
409 1200 477 1256 de
533 1207 777 1256 torrente
807 1200 862 1255 in
910 1214 1040 1271 pera
1092 1201 1343 1271 sumpsit,
1372 1208 1556 1256 tamen
1591 1215 1761 1255 unum

162 1293 347 1351 solum
372 1293 620 1364 proiecit,
651 1301 706 1350 et
741 1292 1074 1350 Philistaaum
1106 1293 1417 1367 percussit?
1441 1295 1511 1351 Et
1530 1292 1758 1366 reliqua.

162 1384 257 1440 17.
297 1384 386 1441 59.
410 1384 484 1441 40
509 1391 566 1440 et
587 1384 678 1442 49.

238 1476 331 1531 21.
372 1476 555 1546 Quare
591 1474 721 1532 Sani
778 1476 954 1535 iratus
1003 1478 1143 1534 dixit
1165 1480 1232 1535 ad
1277 1476 1549 1535 Jonatban
1591 1478 1761 1535 lilium

160 1581 352 1623 suum.
384 1566 498 1622 Fili
545 1568 784 1625 mulieris
836 1570 1007 1625 virum
1036 1569 1177 1626 ultro
1206 1571 1460 1643 rapientis
1489 1572 1515 1625 .9
1542 1572 1631 1626 20.
1670 1570 1759 1626 50.

240 1661 334 1716 22.
374 1659 509 1718 Cum
538 1661 710 1717 David
752 1662 961 1735 fugeret
1013 1671 1139 1720 ante
1167 1662 1318 1731 Saul,
1360 1664 1507 1719 venit
1541 1665 1607 1718 ad
1633 1662 1763 1719 Abi-

160 1754 384 1811 melech
411 1757 465 1811 in
491 1753 660 1812 Nobe.
699 1754 767 1811 Et
798 1756 1008 1827 reliqua
1037 1770 1210 1829 usque
1250 1758 1377 1812 dum
1407 1756 1538 1812 dicit
1562 1773 1577 1810 :
1604 1773 1761 1827 porro

1864 568 2004 619 rum,
2038 560 2162 607 tunc
2186 554 2342 609 inibis
2370 553 2631 627 praelium,
2671 568 2841 626 usque
2877 556 3003 612 dum
3033 559 3165 614 dicit
3192 577 3207 613 :
3238 570 3285 613 et
3327 578 3446 632 per-

1864 645 2024 698 cussit
2055 642 2339 701 Phillstiim
2365 646 2429 702 de
2453 643 2636 702 Gabaa
2664 658 2829 720 usque
2876 646 3004 703 dum
3055 652 3233 705 venias
3266 649 3440 707 laser.

1864 735 1930 791 Et
1959 737 2181 808 reliqua.
2216 754 2269 793 v.
2310 738 2398 794 52.
2428 746 2533 797 etc.
3442 742 3445 743 7

1934 828 2023 884 52.
2064 828 2242 897 Quare
2276 832 2580 900 percutitur
2604 830 2737 899 Oza,
2787 833 2884 905 qui
2920 848 3087 887 manu
3144 835 3318 890 tenuit
3358 852 3448 891 ar-

1863 928 1985 976 cam
2032 919 2269 987 Domini,
2314 937 2383 977 ne
2431 918 2705 978 laberetur
2751 937 2782 979 e
2832 922 3077 994 plaustro
3108 927 3162 982 in
3221 936 3441 983 terram.

1864 1012 1934 1069 Et
1965 1013 2094 1085 quid
2146 1013 2413 1085 signiﬁcet
2468 1017 2731 1072 temeritas
2782 1018 2921 1090 ejus,
2968 1020 3053 1075 vel
3086 1020 3453 1078 recalcitratio

1864 1106 2101 1172 hohum,
2169 1107 2263 1178 qui
2325 1107 2615 1165 trahebant
2673 1124 2815 1166 eam.
2885 1110 2952 1167 Et
3017 1112 3246 1184 reliqua.
3287 1112 3342 1170 6.
3392 1114 3446 1171 6.

1865 1198 1917 1253 7.
1949 1208 2052 1255 etc.

1900 1290 2022 1345 .55.
2065 1289 2297 1363 Cumque
2319 1293 2567 1349 intrasset
2596 1312 2723 1351 arca
2758 1292 2975 1353 Domini
3001 1298 3058 1353 in
3106 1296 3315 1353 civitate
3339 1297 3453 1355 Da-

1863 1383 1969 1448 uid,
2004 1382 2202 1439 Michol
2229 1382 2345 1455 ﬁlia
2385 1381 2517 1440 Saul
2542 1388 2866 1459 prospiciens
2889 1404 2983 1459 per
3007 1387 3290 1459 fenestram
3321 1390 3454 1444 vidit

1863 1476 2037 1532 David
2084 1495 2257 1550 regem
2307 1476 2684 1548 subsilientem,
2741 1489 2898 1553 atque
2953 1480 3232 1537 saltantem
3275 1494 3452 1537 coram

1864 1570 2116 1637 Domino,
2153 1581 2201 1626 et
2241 1571 2474 1643 despexit
2516 1588 2635 1628 eum
2676 1574 2733 1628 in
2761 1573 2919 1629 corde
2968 1589 3085 1639 suo,
3117 1588 3289 1643 usque
3324 1573 3453 1629 dum

1864 1661 2044 1716 dicit:
2081 1661 2192 1717 Ero
2234 1661 2451 1718 humilis
2486 1664 2542 1719 in
2591 1663 2758 1719 oculis
2813 1666 2960 1720 meis.
3002 1664 3087 1721 Et
3135 1665 3364 1737 reliqua.
3396 1664 3452 1723 6.

1866 1751 1953 1806 16.
1987 1768 2158 1823 usque
2190 1755 2258 1810 ad
2283 1754 2372 1808 22.
2424 1756 2750 1812 versiculum
2778 1754 2865 1829 (eo
2891 1759 3333 1831 comprehenso.)

159 1848 257 1902 uia
288 1848 402 1902 hare
426 1846 633 1923 polluta
654 1847 869 1903 est.21.
908 1822 957 1903 ἱ.
987 1848 1040 1904 5.
1073 1822 1228 1906 Unde
1255 1855 1373 1904 erat
1414 1822 1668 1919 polluta?
1696 1848 1765 1904 Et
1791 1822 1839 1892 Β
1938 1845 2027 1900 54.
2065 1822 2178 1901 Cur
2204 1846 2418 1903 Natban
2447 1848 2586 1903 dixit
2624 1849 2692 1904 ad
2716 1822 2906 1918 mea,
2956 1822 3336 1908 ut-aediﬁcare't
3362 1852 3460 1909 do-

164 1939 435 1995 additur:
470 1939 626 1995 hodie
662 1940 1086 2011 sanctiﬁcabitur
1106 1942 1163 1996 in
1183 1941 1325 1996 casis
1351 1942 1500 1995 meis.
1534 1956 1588 1995 v.
1627 1938 1681 1995 ὕ.

236 2032 330 2089 23.
373 2033 453 2089 De
489 2032 639 2090 Cella
692 2033 933 2102 civitate,
996 2048 1157 2106 quam
1217 2035 1548 2106 oppugnavit
1595 2033 1766 2091 David

161 2125 216 2183 sl
248 2126 395 2183 aliud
422 2140 621 2183 nomen
659 2126 961 2197 habuisset,
995 2145 1066 2185 an
1091 2144 1219 2185 non.
1249 2129 1384 2185 Cum
1424 2126 1650 2184 minime
1677 2143 1765 2184 re-

162 2220 287 2277 colo
320 2222 467 2291 quod
504 2221 571 2278 de
600 2222 704 2277 hac
763 2223 986 2279 civitate
1038 2222 1371 2279 mentionem
1419 2222 1586 2278 faciat
1618 2216 1765 2277 Scri-

159 2320 350 2384 ptura,
416 2311 523 2368 nisi
571 2312 629 2369 in
676 2314 960 2385 propheta,
1022 2315 1115 2370 ubi
1169 2314 1415 2386 legitur:
1457 2312 1550 2369 Vte
1594 2310 1759 2377 Ceila,

160 2404 319 2460 Ceila
347 2407 552 2475 civitas,
582 2420 741 2479 quam
773 2412 1089 2482 oppugnavit
1119 2408 1312 2465 David.

107 2562 114 2568 ,
236 2497 329 2554 24.
370 2499 655 2567 Quomodo
676 2499 1089 2573 intelligendum
1120 2510 1206 2559 est
1251 2503 1317 2558 de
1351 2500 1501 2568 Saul,
1535 2502 1764 2573 quodin

161 2592 429 2649 extremis
459 2593 796 2650 consuluerit
815 2596 1193 2666 pythonissam
1223 2595 1247 2651 l
1277 2596 1344 2652 Et
1374 2595 1592 2668 legitur,
1619 2596 1765 2673 quod

163 2687 515 2743 suscitaverit
540 2686 592 2744 ei
624 2686 866 2757 Samuel,
920 2699 977 2747 et
1005 2690 1209 2746 dixerit
1252 2690 1304 2745 ei
1349 2688 1589 2745 Samuel.
1629 2688 1764 2744 Cras

162 2788 226 2835 tu
255 2790 305 2836 et
345 2780 449 2852 ﬁlii
483 2782 561 2837 tui
593 2799 795 2838 mecum
833 2784 979 2841 eritis
1010 2798 1028 2837 :
1056 2784 1116 2842 Si
1160 2784 1315 2856 juxta
1346 2784 1581 2840 litteram
1616 2790 1764 2839 stare

158 2880 367 2944 potest,
433 2881 496 2929 ut
566 2872 787 2931 Samuel
852 2877 1148 2933 suscitaret
1205 2874 1545 2948 pythonissa.
1587 2875 1676 2932 28.
1706 2874 1759 2929 7.

161 2972 225 3018 et
264 2979 421 3037 seqq.

237 3055 330 3111 25.
370 3056 484 3113 Cur
526 3056 732 3116 Gelboe
779 3069 993 3117 montes
1047 3074 1078 3115 a
1126 3054 1301 3116 David
1368 3059 1765 3117 maledicantur

163 3146 227 3202 in
251 3155 428 3204 morte
454 3147 605 3217 Saul,
641 3158 696 3208 et
720 3151 957 3207 ﬁliorum
1008 3151 1170 3224 ejus?
1219 3152 1282 3208 ll.
1329 3152 1462 3224 Reg.
1498 3152 1548 3206 1.
1579 3150 1668 3207 21.
1705 3150 1764 3207 Si

157 3240 327 3310 juxta
352 3240 589 3298 litteram
618 3251 763 3300 stare
790 3244 983 3316 possit.

246 3330 338 3387 20.
379 3332 659 3401 Quomodo
704 3337 1112 3409 intelligendum
1162 3344 1246 3393 est
1283 3340 1386 3393 hoc
1414 3336 1558 3409 quod
1590 3336 1763 3392 David

164 3424 437 3497 plangens
484 3426 689 3495 Abner,
739 3430 1176 3501 maledicensque
1232 3428 1389 3498 Joab,
1418 3430 1596 3485 dixit:
1639 3428 1765 3485 Non

164 3514 387 3585 deﬁciat
414 3516 479 3573 de
512 3519 667 3574 domo
703 3518 841 3576 Joab
872 3523 1076 3592 ﬂuxum
1131 3524 1345 3578 seminis
1401 3524 1685 3590 sustinens,
1715 3529 1767 3577 et

165 3606 411 3679 leprosus
436 3625 455 3664 :
485 3619 663 3668 tenens
714 3613 911 3683 fusum,
939 3623 989 3670 et
1036 3615 1230 3670 cadens
1274 3614 1474 3687 gladio,
1518 3616 1763 3689 indigens

164 3716 327 3770 pane.
358 3701 423 3757 Il.
451 3702 505 3758 5.
527 3702 618 3760 29.
669 3704 737 3760 Et
763 3705 992 3777 reliqua.

245 3796 337 3852 27.
378 3798 519 3866 Quid
544 3799 822 3871 signiﬁcat
846 3800 987 3872 quod
1044 3802 1145 3873 ﬁlii
1175 3800 1431 3859 Remmon
1456 3801 1763 3869 Berothitte,

168 3882 384 3943 Rechab
410 3897 460 3944 et
485 3889 711 3946 Baanna
754 3893 976 3963 ingressi
1026 3903 1147 3948 sunt
1184 3895 1411 3965 fervente
1440 3894 1524 3949 die
1552 3894 1765 3949 domum

170 3977 441 4048 Isboseth,
484 3982 575 4052 qui
599 3981 893 4038 dormiebat
931 4000 1091 4056 super
1140 3993 1367 4040 stratum
1416 4001 1571 4042 suum
1601 3986 1767 4040 meri-

170 4064 283 4138 die,
335 4086 506 4143 usque
556 4074 686 4129 dum
724 4074 858 4131 dicit
890 4092 902 4128 :
932 4076 1179 4146 prwcepit
1230 4076 1403 4132 David
1436 4078 1612 4149 pueris
1660 4077 1769 4131 suis

169 4160 473 4232 interﬁcere
499 4177 623 4220 eos:
653 4174 810 4236 caput
832 4174 1007 4221 autem
1042 4166 1280 4223 Isboseth
1328 4167 1580 4235 tulerunt,
1605 4178 1655 4223 et
1683 4186 1769 4223 se-

170 4252 438 4325 pelierunt
488 4255 545 4310 in
610 4255 848 4328 sepulcro
911 4256 1087 4314 Abner
1149 4259 1208 4315 in
1248 4258 1447 4315 Ebron.
1489 4259 1550 4316 II.
1607 4261 1659 4315 4.
1714 4260 1767 4316 5.

171 4345 251 4403 Et
270 4347 499 4418 reliqua.

252 4439 345 4495 28.
384 4439 454 4496 Et
482 4440 609 4498 abiit
647 4440 846 4509 Dauid,
879 4451 930 4498 et
953 4459 1133 4498 omnes
1178 4444 1300 4509 uiri,
1328 4445 1419 4515 qui
1452 4452 1603 4499 erant
1653 4460 1773 4497 cum

174 4551 243 4590 eo
268 4535 329 4589 in
356 4533 657 4617 Jerusalem
693 4535 762 4590 ad
790 4533 1131 4589 Hicbusteum
1177 4535 1523 4591 habitatorem
1572 4545 1726 4590 terra:
1749 4551 1768 4590 :

172 4624 384 4681 dictum
412 4634 487 4683 est
514 4625 689 4683 David
718 4626 783 4683 ab
818 4627 892 4682 eis
914 4643 1020 4683 non
1042 4626 1351 4698 ingredieris
1379 4628 1507 4693 huc,
1530 4626 1631 4682 nisi
1651 4627 1770 4681 abs-

175 4717 369 4776 tuleris
425 4736 593 4777 etecos
611 4728 661 4774 et
722 4718 941 4775 claudos
987 4710 1216 4775 dicentes
1243 4733 1262 4771 :
1293 4735 1398 4775 non
1451 4719 1773 4790 ingredietur

174 4812 360 4870 David
386 4813 508 4873 huc.
537 4812 607 4868 Et
628 4812 855 4883 reliqua.
883 4811 948 4869 Il.
986 4813 1040 4868 5.
1079 4813 1130 4869 6.
1155 4798 1267 4869 etcf

250 4909 343 4964 29.
384 4907 549 4980 Carpit
573 4917 747 4962 autent
776 4906 946 4961 David
976 4923 1150 4961 arcem
1172 4905 1302 4962 Sion
1329 4920 1345 4959 :
1372 4906 1483 4962 lure
1528 4917 1604 4962 est
1640 4908 1765 4962 civi-

173 5014 263 5061 tas
294 5001 488 5058 Dauid.
521 5000 662 5068 Quid
698 5009 772 5055 est
796 5000 1017 5055 arcem?

251 5094 345 5150 50.
388 5091 784 5165 Propasuerunt
834 5093 972 5147 enim
1000 5093 1057 5149 in
1103 5092 1189 5148 die
1225 5091 1320 5148 illa
1345 5093 1642 5164 prtemium,
1678 5092 1770 5162 qui

171 5188 519 5259 percussisset
551 5184 913 5251 Hiebusteum,
972 5195 1020 5239 et
1061 5174 1634 5256 tetigisset‘domatum
1684 5185 1771 5254 fu-

173 5278 379 5336 sculas.
432 5278 735 5351 (legendum
776 5285 839 5332 ut
875 5276 1112 5331 arbitror
1147 5283 1231 5333 est
1281 5291 1404 5333 cum
1435 5273 1661 5343 Vulgata
1698 5275 1768 5343 ﬁ-

172 5371 375 5437 stulas,
404 5381 453 5429 et
476 5369 775 5431 abstulisset
805 5368 1045 5433 claudos,
1084 5378 1130 5424 et
1177 5384 1341 5427 cwcos
1383 5366 1613 5421 odientes
1654 5366 1797 5430 ani-x

174 5482 326 5523 mam
364 5463 559 5531 David,
588 5477 759 5535 usque
785 5463 912 5518 dum
943 5462 1075 5517 dicit
1101 5480 1114 5516 :
1146 5460 1404 5519 Dominus
1441 5458 1763 5515 exercituum

172 5568 294 5617 erat
322 5575 444 5613 cum
469 5555 575 5630 eo.)
600 5557 694 5613 lbi.
724 5571 777 5615 v.
810 5556 863 5611 7.
893 5563 949 5612 et
977 5570 1127 5625 seqq.

253 5651 347 5706 51.
387 5648 523 5705 Cum
548 5648 778 5721 quadam
801 5649 911 5704 vice
934 5649 1189 5704 uenissent
1238 5645 1527 5703 Philistiim
1576 5653 1763 5700 contra

172 5741 360 5807 Dauid
385 5743 443 5796 in
464 5739 601 5797 ualle
630 5740 908 5811 Raphaim,
933 5750 981 5795 et
1007 5757 1117 5811 ipse
1166 5740 1426 5797 consuluit
1460 5738 1758 5795 Dominum.

175 5833 288 5901 Cui
318 5832 582 5907 respondit
616 5832 893 5897 Dominus.
940 5830 1072 5925 (lira
1120 5843 1235 5903 post
1275 5842 1479 5904 tergum
1504 5831 1762 5902 pirorum,

1791 3192 1839 3261 ί]

1866 1952 2015 1995 mum
2044 1939 2278 2006 Domini,
2311 1950 2366 1997 et
2392 1949 2581 2013 postea
2607 1943 2888 2014 prohibuit
2934 1960 3079 1999 eam.
3112 1940 3181 2000 Et
3225 1944 3457 2019 reliqua,

1865 2044 2041 2101 usque
2072 2031 2199 2087 dum
2249 2033 2424 2088 dicit:
2457 2033 2745 2089 secundum
2798 2036 2975 2090 omnia
3024 2037 3176 2092 verba
3221 2037 3353 2092 lucc.
3388 2034 3459 2095 Et

1865 2134 1989 2196 post
2044 2141 2236 2205 pauca.
2273 2125 2364 2182 Sic
2405 2125 2611 2182 locutus
2667 2136 2743 2182 est
2794 2127 3015 2183 Nathan
3054 2129 3125 2183 ad
3170 2128 3360 2185 David.
3394 2128 3464 2186 Et

1867 2215 2095 2287 reliqua.
2130 2216 2181 2270 7.
2211 2218 2263 2273 5.
2290 2228 2393 2273 etc.

1936 2310 2027 2366 35.
2065 2310 2196 2365 Post
2233 2311 2345 2365 lucc
2370 2310 2626 2382 percussit
2676 2310 2848 2365 David
2873 2308 3182 2375 Philistiim,
3219 2319 3266 2365 et
3291 2309 3465 2364 humi-s

1866 2402 2014 2459 liavit
2039 2419 2150 2469 eos,
2179 2413 2227 2458 et
2249 2403 2369 2457 tulit
2410 2404 2615 2474 frenum
2639 2403 2820 2458 tributi
2846 2403 2911 2457 de
2957 2418 3119 2457 manu
3150 2398 3462 2467 Philistiim,

1865 2507 1916 2553 et
1943 2501 2197 2571 percussit
2228 2496 2386 2554 Moab
2412 2509 2460 2554 et
2484 2516 2694 2554 mensus
2718 2507 2793 2553 est
2819 2515 2907 2553 eos
2928 2494 3167 2568 funiculo
3186 2506 3465 2567 cowquant

1867 2598 2041 2656 terrte,
2075 2598 2130 2646 et
2166 2588 2393 2661 reliqua.
2422 2591 2474 2646 8.
2508 2589 2558 2643 1.
2595 2590 2650 2644 2.
2693 2591 2827 2643 etc.’

1935 2682 2022 2737 56.
2063 2682 2201 2737 Joab
2229 2691 2404 2737 autem
2454 2680 2597 2750 ﬁlius
2649 2680 2853 2737 Sat-uite
2896 2682 3011 2735 erat
3064 2694 3224 2751 super
3257 2680 3460 2736 exerci-

1866 2784 1976 2829 tum
2007 2787 2025 2827 :
2054 2790 2212 2846 porro
2256 2772 2513 2844 .losaphat
2559 2772 2704 2843 ﬁlius
2742 2772 2941 2827 Ahilud
2965 2788 2999 2828 α
3050 2770 3460 2827 commentariis.

1866 2866 1937 2922 Et
1965 2864 2173 2922 Sadoch
2200 2866 2345 2936 ﬁlius
2376 2867 2616 2932 Achitob,
2649 2875 2697 2921 et
2744 2862 3073 2920 Achimelech
3108 2863 3253 2934 ﬁlius
3298 2864 3463 2918 Abin-

1866 2960 1988 3015 thar
2034 2959 2354 3025 sacerdotes,
2405 2967 2455 3013 et
2496 2956 2739 3029 Sarajas,
2794 2957 2986 3013 scriba.
3031 2954 3271 3026 Banajas
3318 2953 3467 3023 ﬁlius

1865 3051 2077 3123 Jojada:
2104 3069 2261 3123 super
2283 3050 2491 3107 Cerethi
2514 3060 2561 3105 et
2599 3048 2839 3106 Phelethi
2862 3063 2883 3101 :
2932 3047 3033 3119 ﬁlii
3079 3052 3256 3102 autem
3286 3044 3467 3101 David

1866 3143 2162 3199 sacerdotes
2205 3151 2376 3198 erant.
2403 3144 2455 3199 8.
2494 3142 2747 3208 16.,17.,
2785 3138 2871 3197 18.
2898 3140 3001 3207 Qui
3052 3148 3210 3196 erant
3254 3138 3463 3218 Celothi

1870 3245 1924 3293 et
1944 3236 2239 3293 Phelcthi?
2266 3236 2362 3293 Vel
2388 3235 2485 3291 ﬁlii
2515 3234 2684 3291 David
2725 3235 2998 3305 quomodo
3028 3242 3186 3289 erant
3217 3235 3464 3291 sacerdo-

1870 3341 1970 3399 tes,
2000 3348 2125 3389 cum
2145 3348 2251 3387 non
2279 3341 2462 3387 essent
2489 3331 2556 3386 de
2584 3330 2728 3387 tribu
2756 3328 2928 3385 Levi?
2956 3330 3026 3386 Et
3046 3330 3276 3401 reliqua.

1940 3424 2026 3481 57.
2060 3424 2170 3481 Cur
2193 3424 2259 3480 de
2286 3424 2522 3480 Ahsaion
2561 3422 2838 3489 scribitur,
2894 3423 3037 3493 quod
3090 3430 3329 3477 erexerat
3365 3418 3468 3476 sibi

1870 3515 2106 3583 titulum,
2148 3516 2327 3572 dicens
2360 3534 2463 3571 non
2492 3515 2656 3570 habeo
2687 3514 2877 3586 ﬁlium.
2913 3515 2999 3571 18.
3032 3514 3119 3571 18.
3150 3528 3272 3569 cum
3297 3514 3352 3568 in
3372 3527 3466 3567 eo-

1870 3613 1996 3669 dem
2018 3613 2157 3669 libro
2185 3628 2349 3684 supra
2376 3614 2638 3682 scriptum
2687 3612 2777 3676 sit,
2826 3612 2971 3682 quod
3006 3610 3245 3667 habuerit
3271 3620 3376 3666 tres
3400 3608 3466 3679 ﬁ-

1870 3704 1993 3771 lios,
2018 3716 2066 3759 et
2096 3723 2255 3761 unam
2292 3704 2461 3775 ﬁliam
2489 3705 2697 3759 nomine
2727 3702 2963 3757 Thamar
2992 3700 3215 3764 eleganti
3249 3699 3469 3772 forma?

1868 3796 1938 3853 Et
1966 3796 2191 3868 reliqua.
2228 3795 2314 3851 M.
2337 3796 2425 3850 27.

1943 3888 2029 3943 58.
2070 3888 2249 3957 Quare
2304 3895 2484 3941 autem
2533 3886 2675 3942 inter
2731 3900 3019 3941 numerum
3047 3882 3267 3938 fortium
3294 3874 3468 3939 David

1871 3980 2144 4036 scribatur
2161 3978 2227 4034 de
2252 3994 2361 4034 uno
2392 3976 2631 4047 quolibet
2661 3992 2870 4043 eorum,
2894 3979 3030 4041 haec,
3061 3973 3147 4030 vel
3176 3973 3283 4029 alia
3308 3973 3458 4040 fecit,

1873 4069 1966 4123 sed
1991 4083 2155 4141 usque
2180 4067 2249 4122 ad
2273 4076 2378 4122 tres
2405 4084 2508 4121 non
2540 4068 2791 4139 pervenit.
2828 4067 2929 4135 Qui
2987 4064 3190 4121 fuerint
3216 4063 3273 4120 hi
3300 4064 3464 4121 tres?

1873 4165 1968 4214 aut
2001 4173 2101 4213 cur
2122 4159 2226 4215 hoc
2252 4159 2557 4214 scribitur?
2594 4157 2683 4213 25.
2716 4157 2803 4213 19.
2837 4164 2942 4213 etc.

1946 4251 2033 4308 59.
2072 4252 2251 4319 Quare
2282 4251 2532 4323 culpatur
2567 4248 2736 4305 David
2765 4265 2863 4321 per
2897 4250 3330 4306 numerationem
3360 4263 3462 4320 po-

1870 4344 2003 4417 puli.
2035 4344 2100 4399 Il.
2131 4345 2263 4416 Reg.
2294 4344 2383 4398 24.
2420 4344 2470 4397 1.
2503 4343 2637 4399 Cum
2666 4340 2945 4413 Josaphat,
2991 4342 3279 4412 caeterique
3304 4352 3466 4412 reges

1871 4436 2128 4508 populum
2160 4435 2585 4501 numeraverint,
2617 4441 2673 4490 et
2719 4432 3089 4505 inculpabiles,
3121 4440 3177 4489 et
3199 4432 3319 4489 sine
3341 4433 3461 4487 vin-

1874 4528 2020 4583 dicta
2066 4528 2510 4597 permanserint?
2536 4535 2591 4583 et
2616 4534 2809 4583 caetera
2859 4542 3029 4597 usque
3054 4527 3109 4581 in
3152 4525 3335 4583 ﬁnem.
3367 4524 3457 4582 Ν.
3550 4520 3561 4531 ’

1873 4622 2007 4692 Reg.
2038 4622 2090 4676 5.
2123 4621 2174 4676 6.
2207 4619 2463 4693 (Atquod
2490 4621 2579 4676 hic
2606 4621 2673 4675 de
2702 4618 2964 4691 Josaphat
3014 4618 3232 4683 dicitur,
3281 4617 3349 4672 de
3374 4614 3462 4673 io-

1872 4733 2010 4783 ram,
2041 4732 2165 4772 cum
2207 4731 2315 4787 quo
2367 4716 2542 4772 foedus
2591 4716 2789 4771 inierat
2834 4712 3115 4782 Josaphat,
3170 4710 3457 4767 dicendum

1873 4819 1977 4867 est.
2020 4809 2146 4866 Haec
2179 4810 2342 4865 habet
2398 4808 2721 4882 Scriptura:
2756 4807 3010 4878 Egressus
3050 4813 3128 4860 est
3153 4804 3320 4875 igitur
3364 4821 3459 4861 rea:

1875 4904 2063 4958 Joram
2087 4904 2143 4957 in
2165 4902 2249 4956 die
2284 4900 2378 4956 illa
2406 4902 2471 4956 de
2507 4898 2772 4966 Samaria,
2800 4908 2849 4953 et
2873 4896 3131 4953 recensuit
3157 4898 3456 4954 uniuersam

1794 4992 1796 4994 ’
1880 4995 2071 5061 Israel,
2104 4996 2347 5067 misitque
2384 4995 2453 5049 ad
2479 4994 2736 5065 Josaphat
2772 5002 2878 5048 etc.
2919 4992 3003 5048 Ab
3027 4992 3246 5049 Amasis
3273 5000 3456 5049 tamen

1869 5105 1997 5159 rege
2024 5088 2175 5144 Judze
2203 5088 2426 5143 minime
2468 5087 2633 5153 malo,
2662 5085 2963 5142 recensitos
2991 5083 3162 5143 fuisse
3186 5086 3453 5154 subditos,

1872 5182 2130 5238 discimus
2151 5195 2219 5237 ex
2246 5181 2309 5236 ll.
2333 5180 2511 5236 Paral.
2543 5179 2633 5234 21.
2659 5179 2713 5235 ὅ.

1940 5275 2030 5330 i0.
2063 5274 2172 5331 Cur
2197 5276 2265 5331 de
2294 5273 2464 5329 David
2517 5273 2778 5343 scriptum
2831 5279 2932 5337 est,
2990 5272 3137 5343 quod
3185 5281 3453 5337 assuerat,

1872 5384 1996 5425 cum
2019 5368 2357 5439 septuaginta
2384 5381 2488 5421 non
2519 5376 2905 5436 supergressus
2924 5364 2993 5420 sit
3019 5379 3208 5431 annos,
3230 5374 3284 5421 et
3307 5378 3457 5437 oper-

1871 5472 1957 5516 tus
1986 5461 2206 5516 uestibus
2241 5474 2344 5513 non
2369 5454 2684 5527 ealeﬁebat?
2737 5456 2809 5512 Et
2831 5459 2969 5529 quod
3006 5460 3223 5515 inventa
3269 5457 3458 5521 adule-

1870 5550 2109 5608 scentula
2143 5550 2376 5621 speciosa
2404 5548 2629 5607 Abisacls
2675 5546 2970 5616 Sumite,
3014 5550 3305 5613 dormiebat
3333 5565 3456 5604 cum

1873 5659 2008 5712 rege,
2041 5651 2090 5695 et
2126 5640 2459 5695 ministrabat
2485 5640 2576 5695 ei:
2616 5656 2710 5695 rea:
2753 5656 2870 5695 vero
2893 5657 2996 5695 non
3026 5640 3262 5712 cognovit
3286 5654 3402 5693 eam
3424 5636 3456 5692 1

1869 5734 1955 5790 lli.
1988 5734 2119 5804 Reg.
2152 5734 2201 5787 1.
2230 5731 2282 5787 5.
2314 5746 2437 5787 cum
2462 5732 2517 5789 in
2550 5731 2776 5790 fortiore
2818 5739 2978 5789 aetate
3004 5731 3263 5803 legamus,
3293 5736 3349 5784 et
3372 5729 3451 5784 vi-

1871 5828 2098 5886 deamus
2120 5841 2242 5883 cum
2268 5824 2487 5886 feminis
2511 5826 2659 5883 coire
2686 5825 2852 5884 viros.
2889 5825 2960 5882 Et
2985 5823 3208 5894 reliqua.
