  <div class='ocr_page' id='page_1' title='image "/cluster/home/n/w/nwhite01/storage/ocr_20150623/104/hvd.32044015466824/331.png"; bbox 0 0 3940 6340; ppageno 0'>
   <div class='ocr_carea' id='block_1_1' title="bbox 475 315 576 372">
    <p class='ocr_par' dir='ltr' id='par_1_1' title="bbox 475 315 576 372">
     <span class='ocr_line' id='line_1_1' title="bbox 475 315 576 372; baseline -0.03 0"><span class='ocrx_word' id='word_1_1' title='bbox 475 315 576 372; x_wconf 79' lang='grc'><strong>651</strong></span> 
     </span>
    </p>
   </div>
   <div class='ocr_carea' id='block_1_2' title="bbox 1552 301 2681 365">
    <p class='ocr_par' dir='ltr' id='par_1_2' title="bbox 1552 301 2681 365">
     <span class='ocr_line' id='line_1_2' title="bbox 1552 301 2681 365; baseline -0.005 0"><span class='ocrx_word' id='word_1_2' title='bbox 1552 302 1832 365; x_wconf 80' lang='lat' dir='ltr'><strong>CLAUDII</strong></span> <span class='ocrx_word' id='word_1_3' title='bbox 1870 302 2337 362; x_wconf 80' lang='lat' dir='ltr'><strong>TAURINENSIS</strong></span> <span class='ocrx_word' id='word_1_4' title='bbox 2375 301 2681 363; x_wconf 83' lang='lat' dir='ltr'><strong>EPISCOPI</strong></span> 
     </span>
    </p>
   </div>
   <div class='ocr_carea' id='block_1_3' title="bbox 544 384 3769 503">
    <p class='ocr_par' dir='ltr' id='par_1_3' title="bbox 544 384 3769 503">
     <span class='ocr_line' id='line_1_3' title="bbox 544 384 3769 503; baseline -0.003 -12"><span class='ocrx_word' id='word_1_5' title='bbox 544 437 635 492; x_wconf 87' lang='grc'><strong>41.</strong></span> <span class='ocrx_word' id='word_1_6' title='bbox 676 432 816 503; x_wconf 83' lang='lat' dir='ltr'><strong>Quid</strong></span> <span class='ocrx_word' id='word_1_7' title='bbox 861 430 963 489; x_wconf 86' lang='lat' dir='ltr'><strong>sibi</strong></span> <span class='ocrx_word' id='word_1_8' title='bbox 991 432 1108 487; x_wconf 92' lang='lat' dir='ltr'><strong>vult</strong></span> <span class='ocrx_word' id='word_1_9' title='bbox 1147 430 1306 502; x_wconf 69' lang='lat' dir='ltr'><strong>,quod</strong></span> <span class='ocrx_word' id='word_1_10' title='bbox 1344 428 1517 486; x_wconf 86' lang='lat' dir='ltr'><strong>David</strong></span> <span class='ocrx_word' id='word_1_11' title='bbox 1553 428 1747 483; x_wconf 89' lang='lat' dir='ltr'><strong>ultimo</strong></span> <span class='ocrx_word' id='word_1_12' title='bbox 1795 427 1925 484; x_wconf 81' lang='lat' dir='ltr'><strong>vitae</strong></span> <span class='ocrx_word' id='word_1_13' title='bbox 1953 442 2064 483; x_wconf 83' lang='lat' dir='ltr'><strong>suae</strong></span> <span class='ocrx_word' id='word_1_14' title='bbox 2090 428 2145 491; x_wconf 81' lang='grc' dir='ltr'><strong>Α</strong></span> <span class='ocrx_word' id='word_1_15' title='bbox 2166 426 2309 499; x_wconf 89' lang='lat' dir='ltr'><strong>ligna</strong></span> <span class='ocrx_word' id='word_1_16' title='bbox 2341 428 2533 485; x_wconf 87' lang='lat' dir='ltr'><strong>thina?</strong></span> <span class='ocrx_word' id='word_1_17' title='bbox 2562 429 2630 484; x_wconf 90' lang='lat' dir='ltr'><strong>Et</strong></span> <span class='ocrx_word' id='word_1_18' title='bbox 2681 435 2806 500; x_wconf 86' lang='lat' dir='ltr'><strong>post</strong></span> <span class='ocrx_word' id='word_1_19' title='bbox 2837 440 3012 500; x_wconf 89' lang='lat' dir='ltr'><strong>pauca</strong></span> <span class='ocrx_word' id='word_1_20' title='bbox 3064 423 3201 482; x_wconf 80' lang='lat' dir='ltr'><strong>dicit</strong></span> <span class='ocrx_word' id='word_1_21' title='bbox 3249 438 3264 479; x_wconf 89' lang='lat'><strong>:</strong></span> <span class='ocrx_word' id='word_1_22' title='bbox 3295 434 3404 479; x_wconf 90' lang='lat' dir='ltr'><strong>non</strong></span> <span class='ocrx_word' id='word_1_23' title='bbox 3433 428 3563 479; x_wconf 85' lang='lat' dir='ltr'><strong>sunt</strong></span> <span class='ocrx_word' id='word_1_24' title='bbox 3595 420 3769 480; x_wconf 75' lang='lat' dir='ltr'><strong>allata</strong></span> 
     </span>
    </p>
   </div>
   <div class='ocr_carea' id='block_1_4' title="bbox 474 520 2068 602">
    <p class='ocr_par' dir='ltr' id='par_1_4' title="bbox 474 520 2068 602">
     <span class='ocr_line' id='line_1_4' title="bbox 474 520 2068 602; baseline -0.008 -13"><span class='ocrx_word' id='word_1_25' title='bbox 474 541 741 602; x_wconf 88' lang='lat' dir='ltr'><strong>tempore,</strong></span> <span class='ocrx_word' id='word_1_26' title='bbox 796 525 1074 583; x_wconf 90' lang='lat' dir='ltr'><strong>Salomoni</strong></span> <span class='ocrx_word' id='word_1_27' title='bbox 1125 524 1239 581; x_wconf 88' lang='lat' dir='ltr'><strong>ﬁlio</strong></span> <span class='ocrx_word' id='word_1_28' title='bbox 1290 539 1391 580; x_wconf 88' lang='lat' dir='ltr'><strong>suo</strong></span> <span class='ocrx_word' id='word_1_29' title='bbox 1417 525 1674 594; x_wconf 65' lang='lat' dir='ltr'><strong>praecepit</strong></span> <span class='ocrx_word' id='word_1_30' title='bbox 1705 522 1774 578; x_wconf 86' lang='lat' dir='ltr'><strong>de</strong></span> <span class='ocrx_word' id='word_1_31' title='bbox 1820 520 1976 588; x_wconf 83' lang='lat' dir='ltr'><strong>Joah,</strong></span> <span class='ocrx_word' id='word_1_32' title='bbox 2012 528 2068 577; x_wconf 89' lang='lat' dir='ltr'><strong>et</strong></span> 
     </span>
    </p>
   </div>
   <div class='ocr_carea' id='block_1_5' title="bbox 475 616 2068 691">
    <p class='ocr_par' dir='ltr' id='par_1_5' title="bbox 475 616 2068 691">
     <span class='ocr_line' id='line_1_5' title="bbox 475 616 2068 691; baseline -0.006 -10"><span class='ocrx_word' id='word_1_33' title='bbox 475 622 678 688; x_wconf 87' lang='lat' dir='ltr'><strong>Semei,</strong></span> <span class='ocrx_word' id='word_1_34' title='bbox 731 621 930 691; x_wconf 85' lang='lat' dir='ltr'><strong>quibus</strong></span> <span class='ocrx_word' id='word_1_35' title='bbox 981 625 1109 675; x_wconf 90' lang='lat' dir='ltr'><strong>ante</strong></span> <span class='ocrx_word' id='word_1_36' title='bbox 1140 624 1480 691; x_wconf 79' lang='lat' dir='ltr'><strong>pepercerat,</strong></span> <span class='ocrx_word' id='word_1_37' title='bbox 1512 632 1584 673; x_wconf 91' lang='lat' dir='ltr'><strong>ne</strong></span> <span class='ocrx_word' id='word_1_38' title='bbox 1631 616 1832 674; x_wconf 82' lang='lat' dir='ltr'><strong>inultos</strong></span> <span class='ocrx_word' id='word_1_39' title='bbox 1854 632 1951 673; x_wconf 89' lang='lat' dir='ltr'><strong>eos</strong></span> <span class='ocrx_word' id='word_1_40' title='bbox 1987 616 2068 672; x_wconf 88' lang='lat' dir='ltr'><strong>di-</strong></span> 
     </span>
    </p>
   </div>
   <div class='ocr_carea' id='block_1_6' title="bbox 472 707 2067 780">
    <p class='ocr_par' dir='ltr' id='par_1_6' title="bbox 472 707 2067 780">
     <span class='ocr_line' id='line_1_6' title="bbox 472 707 2067 780; baseline -0.003 -11"><span class='ocrx_word' id='word_1_41' title='bbox 472 715 741 780; x_wconf 85' lang='lat' dir='ltr'><strong>mitteret,</strong></span> <span class='ocrx_word' id='word_1_42' title='bbox 772 711 868 767; x_wconf 91' lang='lat' dir='ltr'><strong>sed</strong></span> <span class='ocrx_word' id='word_1_43' title='bbox 899 709 1180 765; x_wconf 79' lang='lat' dir='ltr'><strong>deduceret</strong></span> <span class='ocrx_word' id='word_1_44' title='bbox 1224 725 1384 765; x_wconf 88' lang='lat' dir='ltr'><strong>canos</strong></span> <span class='ocrx_word' id='word_1_45' title='bbox 1435 723 1618 764; x_wconf 86' lang='lat' dir='ltr'><strong>eorum</strong></span> <span class='ocrx_word' id='word_1_46' title='bbox 1644 725 1765 763; x_wconf 88' lang='lat' dir='ltr'><strong>cum</strong></span> <span class='ocrx_word' id='word_1_47' title='bbox 1809 707 2067 780; x_wconf 74' lang='lat' dir='ltr'><strong>sanguine</strong></span> 
     </span>
    </p>
   </div>
   <div class='ocr_carea' id='block_1_7' title="bbox 469 802 1214 877">
    <p class='ocr_par' dir='ltr' id='par_1_7' title="bbox 469 802 1214 877">
     <span class='ocr_line' id='line_1_7' title="bbox 469 802 1214 877; baseline -0.011 -12"><span class='ocrx_word' id='word_1_48' title='bbox 469 809 527 865; x_wconf 86' lang='lat' dir='ltr'><strong>in</strong></span> <span class='ocrx_word' id='word_1_49' title='bbox 554 805 815 877; x_wconf 79' lang='lat' dir='ltr'><strong>inferno?</strong></span> <span class='ocrx_word' id='word_1_50' title='bbox 856 803 957 860; x_wconf 89' lang='lat' dir='ltr'><strong>lbi.</strong></span> <span class='ocrx_word' id='word_1_51' title='bbox 991 803 1046 859; x_wconf 87' lang='lat'><strong>2.</strong></span> <span class='ocrx_word' id='word_1_52' title='bbox 1071 802 1125 858; x_wconf 88' lang='grc'><strong>5.</strong></span> <span class='ocrx_word' id='word_1_53' title='bbox 1160 803 1214 859; x_wconf 91' lang='grc'><strong>8.</strong></span> 
     </span>
    </p>
   </div>
   <div class='ocr_carea' id='block_1_8' title="bbox 542 891 2067 965">
    <p class='ocr_par' dir='ltr' id='par_1_8' title="bbox 542 891 2067 965">
     <span class='ocr_line' id='line_1_8' title="bbox 542 891 2067 965; baseline -0.006 -12"><span class='ocrx_word' id='word_1_54' title='bbox 542 898 635 953; x_wconf 87' lang='lat'><strong>42.</strong></span> <span class='ocrx_word' id='word_1_55' title='bbox 676 896 818 965; x_wconf 87' lang='lat' dir='ltr'><strong>Quid</strong></span> <span class='ocrx_word' id='word_1_56' title='bbox 844 902 929 951; x_wconf 84' lang='lat' dir='ltr'><strong>est</strong></span> <span class='ocrx_word' id='word_1_57' title='bbox 980 893 1125 965; x_wconf 90' lang='lat' dir='ltr'><strong>quod</strong></span> <span class='ocrx_word' id='word_1_58' title='bbox 1152 891 1288 949; x_wconf 77' lang='lat' dir='ltr'><strong>dixit</strong></span> <span class='ocrx_word' id='word_1_59' title='bbox 1313 892 1382 949; x_wconf 90' lang='lat' dir='ltr'><strong>de</strong></span> <span class='ocrx_word' id='word_1_60' title='bbox 1407 891 1587 950; x_wconf 83' lang='lat' dir='ltr'><strong>Joab?</strong></span> <span class='ocrx_word' id='word_1_61' title='bbox 1619 891 1795 964; x_wconf 84' lang='lat' dir='ltr'><strong>posuit</strong></span> <span class='ocrx_word' id='word_1_62' title='bbox 1827 906 2067 946; x_wconf 82' lang='lat' dir='ltr'><strong>cruorem</strong></span> 
     </span>
    </p>
   </div>
   <div class='ocr_carea' id='block_1_9' title="bbox 471 983 2069 1064">
    <p class='ocr_par' dir='ltr' id='par_1_9' title="bbox 471 983 2069 1064">
     <span class='ocr_line' id='line_1_9' title="bbox 471 983 2069 1064; baseline -0.005 -19"><span class='ocrx_word' id='word_1_63' title='bbox 471 989 644 1064; x_wconf 79' lang='lat' dir='ltr'><strong>prtelii</strong></span> <span class='ocrx_word' id='word_1_64' title='bbox 681 990 739 1046; x_wconf 90' lang='lat' dir='ltr'><strong>in</strong></span> <span class='ocrx_word' id='word_1_65' title='bbox 778 988 982 1044; x_wconf 81' lang='lat' dir='ltr'><strong>baltheo</strong></span> <span class='ocrx_word' id='word_1_66' title='bbox 1004 1002 1124 1053; x_wconf 88' lang='lat' dir='ltr'><strong>suo,</strong></span> <span class='ocrx_word' id='word_1_67' title='bbox 1170 987 1262 1057; x_wconf 87' lang='lat' dir='ltr'><strong>qui</strong></span> <span class='ocrx_word' id='word_1_68' title='bbox 1289 994 1405 1041; x_wconf 89' lang='lat' dir='ltr'><strong>erat</strong></span> <span class='ocrx_word' id='word_1_69' title='bbox 1447 986 1590 1041; x_wconf 86' lang='lat' dir='ltr'><strong>circa</strong></span> <span class='ocrx_word' id='word_1_70' title='bbox 1619 983 1824 1039; x_wconf 89' lang='lat' dir='ltr'><strong>lumbos</strong></span> <span class='ocrx_word' id='word_1_71' title='bbox 1854 984 1990 1055; x_wconf 89' lang='lat' dir='ltr'><strong>ejus,</strong></span> <span class='ocrx_word' id='word_1_72' title='bbox 2018 992 2069 1038; x_wconf 87' lang='lat' dir='ltr'><strong>et</strong></span> 
     </span>
    </p>
   </div>
   <div class='ocr_carea' id='block_1_10' title="bbox 470 1077 2064 1152">
    <p class='ocr_par' dir='ltr' id='par_1_10' title="bbox 470 1077 2064 1152">
     <span class='ocr_line' id='line_1_10' title="bbox 470 1077 2064 1152; baseline -0.005 -12"><span class='ocrx_word' id='word_1_73' title='bbox 470 1086 529 1140; x_wconf 86' lang='lat' dir='ltr'><strong>in</strong></span> <span class='ocrx_word' id='word_1_74' title='bbox 582 1082 936 1139; x_wconf 87' lang='lat' dir='ltr'><strong>calceamento</strong></span> <span class='ocrx_word' id='word_1_75' title='bbox 998 1097 1112 1145; x_wconf 89' lang='lat' dir='ltr'><strong>suo,</strong></span> <span class='ocrx_word' id='word_1_76' title='bbox 1170 1078 1311 1152; x_wconf 87' lang='lat' dir='ltr'><strong>quod</strong></span> <span class='ocrx_word' id='word_1_77' title='bbox 1359 1087 1474 1135; x_wconf 89' lang='lat' dir='ltr'><strong>erat</strong></span> <span class='ocrx_word' id='word_1_78' title='bbox 1517 1079 1576 1135; x_wconf 88' lang='lat' dir='ltr'><strong>in</strong></span> <span class='ocrx_word' id='word_1_79' title='bbox 1641 1077 1861 1149; x_wconf 87' lang='lat' dir='ltr'><strong>pedibus</strong></span> <span class='ocrx_word' id='word_1_80' title='bbox 1926 1077 2064 1148; x_wconf 89' lang='lat' dir='ltr'><strong>ejus.</strong></span> 
     </span>
    </p>
   </div>
   <div class='ocr_carea' id='block_1_11' title="bbox 474 1175 751 1232">
    <p class='ocr_par' dir='ltr' id='par_1_11' title="bbox 474 1175 751 1232">
     <span class='ocr_line' id='line_1_11' title="bbox 474 1175 751 1232; baseline -0.004 -2"><span class='ocrx_word' id='word_1_81' title='bbox 474 1175 574 1232; x_wconf 88' lang='lat' dir='ltr'><strong>lbi.</strong></span> <span class='ocrx_word' id='word_1_82' title='bbox 605 1192 659 1231; x_wconf 91' lang='lat' dir='ltr'><strong>v.</strong></span> <span class='ocrx_word' id='word_1_83' title='bbox 697 1175 751 1230; x_wconf 89' lang='lat'><strong>5.</strong></span> 
     </span>
    </p>
   </div>
   <div class='ocr_carea' id='block_1_12' title="bbox 548 1259 2071 1337">
    <p class='ocr_par' dir='ltr' id='par_1_12' title="bbox 548 1259 2071 1337">
     <span class='ocr_line' id='line_1_12' title="bbox 548 1259 2071 1337; baseline -0.003 -16"><span class='ocrx_word' id='word_1_84' title='bbox 548 1265 639 1321; x_wconf 87' lang='lat'><strong>45.</strong></span> <span class='ocrx_word' id='word_1_85' title='bbox 682 1264 825 1333; x_wconf 83' lang='lat' dir='ltr'><strong>Quid</strong></span> <span class='ocrx_word' id='word_1_86' title='bbox 882 1262 1151 1337; x_wconf 83' lang='lat' dir='ltr'><strong>signiticet</strong></span> <span class='ocrx_word' id='word_1_87' title='bbox 1197 1262 1457 1328; x_wconf 87' lang='lat' dir='ltr'><strong>Adonias,</strong></span> <span class='ocrx_word' id='word_1_88' title='bbox 1498 1260 1592 1333; x_wconf 86' lang='lat' dir='ltr'><strong>qui</strong></span> <span class='ocrx_word' id='word_1_89' title='bbox 1650 1260 1849 1317; x_wconf 83' lang='lat' dir='ltr'><strong>Abisac</strong></span> <span class='ocrx_word' id='word_1_90' title='bbox 1876 1259 2071 1332; x_wconf 86' lang='lat' dir='ltr'><strong>petivit</strong></span> 
     </span>
    </p>
   </div>
   <div class='ocr_carea' id='block_1_13' title="bbox 479 1352 2066 1429">
    <p class='ocr_par' dir='ltr' id='par_1_13' title="bbox 479 1352 2066 1429">
     <span class='ocr_line' id='line_1_13' title="bbox 479 1352 2066 1429; baseline -0.004 -15"><span class='ocrx_word' id='word_1_91' title='bbox 479 1361 535 1415; x_wconf 90' lang='lat' dir='ltr'><strong>in</strong></span> <span class='ocrx_word' id='word_1_92' title='bbox 564 1356 833 1429; x_wconf 72' lang='lat' dir='ltr'><strong>coniugio,</strong></span> <span class='ocrx_word' id='word_1_93' title='bbox 886 1371 987 1428; x_wconf 92' lang='lat' dir='ltr'><strong>pro</strong></span> <span class='ocrx_word' id='word_1_94' title='bbox 1010 1372 1119 1426; x_wconf 90' lang='lat' dir='ltr'><strong>qua</strong></span> <span class='ocrx_word' id='word_1_95' title='bbox 1146 1370 1207 1411; x_wconf 87' lang='lat' dir='ltr'><strong>re</strong></span> <span class='ocrx_word' id='word_1_96' title='bbox 1234 1370 1265 1409; x_wconf 90' lang='lat' dir='ltr'><strong>a</strong></span> <span class='ocrx_word' id='word_1_97' title='bbox 1316 1352 1605 1410; x_wconf 90' lang='lat' dir='ltr'><strong>Salomone</strong></span> <span class='ocrx_word' id='word_1_98' title='bbox 1632 1353 1946 1424; x_wconf 68' lang='lat' dir='ltr'><strong>praecipitur</strong></span> <span class='ocrx_word' id='word_1_99' title='bbox 1972 1368 2066 1408; x_wconf 84' lang='lat' dir='ltr'><strong>oc—</strong></span> 
     </span>
    </p>
   </div>
   <div class='ocr_carea' id='block_1_14' title="bbox 476 1447 2070 1520">
    <p class='ocr_par' dir='ltr' id='par_1_14' title="bbox 476 1447 2070 1520">
     <span class='ocr_line' id='line_1_14' title="bbox 476 1447 2070 1520; baseline -0.004 -11"><span class='ocrx_word' id='word_1_100' title='bbox 476 1452 605 1509; x_wconf 90' lang='lat' dir='ltr'><strong>cidi.</strong></span> <span class='ocrx_word' id='word_1_101' title='bbox 638 1451 736 1508; x_wconf 91' lang='lat' dir='ltr'><strong>lbi.</strong></span> <span class='ocrx_word' id='word_1_102' title='bbox 769 1467 823 1507; x_wconf 89' lang='lat' dir='ltr'><strong>v.</strong></span> <span class='ocrx_word' id='word_1_103' title='bbox 852 1450 940 1506; x_wconf 88' lang='lat'><strong>20.</strong></span> <span class='ocrx_word' id='word_1_104' title='bbox 986 1458 1093 1506; x_wconf 88' lang='lat' dir='ltr'><strong>etc.</strong></span> <span class='ocrx_word' id='word_1_105' title='bbox 1124 1449 1196 1505; x_wconf 91' lang='lat' dir='ltr'><strong>Et</strong></span> <span class='ocrx_word' id='word_1_106' title='bbox 1225 1448 1356 1520; x_wconf 90' lang='lat' dir='ltr'><strong>quid</strong></span> <span class='ocrx_word' id='word_1_107' title='bbox 1398 1453 1499 1513; x_wconf 88' lang='lat' dir='ltr'><strong>est,</strong></span> <span class='ocrx_word' id='word_1_108' title='bbox 1561 1447 1705 1518; x_wconf 90' lang='lat' dir='ltr'><strong>quod</strong></span> <span class='ocrx_word' id='word_1_109' title='bbox 1754 1447 2070 1518; x_wconf 82' lang='lat' dir='ltr'><strong>frequenter</strong></span> 
     </span>
    </p>
   </div>
   <div class='ocr_carea' id='block_1_15' title="bbox 476 1537 2071 1610">
    <p class='ocr_par' dir='ltr' id='par_1_15' title="bbox 476 1537 2071 1610">
     <span class='ocr_line' id='line_1_15' title="bbox 476 1537 2071 1610; baseline -0.004 -9"><span class='ocrx_word' id='word_1_110' title='bbox 476 1543 738 1601; x_wconf 83' lang='lat' dir='ltr'><strong>scribitur</strong></span> <span class='ocrx_word' id='word_1_111' title='bbox 763 1544 819 1598; x_wconf 90' lang='lat' dir='ltr'><strong>in</strong></span> <span class='ocrx_word' id='word_1_112' title='bbox 844 1544 949 1599; x_wconf 90' lang='lat' dir='ltr'><strong>hoc</strong></span> <span class='ocrx_word' id='word_1_113' title='bbox 975 1540 1152 1598; x_wconf 89' lang='lat' dir='ltr'><strong>libro?</strong></span> <span class='ocrx_word' id='word_1_114' title='bbox 1182 1539 1314 1596; x_wconf 64' lang='lat' dir='ltr'><strong>Haec</strong></span> <span class='ocrx_word' id='word_1_115' title='bbox 1353 1539 1519 1610; x_wconf 78' lang='lat' dir='ltr'><strong>faciat</strong></span> <span class='ocrx_word' id='word_1_116' title='bbox 1545 1539 1675 1594; x_wconf 80' lang='lat' dir='ltr'><strong>mihi</strong></span> <span class='ocrx_word' id='word_1_117' title='bbox 1702 1537 1867 1602; x_wconf 89' lang='lat' dir='ltr'><strong>Deus,</strong></span> <span class='ocrx_word' id='word_1_118' title='bbox 1887 1548 1934 1593; x_wconf 88' lang='lat' dir='ltr'><strong>et</strong></span> <span class='ocrx_word' id='word_1_119' title='bbox 1958 1539 2071 1594; x_wconf 73' lang='lat' dir='ltr'><strong>lucc</strong></span> 
     </span>
    </p>
   </div>
   <div class='ocr_carea' id='block_1_16' title="bbox 477 1632 2065 1700">
    <p class='ocr_par' dir='ltr' id='par_1_16' title="bbox 477 1632 2065 1700">
     <span class='ocr_line' id='line_1_16' title="bbox 477 1632 2065 1700; baseline -0.003 -8"><span class='ocrx_word' id='word_1_120' title='bbox 477 1634 662 1692; x_wconf 85' lang='lat' dir='ltr'><strong>addat.</strong></span> <span class='ocrx_word' id='word_1_121' title='bbox 725 1635 822 1692; x_wconf 90' lang='lat' dir='ltr'><strong>lbi.</strong></span> <span class='ocrx_word' id='word_1_122' title='bbox 882 1651 935 1690; x_wconf 92' lang='lat' dir='ltr'><strong>v.</strong></span> <span class='ocrx_word' id='word_1_123' title='bbox 987 1635 1078 1691; x_wconf 77' lang='lat'><strong>25‘.</strong></span> <span class='ocrx_word' id='word_1_124' title='bbox 1143 1640 1250 1690; x_wconf 88' lang='lat' dir='ltr'><strong>etc.</strong></span> <span class='ocrx_word' id='word_1_125' title='bbox 1279 1632 1415 1689; x_wconf 85' lang='lat' dir='ltr'><strong>Erat</strong></span> <span class='ocrx_word' id='word_1_126' title='bbox 1472 1632 1576 1689; x_wconf 90' lang='lat' dir='ltr'><strong>hoc</strong></span> <span class='ocrx_word' id='word_1_127' title='bbox 1639 1638 2065 1700; x_wconf 82' lang='lat' dir='ltr'><strong>sacramentum,</strong></span> 
     </span>
    </p>
   </div>
   <div class='ocr_carea' id='block_1_17' title="bbox 476 1727 1689 1783">
    <p class='ocr_par' dir='ltr' id='par_1_17' title="bbox 476 1727 1689 1783">
     <span class='ocr_line' id='line_1_17' title="bbox 476 1727 1689 1783; baseline 0 -1"><span class='ocrx_word' id='word_1_128' title='bbox 476 1742 546 1782; x_wconf 87' lang='lat' dir='ltr'><strong>an</strong></span> <span class='ocrx_word' id='word_1_129' title='bbox 574 1744 684 1783; x_wconf 88' lang='lat' dir='ltr'><strong>non</strong></span> <span class='ocrx_word' id='word_1_130' title='bbox 707 1727 732 1782; x_wconf 95' lang='lat'><strong>?</strong></span> <span class='ocrx_word' id='word_1_131' title='bbox 1680 1731 1689 1736; x_wconf 73' lang='grc'>’</span> 
     </span>
    </p>
   </div>
   <div class='ocr_carea' id='block_1_18' title="bbox 2169 516 3771 592">
    <p class='ocr_par' dir='ltr' id='par_1_18' title="bbox 2169 516 3771 592">
     <span class='ocr_line' id='line_1_18' title="bbox 2169 516 3771 592; baseline -0.002 -15"><span class='ocrx_word' id='word_1_132' title='bbox 2169 521 2543 589; x_wconf 86' lang='lat' dir='ltr'><strong>hujuscemodi</strong></span> <span class='ocrx_word' id='word_1_133' title='bbox 2590 520 2760 587; x_wconf 89' lang='lat' dir='ltr'><strong>thina,</strong></span> <span class='ocrx_word' id='word_1_134' title='bbox 2810 535 2989 592; x_wconf 90' lang='lat' dir='ltr'><strong>neque</strong></span> <span class='ocrx_word' id='word_1_135' title='bbox 3037 518 3157 574; x_wconf 85' lang='lat' dir='ltr'><strong>visa</strong></span> <span class='ocrx_word' id='word_1_136' title='bbox 3211 532 3384 587; x_wconf 88' lang='lat' dir='ltr'><strong>usque</strong></span> <span class='ocrx_word' id='word_1_137' title='bbox 3416 516 3473 572; x_wconf 85' lang='lat' dir='ltr'><strong>in</strong></span> <span class='ocrx_word' id='word_1_138' title='bbox 3513 530 3771 589; x_wconf 59' lang='lat' dir='ltr'><strong>precem</strong></span> 
     </span>
    </p>
   </div>
   <div class='ocr_carea' id='block_1_19' title="bbox 2169 604 3768 682">
    <p class='ocr_par' dir='ltr' id='par_1_19' title="bbox 2169 604 3768 682">
     <span class='ocr_line' id='line_1_19' title="bbox 2169 604 3768 682; baseline -0.002 -14"><span class='ocrx_word' id='word_1_139' title='bbox 2169 618 2278 668; x_wconf 85' lang='lat' dir='ltr'><strong>tem</strong></span> <span class='ocrx_word' id='word_1_140' title='bbox 2317 611 2481 667; x_wconf 89' lang='lat' dir='ltr'><strong>diem.</strong></span> <span class='ocrx_word' id='word_1_141' title='bbox 2521 611 2606 667; x_wconf 91' lang='grc'><strong>10.</strong></span> <span class='ocrx_word' id='word_1_142' title='bbox 2662 612 2750 679; x_wconf 88' lang='grc'><strong>11,</strong></span> <span class='ocrx_word' id='word_1_143' title='bbox 2782 619 2838 667; x_wconf 91' lang='lat' dir='ltr'><strong>et</strong></span> <span class='ocrx_word' id='word_1_144' title='bbox 2868 611 2956 666; x_wconf 81' lang='lat' dir='ltr'><strong>l2.</strong></span> <span class='ocrx_word' id='word_1_145' title='bbox 3010 604 3244 682; x_wconf 53' lang='lat' dir='ltr'><strong>Et&#39;quid</strong></span> <span class='ocrx_word' id='word_1_146' title='bbox 3294 608 3484 679; x_wconf 86' lang='lat' dir='ltr'><strong>Ophir,</strong></span> <span class='ocrx_word' id='word_1_147' title='bbox 3536 617 3606 665; x_wconf 87' lang='lat' dir='ltr'><strong>et</strong></span> <span class='ocrx_word' id='word_1_148' title='bbox 3650 612 3768 677; x_wconf 76' lang='lat' dir='ltr'><strong>ubi,</strong></span> 
     </span>
    </p>
   </div>
   <div class='ocr_carea' id='block_1_20' title="bbox 2168 703 2986 761">
    <p class='ocr_par' dir='ltr' id='par_1_20' title="bbox 2168 703 2986 761">
     <span class='ocr_line' id='line_1_20' title="bbox 2168 703 2986 761; baseline -0.002 -1"><span class='ocrx_word' id='word_1_149' title='bbox 2168 704 2311 760; x_wconf 83' lang='lat' dir='ltr'><strong>unde</strong></span> <span class='ocrx_word' id='word_1_150' title='bbox 2334 703 2553 761; x_wconf 76' lang='lat' dir='ltr'><strong>luerunt</strong></span> <span class='ocrx_word' id='word_1_151' title='bbox 2582 704 2790 760; x_wconf 84' lang='lat' dir='ltr'><strong>allata?</strong></span> <span class='ocrx_word' id='word_1_152' title='bbox 2814 704 2869 760; x_wconf 88' lang='lat'><strong>5.</strong></span> <span class='ocrx_word' id='word_1_153' title='bbox 2900 704 2986 759; x_wconf 89' lang='grc'><strong>11.</strong></span> 
     </span>
    </p>
   </div>
   <div class='ocr_carea' id='block_1_21' title="bbox 2240 794 3769 866">
    <p class='ocr_par' dir='ltr' id='par_1_21' title="bbox 2240 794 3769 866">
     <span class='ocr_line' id='line_1_21' title="bbox 2240 794 3769 866; baseline -0.001 -13"><span class='ocrx_word' id='word_1_154' title='bbox 2240 797 2327 853; x_wconf 87' lang='grc'><strong>55.</strong></span> <span class='ocrx_word' id='word_1_155' title='bbox 2368 798 2481 855; x_wconf 85' lang='lat' dir='ltr'><strong>Cur</strong></span> <span class='ocrx_word' id='word_1_156' title='bbox 2520 800 2692 855; x_wconf 87' lang='lat' dir='ltr'><strong>altare</strong></span> <span class='ocrx_word' id='word_1_157' title='bbox 2730 797 3178 866; x_wconf 18' lang='lat' dir='ltr'><strong>holocaustorum,</strong></span> <span class='ocrx_word' id='word_1_158' title='bbox 3201 796 3260 853; x_wconf 90' lang='lat' dir='ltr'><strong>in</strong></span> <span class='ocrx_word' id='word_1_159' title='bbox 3304 794 3769 861; x_wconf 85' lang='lat' dir='ltr'><strong>tabernaculo,et</strong></span> 
     </span>
    </p>
   </div>
   <div class='ocr_carea' id='block_1_22' title="bbox 2169 878 3769 963">
    <p class='ocr_par' dir='ltr' id='par_1_22' title="bbox 2169 878 3769 963">
     <span class='ocr_line' id='line_1_22' title="bbox 2169 878 3769 963; baseline -0.001 -18"><span class='ocrx_word' id='word_1_160' title='bbox 2169 890 2225 946; x_wconf 91' lang='lat' dir='ltr'><strong>in</strong></span> <span class='ocrx_word' id='word_1_161' title='bbox 2253 878 2454 963; x_wconf 82' lang='lat' dir='ltr'><strong>templo</strong></span> <span class='ocrx_word' id='word_1_162' title='bbox 2486 907 2553 947; x_wconf 83' lang='lat' dir='ltr'><strong>ex</strong></span> <span class='ocrx_word' id='word_1_163' title='bbox 2607 891 2752 962; x_wconf 87' lang='lat' dir='ltr'><strong>ligno</strong></span> <span class='ocrx_word' id='word_1_164' title='bbox 2801 890 3021 961; x_wconf 89' lang='lat' dir='ltr'><strong>quidem</strong></span> <span class='ocrx_word' id='word_1_165' title='bbox 3069 891 3296 956; x_wconf 82' lang='lat' dir='ltr'><strong>factum,</strong></span> <span class='ocrx_word' id='word_1_166' title='bbox 3329 904 3435 960; x_wconf 68' lang='lat' dir='ltr'><strong>aere</strong></span> <span class='ocrx_word' id='word_1_167' title='bbox 3464 897 3661 944; x_wconf 84' lang='lat' dir='ltr'><strong>autem</strong></span> <span class='ocrx_word' id='word_1_168' title='bbox 3683 903 3769 944; x_wconf 77' lang='lat' dir='ltr'><strong>co-</strong></span> 
     </span>
    </p>
   </div>
   <div class='ocr_carea' id='block_1_23' title="bbox 2169 982 3767 1055">
    <p class='ocr_par' dir='ltr' id='par_1_23' title="bbox 2169 982 3767 1055">
     <span class='ocr_line' id='line_1_23' title="bbox 2169 982 3767 1055; baseline -0.001 -16"><span class='ocrx_word' id='word_1_169' title='bbox 2169 992 2437 1054; x_wconf 87' lang='lat' dir='ltr'><strong>opertum.</strong></span> <span class='ocrx_word' id='word_1_170' title='bbox 2488 984 2622 1039; x_wconf 84' lang='lat' dir='ltr'><strong>Exo.</strong></span> <span class='ocrx_word' id='word_1_171' title='bbox 2679 983 2767 1040; x_wconf 90' lang='lat'><strong>58.</strong></span> <span class='ocrx_word' id='word_1_172' title='bbox 2800 983 2854 1037; x_wconf 90' lang='grc'><strong>1.</strong></span> <span class='ocrx_word' id='word_1_173' title='bbox 2884 984 2954 1039; x_wconf 90' lang='lat' dir='ltr'><strong>ab</strong></span> <span class='ocrx_word' id='word_1_174' title='bbox 2998 984 3123 1055; x_wconf 86' lang='lat' dir='ltr'><strong>igne</strong></span> <span class='ocrx_word' id='word_1_175' title='bbox 3167 998 3277 1039; x_wconf 89' lang='lat' dir='ltr'><strong>non</strong></span> <span class='ocrx_word' id='word_1_176' title='bbox 3318 982 3767 1049; x_wconf 82' lang='lat' dir='ltr'><strong>consumebatur,</strong></span> 
     </span>
    </p>
   </div>
   <div class='ocr_carea' id='block_1_24' title="bbox 2171 1074 3503 1147">
    <p class='ocr_par' dir='ltr' id='par_1_24' title="bbox 2171 1074 3503 1147">
     <span class='ocr_line' id='line_1_24' title="bbox 2171 1074 3503 1147; baseline -0.002 -16"><span class='ocrx_word' id='word_1_177' title='bbox 2171 1089 2295 1132; x_wconf 90' lang='lat' dir='ltr'><strong>cum</strong></span> <span class='ocrx_word' id='word_1_178' title='bbox 2336 1074 2539 1147; x_wconf 88' lang='lat' dir='ltr'><strong>jugiter</strong></span> <span class='ocrx_word' id='word_1_179' title='bbox 2566 1075 2706 1147; x_wconf 91' lang='lat' dir='ltr'><strong>ignis</strong></span> <span class='ocrx_word' id='word_1_180' title='bbox 2736 1075 2954 1130; x_wconf 86' lang='lat' dir='ltr'><strong>arderet</strong></span> <span class='ocrx_word' id='word_1_181' title='bbox 2984 1075 3039 1131; x_wconf 88' lang='lat' dir='ltr'><strong>in</strong></span> <span class='ocrx_word' id='word_1_182' title='bbox 3076 1076 3268 1132; x_wconf 90' lang='lat' dir='ltr'><strong>eodem</strong></span> <span class='ocrx_word' id='word_1_183' title='bbox 3294 1075 3451 1131; x_wconf 87' lang='lat' dir='ltr'><strong>altari</strong></span> <span class='ocrx_word' id='word_1_184' title='bbox 3477 1074 3503 1129; x_wconf 91' lang='lat'><strong>?</strong></span> 
     </span>
    </p>
   </div>
   <div class='ocr_carea' id='block_1_25' title="bbox 2244 1167 3765 1238">
    <p class='ocr_par' dir='ltr' id='par_1_25' title="bbox 2244 1167 3765 1238">
     <span class='ocr_line' id='line_1_25' title="bbox 2244 1167 3765 1238; baseline 0.001 -14"><span class='ocrx_word' id='word_1_185' title='bbox 2244 1169 2334 1224; x_wconf 87' lang='lat'><strong>54.</strong></span> <span class='ocrx_word' id='word_1_186' title='bbox 2373 1168 2527 1225; x_wconf 83' lang='lat' dir='ltr'><strong>Fecit</strong></span> <span class='ocrx_word' id='word_1_187' title='bbox 2586 1167 2839 1225; x_wconf 89' lang='lat' dir='ltr'><strong>Salomon</strong></span> <span class='ocrx_word' id='word_1_188' title='bbox 2882 1170 3110 1225; x_wconf 82' lang='lat' dir='ltr'><strong>ducenta</strong></span> <span class='ocrx_word' id='word_1_189' title='bbox 3158 1179 3310 1227; x_wconf 86' lang='lat' dir='ltr'><strong>scuta</strong></span> <span class='ocrx_word' id='word_1_190' title='bbox 3351 1170 3416 1224; x_wconf 90' lang='lat' dir='ltr'><strong>de</strong></span> <span class='ocrx_word' id='word_1_191' title='bbox 3447 1186 3591 1224; x_wconf 76' lang='lat' dir='ltr'><strong>auro</strong></span> <span class='ocrx_word' id='word_1_192' title='bbox 3617 1186 3765 1238; x_wconf 72' lang='lat' dir='ltr'><strong>puro.</strong></span> 
     </span>
    </p>
   </div>
   <div class='ocr_carea' id='block_1_26' title="bbox 2172 1259 3770 1334">
    <p class='ocr_par' dir='ltr' id='par_1_26' title="bbox 2172 1259 3770 1334">
     <span class='ocr_line' id='line_1_26' title="bbox 2172 1259 3770 1334; baseline 0.001 -18"><span class='ocrx_word' id='word_1_193' title='bbox 2172 1259 2260 1316; x_wconf 90' lang='grc'><strong>10.</strong></span> <span class='ocrx_word' id='word_1_194' title='bbox 2294 1260 2382 1317; x_wconf 93' lang='grc'><strong>16.</strong></span> <span class='ocrx_word' id='word_1_195' title='bbox 2414 1260 2485 1316; x_wconf 91' lang='lat' dir='ltr'><strong>Et</strong></span> <span class='ocrx_word' id='word_1_196' title='bbox 2523 1267 2650 1333; x_wconf 90' lang='lat' dir='ltr'><strong>post</strong></span> <span class='ocrx_word' id='word_1_197' title='bbox 2693 1275 2866 1331; x_wconf 85' lang='lat' dir='ltr'><strong>pauca</strong></span> <span class='ocrx_word' id='word_1_198' title='bbox 2907 1276 2922 1316; x_wconf 90' lang='lat'><strong>:</strong></span> <span class='ocrx_word' id='word_1_199' title='bbox 2955 1260 3246 1334; x_wconf 85' lang='lat' dir='ltr'><strong>Posuitque</strong></span> <span class='ocrx_word' id='word_1_200' title='bbox 3294 1279 3357 1317; x_wconf 88' lang='lat' dir='ltr'><strong>ea</strong></span> <span class='ocrx_word' id='word_1_201' title='bbox 3407 1278 3506 1317; x_wconf 77' lang='lat' dir='ltr'><strong>rea:</strong></span> <span class='ocrx_word' id='word_1_202' title='bbox 3532 1261 3597 1316; x_wconf 81' lang='lat' dir='ltr'><strong>in</strong></span> <span class='ocrx_word' id='word_1_203' title='bbox 3622 1261 3770 1317; x_wconf 76' lang='lat' dir='ltr'><strong>datu</strong></span> 
     </span>
    </p>
   </div>
   <div class='ocr_carea' id='block_1_27' title="bbox 2173 1353 3768 1425">
    <p class='ocr_par' dir='ltr' id='par_1_27' title="bbox 2173 1353 3768 1425">
     <span class='ocr_line' id='line_1_27' title="bbox 2173 1353 3768 1425; baseline -0.001 -15"><span class='ocrx_word' id='word_1_204' title='bbox 2173 1354 2317 1411; x_wconf 71' lang='lat' dir='ltr'><strong>silva:</strong></span> <span class='ocrx_word' id='word_1_205' title='bbox 2373 1354 2576 1410; x_wconf 84' lang='lat' dir='ltr'><strong>Libani.</strong></span> <span class='ocrx_word' id='word_1_206' title='bbox 2613 1354 2701 1409; x_wconf 89' lang='grc'><strong>17.</strong></span> <span class='ocrx_word' id='word_1_207' title='bbox 2762 1353 2819 1409; x_wconf 90' lang='lat' dir='ltr'><strong>Si</strong></span> <span class='ocrx_word' id='word_1_208' title='bbox 2867 1354 3003 1409; x_wconf 84' lang='lat' dir='ltr'><strong>silva</strong></span> <span class='ocrx_word' id='word_1_209' title='bbox 3038 1354 3232 1410; x_wconf 82' lang='lat' dir='ltr'><strong>Libani</strong></span> <span class='ocrx_word' id='word_1_210' title='bbox 3257 1353 3598 1425; x_wconf 87' lang='lat' dir='ltr'><strong>Salomonis</strong></span> <span class='ocrx_word' id='word_1_211' title='bbox 3637 1360 3768 1422; x_wconf 83' lang='lat' dir='ltr'><strong>erat,</strong></span> 
     </span>
    </p>
   </div>
   <div class='ocr_carea' id='block_1_28' title="bbox 2174 1445 3565 1520">
    <p class='ocr_par' dir='ltr' id='par_1_28' title="bbox 2174 1445 3565 1520">
     <span class='ocr_line' id='line_1_28' title="bbox 2174 1445 3565 1520; baseline -0.004 -16"><span class='ocrx_word' id='word_1_212' title='bbox 2174 1462 2271 1504; x_wconf 91' lang='lat' dir='ltr'><strong>cur</strong></span> <span class='ocrx_word' id='word_1_213' title='bbox 2298 1448 2440 1520; x_wconf 86' lang='lat' dir='ltr'><strong>ligna</strong></span> <span class='ocrx_word' id='word_1_214' title='bbox 2471 1445 2690 1503; x_wconf 89' lang='lat' dir='ltr'><strong>cedrina</strong></span> <span class='ocrx_word' id='word_1_215' title='bbox 2715 1462 2825 1502; x_wconf 91' lang='lat' dir='ltr'><strong>non</strong></span> <span class='ocrx_word' id='word_1_216' title='bbox 2852 1445 3184 1517; x_wconf 63' lang='lat' dir='ltr'><strong>praecidebat</strong></span> <span class='ocrx_word' id='word_1_217' title='bbox 3204 1461 3274 1503; x_wconf 79' lang='lat' dir='ltr'><strong>ex</strong></span> <span class='ocrx_word' id='word_1_218' title='bbox 3299 1446 3516 1503; x_wconf 86' lang='lat' dir='ltr'><strong>Libano</strong></span> <span class='ocrx_word' id='word_1_219' title='bbox 3539 1445 3565 1498; x_wconf 87' lang='lat'><strong>?</strong></span> 
     </span>
    </p>
   </div>
   <div class='ocr_carea' id='block_1_29' title="bbox 2246 1535 3769 1610">
    <p class='ocr_par' dir='ltr' id='par_1_29' title="bbox 2246 1535 3769 1610">
     <span class='ocr_line' id='line_1_29' title="bbox 2246 1535 3769 1610; baseline -0.004 -16"><span class='ocrx_word' id='word_1_220' title='bbox 2246 1538 2333 1594; x_wconf 82' lang='lat'><strong>55.</strong></span> <span class='ocrx_word' id='word_1_221' title='bbox 2375 1536 2527 1593; x_wconf 81' lang='lat' dir='ltr'><strong>Fecit</strong></span> <span class='ocrx_word' id='word_1_222' title='bbox 2567 1555 2790 1610; x_wconf 86' lang='lat' dir='ltr'><strong>quoque,</strong></span> <span class='ocrx_word' id='word_1_223' title='bbox 2817 1548 2873 1593; x_wconf 91' lang='lat' dir='ltr'><strong>ut</strong></span> <span class='ocrx_word' id='word_1_224' title='bbox 2909 1546 3058 1593; x_wconf 89' lang='lat' dir='ltr'><strong>tanta</strong></span> <span class='ocrx_word' id='word_1_225' title='bbox 3111 1546 3241 1593; x_wconf 76' lang='lat' dir='ltr'><strong>esset</strong></span> <span class='ocrx_word' id='word_1_226' title='bbox 3296 1535 3642 1592; x_wconf 78' lang='lat' dir='ltr'><strong>abundantia</strong></span> <span class='ocrx_word' id='word_1_227' title='bbox 3693 1553 3769 1589; x_wconf 86' lang='lat' dir='ltr'><strong>ar-</strong></span> 
     </span>
    </p>
   </div>
   <div class='ocr_carea' id='block_1_30' title="bbox 2173 1628 3769 1704">
    <p class='ocr_par' dir='ltr' id='par_1_30' title="bbox 2173 1628 3769 1704">
     <span class='ocr_line' id='line_1_30' title="bbox 2173 1628 3769 1704; baseline -0.005 -15"><span class='ocrx_word' id='word_1_228' title='bbox 2173 1634 2313 1704; x_wconf 84' lang='lat' dir='ltr'><strong>genti</strong></span> <span class='ocrx_word' id='word_1_229' title='bbox 2346 1633 2403 1687; x_wconf 88' lang='lat' dir='ltr'><strong>in</strong></span> <span class='ocrx_word' id='word_1_230' title='bbox 2461 1631 2823 1699; x_wconf 75' lang='lat' dir='ltr'><strong>Hierusalem,</strong></span> <span class='ocrx_word' id='word_1_231' title='bbox 2867 1640 3067 1703; x_wconf 89' lang='lat' dir='ltr'><strong>quanta</strong></span> <span class='ocrx_word' id='word_1_232' title='bbox 3098 1639 3146 1685; x_wconf 88' lang='lat' dir='ltr'><strong>et</strong></span> <span class='ocrx_word' id='word_1_233' title='bbox 3193 1630 3471 1702; x_wconf 84' lang='lat' dir='ltr'><strong>lapidum:</strong></span> <span class='ocrx_word' id='word_1_234' title='bbox 3513 1638 3567 1683; x_wconf 85' lang='lat' dir='ltr'><strong>et</strong></span> <span class='ocrx_word' id='word_1_235' title='bbox 3596 1628 3769 1683; x_wconf 48' lang='lat' dir='ltr'><strong>cedro.</strong></span> 
     </span>
    </p>
   </div>
   <div class='ocr_carea' id='block_1_31' title="bbox 2176 1721 3771 1798">
    <p class='ocr_par' dir='ltr' id='par_1_31' title="bbox 2176 1721 3771 1798">
     <span class='ocr_line' id='line_1_31' title="bbox 2176 1721 3771 1798; baseline -0.003 -19"><span class='ocrx_word' id='word_1_236' title='bbox 2176 1741 2295 1780; x_wconf 90' lang='lat' dir='ltr'><strong>rum</strong></span> <span class='ocrx_word' id='word_1_237' title='bbox 2320 1725 2543 1798; x_wconf 75' lang='lat' dir='ltr'><strong>prtebuit</strong></span> <span class='ocrx_word' id='word_1_238' title='bbox 2584 1724 2975 1780; x_wconf 83' lang='lat' dir='ltr'><strong>multitudinem</strong></span> <span class='ocrx_word' id='word_1_239' title='bbox 3004 1724 3159 1795; x_wconf 90' lang='lat' dir='ltr'><strong>quasi</strong></span> <span class='ocrx_word' id='word_1_240' title='bbox 3203 1738 3541 1794; x_wconf 79' lang='lat' dir='ltr'><strong>sgcomoros,</strong></span> <span class='ocrx_word' id='word_1_241' title='bbox 3567 1721 3664 1792; x_wconf 74' lang='lat' dir='ltr'><strong>qui</strong></span> <span class='ocrx_word' id='word_1_242' title='bbox 3688 1736 3771 1775; x_wconf 79' lang='lat' dir='ltr'><strong>ua-</strong></span> 
     </span>
    </p>
   </div>
   <div class='ocr_carea' id='block_1_32' title="bbox 544 1800 3521 1893">
    <p class='ocr_par' dir='ltr' id='par_1_32' title="bbox 544 1800 3521 1893">
     <span class='ocr_line' id='line_1_32' title="bbox 544 1800 3521 1893; baseline -0.002 -16"><span class='ocrx_word' id='word_1_243' title='bbox 544 1822 634 1878; x_wconf 85' lang='lat'><strong>44.</strong></span> <span class='ocrx_word' id='word_1_244' title='bbox 676 1822 873 1880; x_wconf 75' lang='lat' dir='ltr'><strong>Dilexit</strong></span> <span class='ocrx_word' id='word_1_245' title='bbox 900 1831 1075 1879; x_wconf 89' lang='lat' dir='ltr'><strong>autem</strong></span> <span class='ocrx_word' id='word_1_246' title='bbox 1098 1800 1353 1880; x_wconf 82' lang='lat' dir='ltr'><strong>Salomon</strong></span> <span class='ocrx_word' id='word_1_247' title='bbox 1378 1819 1665 1876; x_wconf 90' lang='lat' dir='ltr'><strong>Dominum</strong></span> <span class='ocrx_word' id='word_1_248' title='bbox 1715 1817 1991 1876; x_wconf 82' lang='lat' dir='ltr'><strong>ambulans</strong></span> <span class='ocrx_word' id='word_1_249' title='bbox 2012 1820 2071 1875; x_wconf 89' lang='lat' dir='ltr'><strong>in</strong></span> <span class='ocrx_word' id='word_1_250' title='bbox 2097 1803 2149 1866; x_wconf 77' lang='grc' dir='ltr'><strong>Β</strong></span> <span class='ocrx_word' id='word_1_251' title='bbox 2174 1832 2397 1878; x_wconf 86' lang='lat' dir='ltr'><strong>scuntur</strong></span> <span class='ocrx_word' id='word_1_252' title='bbox 2418 1824 2475 1877; x_wconf 89' lang='lat' dir='ltr'><strong>in</strong></span> <span class='ocrx_word' id='word_1_253' title='bbox 2503 1821 2898 1893; x_wconf 80' lang='lat' dir='ltr'><strong>campestribus.</strong></span> <span class='ocrx_word' id='word_1_254' title='bbox 2928 1820 2997 1876; x_wconf 87' lang='lat' dir='ltr'><strong>Et</strong></span> <span class='ocrx_word' id='word_1_255' title='bbox 3027 1818 3259 1889; x_wconf 89' lang='lat' dir='ltr'><strong>reliqua.</strong></span> <span class='ocrx_word' id='word_1_256' title='bbox 3299 1817 3386 1873; x_wconf 94' lang='grc'><strong>10.</strong></span> <span class='ocrx_word' id='word_1_257' title='bbox 3417 1816 3521 1872; x_wconf 90' lang='lat'><strong>27.</strong></span> 
     </span>
    </p>
   </div>
   <div class='ocr_carea' id='block_1_33' title="bbox 471 1911 2068 1989">
    <p class='ocr_par' dir='ltr' id='par_1_33' title="bbox 471 1911 2068 1989">
     <span class='ocr_line' id='line_1_33' title="bbox 471 1911 2068 1989; baseline -0.003 -18"><span class='ocrx_word' id='word_1_258' title='bbox 471 1918 745 1989; x_wconf 64' lang='lat' dir='ltr'><strong>praeceptis</strong></span> <span class='ocrx_word' id='word_1_259' title='bbox 781 1916 951 1973; x_wconf 80' lang='lat' dir='ltr'><strong>Dauid</strong></span> <span class='ocrx_word' id='word_1_260' title='bbox 997 1917 1164 1988; x_wconf 87' lang='lat' dir='ltr'><strong>patris</strong></span> <span class='ocrx_word' id='word_1_261' title='bbox 1208 1915 1311 1981; x_wconf 90' lang='lat' dir='ltr'><strong>sui,</strong></span> <span class='ocrx_word' id='word_1_262' title='bbox 1342 1922 1555 1985; x_wconf 76' lang='lat' dir='ltr'><strong>excepto</strong></span> <span class='ocrx_word' id='word_1_263' title='bbox 1583 1914 1724 1986; x_wconf 87' lang='lat' dir='ltr'><strong>quod</strong></span> <span class='ocrx_word' id='word_1_264' title='bbox 1765 1913 1822 1968; x_wconf 91' lang='lat' dir='ltr'><strong>in</strong></span> <span class='ocrx_word' id='word_1_265' title='bbox 1849 1911 2068 1968; x_wconf 73' lang='lat' dir='ltr'><strong>excelsis</strong></span> 
     </span>
    </p>
   </div>
   <div class='ocr_carea' id='block_1_34' title="bbox 471 2002 2070 2075">
    <p class='ocr_par' dir='ltr' id='par_1_34' title="bbox 471 2002 2070 2075">
     <span class='ocr_line' id='line_1_34' title="bbox 471 2002 2070 2075; baseline -0.002 -15"><span class='ocrx_word' id='word_1_266' title='bbox 471 2005 800 2075; x_wconf 89' lang='lat' dir='ltr'><strong>ambulabat,</strong></span> <span class='ocrx_word' id='word_1_267' title='bbox 840 2017 890 2063; x_wconf 89' lang='lat' dir='ltr'><strong>et</strong></span> <span class='ocrx_word' id='word_1_268' title='bbox 912 2006 1223 2063; x_wconf 81' lang='lat' dir='ltr'><strong>accendebat</strong></span> <span class='ocrx_word' id='word_1_269' title='bbox 1278 2005 1574 2060; x_wconf 85' lang='lat' dir='ltr'><strong>thimiama.</strong></span> <span class='ocrx_word' id='word_1_270' title='bbox 1614 2003 1667 2058; x_wconf 91' lang='lat'><strong>5.</strong></span> <span class='ocrx_word' id='word_1_271' title='bbox 1699 2003 1751 2057; x_wconf 87' lang='lat'><strong>5.</strong></span> <span class='ocrx_word' id='word_1_272' title='bbox 1785 2002 1927 2071; x_wconf 84' lang='lat' dir='ltr'><strong>Quid</strong></span> <span class='ocrx_word' id='word_1_273' title='bbox 1948 2010 2070 2058; x_wconf 85' lang='lat' dir='ltr'><strong>erat</strong></span> 
     </span>
    </p>
   </div>
   <div class='ocr_carea' id='block_1_35' title="bbox 464 2095 2067 2174">
    <p class='ocr_par' dir='ltr' id='par_1_35' title="bbox 464 2095 2067 2174">
     <span class='ocr_line' id='line_1_35' title="bbox 464 2095 2067 2174; baseline -0.005 -17"><span class='ocrx_word' id='word_1_274' title='bbox 464 2100 696 2170; x_wconf 72' lang='lat' dir='ltr'><strong>excelsa,</strong></span> <span class='ocrx_word' id='word_1_275' title='bbox 732 2103 878 2174; x_wconf 93' lang='lat' dir='ltr'><strong>quod</strong></span> <span class='ocrx_word' id='word_1_276' title='bbox 914 2100 1229 2172; x_wconf 85' lang='lat' dir='ltr'><strong>frequenter</strong></span> <span class='ocrx_word' id='word_1_277' title='bbox 1251 2100 1304 2155; x_wconf 91' lang='lat' dir='ltr'><strong>in</strong></span> <span class='ocrx_word' id='word_1_278' title='bbox 1326 2100 1431 2154; x_wconf 87' lang='lat' dir='ltr'><strong>hoc</strong></span> <span class='ocrx_word' id='word_1_279' title='bbox 1450 2097 1589 2153; x_wconf 90' lang='lat' dir='ltr'><strong>libro</strong></span> <span class='ocrx_word' id='word_1_280' title='bbox 1614 2095 1847 2168; x_wconf 81' lang='lat' dir='ltr'><strong>legitur?</strong></span> <span class='ocrx_word' id='word_1_281' title='bbox 1872 2096 1940 2151; x_wconf 91' lang='lat' dir='ltr'><strong>Et</strong></span> <span class='ocrx_word' id='word_1_282' title='bbox 1969 2109 2067 2149; x_wconf 90' lang='lat' dir='ltr'><strong>cur</strong></span> 
     </span>
    </p>
   </div>
   <div class='ocr_carea' id='block_1_36' title="bbox 470 2189 2065 2264">
    <p class='ocr_par' dir='ltr' id='par_1_36' title="bbox 470 2189 2065 2264">
     <span class='ocr_line' id='line_1_36' title="bbox 470 2189 2065 2264; baseline -0.001 -19"><span class='ocrx_word' id='word_1_283' title='bbox 470 2189 691 2248; x_wconf 89' lang='lat' dir='ltr'><strong>Samuel</strong></span> <span class='ocrx_word' id='word_1_284' title='bbox 715 2208 822 2249; x_wconf 90' lang='lat' dir='ltr'><strong>non</strong></span> <span class='ocrx_word' id='word_1_285' title='bbox 849 2192 1119 2264; x_wconf 89' lang='lat' dir='ltr'><strong>culpatur,</strong></span> <span class='ocrx_word' id='word_1_286' title='bbox 1147 2192 1240 2263; x_wconf 86' lang='lat' dir='ltr'><strong>qui</strong></span> <span class='ocrx_word' id='word_1_287' title='bbox 1265 2192 1318 2246; x_wconf 93' lang='lat' dir='ltr'><strong>in</strong></span> <span class='ocrx_word' id='word_1_288' title='bbox 1349 2190 1566 2246; x_wconf 82' lang='lat' dir='ltr'><strong>excelso</strong></span> <span class='ocrx_word' id='word_1_289' title='bbox 1617 2189 1817 2260; x_wconf 82' lang='lat' dir='ltr'><strong>legitur</strong></span> <span class='ocrx_word' id='word_1_290' title='bbox 1870 2189 2065 2243; x_wconf 84' lang='lat' dir='ltr'><strong>immo-</strong></span> 
     </span>
    </p>
   </div>
   <div class='ocr_carea' id='block_1_37' title="bbox 465 2279 1724 2355">
    <p class='ocr_par' dir='ltr' id='par_1_37' title="bbox 465 2279 1724 2355">
     <span class='ocr_line' id='line_1_37' title="bbox 465 2279 1724 2355; baseline -0.003 -18"><span class='ocrx_word' id='word_1_291' title='bbox 465 2280 657 2339; x_wconf 88' lang='lat' dir='ltr'><strong>lasse?</strong></span> <span class='ocrx_word' id='word_1_292' title='bbox 687 2283 749 2355; x_wconf 89' lang='grc' dir='ltr'><strong>(Ι.</strong></span> <span class='ocrx_word' id='word_1_293' title='bbox 786 2284 916 2353; x_wconf 89' lang='lat' dir='ltr'><strong>Reg.</strong></span> <span class='ocrx_word' id='word_1_294' title='bbox 941 2283 994 2339; x_wconf 87' lang='lat'><strong>9.</strong></span> <span class='ocrx_word' id='word_1_295' title='bbox 1039 2282 1126 2337; x_wconf 86' lang='lat' dir='ltr'><strong>l2.</strong></span> <span class='ocrx_word' id='word_1_296' title='bbox 1160 2280 1273 2355; x_wconf 83' lang='grc'><strong>14.)</strong></span> <span class='ocrx_word' id='word_1_297' title='bbox 1303 2280 1389 2337; x_wconf 89' lang='lat' dir='ltr'><strong>lll.</strong></span> <span class='ocrx_word' id='word_1_298' title='bbox 1425 2282 1557 2352; x_wconf 83' lang='lat' dir='ltr'><strong>Reg.</strong></span> <span class='ocrx_word' id='word_1_299' title='bbox 1587 2282 1641 2336; x_wconf 92' lang='lat'><strong>5.</strong></span> <span class='ocrx_word' id='word_1_300' title='bbox 1670 2279 1724 2335; x_wconf 85' lang='lat'><strong>2.</strong></span> 
     </span>
    </p>
   </div>
   <div class='ocr_carea' id='block_1_38' title="bbox 538 2372 2063 2448">
    <p class='ocr_par' dir='ltr' id='par_1_38' title="bbox 538 2372 2063 2448">
     <span class='ocr_line' id='line_1_38' title="bbox 538 2372 2063 2448; baseline -0.001 -18"><span class='ocrx_word' id='word_1_301' title='bbox 538 2375 629 2430; x_wconf 89' lang='lat'><strong>45.</strong></span> <span class='ocrx_word' id='word_1_302' title='bbox 671 2374 812 2444; x_wconf 86' lang='lat' dir='ltr'><strong>Quid</strong></span> <span class='ocrx_word' id='word_1_303' title='bbox 836 2375 1144 2448; x_wconf 81' lang='lat' dir='ltr'><strong>signiﬁcent</strong></span> <span class='ocrx_word' id='word_1_304' title='bbox 1168 2374 1272 2431; x_wconf 70' lang='lat' dir='ltr'><strong>illa:</strong></span> <span class='ocrx_word' id='word_1_305' title='bbox 1301 2374 1421 2429; x_wconf 63' lang='lat' dir='ltr'><strong>dua:</strong></span> <span class='ocrx_word' id='word_1_306' title='bbox 1444 2372 1703 2429; x_wconf 87' lang='lat' dir='ltr'><strong>mulieres</strong></span> <span class='ocrx_word' id='word_1_307' title='bbox 1724 2372 2063 2439; x_wconf 88' lang='lat' dir='ltr'><strong>meretrices,</strong></span> 
     </span>
    </p>
   </div>
   <div class='ocr_carea' id='block_1_39' title="bbox 469 2462 2061 2539">
    <p class='ocr_par' dir='ltr' id='par_1_39' title="bbox 469 2462 2061 2539">
     <span class='ocr_line' id='line_1_39' title="bbox 469 2462 2061 2539; baseline -0.001 -17"><span class='ocrx_word' id='word_1_308' title='bbox 469 2481 592 2538; x_wconf 81' lang='lat' dir='ltr'><strong>quae</strong></span> <span class='ocrx_word' id='word_1_309' title='bbox 615 2476 881 2524; x_wconf 88' lang='lat' dir='ltr'><strong>venerunt</strong></span> <span class='ocrx_word' id='word_1_310' title='bbox 908 2477 1037 2523; x_wconf 88' lang='lat' dir='ltr'><strong>ante</strong></span> <span class='ocrx_word' id='word_1_311' title='bbox 1092 2466 1297 2539; x_wconf 88' lang='lat' dir='ltr'><strong>Regem</strong></span> <span class='ocrx_word' id='word_1_312' title='bbox 1347 2464 1739 2522; x_wconf 89' lang='lat' dir='ltr'><strong>Salomonem?</strong></span> <span class='ocrx_word' id='word_1_313' title='bbox 1768 2462 1857 2519; x_wconf 91' lang='lat' dir='ltr'><strong>lll.</strong></span> <span class='ocrx_word' id='word_1_314' title='bbox 1888 2463 1942 2518; x_wconf 91' lang='lat'><strong>5.</strong></span> <span class='ocrx_word' id='word_1_315' title='bbox 1974 2462 2061 2520; x_wconf 89' lang='grc'><strong>16.</strong></span> 
     </span>
    </p>
   </div>
   <div class='ocr_carea' id='block_1_40' title="bbox 537 2552 2065 2633">
    <p class='ocr_par' dir='ltr' id='par_1_40' title="bbox 537 2552 2065 2633">
     <span class='ocr_line' id='line_1_40' title="bbox 537 2552 2065 2633; baseline -0.001 -18"><span class='ocrx_word' id='word_1_316' title='bbox 537 2559 630 2616; x_wconf 83' lang='grc'><strong>46.</strong></span> <span class='ocrx_word' id='word_1_317' title='bbox 672 2552 844 2617; x_wconf 88' lang='lat' dir='ltr'><strong>Porro</strong></span> <span class='ocrx_word' id='word_1_318' title='bbox 883 2559 1044 2617; x_wconf 85' lang='lat' dir='ltr'><strong>Giblii</strong></span> <span class='ocrx_word' id='word_1_319' title='bbox 1085 2568 1519 2633; x_wconf 81' lang='lat' dir='ltr'><strong>prteparaverunt</strong></span> <span class='ocrx_word' id='word_1_320' title='bbox 1578 2558 1743 2629; x_wconf 88' lang='lat' dir='ltr'><strong>ligna,</strong></span> <span class='ocrx_word' id='word_1_321' title='bbox 1782 2566 1832 2613; x_wconf 89' lang='lat' dir='ltr'><strong>et</strong></span> <span class='ocrx_word' id='word_1_322' title='bbox 1861 2557 2065 2630; x_wconf 82' lang='lat' dir='ltr'><strong>lapides</strong></span> 
     </span>
    </p>
   </div>
   <div class='ocr_carea' id='block_1_41' title="bbox 463 2641 1535 2726">
    <p class='ocr_par' dir='ltr' id='par_1_41' title="bbox 463 2641 1535 2726">
     <span class='ocr_line' id='line_1_41' title="bbox 463 2641 1535 2726; baseline -0.007 -14"><span class='ocrx_word' id='word_1_323' title='bbox 463 2652 535 2712; x_wconf 85' lang='lat' dir='ltr'><strong>ad</strong></span> <span class='ocrx_word' id='word_1_324' title='bbox 559 2641 952 2726; x_wconf 33' lang='lat' dir='ltr'><strong>wdiﬁcandum&#39;</strong></span> <span class='ocrx_word' id='word_1_325' title='bbox 977 2654 1211 2711; x_wconf 89' lang='lat' dir='ltr'><strong>domum.</strong></span> <span class='ocrx_word' id='word_1_326' title='bbox 1236 2652 1323 2709; x_wconf 85' lang='grc' dir='ltr'><strong>ΙΙΙ.</strong></span> <span class='ocrx_word' id='word_1_327' title='bbox 1361 2650 1413 2707; x_wconf 87' lang='grc'><strong>5.</strong></span> <span class='ocrx_word' id='word_1_328' title='bbox 1446 2652 1535 2708; x_wconf 91' lang='grc'><strong>18.</strong></span> 
     </span>
    </p>
   </div>
   <div class='ocr_carea' id='block_1_42' title="bbox 534 2744 2062 2820">
    <p class='ocr_par' dir='ltr' id='par_1_42' title="bbox 534 2744 2062 2820">
     <span class='ocr_line' id='line_1_42' title="bbox 534 2744 2062 2820; baseline -0.003 -17"><span class='ocrx_word' id='word_1_329' title='bbox 534 2746 624 2803; x_wconf 80' lang='lat'><strong>47.</strong></span> <span class='ocrx_word' id='word_1_330' title='bbox 660 2745 796 2804; x_wconf 89' lang='lat' dir='ltr'><strong>Cum</strong></span> <span class='ocrx_word' id='word_1_331' title='bbox 817 2748 1032 2820; x_wconf 90' lang='lat' dir='ltr'><strong>legatur</strong></span> <span class='ocrx_word' id='word_1_332' title='bbox 1084 2746 1398 2819; x_wconf 84' lang='lat' dir='ltr'><strong>expressius</strong></span> <span class='ocrx_word' id='word_1_333' title='bbox 1441 2746 1496 2801; x_wconf 91' lang='lat' dir='ltr'><strong>in</strong></span> <span class='ocrx_word' id='word_1_334' title='bbox 1526 2744 1667 2802; x_wconf 90' lang='lat' dir='ltr'><strong>libro</strong></span> <span class='ocrx_word' id='word_1_335' title='bbox 1713 2746 1944 2817; x_wconf 83' lang='lat' dir='ltr'><strong>Regum.</strong></span> <span class='ocrx_word' id='word_1_336' title='bbox 1975 2744 2062 2800; x_wconf 85' lang='lat' dir='ltr'><strong>lll.</strong></span> 
     </span>
    </p>
   </div>
   <div class='ocr_carea' id='block_1_43' title="bbox 460 2836 2062 2910">
    <p class='ocr_par' dir='ltr' id='par_1_43' title="bbox 460 2836 2062 2910">
     <span class='ocr_line' id='line_1_43' title="bbox 460 2836 2062 2910; baseline -0.003 -11"><span class='ocrx_word' id='word_1_337' title='bbox 460 2842 516 2899; x_wconf 90' lang='lat'><strong>8.</strong></span> <span class='ocrx_word' id='word_1_338' title='bbox 550 2839 606 2897; x_wconf 88' lang='lat'><strong>9.</strong></span> <span class='ocrx_word' id='word_1_339' title='bbox 649 2840 854 2910; x_wconf 84' lang='lat' dir='ltr'><strong>absque</strong></span> <span class='ocrx_word' id='word_1_340' title='bbox 889 2839 1346 2910; x_wconf 87' lang='lat' dir='ltr'><strong>Paralipomenon</strong></span> <span class='ocrx_word' id='word_1_341' title='bbox 1369 2837 1436 2893; x_wconf 90' lang='lat' dir='ltr'><strong>ll.</strong></span> <span class='ocrx_word' id='word_1_342' title='bbox 1461 2837 1517 2891; x_wconf 91' lang='lat'><strong>5.</strong></span> <span class='ocrx_word' id='word_1_343' title='bbox 1548 2837 1636 2892; x_wconf 88' lang='grc'><strong>10.</strong></span> <span class='ocrx_word' id='word_1_344' title='bbox 1686 2838 1832 2908; x_wconf 89' lang='lat' dir='ltr'><strong>quod</strong></span> <span class='ocrx_word' id='word_1_345' title='bbox 1861 2836 1918 2891; x_wconf 92' lang='lat' dir='ltr'><strong>in</strong></span> <span class='ocrx_word' id='word_1_346' title='bbox 1937 2852 2062 2894; x_wconf 86' lang='lat' dir='ltr'><strong>arca</strong></span> 
     </span>
    </p>
   </div>
   <div class='ocr_carea' id='block_1_44' title="bbox 460 2926 2067 2998">
    <p class='ocr_par' dir='ltr' id='par_1_44' title="bbox 460 2926 2067 2998">
     <span class='ocr_line' id='line_1_44' title="bbox 460 2926 2067 2998; baseline -0.001 -13"><span class='ocrx_word' id='word_1_347' title='bbox 460 2944 572 2985; x_wconf 89' lang='lat' dir='ltr'><strong>non</strong></span> <span class='ocrx_word' id='word_1_348' title='bbox 600 2937 748 2986; x_wconf 87' lang='lat' dir='ltr'><strong>esset</strong></span> <span class='ocrx_word' id='word_1_349' title='bbox 776 2930 947 2995; x_wconf 89' lang='lat' dir='ltr'><strong>aliud,</strong></span> <span class='ocrx_word' id='word_1_350' title='bbox 981 2929 1088 2984; x_wconf 86' lang='lat' dir='ltr'><strong>nisi</strong></span> <span class='ocrx_word' id='word_1_351' title='bbox 1116 2929 1238 2984; x_wconf 71' lang='lat' dir='ltr'><strong>dua:</strong></span> <span class='ocrx_word' id='word_1_352' title='bbox 1280 2928 1480 2984; x_wconf 79' lang='lat' dir='ltr'><strong>tabulae</strong></span> <span class='ocrx_word' id='word_1_353' title='bbox 1531 2926 1782 2998; x_wconf 70' lang='lat' dir='ltr'><strong>lapideae,</strong></span> <span class='ocrx_word' id='word_1_354' title='bbox 1808 2942 1946 2998; x_wconf 89' lang='lat' dir='ltr'><strong>quas</strong></span> <span class='ocrx_word' id='word_1_355' title='bbox 1970 2942 2067 2998; x_wconf 92' lang='lat' dir='ltr'><strong>po-</strong></span> 
     </span>
    </p>
   </div>
   <div class='ocr_carea' id='block_1_45' title="bbox 460 3019 2067 3091">
    <p class='ocr_par' dir='ltr' id='par_1_45' title="bbox 460 3019 2067 3091">
     <span class='ocr_line' id='line_1_45' title="bbox 460 3019 2067 3091; baseline 0.001 -14"><span class='ocrx_word' id='word_1_356' title='bbox 460 3029 651 3078; x_wconf 86' lang='lat' dir='ltr'><strong>suerat</strong></span> <span class='ocrx_word' id='word_1_357' title='bbox 702 3022 757 3077; x_wconf 91' lang='lat' dir='ltr'><strong>in</strong></span> <span class='ocrx_word' id='word_1_358' title='bbox 804 3036 870 3077; x_wconf 90' lang='lat' dir='ltr'><strong>ea</strong></span> <span class='ocrx_word' id='word_1_359' title='bbox 920 3019 1138 3077; x_wconf 85' lang='lat' dir='ltr'><strong>Moises.</strong></span> <span class='ocrx_word' id='word_1_360' title='bbox 1193 3020 1262 3075; x_wconf 87' lang='lat' dir='ltr'><strong>Et</strong></span> <span class='ocrx_word' id='word_1_361' title='bbox 1314 3020 1564 3091; x_wconf 88' lang='lat' dir='ltr'><strong>reliqua:</strong></span> <span class='ocrx_word' id='word_1_362' title='bbox 1608 3034 1733 3075; x_wconf 90' lang='lat' dir='ltr'><strong>cum</strong></span> <span class='ocrx_word' id='word_1_363' title='bbox 1771 3019 2067 3091; x_wconf 81' lang='lat' dir='ltr'><strong>Apostolus</strong></span> 
     </span>
    </p>
   </div>
   <div class='ocr_carea' id='block_1_46' title="bbox 459 3112 2059 3185">
    <p class='ocr_par' dir='ltr' id='par_1_46' title="bbox 459 3112 2059 3185">
     <span class='ocr_line' id='line_1_46' title="bbox 459 3112 2059 3185; baseline -0.004 -9"><span class='ocrx_word' id='word_1_364' title='bbox 459 3118 668 3176; x_wconf 78' lang='lat' dir='ltr'><strong>scribat</strong></span> <span class='ocrx_word' id='word_1_365' title='bbox 697 3116 766 3173; x_wconf 89' lang='lat' dir='ltr'><strong>ad</strong></span> <span class='ocrx_word' id='word_1_366' title='bbox 796 3114 1074 3171; x_wconf 76' lang='lat' dir='ltr'><strong>Hebraeos.</strong></span> <span class='ocrx_word' id='word_1_367' title='bbox 1106 3114 1165 3170; x_wconf 90' lang='lat'><strong>9.</strong></span> <span class='ocrx_word' id='word_1_368' title='bbox 1197 3113 1252 3168; x_wconf 87' lang='lat'><strong>4.</strong></span> <span class='ocrx_word' id='word_1_369' title='bbox 1279 3114 1424 3185; x_wconf 83' lang='lat' dir='ltr'><strong>quod</strong></span> <span class='ocrx_word' id='word_1_370' title='bbox 1452 3114 1509 3168; x_wconf 87' lang='lat' dir='ltr'><strong>in</strong></span> <span class='ocrx_word' id='word_1_371' title='bbox 1538 3128 1665 3169; x_wconf 88' lang='lat' dir='ltr'><strong>arca</strong></span> <span class='ocrx_word' id='word_1_372' title='bbox 1692 3120 1819 3168; x_wconf 91' lang='lat' dir='ltr'><strong>sunt</strong></span> <span class='ocrx_word' id='word_1_373' title='bbox 1846 3112 2059 3180; x_wconf 76' lang='lat' dir='ltr'><strong>tabulw,</strong></span> 
     </span>
    </p>
   </div>
   <div class='ocr_carea' id='block_1_47' title="bbox 2241 1908 3770 1985">
    <p class='ocr_par' dir='ltr' id='par_1_47' title="bbox 2241 1908 3770 1985">
     <span class='ocr_line' id='line_1_47' title="bbox 2241 1908 3770 1985; baseline -0.005 -15"><span class='ocrx_word' id='word_1_374' title='bbox 2241 1913 2331 1970; x_wconf 88' lang='grc'><strong>56.</strong></span> <span class='ocrx_word' id='word_1_375' title='bbox 2371 1912 2652 1985; x_wconf 87' lang='lat' dir='ltr'><strong>Reliquum</strong></span> <span class='ocrx_word' id='word_1_376' title='bbox 2688 1920 2862 1967; x_wconf 88' lang='lat' dir='ltr'><strong>autem</strong></span> <span class='ocrx_word' id='word_1_377' title='bbox 2900 1911 3180 1966; x_wconf 83' lang='lat' dir='ltr'><strong>verborum</strong></span> <span class='ocrx_word' id='word_1_378' title='bbox 3228 1908 3571 1973; x_wconf 82' lang='lat' dir='ltr'><strong>Salomonis,</strong></span> <span class='ocrx_word' id='word_1_379' title='bbox 3604 1917 3655 1963; x_wconf 83' lang='lat' dir='ltr'><strong>et</strong></span> <span class='ocrx_word' id='word_1_380' title='bbox 3676 1924 3770 1962; x_wconf 73' lang='lat' dir='ltr'><strong>oss-</strong></span> 
     </span>
    </p>
   </div>
   <div class='ocr_carea' id='block_1_48' title="bbox 2172 2002 3769 2079">
    <p class='ocr_par' dir='ltr' id='par_1_48' title="bbox 2172 2002 3769 2079">
     <span class='ocr_line' id='line_1_48' title="bbox 2172 2002 3769 2079; baseline -0.005 -16"><span class='ocrx_word' id='word_1_381' title='bbox 2172 2008 2263 2063; x_wconf 88' lang='lat' dir='ltr'><strong>nia</strong></span> <span class='ocrx_word' id='word_1_382' title='bbox 2296 2023 2414 2079; x_wconf 74' lang='lat' dir='ltr'><strong>qua:</strong></span> <span class='ocrx_word' id='word_1_383' title='bbox 2443 2006 2587 2077; x_wconf 76' lang='lat' dir='ltr'><strong>fecit,</strong></span> <span class='ocrx_word' id='word_1_384' title='bbox 2613 2013 2663 2059; x_wconf 93' lang='lat' dir='ltr'><strong>et</strong></span> <span class='ocrx_word' id='word_1_385' title='bbox 2689 2004 2949 2075; x_wconf 85' lang='lat' dir='ltr'><strong>sapientia</strong></span> <span class='ocrx_word' id='word_1_386' title='bbox 2979 2003 3115 2075; x_wconf 82' lang='lat' dir='ltr'><strong>ejus,</strong></span> <span class='ocrx_word' id='word_1_387' title='bbox 3150 2019 3266 2059; x_wconf 88' lang='lat' dir='ltr'><strong>ecce</strong></span> <span class='ocrx_word' id='word_1_388' title='bbox 3296 2002 3558 2056; x_wconf 79' lang='lat' dir='ltr'><strong>universa</strong></span> <span class='ocrx_word' id='word_1_389' title='bbox 3590 2003 3769 2074; x_wconf 64' lang='lat' dir='ltr'><strong>scripta</strong></span> 
     </span>
    </p>
   </div>
   <div class='ocr_carea' id='block_1_49' title="bbox 2169 2092 3769 2154">
    <p class='ocr_par' dir='ltr' id='par_1_49' title="bbox 2169 2092 3769 2154">
     <span class='ocr_line' id='line_1_49' title="bbox 2169 2092 3769 2154; baseline -0.003 -1"><span class='ocrx_word' id='word_1_390' title='bbox 2169 2097 2369 2154; x_wconf 90' lang='lat' dir='ltr'><strong>suntin</strong></span> <span class='ocrx_word' id='word_1_391' title='bbox 2429 2096 2560 2152; x_wconf 90' lang='lat' dir='ltr'><strong>libro</strong></span> <span class='ocrx_word' id='word_1_392' title='bbox 2606 2095 2880 2151; x_wconf 80' lang='lat' dir='ltr'><strong>uerborum</strong></span> <span class='ocrx_word' id='word_1_393' title='bbox 2945 2094 3155 2151; x_wconf 87' lang='lat' dir='ltr'><strong>dierum</strong></span> <span class='ocrx_word' id='word_1_394' title='bbox 3201 2092 3536 2151; x_wconf 82' lang='lat' dir='ltr'><strong>Salomonis.</strong></span> <span class='ocrx_word' id='word_1_395' title='bbox 3573 2094 3769 2150; x_wconf 66' lang='lat'><strong>11.41.</strong></span> 
     </span>
    </p>
   </div>
   <div class='ocr_carea' id='block_1_50' title="bbox 2170 2188 3001 2260">
    <p class='ocr_par' dir='ltr' id='par_1_50' title="bbox 2170 2188 3001 2260">
     <span class='ocr_line' id='line_1_50' title="bbox 2170 2188 3001 2260; baseline -0.004 -15"><span class='ocrx_word' id='word_1_396' title='bbox 2170 2189 2358 2260; x_wconf 84' lang='lat' dir='ltr'><strong>Qualis</strong></span> <span class='ocrx_word' id='word_1_397' title='bbox 2382 2200 2467 2245; x_wconf 90' lang='lat' dir='ltr'><strong>est</strong></span> <span class='ocrx_word' id='word_1_398' title='bbox 2497 2189 2657 2254; x_wconf 90' lang='lat' dir='ltr'><strong>liber,</strong></span> <span class='ocrx_word' id='word_1_399' title='bbox 2686 2188 2827 2244; x_wconf 89' lang='lat' dir='ltr'><strong>scire</strong></span> <span class='ocrx_word' id='word_1_400' title='bbox 2858 2188 3001 2245; x_wconf 90' lang='lat' dir='ltr'><strong>volo.</strong></span> 
     </span>
    </p>
   </div>
   <div class='ocr_carea' id='block_1_51' title="bbox 2178 2281 3771 2356">
    <p class='ocr_par' dir='ltr' id='par_1_51' title="bbox 2178 2281 3771 2356">
     <span class='ocr_line' id='line_1_51' title="bbox 2178 2281 3771 2356; baseline -0.003 -16"><span class='ocrx_word' id='word_1_401' title='bbox 2178 2352 2179 2355; x_wconf 21' lang='grc' dir='ltr'><strong>η</strong></span> <span class='ocrx_word' id='word_1_402' title='bbox 2239 2284 2329 2340; x_wconf 83' lang='grc'><strong>57.</strong></span> <span class='ocrx_word' id='word_1_403' title='bbox 2361 2284 2497 2340; x_wconf 87' lang='lat' dir='ltr'><strong>Cum</strong></span> <span class='ocrx_word' id='word_1_404' title='bbox 2520 2283 2703 2339; x_wconf 86' lang='lat' dir='ltr'><strong>Helias</strong></span> <span class='ocrx_word' id='word_1_405' title='bbox 2748 2292 2877 2342; x_wconf 90' lang='lat' dir='ltr'><strong>ante</strong></span> <span class='ocrx_word' id='word_1_406' title='bbox 2917 2283 3133 2340; x_wconf 84' lang='lat' dir='ltr'><strong>Jesabel</strong></span> <span class='ocrx_word' id='word_1_407' title='bbox 3173 2281 3405 2356; x_wconf 84' lang='lat' dir='ltr'><strong>fugeret,</strong></span> <span class='ocrx_word' id='word_1_408' title='bbox 3454 2290 3519 2337; x_wconf 81' lang='lat' dir='ltr'><strong>et</strong></span> <span class='ocrx_word' id='word_1_409' title='bbox 3545 2282 3771 2337; x_wconf 77' lang='lat' dir='ltr'><strong>venisset</strong></span> 
     </span>
    </p>
   </div>
   <div class='ocr_carea' id='block_1_52' title="bbox 2171 2374 3770 2449">
    <p class='ocr_par' dir='ltr' id='par_1_52' title="bbox 2171 2374 3770 2449">
     <span class='ocr_line' id='line_1_52' title="bbox 2171 2374 3770 2449; baseline -0.003 -15"><span class='ocrx_word' id='word_1_410' title='bbox 2171 2378 2239 2434; x_wconf 91' lang='lat' dir='ltr'><strong>ad</strong></span> <span class='ocrx_word' id='word_1_411' title='bbox 2278 2386 2519 2433; x_wconf 89' lang='lat' dir='ltr'><strong>montem</strong></span> <span class='ocrx_word' id='word_1_412' title='bbox 2545 2376 2644 2433; x_wconf 91' lang='lat' dir='ltr'><strong>Dei</strong></span> <span class='ocrx_word' id='word_1_413' title='bbox 2682 2376 2887 2449; x_wconf 89' lang='lat' dir='ltr'><strong>Orepb,</strong></span> <span class='ocrx_word' id='word_1_414' title='bbox 2925 2386 2981 2432; x_wconf 90' lang='lat' dir='ltr'><strong>et</strong></span> <span class='ocrx_word' id='word_1_415' title='bbox 3002 2377 3294 2433; x_wconf 83' lang='lat' dir='ltr'><strong>mansisset</strong></span> <span class='ocrx_word' id='word_1_416' title='bbox 3327 2376 3384 2430; x_wconf 90' lang='lat' dir='ltr'><strong>in</strong></span> <span class='ocrx_word' id='word_1_417' title='bbox 3410 2374 3701 2447; x_wconf 78' lang='lat' dir='ltr'><strong>spelunca,</strong></span> <span class='ocrx_word' id='word_1_418' title='bbox 3724 2382 3770 2430; x_wconf 86' lang='lat' dir='ltr'><strong>et</strong></span> 
     </span>
    </p>
   </div>
   <div class='ocr_carea' id='block_1_53' title="bbox 2170 2467 3769 2539">
    <p class='ocr_par' dir='ltr' id='par_1_53' title="bbox 2170 2467 3769 2539">
     <span class='ocr_line' id='line_1_53' title="bbox 2170 2467 3769 2539; baseline -0.002 -15"><span class='ocrx_word' id='word_1_419' title='bbox 2170 2467 2347 2526; x_wconf 79' lang='lat' dir='ltr'><strong>factus</strong></span> <span class='ocrx_word' id='word_1_420' title='bbox 2368 2468 2560 2524; x_wconf 79' lang='lat' dir='ltr'><strong>fuisset</strong></span> <span class='ocrx_word' id='word_1_421' title='bbox 2607 2468 2676 2525; x_wconf 90' lang='lat' dir='ltr'><strong>ad</strong></span> <span class='ocrx_word' id='word_1_422' title='bbox 2704 2484 2830 2525; x_wconf 90' lang='lat' dir='ltr'><strong>eum</strong></span> <span class='ocrx_word' id='word_1_423' title='bbox 2861 2483 3043 2524; x_wconf 89' lang='lat' dir='ltr'><strong>sermo</strong></span> <span class='ocrx_word' id='word_1_424' title='bbox 3061 2468 3301 2535; x_wconf 90' lang='lat' dir='ltr'><strong>Domini,</strong></span> <span class='ocrx_word' id='word_1_425' title='bbox 3331 2474 3456 2539; x_wconf 87' lang='lat' dir='ltr'><strong>post</strong></span> <span class='ocrx_word' id='word_1_426' title='bbox 3484 2483 3676 2539; x_wconf 83' lang='lat' dir='ltr'><strong>pauca</strong></span> <span class='ocrx_word' id='word_1_427' title='bbox 3699 2483 3769 2522; x_wconf 82' lang='lat' dir='ltr'><strong>re-</strong></span> 
     </span>
    </p>
   </div>
   <div class='ocr_carea' id='block_1_54' title="bbox 2169 2561 3763 2634">
    <p class='ocr_par' dir='ltr' id='par_1_54' title="bbox 2169 2561 3763 2634">
     <span class='ocr_line' id='line_1_54' title="bbox 2169 2561 3763 2634; baseline -0.001 -16"><span class='ocrx_word' id='word_1_428' title='bbox 2169 2561 2276 2619; x_wconf 83' lang='lat' dir='ltr'><strong>fert</strong></span> <span class='ocrx_word' id='word_1_429' title='bbox 2315 2561 2618 2634; x_wconf 83' lang='lat' dir='ltr'><strong>Scriptura.</strong></span> <span class='ocrx_word' id='word_1_430' title='bbox 2680 2562 2767 2619; x_wconf 86' lang='grc'><strong>19.</strong></span> <span class='ocrx_word' id='word_1_431' title='bbox 2826 2562 2881 2617; x_wconf 89' lang='lat'><strong>2.</strong></span> <span class='ocrx_word' id='word_1_432' title='bbox 2924 2563 2980 2619; x_wconf 90' lang='grc'><strong>8.</strong></span> <span class='ocrx_word' id='word_1_433' title='bbox 3010 2562 3149 2616; x_wconf 86' lang='lat' dir='ltr'><strong>Ecce</strong></span> <span class='ocrx_word' id='word_1_434' title='bbox 3178 2562 3439 2616; x_wconf 83' lang='lat' dir='ltr'><strong>Dominus</strong></span> <span class='ocrx_word' id='word_1_435' title='bbox 3476 2566 3701 2626; x_wconf 80' lang='lat' dir='ltr'><strong>transit,</strong></span> <span class='ocrx_word' id='word_1_436' title='bbox 3723 2572 3763 2616; x_wconf 78' lang='lat' dir='ltr'><strong>et</strong></span> 
     </span>
    </p>
   </div>
   <div class='ocr_carea' id='block_1_55' title="bbox 2168 2654 3770 2728">
    <p class='ocr_par' dir='ltr' id='par_1_55' title="bbox 2168 2654 3770 2728">
     <span class='ocr_line' id='line_1_55' title="bbox 2168 2654 3770 2728; baseline -0.002 -16"><span class='ocrx_word' id='word_1_437' title='bbox 2168 2657 2387 2728; x_wconf 80' lang='lat' dir='ltr'><strong>spiritus</strong></span> <span class='ocrx_word' id='word_1_438' title='bbox 2414 2654 2633 2727; x_wconf 85' lang='lat' dir='ltr'><strong>grandis</strong></span> <span class='ocrx_word' id='word_1_439' title='bbox 2662 2664 2711 2710; x_wconf 90' lang='lat' dir='ltr'><strong>et</strong></span> <span class='ocrx_word' id='word_1_440' title='bbox 2761 2655 2915 2725; x_wconf 80' lang='lat' dir='ltr'><strong>fortis</strong></span> <span class='ocrx_word' id='word_1_441' title='bbox 2972 2656 3271 2710; x_wconf 87' lang='lat' dir='ltr'><strong>subvertens</strong></span> <span class='ocrx_word' id='word_1_442' title='bbox 3306 2665 3542 2721; x_wconf 77' lang='lat' dir='ltr'><strong>montes,</strong></span> <span class='ocrx_word' id='word_1_443' title='bbox 3594 2664 3641 2709; x_wconf 86' lang='lat' dir='ltr'><strong>et</strong></span> <span class='ocrx_word' id='word_1_444' title='bbox 3665 2671 3770 2708; x_wconf 49' lang='lat' dir='ltr'><strong>eam</strong></span> 
     </span>
    </p>
   </div>
   <div class='ocr_carea' id='block_1_56' title="bbox 2170 2746 3766 2819">
    <p class='ocr_par' dir='ltr' id='par_1_56' title="bbox 2170 2746 3766 2819">
     <span class='ocr_line' id='line_1_56' title="bbox 2170 2746 3766 2819; baseline -0.002 -16"><span class='ocrx_word' id='word_1_445' title='bbox 2170 2757 2343 2803; x_wconf 87' lang='lat' dir='ltr'><strong>terens</strong></span> <span class='ocrx_word' id='word_1_446' title='bbox 2395 2756 2591 2819; x_wconf 86' lang='lat' dir='ltr'><strong>petras,</strong></span> <span class='ocrx_word' id='word_1_447' title='bbox 2652 2762 2828 2818; x_wconf 91' lang='lat' dir='ltr'><strong>usque</strong></span> <span class='ocrx_word' id='word_1_448' title='bbox 2870 2748 3001 2803; x_wconf 91' lang='lat' dir='ltr'><strong>dum</strong></span> <span class='ocrx_word' id='word_1_449' title='bbox 3060 2748 3210 2814; x_wconf 87' lang='lat' dir='ltr'><strong>dicit,</strong></span> <span class='ocrx_word' id='word_1_450' title='bbox 3255 2757 3305 2802; x_wconf 87' lang='lat' dir='ltr'><strong>et</strong></span> <span class='ocrx_word' id='word_1_451' title='bbox 3329 2746 3629 2802; x_wconf 83' lang='lat' dir='ltr'><strong>derelictus</strong></span> <span class='ocrx_word' id='word_1_452' title='bbox 3670 2764 3766 2802; x_wconf 69' lang='lat' dir='ltr'><strong>sui</strong></span> 
     </span>
    </p>
   </div>
   <div class='ocr_carea' id='block_1_57' title="bbox 2168 2841 3765 2915">
    <p class='ocr_par' dir='ltr' id='par_1_57' title="bbox 2168 2841 3765 2915">
     <span class='ocr_line' id='line_1_57' title="bbox 2168 2841 3765 2915; baseline -0.001 -16"><span class='ocrx_word' id='word_1_453' title='bbox 2168 2860 2262 2915; x_wconf 85' lang='lat' dir='ltr'><strong>ego</strong></span> <span class='ocrx_word' id='word_1_454' title='bbox 2293 2841 2460 2909; x_wconf 87' lang='lat' dir='ltr'><strong>solus,</strong></span> <span class='ocrx_word' id='word_1_455' title='bbox 2490 2850 2538 2896; x_wconf 86' lang='lat' dir='ltr'><strong>et</strong></span> <span class='ocrx_word' id='word_1_456' title='bbox 2573 2850 2818 2915; x_wconf 73' lang='lat' dir='ltr'><strong>quazrunt</strong></span> <span class='ocrx_word' id='word_1_457' title='bbox 2840 2844 3097 2910; x_wconf 88' lang='lat' dir='ltr'><strong>animam,</strong></span> <span class='ocrx_word' id='word_1_458' title='bbox 3123 2852 3181 2899; x_wconf 89' lang='lat' dir='ltr'><strong>ut</strong></span> <span class='ocrx_word' id='word_1_459' title='bbox 3233 2841 3483 2913; x_wconf 83' lang='lat' dir='ltr'><strong>auferant</strong></span> <span class='ocrx_word' id='word_1_460' title='bbox 3517 2859 3662 2897; x_wconf 83' lang='lat' dir='ltr'><strong>eam.</strong></span> <span class='ocrx_word' id='word_1_461' title='bbox 3694 2841 3765 2898; x_wconf 83' lang='lat' dir='ltr'><strong>l9.</strong></span> 
     </span>
    </p>
   </div>
   <div class='ocr_carea' id='block_1_58' title="bbox 2169 2935 2539 2991">
    <p class='ocr_par' dir='ltr' id='par_1_58' title="bbox 2169 2935 2539 2991">
     <span class='ocr_line' id='line_1_58' title="bbox 2169 2935 2539 2991; baseline -0.003 0"><span class='ocrx_word' id='word_1_462' title='bbox 2169 2936 2260 2991; x_wconf 91' lang='grc'><strong>11.</strong></span> <span class='ocrx_word' id='word_1_463' title='bbox 2305 2935 2394 2990; x_wconf 87' lang='grc'><strong>14.</strong></span> <span class='ocrx_word' id='word_1_464' title='bbox 2434 2943 2539 2991; x_wconf 89' lang='lat' dir='ltr'><strong>etc.</strong></span> 
     </span>
    </p>
   </div>
   <div class='ocr_carea' id='block_1_59' title="bbox 2239 3026 3768 3085">
    <p class='ocr_par' dir='ltr' id='par_1_59' title="bbox 2239 3026 3768 3085">
     <span class='ocr_line' id='line_1_59' title="bbox 2239 3026 3768 3085; baseline -0.002 -1"><span class='ocrx_word' id='word_1_465' title='bbox 2239 3027 2329 3084; x_wconf 89' lang='lat'><strong>58.</strong></span> <span class='ocrx_word' id='word_1_466' title='bbox 2369 3026 2505 3084; x_wconf 87' lang='lat' dir='ltr'><strong>Cum</strong></span> <span class='ocrx_word' id='word_1_467' title='bbox 2542 3026 2725 3084; x_wconf 86' lang='lat' dir='ltr'><strong>Helias</strong></span> <span class='ocrx_word' id='word_1_468' title='bbox 2777 3029 2978 3085; x_wconf 82' lang='lat' dir='ltr'><strong>dixerit</strong></span> <span class='ocrx_word' id='word_1_469' title='bbox 3030 3029 3098 3084; x_wconf 90' lang='lat' dir='ltr'><strong>de</strong></span> <span class='ocrx_word' id='word_1_470' title='bbox 3149 3029 3375 3085; x_wconf 78' lang='lat' dir='ltr'><strong>Achab?</strong></span> <span class='ocrx_word' id='word_1_471' title='bbox 3416 3027 3479 3084; x_wconf 86' lang='lat' dir='ltr'><strong>Si</strong></span> <span class='ocrx_word' id='word_1_472' title='bbox 3540 3038 3768 3082; x_wconf 78' lang='lat' dir='ltr'><strong>mortuus</strong></span> 
     </span>
    </p>
   </div>
   <div class='ocr_carea' id='block_1_60' title="bbox 2171 3120 3768 3193">
    <p class='ocr_par' dir='ltr' id='par_1_60' title="bbox 2171 3120 3768 3193">
     <span class='ocr_line' id='line_1_60' title="bbox 2171 3120 3768 3193; baseline -0.001 -18"><span class='ocrx_word' id='word_1_473' title='bbox 2171 3120 2329 3193; x_wconf 78' lang='lat' dir='ltr'><strong>fuerit</strong></span> <span class='ocrx_word' id='word_1_474' title='bbox 2352 3121 2410 3175; x_wconf 88' lang='lat' dir='ltr'><strong>in</strong></span> <span class='ocrx_word' id='word_1_475' title='bbox 2458 3121 2684 3187; x_wconf 83' lang='lat' dir='ltr'><strong>civitate,</strong></span> <span class='ocrx_word' id='word_1_476' title='bbox 2712 3121 2982 3177; x_wconf 88' lang='lat' dir='ltr'><strong>comedent</strong></span> <span class='ocrx_word' id='word_1_477' title='bbox 3035 3138 3153 3177; x_wconf 85' lang='lat' dir='ltr'><strong>eum</strong></span> <span class='ocrx_word' id='word_1_478' title='bbox 3189 3138 3367 3177; x_wconf 86' lang='lat' dir='ltr'><strong>canes.</strong></span> <span class='ocrx_word' id='word_1_479' title='bbox 3404 3121 3470 3176; x_wconf 89' lang='lat' dir='ltr'><strong>Si</strong></span> <span class='ocrx_word' id='word_1_480' title='bbox 3518 3120 3768 3175; x_wconf 61' lang='lat' dir='ltr'><strong>antelati:</strong></span> 
     </span>
    </p>
   </div>
   <div class='ocr_carea' id='block_1_61' title="bbox 471 3173 3768 3283">
    <p class='ocr_par' dir='ltr' id='par_1_61' title="bbox 471 3173 3768 3283">
     <span class='ocr_line' id='line_1_61' title="bbox 471 3173 3768 3283; baseline -0 -20"><span class='ocrx_word' id='word_1_481' title='bbox 471 3206 631 3282; x_wconf 85' lang='lat' dir='ltr'><strong>Virga</strong></span> <span class='ocrx_word' id='word_1_482' title='bbox 675 3208 878 3275; x_wconf 82' lang='lat' dir='ltr'><strong>Aaron,</strong></span> <span class='ocrx_word' id='word_1_483' title='bbox 913 3215 963 3261; x_wconf 90' lang='lat' dir='ltr'><strong>et</strong></span> <span class='ocrx_word' id='word_1_484' title='bbox 996 3205 1218 3261; x_wconf 81' lang='lat' dir='ltr'><strong>Manna.</strong></span> <span class='ocrx_word' id='word_1_485' title='bbox 1270 3205 1330 3262; x_wconf 89' lang='lat' dir='ltr'><strong>Si</strong></span> <span class='ocrx_word' id='word_1_486' title='bbox 1355 3220 1465 3261; x_wconf 90' lang='lat' dir='ltr'><strong>non</strong></span> <span class='ocrx_word' id='word_1_487' title='bbox 1500 3214 1679 3271; x_wconf 86' lang='lat' dir='ltr'><strong>erant,</strong></span> <span class='ocrx_word' id='word_1_488' title='bbox 1710 3220 1809 3261; x_wconf 91' lang='lat' dir='ltr'><strong>cur</strong></span> <span class='ocrx_word' id='word_1_489' title='bbox 1832 3204 2064 3276; x_wconf 87' lang='lat' dir='ltr'><strong>Aposto-</strong></span> <span class='ocrx_word' id='word_1_490' title='bbox 2091 3173 2138 3240; x_wconf 79' lang='lat' dir='ltr'>C</span> <span class='ocrx_word' id='word_1_491' title='bbox 2168 3173 2319 3283; x_wconf 44' lang='lat' dir='ltr'><strong>egro,</strong></span> <span class='ocrx_word' id='word_1_492' title='bbox 2353 3211 2622 3267; x_wconf 78' lang='lat' dir='ltr'><strong>comedent</strong></span> <span class='ocrx_word' id='word_1_493' title='bbox 2653 3173 2771 3266; x_wconf 57' lang='lat' dir='ltr'><strong>eum</strong></span> <span class='ocrx_word' id='word_1_494' title='bbox 2800 3212 3035 3267; x_wconf 78' lang='lat' dir='ltr'><strong>volucres</strong></span> <span class='ocrx_word' id='word_1_495' title='bbox 3078 3211 3212 3266; x_wconf 64' lang='lat' dir='ltr'><strong>creti.</strong></span> <span class='ocrx_word' id='word_1_496' title='bbox 3264 3212 3355 3265; x_wconf 70' lang='grc'><strong>21.</strong></span> <span class='ocrx_word' id='word_1_497' title='bbox 3412 3210 3504 3266; x_wconf 75' lang='grc'><strong>24,</strong></span> <span class='ocrx_word' id='word_1_498' title='bbox 3548 3225 3768 3281; x_wconf 77' lang='lat' dir='ltr'><strong>quomo-</strong></span> 
     </span>
    </p>
   </div>
   <div class='ocr_carea' id='block_1_62' title="bbox 458 3296 2067 3369">
    <p class='ocr_par' dir='ltr' id='par_1_62' title="bbox 458 3296 2067 3369">
     <span class='ocr_line' id='line_1_62' title="bbox 458 3296 2067 3369; baseline -0.001 -12"><span class='ocrx_word' id='word_1_499' title='bbox 458 3301 544 3357; x_wconf 89' lang='lat' dir='ltr'><strong>lus</strong></span> <span class='ocrx_word' id='word_1_500' title='bbox 570 3300 751 3356; x_wconf 77' lang='lat' dir='ltr'><strong>dixit?</strong></span> <span class='ocrx_word' id='word_1_501' title='bbox 779 3299 849 3356; x_wconf 84' lang='lat' dir='ltr'><strong>Et</strong></span> <span class='ocrx_word' id='word_1_502' title='bbox 895 3299 942 3354; x_wconf 89' lang='lat' dir='ltr'><strong>si</strong></span> <span class='ocrx_word' id='word_1_503' title='bbox 971 3307 1151 3367; x_wconf 90' lang='lat' dir='ltr'><strong>erant,</strong></span> <span class='ocrx_word' id='word_1_504' title='bbox 1182 3298 1305 3369; x_wconf 87' lang='lat' dir='ltr'><strong>quis</strong></span> <span class='ocrx_word' id='word_1_505' title='bbox 1334 3314 1398 3353; x_wconf 89' lang='lat' dir='ltr'><strong>ea</strong></span> <span class='ocrx_word' id='word_1_506' title='bbox 1445 3298 1595 3354; x_wconf 85' lang='lat' dir='ltr'><strong>misit</strong></span> <span class='ocrx_word' id='word_1_507' title='bbox 1622 3296 1743 3353; x_wconf 88' lang='lat' dir='ltr'><strong>ibi?</strong></span> <span class='ocrx_word' id='word_1_508' title='bbox 1772 3297 1842 3352; x_wconf 88' lang='lat' dir='ltr'><strong>Et</strong></span> <span class='ocrx_word' id='word_1_509' title='bbox 1868 3297 1914 3353; x_wconf 91' lang='lat' dir='ltr'><strong>si</strong></span> <span class='ocrx_word' id='word_1_510' title='bbox 1947 3297 2067 3355; x_wconf 81' lang='lat' dir='ltr'><strong>fue-</strong></span> 
     </span>
    </p>
   </div>
   <div class='ocr_carea' id='block_1_63' title="bbox 459 3387 2064 3463">
    <p class='ocr_par' dir='ltr' id='par_1_63' title="bbox 459 3387 2064 3463">
     <span class='ocr_line' id='line_1_63' title="bbox 459 3387 2064 3463; baseline -0.002 -14"><span class='ocrx_word' id='word_1_511' title='bbox 459 3392 537 3449; x_wconf 89' lang='lat' dir='ltr'><strong>rit</strong></span> <span class='ocrx_word' id='word_1_512' title='bbox 560 3392 664 3447; x_wconf 80' lang='lat' dir='ltr'><strong>ista</strong></span> <span class='ocrx_word' id='word_1_513' title='bbox 696 3392 848 3463; x_wconf 90' lang='lat' dir='ltr'><strong>virga</strong></span> <span class='ocrx_word' id='word_1_514' title='bbox 906 3390 1112 3457; x_wconf 82' lang='lat' dir='ltr'><strong>Aaron,</strong></span> <span class='ocrx_word' id='word_1_515' title='bbox 1169 3390 1315 3445; x_wconf 87' lang='lat' dir='ltr'><strong>unde</strong></span> <span class='ocrx_word' id='word_1_516' title='bbox 1345 3389 1401 3444; x_wconf 87' lang='lat' dir='ltr'><strong>in</strong></span> <span class='ocrx_word' id='word_1_517' title='bbox 1457 3387 1679 3460; x_wconf 69' lang='lat' dir='ltr'><strong>Egipto</strong></span> <span class='ocrx_word' id='word_1_518' title='bbox 1730 3387 1884 3445; x_wconf 81' lang='lat' dir='ltr'><strong>fuere</strong></span> <span class='ocrx_word' id='word_1_519' title='bbox 1909 3390 2064 3462; x_wconf 89' lang='lat' dir='ltr'><strong>signa</strong></span> 
     </span>
    </p>
   </div>
   <div class='ocr_carea' id='block_1_64' title="bbox 459 3482 2064 3555">
    <p class='ocr_par' dir='ltr' id='par_1_64' title="bbox 459 3482 2064 3555">
     <span class='ocr_line' id='line_1_64' title="bbox 459 3482 2064 3555; baseline -0.001 -14"><span class='ocrx_word' id='word_1_520' title='bbox 459 3483 632 3551; x_wconf 82' lang='lat' dir='ltr'><strong>facta,</strong></span> <span class='ocrx_word' id='word_1_521' title='bbox 664 3491 719 3539; x_wconf 91' lang='lat' dir='ltr'><strong>et</strong></span> <span class='ocrx_word' id='word_1_522' title='bbox 740 3484 795 3539; x_wconf 90' lang='lat' dir='ltr'><strong>in</strong></span> <span class='ocrx_word' id='word_1_523' title='bbox 822 3482 987 3549; x_wconf 90' lang='lat' dir='ltr'><strong>mari,</strong></span> <span class='ocrx_word' id='word_1_524' title='bbox 1019 3491 1182 3555; x_wconf 87' lang='lat' dir='ltr'><strong>atque</strong></span> <span class='ocrx_word' id='word_1_525' title='bbox 1212 3483 1267 3538; x_wconf 90' lang='lat' dir='ltr'><strong>in</strong></span> <span class='ocrx_word' id='word_1_526' title='bbox 1290 3484 1534 3548; x_wconf 88' lang='lat' dir='ltr'><strong>heremo,</strong></span> <span class='ocrx_word' id='word_1_527' title='bbox 1569 3497 1638 3536; x_wconf 89' lang='lat' dir='ltr'><strong>an</strong></span> <span class='ocrx_word' id='word_1_528' title='bbox 1674 3482 1820 3538; x_wconf 90' lang='lat' dir='ltr'><strong>alia?</strong></span> <span class='ocrx_word' id='word_1_529' title='bbox 1849 3491 1906 3539; x_wconf 91' lang='lat' dir='ltr'><strong>et</strong></span> <span class='ocrx_word' id='word_1_530' title='bbox 1933 3483 2064 3553; x_wconf 89' lang='lat' dir='ltr'><strong>quid</strong></span> 
     </span>
    </p>
   </div>
   <div class='ocr_carea' id='block_1_65' title="bbox 461 3575 2061 3651">
    <p class='ocr_par' dir='ltr' id='par_1_65' title="bbox 461 3575 2061 3651">
     <span class='ocr_line' id='line_1_65' title="bbox 461 3575 2061 3651; baseline -0.002 -16"><span class='ocrx_word' id='word_1_531' title='bbox 461 3576 533 3635; x_wconf 88' lang='lat' dir='ltr'><strong>de</strong></span> <span class='ocrx_word' id='word_1_532' title='bbox 555 3578 674 3648; x_wconf 89' lang='lat' dir='ltr'><strong>ipsa</strong></span> <span class='ocrx_word' id='word_1_533' title='bbox 698 3576 841 3633; x_wconf 81' lang='lat' dir='ltr'><strong>Area</strong></span> <span class='ocrx_word' id='word_1_534' title='bbox 863 3575 1068 3633; x_wconf 82' lang='lat' dir='ltr'><strong>factum</strong></span> <span class='ocrx_word' id='word_1_535' title='bbox 1096 3577 1226 3633; x_wconf 89' lang='lat' dir='ltr'><strong>est?</strong></span> <span class='ocrx_word' id='word_1_536' title='bbox 1255 3576 1340 3633; x_wconf 88' lang='lat' dir='ltr'><strong>vel</strong></span> <span class='ocrx_word' id='word_1_537' title='bbox 1370 3577 1417 3632; x_wconf 91' lang='lat' dir='ltr'><strong>si</strong></span> <span class='ocrx_word' id='word_1_538' title='bbox 1445 3576 1518 3633; x_wconf 88' lang='lat' dir='ltr'><strong>sit</strong></span> <span class='ocrx_word' id='word_1_539' title='bbox 1541 3591 1786 3647; x_wconf 90' lang='lat' dir='ltr'><strong>unquam</strong></span> <span class='ocrx_word' id='word_1_540' title='bbox 1814 3576 2061 3651; x_wconf 85' lang='lat' dir='ltr'><strong>(videnda</strong></span> 
     </span>
    </p>
   </div>
   <div class='ocr_carea' id='block_1_66' title="bbox 460 3671 1297 3747">
    <p class='ocr_par' dir='ltr' id='par_1_66' title="bbox 460 3671 1297 3747">
     <span class='ocr_line' id='line_1_66' title="bbox 460 3671 1297 3747; baseline -0.002 -19"><span class='ocrx_word' id='word_1_541' title='bbox 460 3680 524 3728; x_wconf 80' lang='lat' dir='ltr'><strong>ut</strong></span> <span class='ocrx_word' id='word_1_542' title='bbox 551 3671 699 3747; x_wconf 89' lang='lat' dir='ltr'><strong>puto)</strong></span> <span class='ocrx_word' id='word_1_543' title='bbox 729 3672 911 3727; x_wconf 89' lang='lat' dir='ltr'><strong>visura</strong></span> <span class='ocrx_word' id='word_1_544' title='bbox 933 3673 1001 3728; x_wconf 89' lang='lat' dir='ltr'><strong>ab</strong></span> <span class='ocrx_word' id='word_1_545' title='bbox 1026 3672 1297 3729; x_wconf 90' lang='lat' dir='ltr'><strong>omnibus.</strong></span> 
     </span>
    </p>
   </div>
   <div class='ocr_carea' id='block_1_67' title="bbox 531 3762 2062 3836">
    <p class='ocr_par' dir='ltr' id='par_1_67' title="bbox 531 3762 2062 3836">
     <span class='ocr_line' id='line_1_67' title="bbox 531 3762 2062 3836; baseline -0.003 -15"><span class='ocrx_word' id='word_1_546' title='bbox 531 3764 624 3823; x_wconf 87' lang='grc'><strong>48.</strong></span> <span class='ocrx_word' id='word_1_547' title='bbox 667 3762 797 3821; x_wconf 86' lang='lat' dir='ltr'><strong>Cum</strong></span> <span class='ocrx_word' id='word_1_548' title='bbox 824 3763 1015 3820; x_wconf 89' lang='lat' dir='ltr'><strong>nebula</strong></span> <span class='ocrx_word' id='word_1_549' title='bbox 1037 3764 1299 3836; x_wconf 89' lang='lat' dir='ltr'><strong>implesset</strong></span> <span class='ocrx_word' id='word_1_550' title='bbox 1335 3764 1549 3820; x_wconf 89' lang='lat' dir='ltr'><strong>domum</strong></span> <span class='ocrx_word' id='word_1_551' title='bbox 1586 3765 1825 3831; x_wconf 89' lang='lat' dir='ltr'><strong>Domini,</strong></span> <span class='ocrx_word' id='word_1_552' title='bbox 1857 3764 1933 3818; x_wconf 91' lang='lat' dir='ltr'><strong>ait</strong></span> <span class='ocrx_word' id='word_1_553' title='bbox 1959 3762 2062 3819; x_wconf 88' lang='lat' dir='ltr'><strong>Sa-</strong></span> 
     </span>
    </p>
   </div>
   <div class='ocr_carea' id='block_1_68' title="bbox 461 3854 2055 3921">
    <p class='ocr_par' dir='ltr' id='par_1_68' title="bbox 461 3854 2055 3921">
     <span class='ocr_line' id='line_1_68' title="bbox 461 3854 2055 3921; baseline -0.002 -10"><span class='ocrx_word' id='word_1_554' title='bbox 461 3854 640 3913; x_wconf 87' lang='lat' dir='ltr'><strong>lomon</strong></span> <span class='ocrx_word' id='word_1_555' title='bbox 670 3871 689 3910; x_wconf 91' lang='lat'><strong><em>:</em></strong></span> <span class='ocrx_word' id='word_1_556' title='bbox 719 3854 983 3910; x_wconf 88' lang='lat' dir='ltr'><strong>Dominus</strong></span> <span class='ocrx_word' id='word_1_557' title='bbox 1014 3855 1170 3921; x_wconf 75' lang='lat' dir='ltr'><strong>dixit,</strong></span> <span class='ocrx_word' id='word_1_558' title='bbox 1203 3863 1262 3909; x_wconf 89' lang='lat' dir='ltr'><strong>ut</strong></span> <span class='ocrx_word' id='word_1_559' title='bbox 1295 3855 1532 3911; x_wconf 89' lang='lat' dir='ltr'><strong>habitant</strong></span> <span class='ocrx_word' id='word_1_560' title='bbox 1561 3858 1619 3911; x_wconf 89' lang='lat' dir='ltr'><strong>in</strong></span> <span class='ocrx_word' id='word_1_561' title='bbox 1643 3854 1857 3911; x_wconf 88' lang='lat' dir='ltr'><strong>nebula.</strong></span> <span class='ocrx_word' id='word_1_562' title='bbox 1888 3855 1942 3911; x_wconf 89' lang='lat'><strong>8.</strong></span> <span class='ocrx_word' id='word_1_563' title='bbox 1968 3854 2055 3909; x_wconf 91' lang='grc'><strong>10.</strong></span> 
     </span>
    </p>
   </div>
   <div class='ocr_carea' id='block_1_69' title="bbox 461 3933 1849 4019">
    <p class='ocr_par' dir='ltr' id='par_1_69' title="bbox 461 3933 1849 4019">
     <span class='ocr_line' id='line_1_69' title="bbox 461 3933 1849 4019; baseline -0.002 -15"><span class='ocrx_word' id='word_1_564' title='bbox 461 3947 554 4004; x_wconf 83' lang='grc'><strong>11.</strong></span> <span class='ocrx_word' id='word_1_565' title='bbox 590 3947 697 4017; x_wconf 19' lang='grc'><strong>12..</strong></span> <span class='ocrx_word' id='word_1_566' title='bbox 734 3946 838 4003; x_wconf 88' lang='lat' dir='ltr'><strong>Ubi</strong></span> <span class='ocrx_word' id='word_1_567' title='bbox 862 3946 1077 4019; x_wconf 85' lang='lat' dir='ltr'><strong>‘legitur</strong></span> <span class='ocrx_word' id='word_1_568' title='bbox 1112 3933 1257 4017; x_wconf 87' lang='lat' dir='ltr'><strong>quod</strong></span> <span class='ocrx_word' id='word_1_569' title='bbox 1287 3948 1550 4004; x_wconf 90' lang='lat' dir='ltr'><strong>Dominus</strong></span> <span class='ocrx_word' id='word_1_570' title='bbox 1577 3947 1849 4004; x_wconf 78' lang='lat' dir='ltr'><strong>dixisset?</strong></span> 
     </span>
    </p>
   </div>
   <div class='ocr_carea' id='block_1_70' title="bbox 529 4038 2060 4111">
    <p class='ocr_par' dir='ltr' id='par_1_70' title="bbox 529 4038 2060 4111">
     <span class='ocr_line' id='line_1_70' title="bbox 529 4038 2060 4111; baseline 0.002 -17"><span class='ocrx_word' id='word_1_571' title='bbox 529 4039 621 4096; x_wconf 89' lang='lat'><strong>49.</strong></span> <span class='ocrx_word' id='word_1_572' title='bbox 664 4039 722 4095; x_wconf 90' lang='lat' dir='ltr'><strong>Si</strong></span> <span class='ocrx_word' id='word_1_573' title='bbox 747 4040 801 4094; x_wconf 92' lang='lat' dir='ltr'><strong>in</strong></span> <span class='ocrx_word' id='word_1_574' title='bbox 828 4038 1072 4111; x_wconf 90' lang='lat' dir='ltr'><strong>Templo,</strong></span> <span class='ocrx_word' id='word_1_575' title='bbox 1103 4042 1196 4097; x_wconf 90' lang='lat' dir='ltr'><strong>ubi</strong></span> <span class='ocrx_word' id='word_1_576' title='bbox 1225 4050 1346 4097; x_wconf 90' lang='lat' dir='ltr'><strong>erat</strong></span> <span class='ocrx_word' id='word_1_577' title='bbox 1370 4042 1560 4097; x_wconf 81' lang='lat' dir='ltr'><strong>Altare</strong></span> <span class='ocrx_word' id='word_1_578' title='bbox 1586 4042 1815 4108; x_wconf 88' lang='lat' dir='ltr'><strong>incensi,</strong></span> <span class='ocrx_word' id='word_1_579' title='bbox 1845 4048 1901 4097; x_wconf 90' lang='lat' dir='ltr'><strong>et</strong></span> <span class='ocrx_word' id='word_1_580' title='bbox 1926 4056 2060 4097; x_wconf 88' lang='lat' dir='ltr'><strong>can-</strong></span> 
     </span>
    </p>
   </div>
   <div class='ocr_carea' id='block_1_71' title="bbox 460 4131 2058 4205">
    <p class='ocr_par' dir='ltr' id='par_1_71' title="bbox 460 4131 2058 4205">
     <span class='ocr_line' id='line_1_71' title="bbox 460 4131 2058 4205; baseline 0.001 -18"><span class='ocrx_word' id='word_1_581' title='bbox 460 4131 766 4197; x_wconf 87' lang='lat' dir='ltr'><strong>delabrum,</strong></span> <span class='ocrx_word' id='word_1_582' title='bbox 800 4140 858 4186; x_wconf 89' lang='lat' dir='ltr'><strong>et</strong></span> <span class='ocrx_word' id='word_1_583' title='bbox 882 4132 1138 4199; x_wconf 67' lang='lat' dir='ltr'><strong>lucerna),</strong></span> <span class='ocrx_word' id='word_1_584' title='bbox 1179 4134 1359 4189; x_wconf 81' lang='lat' dir='ltr'><strong>missae</strong></span> <span class='ocrx_word' id='word_1_585' title='bbox 1382 4134 1492 4189; x_wconf 87' lang='lat' dir='ltr'><strong>sint</strong></span> <span class='ocrx_word' id='word_1_586' title='bbox 1542 4134 1934 4205; x_wconf 86' lang='lat' dir='ltr'><strong>propositionis</strong></span> <span class='ocrx_word' id='word_1_587' title='bbox 1962 4150 2058 4205; x_wconf 90' lang='lat' dir='ltr'><strong>pa-</strong></span> 
     </span>
    </p>
   </div>
   <div class='ocr_carea' id='block_1_72' title="bbox 459 4222 2059 4293">
    <p class='ocr_par' dir='ltr' id='par_1_72' title="bbox 459 4222 2059 4293">
     <span class='ocr_line' id='line_1_72' title="bbox 459 4222 2059 4293; baseline 0.003 -13"><span class='ocrx_word' id='word_1_588' title='bbox 459 4222 604 4280; x_wconf 88' lang='lat' dir='ltr'><strong>nes?</strong></span> <span class='ocrx_word' id='word_1_589' title='bbox 634 4222 692 4278; x_wconf 89' lang='lat' dir='ltr'><strong>Si</strong></span> <span class='ocrx_word' id='word_1_590' title='bbox 724 4223 1021 4280; x_wconf 83' lang='lat' dir='ltr'><strong>introibant</strong></span> <span class='ocrx_word' id='word_1_591' title='bbox 1044 4227 1114 4282; x_wconf 90' lang='lat' dir='ltr'><strong>ibi</strong></span> <span class='ocrx_word' id='word_1_592' title='bbox 1144 4227 1257 4293; x_wconf 84' lang='lat' dir='ltr'><strong>alii,</strong></span> <span class='ocrx_word' id='word_1_593' title='bbox 1308 4227 1411 4282; x_wconf 90' lang='lat' dir='ltr'><strong>nisi</strong></span> <span class='ocrx_word' id='word_1_594' title='bbox 1453 4227 1589 4283; x_wconf 90' lang='lat' dir='ltr'><strong>ordo</strong></span> <span class='ocrx_word' id='word_1_595' title='bbox 1621 4226 1975 4284; x_wconf 70' lang='lat' dir='ltr'><strong>Sacerdotium</strong></span> <span class='ocrx_word' id='word_1_596' title='bbox 2004 4237 2059 4285; x_wconf 90' lang='lat' dir='ltr'><strong>et</strong></span> 
     </span>
    </p>
   </div>
   <div class='ocr_carea' id='block_1_73' title="bbox 461 4313 2058 4391">
    <p class='ocr_par' dir='ltr' id='par_1_73' title="bbox 461 4313 2058 4391">
     <span class='ocr_line' id='line_1_73' title="bbox 461 4313 2058 4391; baseline 0.007 -22"><span class='ocrx_word' id='word_1_597' title='bbox 461 4313 774 4371; x_wconf 86' lang='lat' dir='ltr'><strong>Levitarum</strong></span> <span class='ocrx_word' id='word_1_598' title='bbox 806 4336 819 4371; x_wconf 90' lang='lat'>:</span> <span class='ocrx_word' id='word_1_599' title='bbox 852 4318 921 4373; x_wconf 89' lang='lat' dir='ltr'><strong>Et</strong></span> <span class='ocrx_word' id='word_1_600' title='bbox 956 4320 1001 4373; x_wconf 91' lang='lat' dir='ltr'><strong>si</strong></span> <span class='ocrx_word' id='word_1_601' title='bbox 1042 4320 1114 4375; x_wconf 92' lang='lat' dir='ltr'><strong>ibi</strong></span> <span class='ocrx_word' id='word_1_602' title='bbox 1145 4328 1264 4374; x_wconf 87' lang='lat' dir='ltr'><strong>erat</strong></span> <span class='ocrx_word' id='word_1_603' title='bbox 1315 4330 1615 4377; x_wconf 88' lang='lat' dir='ltr'><strong>conventus</strong></span> <span class='ocrx_word' id='word_1_604' title='bbox 1644 4320 1921 4391; x_wconf 86' lang='lat' dir='ltr'><strong>plebium?</strong></span> <span class='ocrx_word' id='word_1_605' title='bbox 1949 4324 2058 4380; x_wconf 80' lang='lat' dir='ltr'><strong>Aut</strong></span> 
     </span>
    </p>
   </div>
   <div class='ocr_carea' id='block_1_74' title="bbox 457 4407 2051 4487">
    <p class='ocr_par' dir='ltr' id='par_1_74' title="bbox 457 4407 2051 4487">
     <span class='ocr_line' id='line_1_74' title="bbox 457 4407 2051 4487; baseline 0.004 -22"><span class='ocrx_word' id='word_1_606' title='bbox 457 4407 508 4465; x_wconf 82' lang='lat' dir='ltr'><strong>si</strong></span> <span class='ocrx_word' id='word_1_607' title='bbox 551 4407 650 4463; x_wconf 88' lang='lat' dir='ltr'><strong>soli</strong></span> <span class='ocrx_word' id='word_1_608' title='bbox 683 4408 1031 4477; x_wconf 84' lang='lat' dir='ltr'><strong>Sacerdotes,</strong></span> <span class='ocrx_word' id='word_1_609' title='bbox 1095 4413 1210 4468; x_wconf 90' lang='lat' dir='ltr'><strong>sive</strong></span> <span class='ocrx_word' id='word_1_610' title='bbox 1263 4411 1464 4469; x_wconf 82' lang='lat' dir='ltr'><strong>Levitae</strong></span> <span class='ocrx_word' id='word_1_611' title='bbox 1508 4413 1752 4487; x_wconf 85' lang='lat' dir='ltr'><strong>(Supple.</strong></span> <span class='ocrx_word' id='word_1_612' title='bbox 1779 4415 2051 4487; x_wconf 80' lang='lat' dir='ltr'><strong>degebant,</strong></span> 
     </span>
    </p>
   </div>
   <div class='ocr_carea' id='block_1_75' title="bbox 374 4499 1233 4576">
    <p class='ocr_par' dir='ltr' id='par_1_75' title="bbox 374 4499 1233 4576">
     <span class='ocr_line' id='line_1_75' title="bbox 374 4499 1233 4576; baseline 0.007 -24"><span class='ocrx_word' id='word_1_613' title='bbox 374 4504 391 4527; x_wconf 77' lang='grc'>⁸</span> <span class='ocrx_word' id='word_1_614' title='bbox 459 4512 556 4555; x_wconf 86' lang='lat' dir='ltr'><strong>seu</strong></span> <span class='ocrx_word' id='word_1_615' title='bbox 584 4499 714 4554; x_wconf 90' lang='lat' dir='ltr'><strong>illuc</strong></span> <span class='ocrx_word' id='word_1_616' title='bbox 739 4502 1233 4576; x_wconf 86' lang='lat' dir='ltr'><strong>ingrediebantur?)</strong></span> 
     </span>
    </p>
   </div>
   <div class='ocr_carea' id='block_1_76' title="bbox 530 4591 2055 4673">
    <p class='ocr_par' dir='ltr' id='par_1_76' title="bbox 530 4591 2055 4673">
     <span class='ocr_line' id='line_1_76' title="bbox 530 4591 2055 4673; baseline 0.005 -24"><span class='ocrx_word' id='word_1_617' title='bbox 530 4591 619 4649; x_wconf 87' lang='grc'><strong>50.</strong></span> <span class='ocrx_word' id='word_1_618' title='bbox 662 4593 822 4650; x_wconf 86' lang='lat' dir='ltr'><strong>Dedit</strong></span> <span class='ocrx_word' id='word_1_619' title='bbox 854 4591 1111 4651; x_wconf 87' lang='lat' dir='ltr'><strong>Salomon</strong></span> <span class='ocrx_word' id='word_1_620' title='bbox 1141 4595 1330 4654; x_wconf 84' lang='lat' dir='ltr'><strong>Hiram</strong></span> <span class='ocrx_word' id='word_1_621' title='bbox 1358 4600 1546 4669; x_wconf 88' lang='lat' dir='ltr'><strong>viginti</strong></span> <span class='ocrx_word' id='word_1_622' title='bbox 1594 4602 1793 4673; x_wconf 88' lang='lat' dir='ltr'><strong>oppida</strong></span> <span class='ocrx_word' id='word_1_623' title='bbox 1828 4602 1884 4657; x_wconf 91' lang='lat' dir='ltr'><strong>in</strong></span> <span class='ocrx_word' id='word_1_624' title='bbox 1908 4610 2055 4658; x_wconf 80' lang='lat' dir='ltr'><strong>terra</strong></span> 
     </span>
    </p>
   </div>
   <div class='ocr_carea' id='block_1_77' title="bbox 460 4683 2053 4765">
    <p class='ocr_par' dir='ltr' id='par_1_77' title="bbox 460 4683 2053 4765">
     <span class='ocr_line' id='line_1_77' title="bbox 460 4683 2053 4765; baseline 0.004 -22"><span class='ocrx_word' id='word_1_625' title='bbox 460 4683 718 4753; x_wconf 64' lang='lat' dir='ltr'><strong>Galilasaz,</strong></span> <span class='ocrx_word' id='word_1_626' title='bbox 753 4703 875 4759; x_wconf 72' lang='lat' dir='ltr'><strong>quae</strong></span> <span class='ocrx_word' id='word_1_627' title='bbox 903 4703 1027 4744; x_wconf 91' lang='lat' dir='ltr'><strong>cum</strong></span> <span class='ocrx_word' id='word_1_628' title='bbox 1057 4704 1165 4745; x_wconf 89' lang='lat' dir='ltr'><strong>non</strong></span> <span class='ocrx_word' id='word_1_629' title='bbox 1191 4689 1523 4760; x_wconf 84' lang='lat' dir='ltr'><strong>placuissent</strong></span> <span class='ocrx_word' id='word_1_630' title='bbox 1545 4694 1617 4759; x_wconf 91' lang='lat' dir='ltr'><strong>ei,</strong></span> <span class='ocrx_word' id='word_1_631' title='bbox 1650 4693 1943 4765; x_wconf 81' lang='lat' dir='ltr'><strong>appellavit</strong></span> <span class='ocrx_word' id='word_1_632' title='bbox 1966 4710 2053 4762; x_wconf 90' lang='lat' dir='ltr'><strong>ea,</strong></span> 
     </span>
    </p>
   </div>
   <div class='ocr_carea' id='block_1_78' title="bbox 460 4780 2057 4856">
    <p class='ocr_par' dir='ltr' id='par_1_78' title="bbox 460 4780 2057 4856">
     <span class='ocr_line' id='line_1_78' title="bbox 460 4780 2057 4856; baseline 0.005 -21"><span class='ocrx_word' id='word_1_633' title='bbox 460 4787 665 4835; x_wconf 88' lang='lat' dir='ltr'><strong>terram</strong></span> <span class='ocrx_word' id='word_1_634' title='bbox 714 4780 885 4837; x_wconf 86' lang='lat' dir='ltr'><strong>Cabul</strong></span> <span class='ocrx_word' id='word_1_635' title='bbox 936 4795 1110 4852; x_wconf 92' lang='lat' dir='ltr'><strong>usque</strong></span> <span class='ocrx_word' id='word_1_636' title='bbox 1139 4784 1193 4838; x_wconf 88' lang='lat' dir='ltr'><strong>in</strong></span> <span class='ocrx_word' id='word_1_637' title='bbox 1238 4784 1382 4839; x_wconf 89' lang='lat' dir='ltr'><strong>diem</strong></span> <span class='ocrx_word' id='word_1_638' title='bbox 1417 4786 1576 4841; x_wconf 88' lang='lat' dir='ltr'><strong>hanc.</strong></span> <span class='ocrx_word' id='word_1_639' title='bbox 1631 4786 1772 4856; x_wconf 89' lang='lat' dir='ltr'><strong>Quid</strong></span> <span class='ocrx_word' id='word_1_640' title='bbox 1801 4796 1887 4844; x_wconf 89' lang='lat' dir='ltr'><strong>est</strong></span> <span class='ocrx_word' id='word_1_641' title='bbox 1914 4788 2057 4845; x_wconf 89' lang='lat' dir='ltr'><strong>hoc?</strong></span> 
     </span>
    </p>
   </div>
   <div class='ocr_carea' id='block_1_79' title="bbox 461 4868 1232 4931">
    <p class='ocr_par' dir='ltr' id='par_1_79' title="bbox 461 4868 1232 4931">
     <span class='ocr_line' id='line_1_79' title="bbox 461 4868 1232 4931; baseline 0.004 -4"><span class='ocrx_word' id='word_1_642' title='bbox 461 4868 620 4928; x_wconf 88' lang='lat' dir='ltr'><strong>Scire</strong></span> <span class='ocrx_word' id='word_1_643' title='bbox 644 4872 783 4929; x_wconf 93' lang='lat' dir='ltr'><strong>volo.</strong></span> <span class='ocrx_word' id='word_1_644' title='bbox 813 4873 866 4929; x_wconf 93' lang='lat'><strong>9.</strong></span> <span class='ocrx_word' id='word_1_645' title='bbox 899 4874 987 4929; x_wconf 90' lang='grc'><strong>11.</strong></span> <span class='ocrx_word' id='word_1_646' title='bbox 1024 4874 1111 4930; x_wconf 83' lang='lat' dir='ltr'><strong>l2.</strong></span> <span class='ocrx_word' id='word_1_647' title='bbox 1147 4875 1232 4931; x_wconf 86' lang='grc'><strong>15.</strong></span> 
     </span>
    </p>
   </div>
   <div class='ocr_carea' id='block_1_80' title="bbox 530 4984 2057 5062">
    <p class='ocr_par' dir='ltr' id='par_1_80' title="bbox 530 4984 2057 5062">
     <span class='ocr_line' id='line_1_80' title="bbox 530 4984 2057 5062; baseline 0.008 -23"><span class='ocrx_word' id='word_1_648' title='bbox 530 4984 620 5040; x_wconf 87' lang='grc'><strong>51.</strong></span> <span class='ocrx_word' id='word_1_649' title='bbox 663 4986 806 5054; x_wconf 85' lang='lat' dir='ltr'><strong>Quid</strong></span> <span class='ocrx_word' id='word_1_650' title='bbox 867 4989 969 5045; x_wconf 89' lang='lat' dir='ltr'><strong>sibi</strong></span> <span class='ocrx_word' id='word_1_651' title='bbox 999 4989 1133 5057; x_wconf 91' lang='lat' dir='ltr'><strong>vult,</strong></span> <span class='ocrx_word' id='word_1_652' title='bbox 1203 4992 1351 5062; x_wconf 89' lang='lat' dir='ltr'><strong>quod</strong></span> <span class='ocrx_word' id='word_1_653' title='bbox 1392 4992 1590 5049; x_wconf 84' lang='lat' dir='ltr'><strong>Moises</strong></span> <span class='ocrx_word' id='word_1_654' title='bbox 1620 4993 1675 5049; x_wconf 90' lang='lat' dir='ltr'><strong>in</strong></span> <span class='ocrx_word' id='word_1_655' title='bbox 1738 4994 1960 5050; x_wconf 87' lang='lat' dir='ltr'><strong>heremo</strong></span> <span class='ocrx_word' id='word_1_656' title='bbox 1988 4995 2057 5051; x_wconf 88' lang='lat' dir='ltr'><strong>ad</strong></span> 
     </span>
    </p>
   </div>
   <div class='ocr_carea' id='block_1_81' title="bbox 462 5079 2058 5151">
    <p class='ocr_par' dir='ltr' id='par_1_81' title="bbox 462 5079 2058 5151">
     <span class='ocr_line' id='line_1_81' title="bbox 462 5079 2058 5151; baseline 0.004 -17"><span class='ocrx_word' id='word_1_657' title='bbox 462 5079 926 5135; x_wconf 88' lang='lat' dir='ltr'><strong>constructionem</strong></span> <span class='ocrx_word' id='word_1_658' title='bbox 961 5081 1320 5150; x_wconf 87' lang='lat' dir='ltr'><strong>tabernaculi,</strong></span> <span class='ocrx_word' id='word_1_659' title='bbox 1363 5100 1471 5141; x_wconf 91' lang='lat' dir='ltr'><strong>non</strong></span> <span class='ocrx_word' id='word_1_660' title='bbox 1499 5102 1567 5141; x_wconf 79' lang='lat' dir='ltr'><strong>ex</strong></span> <span class='ocrx_word' id='word_1_661' title='bbox 1593 5085 1808 5151; x_wconf 90' lang='lat' dir='ltr'><strong>alienis,</strong></span> <span class='ocrx_word' id='word_1_662' title='bbox 1848 5086 1941 5140; x_wconf 88' lang='lat' dir='ltr'><strong>sed</strong></span> <span class='ocrx_word' id='word_1_663' title='bbox 1988 5102 2058 5141; x_wconf 80' lang='lat' dir='ltr'><strong>ex</strong></span> 
     </span>
    </p>
   </div>
   <div class='ocr_carea' id='block_1_82' title="bbox 463 5167 2054 5233">
    <p class='ocr_par' dir='ltr' id='par_1_82' title="bbox 463 5167 2054 5233">
     <span class='ocr_line' id='line_1_82' title="bbox 463 5167 2054 5233; baseline 0.006 -9"><span class='ocrx_word' id='word_1_664' title='bbox 463 5167 713 5225; x_wconf 66' lang='lat' dir='ltr'><strong>Hebraeis</strong></span> <span class='ocrx_word' id='word_1_665' title='bbox 739 5169 931 5225; x_wconf 87' lang='lat' dir='ltr'><strong>habuit</strong></span> <span class='ocrx_word' id='word_1_666' title='bbox 953 5177 1406 5230; x_wconf 89' lang='lat' dir='ltr'><strong>constructorcs?</strong></span> <span class='ocrx_word' id='word_1_667' title='bbox 1436 5176 1572 5233; x_wconf 82' lang='lat' dir='ltr'><strong>Exo.</strong></span> <span class='ocrx_word' id='word_1_668' title='bbox 1603 5177 1692 5233; x_wconf 88' lang='lat'><strong>55.</strong></span> <span class='ocrx_word' id='word_1_669' title='bbox 1718 5176 1809 5233; x_wconf 86' lang='lat'><strong>50.</strong></span> <span class='ocrx_word' id='word_1_670' title='bbox 1843 5185 1899 5232; x_wconf 91' lang='lat' dir='ltr'><strong>et</strong></span> <span class='ocrx_word' id='word_1_671' title='bbox 1923 5177 2054 5233; x_wconf 91' lang='lat' dir='ltr'><strong>sub-</strong></span> 
     </span>
    </p>
   </div>
   <div class='ocr_carea' id='block_1_83' title="bbox 460 5260 2058 5340">
    <p class='ocr_par' dir='ltr' id='par_1_83' title="bbox 460 5260 2058 5340">
     <span class='ocr_line' id='line_1_83' title="bbox 460 5260 2058 5340; baseline 0.004 -22"><span class='ocrx_word' id='word_1_672' title='bbox 460 5275 578 5333; x_wconf 83' lang='lat' dir='ltr'><strong>seq.</strong></span> <span class='ocrx_word' id='word_1_673' title='bbox 614 5260 837 5333; x_wconf 87' lang='lat' dir='ltr'><strong>(Deesse</strong></span> <span class='ocrx_word' id='word_1_674' title='bbox 855 5262 1070 5319; x_wconf 85' lang='lat' dir='ltr'><strong>videtur</strong></span> <span class='ocrx_word' id='word_1_675' title='bbox 1090 5280 1218 5335; x_wconf 87' lang='lat' dir='ltr'><strong>pars</strong></span> <span class='ocrx_word' id='word_1_676' title='bbox 1242 5266 1413 5322; x_wconf 86' lang='lat' dir='ltr'><strong>altera</strong></span> <span class='ocrx_word' id='word_1_677' title='bbox 1439 5270 1755 5340; x_wconf 65' lang='lat' dir='ltr'><strong>quaestionis</strong></span> <span class='ocrx_word' id='word_1_678' title='bbox 1780 5286 1793 5324; x_wconf 92' lang='lat'><strong>:</strong></span> <span class='ocrx_word' id='word_1_679' title='bbox 1830 5285 1931 5324; x_wconf 90' lang='lat' dir='ltr'><strong>cur</strong></span> <span class='ocrx_word' id='word_1_680' title='bbox 1952 5269 2058 5325; x_wconf 87' lang='lat' dir='ltr'><strong>sci-</strong></span> 
     </span>
    </p>
   </div>
   <div class='ocr_carea' id='block_1_84' title="bbox 465 5348 2060 5429">
    <p class='ocr_par' dir='ltr' id='par_1_84' title="bbox 465 5348 2060 5429">
     <span class='ocr_line' id='line_1_84' title="bbox 465 5348 2060 5429; baseline 0.007 -24"><span class='ocrx_word' id='word_1_681' title='bbox 465 5350 596 5407; x_wconf 89' lang='lat' dir='ltr'><strong>licet</strong></span> <span class='ocrx_word' id='word_1_682' title='bbox 621 5348 881 5407; x_wconf 90' lang='lat' dir='ltr'><strong>Salomon</strong></span> <span class='ocrx_word' id='word_1_683' title='bbox 939 5352 1118 5408; x_wconf 87' lang='lat' dir='ltr'><strong>virum</strong></span> <span class='ocrx_word' id='word_1_684' title='bbox 1169 5353 1367 5426; x_wconf 90' lang='lat' dir='ltr'><strong>Syrum</strong></span> <span class='ocrx_word' id='word_1_685' title='bbox 1416 5358 1641 5414; x_wconf 81' lang='lat' dir='ltr'><strong>adduxit</strong></span> <span class='ocrx_word' id='word_1_686' title='bbox 1669 5360 1738 5415; x_wconf 91' lang='lat' dir='ltr'><strong>ad</strong></span> <span class='ocrx_word' id='word_1_687' title='bbox 1766 5358 1974 5429; x_wconf 87' lang='lat' dir='ltr'><strong>templi,</strong></span> <span class='ocrx_word' id='word_1_688' title='bbox 2003 5368 2060 5416; x_wconf 90' lang='lat' dir='ltr'><strong>et</strong></span> 
     </span>
    </p>
   </div>
   <div class='ocr_carea' id='block_1_85' title="bbox 463 5445 2058 5523">
    <p class='ocr_par' dir='ltr' id='par_1_85' title="bbox 463 5445 2058 5523">
     <span class='ocr_line' id='line_1_85' title="bbox 463 5445 2058 5523; baseline 0.003 -21"><span class='ocrx_word' id='word_1_689' title='bbox 463 5445 860 5518; x_wconf 89' lang='lat' dir='ltr'><strong>suppellectilis</strong></span> <span class='ocrx_word' id='word_1_690' title='bbox 894 5461 1064 5504; x_wconf 70' lang='lat' dir='ltr'><strong>sacrae</strong></span> <span class='ocrx_word' id='word_1_691' title='bbox 1114 5448 1625 5509; x_wconf 82' lang='lat' dir='ltr'><strong>constructionem?</strong></span> <span class='ocrx_word' id='word_1_692' title='bbox 1664 5450 1816 5506; x_wconf 81' lang='lat' dir='ltr'><strong>Misit</strong></span> <span class='ocrx_word' id='word_1_693' title='bbox 1852 5468 2058 5523; x_wconf 87' lang='lat' dir='ltr'><strong>quoque</strong></span> 
     </span>
    </p>
   </div>
   <div class='ocr_carea' id='block_1_86' title="bbox 462 5538 2053 5618">
    <p class='ocr_par' dir='ltr' id='par_1_86' title="bbox 462 5538 2053 5618">
     <span class='ocr_line' id='line_1_86' title="bbox 462 5538 2053 5618; baseline 0.006 -24"><span class='ocrx_word' id='word_1_694' title='bbox 462 5555 557 5594; x_wconf 73' lang='lat' dir='ltr'><strong>res</strong></span> <span class='ocrx_word' id='word_1_695' title='bbox 605 5538 863 5596; x_wconf 89' lang='lat' dir='ltr'><strong>Salomon</strong></span> <span class='ocrx_word' id='word_1_696' title='bbox 895 5581 913 5608; x_wconf 92' lang='lat'><strong>,</strong></span> <span class='ocrx_word' id='word_1_697' title='bbox 975 5550 1024 5596; x_wconf 92' lang='lat' dir='ltr'><strong>et</strong></span> <span class='ocrx_word' id='word_1_698' title='bbox 1081 5542 1199 5599; x_wconf 85' lang='lat' dir='ltr'><strong>tulit</strong></span> <span class='ocrx_word' id='word_1_699' title='bbox 1230 5544 1421 5601; x_wconf 87' lang='lat' dir='ltr'><strong>Iliram</strong></span> <span class='ocrx_word' id='word_1_700' title='bbox 1480 5545 1544 5599; x_wconf 90' lang='lat' dir='ltr'><strong>de</strong></span> <span class='ocrx_word' id='word_1_701' title='bbox 1600 5544 1760 5606; x_wconf 78' lang='lat' dir='ltr'><strong>Tura.</strong></span> <span class='ocrx_word' id='word_1_702' title='bbox 1802 5545 1888 5602; x_wconf 88' lang='lat' dir='ltr'><strong>Ill.</strong></span> <span class='ocrx_word' id='word_1_703' title='bbox 1919 5546 2053 5618; x_wconf 85' lang='lat' dir='ltr'><strong>Reg.</strong></span> 
     </span>
    </p>
   </div>
   <div class='ocr_carea' id='block_1_87' title="bbox 461 5630 646 5688">
    <p class='ocr_par' dir='ltr' id='par_1_87' title="bbox 461 5630 646 5688">
     <span class='ocr_line' id='line_1_87' title="bbox 461 5630 646 5688; baseline 0.011 -2"><span class='ocrx_word' id='word_1_704' title='bbox 461 5630 516 5688; x_wconf 89' lang='lat'><strong>7.</strong></span> <span class='ocrx_word' id='word_1_705' title='bbox 559 5632 646 5688; x_wconf 88' lang='grc'><strong>14.</strong></span> 
     </span>
    </p>
   </div>
   <div class='ocr_carea' id='block_1_88' title="bbox 537 5723 2055 5805">
    <p class='ocr_par' dir='ltr' id='par_1_88' title="bbox 537 5723 2055 5805">
     <span class='ocr_line' id='line_1_88' title="bbox 537 5723 2055 5805; baseline 0.009 -27"><span class='ocrx_word' id='word_1_706' title='bbox 537 5723 627 5779; x_wconf 83' lang='lat'><strong>52.</strong></span> <span class='ocrx_word' id='word_1_707' title='bbox 683 5724 941 5800; x_wconf 83' lang='lat' dir='ltr'><strong>Fecitque</strong></span> <span class='ocrx_word' id='word_1_708' title='bbox 988 5728 1246 5787; x_wconf 87' lang='lat' dir='ltr'><strong>Salomon</strong></span> <span class='ocrx_word' id='word_1_709' title='bbox 1303 5731 1371 5786; x_wconf 91' lang='lat' dir='ltr'><strong>de</strong></span> <span class='ocrx_word' id='word_1_710' title='bbox 1416 5731 1578 5805; x_wconf 87' lang='lat' dir='ltr'><strong>lignis</strong></span> <span class='ocrx_word' id='word_1_711' title='bbox 1625 5734 1794 5789; x_wconf 87' lang='lat' dir='ltr'><strong>thinis</strong></span> <span class='ocrx_word' id='word_1_712' title='bbox 1845 5734 2055 5791; x_wconf 83' lang='lat' dir='ltr'><strong>fulcbra</strong></span> 
     </span>
    </p>
   </div>
   <div class='ocr_carea' id='block_1_89' title="bbox 464 5816 2059 5898">
    <p class='ocr_par' dir='ltr' id='par_1_89' title="bbox 464 5816 2059 5898">
     <span class='ocr_line' id='line_1_89' title="bbox 464 5816 2059 5898; baseline 0.008 -26"><span class='ocrx_word' id='word_1_713' title='bbox 464 5816 656 5876; x_wconf 87' lang='lat' dir='ltr'><strong>domus</strong></span> <span class='ocrx_word' id='word_1_714' title='bbox 683 5820 915 5892; x_wconf 87' lang='lat' dir='ltr'><strong>Domini,</strong></span> <span class='ocrx_word' id='word_1_715' title='bbox 946 5832 1002 5881; x_wconf 89' lang='lat' dir='ltr'><strong>et</strong></span> <span class='ocrx_word' id='word_1_716' title='bbox 1033 5826 1228 5882; x_wconf 84' lang='lat' dir='ltr'><strong>domus</strong></span> <span class='ocrx_word' id='word_1_717' title='bbox 1254 5824 1418 5896; x_wconf 81' lang='lat' dir='ltr'><strong>regis.</strong></span> <span class='ocrx_word' id='word_1_718' title='bbox 1448 5826 1617 5898; x_wconf 83' lang='lat' dir='ltr'><strong>Cujus</strong></span> <span class='ocrx_word' id='word_1_719' title='bbox 1641 5828 1860 5898; x_wconf 83' lang='lat' dir='ltr'><strong>generis</strong></span> <span class='ocrx_word' id='word_1_720' title='bbox 1897 5837 2059 5885; x_wconf 84' lang='lat' dir='ltr'><strong>erant</strong></span> 
     </span>
    </p>
   </div>
   <div class='ocr_carea' id='block_1_90' title="bbox 2166 3304 3766 3377">
    <p class='ocr_par' dir='ltr' id='par_1_90' title="bbox 2166 3304 3766 3377">
     <span class='ocr_line' id='line_1_90' title="bbox 2166 3304 3766 3377; baseline -0.002 -16"><span class='ocrx_word' id='word_1_721' title='bbox 2166 3304 2235 3361; x_wconf 91' lang='lat' dir='ltr'><strong>do</strong></span> <span class='ocrx_word' id='word_1_722' title='bbox 2269 3319 2460 3362; x_wconf 88' lang='lat' dir='ltr'><strong>verum</strong></span> <span class='ocrx_word' id='word_1_723' title='bbox 2504 3311 2610 3372; x_wconf 85' lang='lat' dir='ltr'><strong>est,</strong></span> <span class='ocrx_word' id='word_1_724' title='bbox 2648 3322 2769 3360; x_wconf 89' lang='lat' dir='ltr'><strong>cum</strong></span> <span class='ocrx_word' id='word_1_725' title='bbox 2799 3306 2909 3377; x_wconf 88' lang='lat' dir='ltr'><strong>ipse</strong></span> <span class='ocrx_word' id='word_1_726' title='bbox 2947 3304 3183 3377; x_wconf 82' lang='lat' dir='ltr'><strong>perlatus</strong></span> <span class='ocrx_word' id='word_1_727' title='bbox 3232 3304 3403 3360; x_wconf 81' lang='lat' dir='ltr'><strong>fuisse</strong></span> <span class='ocrx_word' id='word_1_728' title='bbox 3454 3304 3692 3376; x_wconf 79' lang='lat' dir='ltr'><strong>legatur,</strong></span> <span class='ocrx_word' id='word_1_729' title='bbox 3719 3305 3766 3359; x_wconf 79' lang='lat' dir='ltr'><strong>is</strong></span> 
     </span>
    </p>
   </div>
   <div class='ocr_carea' id='block_1_91' title="bbox 2167 3395 3764 3469">
    <p class='ocr_par' dir='ltr' id='par_1_91' title="bbox 2167 3395 3764 3469">
     <span class='ocr_line' id='line_1_91' title="bbox 2167 3395 3764 3469; baseline -0.001 -16"><span class='ocrx_word' id='word_1_730' title='bbox 2167 3395 2514 3464; x_wconf 88' lang='lat' dir='ltr'><strong>Samariam,</strong></span> <span class='ocrx_word' id='word_1_731' title='bbox 2571 3406 2620 3452; x_wconf 87' lang='lat' dir='ltr'><strong>et</strong></span> <span class='ocrx_word' id='word_1_732' title='bbox 2669 3396 2903 3469; x_wconf 86' lang='lat' dir='ltr'><strong>sepultus</strong></span> <span class='ocrx_word' id='word_1_733' title='bbox 2951 3398 3009 3452; x_wconf 89' lang='lat' dir='ltr'><strong>in</strong></span> <span class='ocrx_word' id='word_1_734' title='bbox 3062 3397 3301 3469; x_wconf 83' lang='lat' dir='ltr'><strong>sepulcro</strong></span> <span class='ocrx_word' id='word_1_735' title='bbox 3342 3412 3441 3451; x_wconf 89' lang='lat' dir='ltr'><strong>suo</strong></span> <span class='ocrx_word' id='word_1_736' title='bbox 3467 3397 3493 3451; x_wconf 84' lang='lat'><strong>?</strong></span> <span class='ocrx_word' id='word_1_737' title='bbox 3536 3396 3635 3452; x_wconf 80' lang='lat'><strong>22.</strong></span> <span class='ocrx_word' id='word_1_738' title='bbox 3686 3396 3764 3451; x_wconf 84' lang='grc'><strong>57.</strong></span> 
     </span>
    </p>
   </div>
   <div class='ocr_carea' id='block_1_92' title="bbox 2166 3488 3763 3562">
    <p class='ocr_par' dir='ltr' id='par_1_92' title="bbox 2166 3488 3763 3562">
     <span class='ocr_line' id='line_1_92' title="bbox 2166 3488 3763 3562; baseline 0.001 -17"><span class='ocrx_word' id='word_1_739' title='bbox 2166 3490 2271 3546; x_wconf 91' lang='lat' dir='ltr'><strong>nisi</strong></span> <span class='ocrx_word' id='word_1_740' title='bbox 2305 3498 2519 3546; x_wconf 89' lang='lat' dir='ltr'><strong>tantum</strong></span> <span class='ocrx_word' id='word_1_741' title='bbox 2544 3490 2691 3562; x_wconf 92' lang='lat' dir='ltr'><strong>quod</strong></span> <span class='ocrx_word' id='word_1_742' title='bbox 2716 3508 2871 3546; x_wconf 86' lang='lat' dir='ltr'><strong>canes</strong></span> <span class='ocrx_word' id='word_1_743' title='bbox 2900 3489 3217 3547; x_wconf 84' lang='lat' dir='ltr'><strong>lambuerint</strong></span> <span class='ocrx_word' id='word_1_744' title='bbox 3269 3491 3532 3547; x_wconf 80' lang='lat' dir='ltr'><strong>habenas.</strong></span> <span class='ocrx_word' id='word_1_745' title='bbox 3560 3491 3665 3548; x_wconf 84' lang='lat' dir='ltr'><strong>Ibi.</strong></span> <span class='ocrx_word' id='word_1_746' title='bbox 3686 3488 3763 3546; x_wconf 85' lang='lat'><strong>58.</strong></span> 
     </span>
    </p>
   </div>
   <div class='ocr_carea' id='block_1_93' title="bbox 2164 3582 3504 3650">
    <p class='ocr_par' dir='ltr' id='par_1_93' title="bbox 2164 3582 3504 3650">
     <span class='ocr_line' id='line_1_93' title="bbox 2164 3582 3504 3650; baseline -0.003 -12"><span class='ocrx_word' id='word_1_747' title='bbox 2164 3582 2233 3638; x_wconf 87' lang='lat' dir='ltr'><strong>Et</strong></span> <span class='ocrx_word' id='word_1_748' title='bbox 2263 3597 2373 3637; x_wconf 79' lang='lat' dir='ltr'><strong>LOl’l</strong></span> <span class='ocrx_word' id='word_1_749' title='bbox 2399 3582 2760 3639; x_wconf 88' lang='lat' dir='ltr'><strong>comederint.</strong></span> <span class='ocrx_word' id='word_1_750' title='bbox 3499 3646 3504 3650; x_wconf 6' lang='grc' dir='ltr'>ἱ</span> 
     </span>
    </p>
   </div>
   <div class='ocr_carea' id='block_1_94' title="bbox 2234 3675 3766 3746">
    <p class='ocr_par' dir='ltr' id='par_1_94' title="bbox 2234 3675 3766 3746">
     <span class='ocr_line' id='line_1_94' title="bbox 2234 3675 3766 3746; baseline 0 -16"><span class='ocrx_word' id='word_1_751' title='bbox 2234 3675 2323 3731; x_wconf 87' lang='lat'><strong>59.</strong></span> <span class='ocrx_word' id='word_1_752' title='bbox 2363 3675 2474 3732; x_wconf 86' lang='lat' dir='ltr'><strong>Cur</strong></span> <span class='ocrx_word' id='word_1_753' title='bbox 2499 3675 2711 3731; x_wconf 84' lang='lat' dir='ltr'><strong>Eliseus</strong></span> <span class='ocrx_word' id='word_1_754' title='bbox 2733 3676 2957 3731; x_wconf 91' lang='lat' dir='ltr'><strong>mittens</strong></span> <span class='ocrx_word' id='word_1_755' title='bbox 2985 3690 3217 3746; x_wconf 90' lang='lat' dir='ltr'><strong>puerum</strong></span> <span class='ocrx_word' id='word_1_756' title='bbox 3246 3690 3407 3731; x_wconf 88' lang='lat' dir='ltr'><strong>suum</strong></span> <span class='ocrx_word' id='word_1_757' title='bbox 3432 3675 3504 3732; x_wconf 84' lang='lat' dir='ltr'><strong>ad</strong></span> <span class='ocrx_word' id='word_1_758' title='bbox 3546 3677 3766 3733; x_wconf 77' lang='lat' dir='ltr'><strong>suscita-</strong></span> 
     </span>
    </p>
   </div>
   <div class='ocr_carea' id='block_1_95' title="bbox 2162 3767 3766 3840">
    <p class='ocr_par' dir='ltr' id='par_1_95' title="bbox 2162 3767 3766 3840">
     <span class='ocr_line' id='line_1_95' title="bbox 2162 3767 3766 3840; baseline 0 -17"><span class='ocrx_word' id='word_1_759' title='bbox 2162 3769 2368 3825; x_wconf 87' lang='lat' dir='ltr'><strong>tionem</strong></span> <span class='ocrx_word' id='word_1_760' title='bbox 2420 3767 2514 3823; x_wconf 85' lang='lat' dir='ltr'><strong>ﬁlii</strong></span> <span class='ocrx_word' id='word_1_761' title='bbox 2564 3768 2886 3834; x_wconf 87' lang='lat' dir='ltr'><strong>Sunamitis,</strong></span> <span class='ocrx_word' id='word_1_762' title='bbox 2950 3768 3210 3840; x_wconf 64' lang='lat' dir='ltr'><strong>praecepit</strong></span> <span class='ocrx_word' id='word_1_763' title='bbox 3230 3768 3282 3824; x_wconf 91' lang='lat' dir='ltr'><strong>ei</strong></span> <span class='ocrx_word' id='word_1_764' title='bbox 3331 3768 3527 3824; x_wconf 88' lang='lat' dir='ltr'><strong>dicens</strong></span> <span class='ocrx_word' id='word_1_765' title='bbox 3554 3786 3568 3823; x_wconf 89' lang='lat'><strong>:</strong></span> <span class='ocrx_word' id='word_1_766' title='bbox 3597 3767 3661 3825; x_wconf 89' lang='lat' dir='ltr'><strong>Si</strong></span> <span class='ocrx_word' id='word_1_767' title='bbox 3688 3785 3766 3823; x_wconf 76' lang='lat' dir='ltr'><strong>oc-</strong></span> 
     </span>
    </p>
   </div>
   <div class='ocr_carea' id='block_1_96' title="bbox 2163 3856 3763 3926">
    <p class='ocr_par' dir='ltr' id='par_1_96' title="bbox 2163 3856 3763 3926">
     <span class='ocr_line' id='line_1_96' title="bbox 2163 3856 3763 3926; baseline 0.001 -10"><span class='ocrx_word' id='word_1_768' title='bbox 2163 3861 2386 3916; x_wconf 86' lang='lat' dir='ltr'><strong>currerit</strong></span> <span class='ocrx_word' id='word_1_769' title='bbox 2408 3860 2501 3916; x_wconf 89' lang='lat' dir='ltr'><strong>tibi</strong></span> <span class='ocrx_word' id='word_1_770' title='bbox 2535 3861 2710 3926; x_wconf 80' lang='lat' dir='ltr'><strong>homo,</strong></span> <span class='ocrx_word' id='word_1_771' title='bbox 2744 3877 2850 3915; x_wconf 89' lang='lat' dir='ltr'><strong>non</strong></span> <span class='ocrx_word' id='word_1_772' title='bbox 2886 3856 3090 3916; x_wconf 87' lang='lat' dir='ltr'><strong>salutes</strong></span> <span class='ocrx_word' id='word_1_773' title='bbox 3117 3876 3259 3925; x_wconf 87' lang='lat' dir='ltr'><strong>eum,</strong></span> <span class='ocrx_word' id='word_1_774' title='bbox 3283 3870 3335 3915; x_wconf 85' lang='lat' dir='ltr'><strong>et</strong></span> <span class='ocrx_word' id='word_1_775' title='bbox 3361 3861 3411 3915; x_wconf 87' lang='lat' dir='ltr'><strong>si</strong></span> <span class='ocrx_word' id='word_1_776' title='bbox 3461 3861 3763 3917; x_wconf 69' lang='lat' dir='ltr'><strong>salutaverit</strong></span> 
     </span>
    </p>
   </div>
   <div class='ocr_carea' id='block_1_97' title="bbox 2161 3952 3608 4026">
    <p class='ocr_par' dir='ltr' id='par_1_97' title="bbox 2161 3952 3608 4026">
     <span class='ocr_line' id='line_1_97' title="bbox 2161 3952 3608 4026; baseline 0 -19"><span class='ocrx_word' id='word_1_777' title='bbox 2161 3961 2209 4009; x_wconf 85' lang='lat' dir='ltr'><strong>te</strong></span> <span class='ocrx_word' id='word_1_778' title='bbox 2238 3954 2520 4026; x_wconf 84' lang='lat' dir='ltr'><strong>quispiam,</strong></span> <span class='ocrx_word' id='word_1_779' title='bbox 2548 3970 2652 4008; x_wconf 87' lang='lat' dir='ltr'><strong>non</strong></span> <span class='ocrx_word' id='word_1_780' title='bbox 2686 3953 3000 4025; x_wconf 85' lang='lat' dir='ltr'><strong>respondeas</strong></span> <span class='ocrx_word' id='word_1_781' title='bbox 3032 3953 3099 4007; x_wconf 90' lang='lat' dir='ltr'><strong>ei.</strong></span> <span class='ocrx_word' id='word_1_782' title='bbox 3134 3952 3225 4009; x_wconf 77' lang='grc' dir='ltr'><strong>Ν.</strong></span> <span class='ocrx_word' id='word_1_783' title='bbox 3256 3952 3393 4026; x_wconf 84' lang='lat' dir='ltr'><strong>Reg.</strong></span> <span class='ocrx_word' id='word_1_784' title='bbox 3422 3953 3479 4008; x_wconf 87' lang='lat'><strong>4.</strong></span> <span class='ocrx_word' id='word_1_785' title='bbox 3508 3952 3608 4008; x_wconf 86' lang='lat'><strong>29.</strong></span> 
     </span>
    </p>
   </div>
   <div class='ocr_carea' id='block_1_98' title="bbox 2232 4043 3765 4117">
    <p class='ocr_par' dir='ltr' id='par_1_98' title="bbox 2232 4043 3765 4117">
     <span class='ocr_line' id='line_1_98' title="bbox 2232 4043 3765 4117; baseline 0.002 -18"><span class='ocrx_word' id='word_1_786' title='bbox 2232 4044 2321 4099; x_wconf 85' lang='lat'><strong>60.</strong></span> <span class='ocrx_word' id='word_1_787' title='bbox 2365 4045 2617 4101; x_wconf 84' lang='lat' dir='ltr'><strong>Naaman</strong></span> <span class='ocrx_word' id='word_1_788' title='bbox 2675 4046 2917 4117; x_wconf 81' lang='lat' dir='ltr'><strong>princeps</strong></span> <span class='ocrx_word' id='word_1_789' title='bbox 2982 4045 3187 4100; x_wconf 65' lang='lat' dir='ltr'><strong>militia!</strong></span> <span class='ocrx_word' id='word_1_790' title='bbox 3250 4047 3387 4116; x_wconf 85' lang='lat' dir='ltr'><strong>regis</strong></span> <span class='ocrx_word' id='word_1_791' title='bbox 3442 4043 3647 4117; x_wconf 68' lang='lat' dir='ltr'><strong>Syria.</strong></span> <span class='ocrx_word' id='word_1_792' title='bbox 3705 4045 3765 4101; x_wconf 80' lang='lat' dir='ltr'><strong>Et</strong></span> 
     </span>
    </p>
   </div>
   <div class='ocr_carea' id='block_1_99' title="bbox 2157 4136 3763 4209">
    <p class='ocr_par' dir='ltr' id='par_1_99' title="bbox 2157 4136 3763 4209">
     <span class='ocr_line' id='line_1_99' title="bbox 2157 4136 3763 4209; baseline 0.002 -17"><span class='ocrx_word' id='word_1_793' title='bbox 2157 4144 2282 4209; x_wconf 90' lang='lat' dir='ltr'><strong>post</strong></span> <span class='ocrx_word' id='word_1_794' title='bbox 2308 4153 2522 4209; x_wconf 87' lang='lat' dir='ltr'><strong>pauca:</strong></span> <span class='ocrx_word' id='word_1_795' title='bbox 2566 4136 2674 4191; x_wconf 90' lang='lat' dir='ltr'><strong>Per</strong></span> <span class='ocrx_word' id='word_1_796' title='bbox 2702 4136 2855 4191; x_wconf 88' lang='lat' dir='ltr'><strong>illum</strong></span> <span class='ocrx_word' id='word_1_797' title='bbox 2878 4137 3017 4193; x_wconf 88' lang='lat' dir='ltr'><strong>enim</strong></span> <span class='ocrx_word' id='word_1_798' title='bbox 3056 4136 3203 4192; x_wconf 77' lang='lat' dir='ltr'><strong>dedit</strong></span> <span class='ocrx_word' id='word_1_799' title='bbox 3234 4136 3499 4193; x_wconf 85' lang='lat' dir='ltr'><strong>Dominus</strong></span> <span class='ocrx_word' id='word_1_800' title='bbox 3545 4139 3763 4195; x_wconf 69' lang='lat' dir='ltr'><strong>salute-</strong></span> 
     </span>
    </p>
   </div>
   <div class='ocr_carea' id='block_1_100' title="bbox 2161 4226 3142 4300">
    <p class='ocr_par' dir='ltr' id='par_1_100' title="bbox 2161 4226 3142 4300">
     <span class='ocr_line' id='line_1_100' title="bbox 2161 4226 3142 4300; baseline -0.001 -17"><span class='ocrx_word' id='word_1_801' title='bbox 2161 4226 2349 4300; x_wconf 79' lang='lat' dir='ltr'><strong>Syriw.</strong></span> <span class='ocrx_word' id='word_1_802' title='bbox 2380 4227 2432 4281; x_wconf 87' lang='lat'><strong>5.</strong></span> <span class='ocrx_word' id='word_1_803' title='bbox 2463 4228 2514 4281; x_wconf 90' lang='grc'><strong>1.</strong></span> <span class='ocrx_word' id='word_1_804' title='bbox 2544 4227 2674 4295; x_wconf 70' lang='lat' dir='ltr'><strong>Quae</strong></span> <span class='ocrx_word' id='word_1_805' title='bbox 2698 4227 2801 4283; x_wconf 81' lang='lat' dir='ltr'><strong>fuit</strong></span> <span class='ocrx_word' id='word_1_806' title='bbox 2830 4227 2920 4283; x_wconf 87' lang='lat' dir='ltr'><strong>illa</strong></span> <span class='ocrx_word' id='word_1_807' title='bbox 2949 4227 3142 4284; x_wconf 89' lang='lat' dir='ltr'><strong>salus?</strong></span> 
     </span>
    </p>
   </div>
   <div class='ocr_carea' id='block_1_101' title="bbox 2230 4340 3759 4414">
    <p class='ocr_par' dir='ltr' id='par_1_101' title="bbox 2230 4340 3759 4414">
     <span class='ocr_line' id='line_1_101' title="bbox 2230 4340 3759 4414; baseline 0.001 -17"><span class='ocrx_word' id='word_1_808' title='bbox 2230 4343 2318 4397; x_wconf 85' lang='grc'><strong>61.</strong></span> <span class='ocrx_word' id='word_1_809' title='bbox 2361 4340 2532 4397; x_wconf 82' lang='lat' dir='ltr'><strong>Facta</strong></span> <span class='ocrx_word' id='word_1_810' title='bbox 2562 4352 2637 4397; x_wconf 89' lang='lat' dir='ltr'><strong>est</strong></span> <span class='ocrx_word' id='word_1_811' title='bbox 2687 4343 2854 4414; x_wconf 79' lang='lat' dir='ltr'><strong>fames</strong></span> <span class='ocrx_word' id='word_1_812' title='bbox 2883 4359 3079 4414; x_wconf 88' lang='lat' dir='ltr'><strong>magna</strong></span> <span class='ocrx_word' id='word_1_813' title='bbox 3114 4343 3171 4398; x_wconf 91' lang='lat' dir='ltr'><strong>in</strong></span> <span class='ocrx_word' id='word_1_814' title='bbox 3221 4341 3518 4408; x_wconf 88' lang='lat' dir='ltr'><strong>Samaria,</strong></span> <span class='ocrx_word' id='word_1_815' title='bbox 3568 4354 3626 4399; x_wconf 76' lang='lat' dir='ltr'><strong>et</strong></span> <span class='ocrx_word' id='word_1_816' title='bbox 3651 4355 3759 4399; x_wconf 59' lang='lat' dir='ltr'><strong>tam</strong></span> 
     </span>
    </p>
   </div>
   <div class='ocr_carea' id='block_1_102' title="bbox 2158 4434 3761 4505">
    <p class='ocr_par' dir='ltr' id='par_1_102' title="bbox 2158 4434 3761 4505">
     <span class='ocr_line' id='line_1_102' title="bbox 2158 4434 3761 4505; baseline 0.001 -17"><span class='ocrx_word' id='word_1_817' title='bbox 2158 4435 2251 4488; x_wconf 85' lang='lat' dir='ltr'><strong>diu</strong></span> <span class='ocrx_word' id='word_1_818' title='bbox 2282 4434 2489 4490; x_wconf 86' lang='lat' dir='ltr'><strong>obsessa</strong></span> <span class='ocrx_word' id='word_1_819' title='bbox 2518 4444 2615 4502; x_wconf 90' lang='lat' dir='ltr'><strong>est,</strong></span> <span class='ocrx_word' id='word_1_820' title='bbox 2643 4434 2808 4489; x_wconf 88' lang='lat' dir='ltr'><strong>donec</strong></span> <span class='ocrx_word' id='word_1_821' title='bbox 2834 4435 3230 4490; x_wconf 84' lang='lat' dir='ltr'><strong>venundaretur</strong></span> <span class='ocrx_word' id='word_1_822' title='bbox 3260 4446 3419 4505; x_wconf 86' lang='lat' dir='ltr'><strong>caput</strong></span> <span class='ocrx_word' id='word_1_823' title='bbox 3460 4436 3610 4491; x_wconf 83' lang='lat' dir='ltr'><strong>asini</strong></span> <span class='ocrx_word' id='word_1_824' title='bbox 3631 4447 3761 4491; x_wconf 75' lang='lat' dir='ltr'><strong>octo-</strong></span> 
     </span>
    </p>
   </div>
   <div class='ocr_carea' id='block_1_103' title="bbox 2079 4524 3762 4604">
    <p class='ocr_par' dir='ltr' id='par_1_103' title="bbox 2079 4524 3762 4604">
     <span class='ocr_line' id='line_1_103' title="bbox 2079 4524 3762 4604; baseline 0.001 -26"><span class='ocrx_word' id='word_1_825' title='bbox 2079 4543 2134 4604; x_wconf 80' lang='grc' dir='ltr'><strong>Ῑ)</strong></span> <span class='ocrx_word' id='word_1_826' title='bbox 2159 4527 2307 4596; x_wconf 89' lang='lat' dir='ltr'><strong>ginta</strong></span> <span class='ocrx_word' id='word_1_827' title='bbox 2335 4525 2618 4596; x_wconf 85' lang='lat' dir='ltr'><strong>argenteis,</strong></span> <span class='ocrx_word' id='word_1_828' title='bbox 2655 4534 2703 4579; x_wconf 89' lang='lat' dir='ltr'><strong>et</strong></span> <span class='ocrx_word' id='word_1_829' title='bbox 2727 4534 2919 4596; x_wconf 86' lang='lat' dir='ltr'><strong>quarta</strong></span> <span class='ocrx_word' id='word_1_830' title='bbox 2966 4541 3090 4596; x_wconf 88' lang='lat' dir='ltr'><strong>pars</strong></span> <span class='ocrx_word' id='word_1_831' title='bbox 3115 4524 3233 4589; x_wconf 84' lang='lat' dir='ltr'><strong>capi</strong></span> <span class='ocrx_word' id='word_1_832' title='bbox 3275 4526 3526 4581; x_wconf 87' lang='lat' dir='ltr'><strong>stercoris</strong></span> <span class='ocrx_word' id='word_1_833' title='bbox 3566 4526 3762 4580; x_wconf 55' lang='lat' dir='ltr'><strong>colum.</strong></span> 
     </span>
    </p>
   </div>
   <div class='ocr_carea' id='block_1_104' title="bbox 2159 4617 3758 4692">
    <p class='ocr_par' dir='ltr' id='par_1_104' title="bbox 2159 4617 3758 4692">
     <span class='ocr_line' id='line_1_104' title="bbox 2159 4617 3758 4692; baseline 0.003 -20"><span class='ocrx_word' id='word_1_834' title='bbox 2159 4617 2345 4673; x_wconf 88' lang='lat' dir='ltr'><strong>barum</strong></span> <span class='ocrx_word' id='word_1_835' title='bbox 2383 4619 2611 4691; x_wconf 84' lang='lat' dir='ltr'><strong>quinque</strong></span> <span class='ocrx_word' id='word_1_836' title='bbox 2634 4620 2915 4690; x_wconf 87' lang='lat' dir='ltr'><strong>argenteis.</strong></span> <span class='ocrx_word' id='word_1_837' title='bbox 2977 4617 3032 4674; x_wconf 87' lang='lat'><strong>6.</strong></span> <span class='ocrx_word' id='word_1_838' title='bbox 3061 4618 3152 4673; x_wconf 84' lang='lat'><strong>2|.</strong></span> <span class='ocrx_word' id='word_1_839' title='bbox 3176 4618 3318 4686; x_wconf 88' lang='lat' dir='ltr'><strong>Quid</strong></span> <span class='ocrx_word' id='word_1_840' title='bbox 3350 4628 3438 4675; x_wconf 88' lang='lat' dir='ltr'><strong>est</strong></span> <span class='ocrx_word' id='word_1_841' title='bbox 3480 4623 3603 4692; x_wconf 76' lang='lat' dir='ltr'><strong>capi</strong></span> <span class='ocrx_word' id='word_1_842' title='bbox 3631 4630 3758 4676; x_wconf 86' lang='lat' dir='ltr'><strong>ster-</strong></span> 
     </span>
    </p>
   </div>
   <div class='ocr_carea' id='block_1_105' title="bbox 2157 4709 3758 4783">
    <p class='ocr_par' dir='ltr' id='par_1_105' title="bbox 2157 4709 3758 4783">
     <span class='ocr_line' id='line_1_105' title="bbox 2157 4709 3758 4783; baseline 0.004 -20"><span class='ocrx_word' id='word_1_843' title='bbox 2157 4710 2346 4765; x_wconf 92' lang='lat' dir='ltr'><strong>coris?</strong></span> <span class='ocrx_word' id='word_1_844' title='bbox 2381 4709 2513 4783; x_wconf 89' lang='lat' dir='ltr'><strong>(Sed</strong></span> <span class='ocrx_word' id='word_1_845' title='bbox 2539 4710 2758 4783; x_wconf 86' lang='lat' dir='ltr'><strong>vulgata</strong></span> <span class='ocrx_word' id='word_1_846' title='bbox 2780 4720 2930 4767; x_wconf 88' lang='lat' dir='ltr'><strong>recte</strong></span> <span class='ocrx_word' id='word_1_847' title='bbox 2970 4711 3136 4767; x_wconf 89' lang='lat' dir='ltr'><strong>habet</strong></span> <span class='ocrx_word' id='word_1_848' title='bbox 3164 4727 3294 4783; x_wconf 88' lang='lat' dir='ltr'><strong>pars</strong></span> <span class='ocrx_word' id='word_1_849' title='bbox 3321 4713 3443 4767; x_wconf 90' lang='lat' dir='ltr'><strong>cabi</strong></span> <span class='ocrx_word' id='word_1_850' title='bbox 3470 4717 3719 4770; x_wconf 80' lang='lat' dir='ltr'><strong>stercoris</strong></span> <span class='ocrx_word' id='word_1_851' title='bbox 3740 4727 3758 4763; x_wconf 86' lang='lat'><strong><em>:</em></strong></span> 
     </span>
    </p>
   </div>
   <div class='ocr_carea' id='block_1_106' title="bbox 2158 4806 3758 4884">
    <p class='ocr_par' dir='ltr' id='par_1_106' title="bbox 2158 4806 3758 4884">
     <span class='ocr_line' id='line_1_106' title="bbox 2158 4806 3758 4884; baseline 0.004 -25"><span class='ocrx_word' id='word_1_852' title='bbox 2158 4821 2321 4876; x_wconf 91' lang='lat' dir='ltr'><strong>quam</strong></span> <span class='ocrx_word' id='word_1_853' title='bbox 2345 4807 2415 4861; x_wconf 92' lang='lat' dir='ltr'><strong>ob</strong></span> <span class='ocrx_word' id='word_1_854' title='bbox 2441 4822 2556 4861; x_wconf 85' lang='lat' dir='ltr'><strong>rem</strong></span> <span class='ocrx_word' id='word_1_855' title='bbox 2595 4806 2885 4862; x_wconf 90' lang='lat' dir='ltr'><strong>dicendum</strong></span> <span class='ocrx_word' id='word_1_856' title='bbox 2911 4814 2996 4864; x_wconf 89' lang='lat' dir='ltr'><strong>est</strong></span> <span class='ocrx_word' id='word_1_857' title='bbox 3024 4822 3040 4861; x_wconf 91' lang='lat'><strong>:</strong></span> <span class='ocrx_word' id='word_1_858' title='bbox 3098 4807 3230 4877; x_wconf 90' lang='lat' dir='ltr'><strong>quid</strong></span> <span class='ocrx_word' id='word_1_859' title='bbox 3256 4818 3343 4864; x_wconf 83' lang='lat' dir='ltr'><strong>est</strong></span> <span class='ocrx_word' id='word_1_860' title='bbox 3390 4819 3593 4880; x_wconf 85' lang='lat' dir='ltr'><strong>quarta</strong></span> <span class='ocrx_word' id='word_1_861' title='bbox 3640 4827 3758 4884; x_wconf 78' lang='lat' dir='ltr'><strong>pars</strong></span> 
     </span>
    </p>
   </div>
   <div class='ocr_carea' id='block_1_107' title="bbox 2156 4898 2647 4970">
    <p class='ocr_par' dir='ltr' id='par_1_107' title="bbox 2156 4898 2647 4970">
     <span class='ocr_line' id='line_1_107' title="bbox 2156 4898 2647 4970; baseline 0.004 -19"><span class='ocrx_word' id='word_1_862' title='bbox 2156 4898 2277 4953; x_wconf 92' lang='lat' dir='ltr'><strong>cabi</strong></span> <span class='ocrx_word' id='word_1_863' title='bbox 2321 4898 2647 4970; x_wconf 87' lang='lat' dir='ltr'><strong>stercoris?)</strong></span> 
     </span>
    </p>
   </div>
   <div class='ocr_carea' id='block_1_108' title="bbox 2228 4988 3757 5066">
    <p class='ocr_par' dir='ltr' id='par_1_108' title="bbox 2228 4988 3757 5066">
     <span class='ocr_line' id='line_1_108' title="bbox 2228 4988 3757 5066; baseline 0.005 -23"><span class='ocrx_word' id='word_1_864' title='bbox 2228 4988 2314 5045; x_wconf 78' lang='lat'><strong>62.</strong></span> <span class='ocrx_word' id='word_1_865' title='bbox 2358 4988 2497 5057; x_wconf 85' lang='lat' dir='ltr'><strong>Quid</strong></span> <span class='ocrx_word' id='word_1_866' title='bbox 2526 4990 2776 5061; x_wconf 88' lang='lat' dir='ltr'><strong>estquod</strong></span> <span class='ocrx_word' id='word_1_867' title='bbox 2796 4989 3052 5050; x_wconf 89' lang='lat' dir='ltr'><strong>Benadab</strong></span> <span class='ocrx_word' id='word_1_868' title='bbox 3101 5007 3199 5049; x_wconf 80' lang='lat' dir='ltr'><strong>rex</strong></span> <span class='ocrx_word' id='word_1_869' title='bbox 3235 4991 3412 5066; x_wconf 78' lang='lat' dir='ltr'><strong>Syriae</strong></span> <span class='ocrx_word' id='word_1_870' title='bbox 3442 4994 3597 5050; x_wconf 89' lang='lat' dir='ltr'><strong>misit</strong></span> <span class='ocrx_word' id='word_1_871' title='bbox 3625 4997 3757 5050; x_wconf 79' lang='lat' dir='ltr'><strong>Asa-</strong></span> 
     </span>
    </p>
   </div>
   <div class='ocr_carea' id='block_1_109' title="bbox 2156 5083 3759 5168">
    <p class='ocr_par' dir='ltr' id='par_1_109' title="bbox 2156 5083 3759 5168">
     <span class='ocr_line' id='line_1_109' title="bbox 2156 5083 3759 5168; baseline 0.002 -28"><span class='ocrx_word' id='word_1_872' title='bbox 2156 5083 2247 5140; x_wconf 89' lang='lat' dir='ltr'><strong>hel</strong></span> <span class='ocrx_word' id='word_1_873' title='bbox 2274 5085 2344 5141; x_wconf 92' lang='lat' dir='ltr'><strong>ad</strong></span> <span class='ocrx_word' id='word_1_874' title='bbox 2381 5084 2658 5168; x_wconf 85' lang='lat' dir='ltr'><strong>Heliseum</strong></span> <span class='ocrx_word' id='word_1_875' title='bbox 2682 5087 2993 5154; x_wconf 90' lang='lat' dir='ltr'><strong>consulens,</strong></span> <span class='ocrx_word' id='word_1_876' title='bbox 3024 5095 3211 5144; x_wconf 87' lang='lat' dir='ltr'><strong>utrum</strong></span> <span class='ocrx_word' id='word_1_877' title='bbox 3266 5090 3451 5145; x_wconf 87' lang='lat' dir='ltr'><strong>sanari</strong></span> <span class='ocrx_word' id='word_1_878' title='bbox 3500 5092 3759 5162; x_wconf 82' lang='lat' dir='ltr'><strong>possitab</strong></span> 
     </span>
    </p>
   </div>
   <div class='ocr_carea' id='block_1_110' title="bbox 2159 5175 3755 5255">
    <p class='ocr_par' dir='ltr' id='par_1_110' title="bbox 2159 5175 3755 5255">
     <span class='ocr_line' id='line_1_110' title="bbox 2159 5175 3755 5255; baseline 0.004 -24"><span class='ocrx_word' id='word_1_879' title='bbox 2159 5175 2484 5234; x_wconf 79' lang='lat' dir='ltr'><strong>infirmitate</strong></span> <span class='ocrx_word' id='word_1_880' title='bbox 2518 5195 2633 5245; x_wconf 87' lang='lat' dir='ltr'><strong>sua,</strong></span> <span class='ocrx_word' id='word_1_881' title='bbox 2666 5195 2735 5234; x_wconf 87' lang='lat' dir='ltr'><strong>an</strong></span> <span class='ocrx_word' id='word_1_882' title='bbox 2768 5181 2925 5236; x_wconf 87' lang='lat' dir='ltr'><strong>non?</strong></span> <span class='ocrx_word' id='word_1_883' title='bbox 2966 5179 3210 5252; x_wconf 89' lang='lat' dir='ltr'><strong>Cumque</strong></span> <span class='ocrx_word' id='word_1_884' title='bbox 3247 5183 3315 5238; x_wconf 86' lang='lat' dir='ltr'><strong>ab</strong></span> <span class='ocrx_word' id='word_1_885' title='bbox 3340 5198 3409 5241; x_wconf 85' lang='lat' dir='ltr'><strong>eo</strong></span> <span class='ocrx_word' id='word_1_886' title='bbox 3435 5200 3755 5255; x_wconf 84' lang='lat' dir='ltr'><strong>responsum</strong></span> 
     </span>
    </p>
   </div>
   <div class='ocr_carea' id='block_1_111' title="bbox 2160 5269 3760 5344">
    <p class='ocr_par' dir='ltr' id='par_1_111' title="bbox 2160 5269 3760 5344">
     <span class='ocr_line' id='line_1_111' title="bbox 2160 5269 3760 5344; baseline 0.007 -22"><span class='ocrx_word' id='word_1_887' title='bbox 2160 5269 2449 5341; x_wconf 88' lang='lat' dir='ltr'><strong>acciperet,</strong></span> <span class='ocrx_word' id='word_1_888' title='bbox 2500 5280 2556 5326; x_wconf 90' lang='lat' dir='ltr'><strong>et</strong></span> <span class='ocrx_word' id='word_1_889' title='bbox 2602 5272 2836 5328; x_wconf 88' lang='lat' dir='ltr'><strong>redisset</strong></span> <span class='ocrx_word' id='word_1_890' title='bbox 2888 5273 2956 5328; x_wconf 90' lang='lat' dir='ltr'><strong>ad</strong></span> <span class='ocrx_word' id='word_1_891' title='bbox 3005 5273 3296 5331; x_wconf 88' lang='lat' dir='ltr'><strong>Dominum</strong></span> <span class='ocrx_word' id='word_1_892' title='bbox 3352 5292 3537 5344; x_wconf 91' lang='lat' dir='ltr'><strong>suum,</strong></span> <span class='ocrx_word' id='word_1_893' title='bbox 3594 5277 3760 5332; x_wconf 77' lang='lat' dir='ltr'><strong>refert</strong></span> 
     </span>
    </p>
   </div>
   <div class='ocr_carea' id='block_1_112' title="bbox 2160 5364 3759 5444">
    <p class='ocr_par' dir='ltr' id='par_1_112' title="bbox 2160 5364 3759 5444">
     <span class='ocr_line' id='line_1_112' title="bbox 2160 5364 3759 5444; baseline 0.004 -25"><span class='ocrx_word' id='word_1_894' title='bbox 2160 5364 2484 5435; x_wconf 85' lang='lat' dir='ltr'><strong>Scriptura:</strong></span> <span class='ocrx_word' id='word_1_895' title='bbox 2529 5364 2671 5421; x_wconf 87' lang='lat' dir='ltr'><strong>Tulit</strong></span> <span class='ocrx_word' id='word_1_896' title='bbox 2726 5367 3043 5440; x_wconf 80' lang='lat' dir='ltr'><strong>stragulum,</strong></span> <span class='ocrx_word' id='word_1_897' title='bbox 3088 5378 3136 5424; x_wconf 91' lang='lat' dir='ltr'><strong>et</strong></span> <span class='ocrx_word' id='word_1_898' title='bbox 3193 5370 3393 5441; x_wconf 77' lang='lat' dir='ltr'><strong>infudit</strong></span> <span class='ocrx_word' id='word_1_899' title='bbox 3450 5388 3674 5444; x_wconf 69' lang='lat' dir='ltr'><strong>aquam,</strong></span> <span class='ocrx_word' id='word_1_900' title='bbox 3713 5380 3759 5425; x_wconf 80' lang='lat' dir='ltr'><strong>et</strong></span> 
     </span>
    </p>
   </div>
   <div class='ocr_carea' id='block_1_113' title="bbox 2158 5456 3249 5531">
    <p class='ocr_par' dir='ltr' id='par_1_113' title="bbox 2158 5456 3249 5531">
     <span class='ocr_line' id='line_1_113' title="bbox 2158 5456 3249 5531; baseline 0.007 -22"><span class='ocrx_word' id='word_1_901' title='bbox 2158 5456 2405 5527; x_wconf 67' lang='lat' dir='ltr'><strong>expandit</strong></span> <span class='ocrx_word' id='word_1_902' title='bbox 2431 5474 2591 5529; x_wconf 89' lang='lat' dir='ltr'><strong>super</strong></span> <span class='ocrx_word' id='word_1_903' title='bbox 2610 5459 2820 5531; x_wconf 79' lang='lat' dir='ltr'><strong>faciem.</strong></span> <span class='ocrx_word' id='word_1_904' title='bbox 2848 5460 2902 5515; x_wconf 93' lang='lat'><strong>8.</strong></span> <span class='ocrx_word' id='word_1_905' title='bbox 2941 5460 2993 5516; x_wconf 88' lang='lat'><strong>7.</strong></span> <span class='ocrx_word' id='word_1_906' title='bbox 3025 5461 3109 5516; x_wconf 89' lang='grc'><strong>15.</strong></span> <span class='ocrx_word' id='word_1_907' title='bbox 3135 5470 3249 5518; x_wconf 88' lang='lat' dir='ltr'><strong>etc.</strong></span> 
     </span>
    </p>
   </div>
   <div class='ocr_carea' id='block_1_114' title="bbox 2229 5547 3756 5628">
    <p class='ocr_par' dir='ltr' id='par_1_114' title="bbox 2229 5547 3756 5628">
     <span class='ocr_line' id='line_1_114' title="bbox 2229 5547 3756 5628; baseline 0.007 -27"><span class='ocrx_word' id='word_1_908' title='bbox 2229 5548 2317 5603; x_wconf 83' lang='grc'><strong>05.</strong></span> <span class='ocrx_word' id='word_1_909' title='bbox 2379 5547 2489 5604; x_wconf 90' lang='lat' dir='ltr'><strong>Cur</strong></span> <span class='ocrx_word' id='word_1_910' title='bbox 2544 5551 2711 5607; x_wconf 82' lang='lat' dir='ltr'><strong>Johas</strong></span> <span class='ocrx_word' id='word_1_911' title='bbox 2762 5568 2857 5608; x_wconf 78' lang='lat' dir='ltr'><strong>rex</strong></span> <span class='ocrx_word' id='word_1_912' title='bbox 2914 5551 3086 5609; x_wconf 86' lang='lat' dir='ltr'><strong>Israel</strong></span> <span class='ocrx_word' id='word_1_913' title='bbox 3140 5554 3210 5609; x_wconf 88' lang='lat' dir='ltr'><strong>ad</strong></span> <span class='ocrx_word' id='word_1_914' title='bbox 3252 5555 3527 5611; x_wconf 79' lang='lat' dir='ltr'><strong>Amasiam</strong></span> <span class='ocrx_word' id='word_1_915' title='bbox 3581 5572 3756 5628; x_wconf 65' lang='lat' dir='ltr'><strong>regem</strong></span> 
     </span>
    </p>
   </div>
   <div class='ocr_carea' id='block_1_115' title="bbox 2157 5641 3754 5713">
    <p class='ocr_par' dir='ltr' id='par_1_115' title="bbox 2157 5641 3754 5713">
     <span class='ocr_line' id='line_1_115' title="bbox 2157 5641 3754 5713; baseline 0.004 -16"><span class='ocrx_word' id='word_1_916' title='bbox 2157 5641 2324 5706; x_wconf 86' lang='lat' dir='ltr'><strong>Juda,</strong></span> <span class='ocrx_word' id='word_1_917' title='bbox 2354 5644 2553 5699; x_wconf 87' lang='lat' dir='ltr'><strong>remisit</strong></span> <span class='ocrx_word' id='word_1_918' title='bbox 2578 5646 2790 5700; x_wconf 87' lang='lat' dir='ltr'><strong>dicens:</strong></span> <span class='ocrx_word' id='word_1_919' title='bbox 2808 5645 3013 5701; x_wconf 86' lang='lat' dir='ltr'><strong>Cardus</strong></span> <span class='ocrx_word' id='word_1_920' title='bbox 3041 5645 3232 5703; x_wconf 84' lang='lat' dir='ltr'><strong>Libani</strong></span> <span class='ocrx_word' id='word_1_921' title='bbox 3257 5648 3402 5703; x_wconf 83' lang='lat' dir='ltr'><strong>misit</strong></span> <span class='ocrx_word' id='word_1_922' title='bbox 3422 5648 3494 5703; x_wconf 88' lang='lat' dir='ltr'><strong>ad</strong></span> <span class='ocrx_word' id='word_1_923' title='bbox 3514 5650 3754 5713; x_wconf 71' lang='lat' dir='ltr'><strong>cedrum,</strong></span> 
     </span>
    </p>
   </div>
   <div class='ocr_carea' id='block_1_116' title="bbox 2158 5736 3757 5812">
    <p class='ocr_par' dir='ltr' id='par_1_116' title="bbox 2158 5736 3757 5812">
     <span class='ocr_line' id='line_1_116' title="bbox 2158 5736 3757 5812; baseline 0.003 -20"><span class='ocrx_word' id='word_1_924' title='bbox 2158 5754 2275 5812; x_wconf 74' lang='lat' dir='ltr'><strong>qua!</strong></span> <span class='ocrx_word' id='word_1_925' title='bbox 2317 5747 2391 5791; x_wconf 87' lang='lat' dir='ltr'><strong>est</strong></span> <span class='ocrx_word' id='word_1_926' title='bbox 2428 5738 2483 5791; x_wconf 86' lang='lat' dir='ltr'><strong>in</strong></span> <span class='ocrx_word' id='word_1_927' title='bbox 2511 5736 2711 5794; x_wconf 75' lang='lat' dir='ltr'><strong>Libano</strong></span> <span class='ocrx_word' id='word_1_928' title='bbox 2738 5740 2917 5795; x_wconf 83' lang='lat' dir='ltr'><strong>dicens</strong></span> <span class='ocrx_word' id='word_1_929' title='bbox 2941 5757 2961 5795; x_wconf 91' lang='lat'><strong><em>:</em></strong></span> <span class='ocrx_word' id='word_1_930' title='bbox 2997 5740 3069 5794; x_wconf 84' lang='lat' dir='ltr'><strong>da</strong></span> <span class='ocrx_word' id='word_1_931' title='bbox 3110 5741 3277 5811; x_wconf 77' lang='lat' dir='ltr'><strong>ﬁliam</strong></span> <span class='ocrx_word' id='word_1_932' title='bbox 3309 5751 3453 5795; x_wconf 84' lang='lat' dir='ltr'><strong>tuam</strong></span> <span class='ocrx_word' id='word_1_933' title='bbox 3476 5741 3588 5811; x_wconf 73' lang='lat' dir='ltr'><strong>ﬁlio</strong></span> <span class='ocrx_word' id='word_1_934' title='bbox 3642 5760 3757 5797; x_wconf 77' lang='lat' dir='ltr'><strong>meo</strong></span> 
     </span>
    </p>
   </div>
   <div class='ocr_carea' id='block_1_117' title="bbox 2158 5832 3758 5900">
    <p class='ocr_par' dir='ltr' id='par_1_117' title="bbox 2158 5832 3758 5900">
     <span class='ocr_line' id='line_1_117' title="bbox 2158 5832 3758 5900; baseline 0.001 -12"><span class='ocrx_word' id='word_1_935' title='bbox 2158 5846 2398 5895; x_wconf 67' lang='lat' dir='ltr'><strong>umorem,</strong></span> <span class='ocrx_word' id='word_1_936' title='bbox 2448 5832 2871 5890; x_wconf 83' lang='lat' dir='ltr'><strong>transieruntaue</strong></span> <span class='ocrx_word' id='word_1_937' title='bbox 2917 5833 3093 5889; x_wconf 81' lang='lat' dir='ltr'><strong>bestite</strong></span> <span class='ocrx_word' id='word_1_938' title='bbox 3142 5833 3333 5899; x_wconf 86' lang='lat' dir='ltr'><strong>saltus,</strong></span> <span class='ocrx_word' id='word_1_939' title='bbox 3374 5850 3493 5900; x_wconf 75' lang='lat' dir='ltr'><strong>quc</strong></span> <span class='ocrx_word' id='word_1_940' title='bbox 3533 5843 3661 5889; x_wconf 71' lang='lat' dir='ltr'><strong>sunt</strong></span> <span class='ocrx_word' id='word_1_941' title='bbox 3698 5833 3758 5890; x_wconf 68' lang='lat' dir='ltr'><strong>in</strong></span> 
     </span>
    </p>
   </div>
  </div>
