3940 6340
126 323 255 385 633

1051 313 1523 385 QUAESTIONES
1559 313 1711 375 XXX
1750 316 1979 377 SUPER
2014 316 2265 376 LIBROS
2298 317 2563 378 REGUM.

3320 323 3432 388 654

121 438 375 503 Libano,
414 439 463 487 et
487 427 922 486 conculcaverunt
951 426 1169 483 cordum
1192 428 1217 482 Ρ
1237 426 1326 484 lV.
1368 426 1501 499 Reg.
1538 427 1626 482 14.
1676 427 1729 483 9.
1760 430 2095 495 Ascribitur
2121 446 2137 486 :
2165 440 2213 487 et
2235 433 2411 503 eﬁ'erri
2445 433 2570 504 fecit
2598 433 2774 490 lucum
2804 435 2869 490 de
2898 435 3064 493 domo
3077 437 3312 508 Domini,
3340 441 3426 512 fo-

211 529 308 586 64.
351 527 534 597 Quare
556 523 625 579 de
669 521 960 578 Jeroboam
988 518 1101 575 ﬁlio
1148 517 1276 576 Joas
1307 519 1598 575 scribitur:
1625 520 1737 591 ipse

126 624 377 687 restituit
410 633 661 679 termenos
690 615 867 670 Israel
884 614 949 669 ab
977 614 1197 668 introitu
1244 612 1439 667 Emath
1480 629 1640 684 usque
1668 612 1738 666 ad

128 732 294 772 mare
332 709 653 775 solitudinis,
677 707 841 780 juxta
867 720 1158 761 temonem
1194 703 1430 770 Domini,
1460 721 1615 775 quem
1659 704 1740 758 lo-

130 819 305 866 cutus
358 815 434 863 est
479 822 573 877 per
616 818 825 859 servum
873 816 1029 855 suum
1081 798 1279 855 Ionam
1318 797 1498 869 ﬁlium.
1527 798 1740 853 Amathi

132 899 492 975 Prophetam.
523 896 648 954 Jon.
670 895 734 952 1.
761 894 816 950 1.
870 893 977 950 Ubi
1002 891 1167 949 Jonas
1209 891 1326 948 haec
1360 892 1574 949 locutus
1594 889 1740 947 fuit?

134 995 235 1051 14.
275 993 369 1049 25.

216 1086 309 1142 65.
350 1084 461 1141 Cur
517 1085 587 1140 de
632 1080 872 1139 Joathan
920 1095 1049 1153 rege
1087 1076 1226 1134 Juda
1286 1075 1588 1131 scribitur?
1632 1075 1742 1147 ipse

134 1182 434 1253 aediﬁcavit
504 1188 711 1252 portam
758 1178 946 1233 domus
1017 1173 1234 1231 Domini
1289 1170 1740 1227 sublimissimam.

135 1274 235 1331 15.
276 1275 369 1331 55.
416 1270 671 1342 Nunquid
700 1285 735 1325 a
783 1268 1074 1325 Salomone
1124 1274 1285 1322 antea
1328 1261 1592 1320 mdilicata
1634 1276 1745 1318 non

136 1365 369 1423 fuerat?
405 1380 474 1419 an
494 1377 693 1419 novam
719 1359 1027 1417 construxit
1049 1359 1074 1414 ?

112 1497 125 1511 .
219 1459 309 1513 66.
351 1456 462 1513 Cur
490 1456 557 1512 de
585 1454 819 1511 Ezecbia
847 1453 1108 1509 scribitur
1133 1470 1147 1506 :
1193 1459 1484 1523 postquam
1512 1448 1746 1520 dissipa-

139 1551 230 1606 vit
267 1549 508 1615 excelsa,
537 1556 593 1603 et
639 1545 899 1605 contrivit
950 1544 1195 1601 statuas?
1231 1543 1302 1598 Et
1324 1542 1546 1598 succidit
1575 1541 1742 1607 lucos,

143 1640 509 1712 confregitque
534 1645 825 1710 serpentem
859 1652 1085 1701 aeneum,
1133 1650 1286 1706 quem
1335 1634 1458 1704 fecit
1494 1632 1746 1704 Moyses;

143 1733 453 1805 vocavitque
476 1746 596 1786 eum
624 1727 895 1785 Naastan.
928 1726 1230 1803 (Nobestan
1266 1724 1540 1797 Vulgata).
1569 1717 1656 1781 18.
1684 1724 1740 1779 4.

142 1824 222 1881 Et
242 1825 470 1897 reliqua.
510 1823 649 1893 Quid
675 1832 762 1881 est
793 1823 941 1880 hoc?

222 1917 315 1974 67.
355 1917 463 1974 Cur
484 1932 586 1989 per
610 1917 833 1973 Esaiam
862 1917 930 1972 ad
958 1915 1255 1972 Ezechiam
1280 1927 1465 1985 regem
1508 1913 1751 1970 dicitur?

144 2009 290 2066 Ecce
315 2010 426 2065 dies
449 2010 680 2079 veniunt,
701 2018 751 2066 et
771 2009 1014 2081 auferent
1040 2007 1297 2082 (Vulgata
1322 2007 1748 2079 transferentur)

145 2104 333 2157 omnia
364 2118 485 2173 qua:
523 2111 647 2157 sunt
688 2102 745 2157 in
773 2102 930 2157 domo
974 2111 1089 2169 tua,
1145 2112 1196 2157 et
1242 2120 1358 2174 quae
1401 2102 1752 2157 condiderunt

143 2206 325 2268 patres
355 2198 432 2251 tui
456 2198 515 2252 in
551 2196 922 2269 Babylonem:
952 2214 1058 2253 non
1098 2198 1386 2253 remanebit
1439 2197 1748 2268 quidquam,

141 2289 227 2341 ait
252 2288 531 2355 Dominus,
588 2289 679 2344 sed
725 2290 790 2345 de
815 2289 942 2360 ﬁliis
986 2307 1117 2362 quos
1151 2290 1443 2362 generabis,
1474 2298 1627 2345 erunt
1649 2305 1746 2343 eu-

144 2380 311 2435 nuchi
362 2382 420 2435 in
475 2380 676 2451 palatio
715 2382 852 2453 regis
895 2380 1204 2453 Babylonis.
1244 2381 1334 2437 20.
1393 2381 1479 2437 17.
1519 2380 1607 2437 18.
1639 2377 1745 2447 Qui

144 2473 377 2532 fuerunt
405 2476 497 2532 isti
519 2477 755 2533 eunuchi
780 2476 803 2531 ?

223 2566 313 2626 68.
354 2567 495 2637 Quid
551 2569 656 2626 sibi
702 2568 819 2626 vult
846 2568 992 2641 quod
1046 2576 1175 2643 post
1218 2568 1456 2643 plurima
1481 2569 1549 2626 de
1594 2565 1745 2624 Josia

532 2719 868 2765 HACTENUS
912 2719 1329 2767 THBUTMIBUS
1376 2724 1392 2764 ε

223 2847 530 2921 Compellit,
572 2856 630 2904 et
665 2848 997 2923 constringit
1044 2864 1156 2916 me,
1192 2850 1366 2905 frater
1391 2848 1746 2905 Christianis-

148 2945 314 3010 sime,
354 2941 695 3010 'l'beutmire,
751 2950 845 2998 tua
875 2954 902 2984 ιι
955 2950 1265 3014 opportuna
1314 2940 1635 2998 multimoda
1662 2939 1747 2995 in-

143 3036 395 3110 quisitio,
461 3050 572 3091 non
607 3036 959 3103 necessitate,
1028 3036 1124 3091 sed
1159 3035 1302 3106 quod
1333 3041 1419 3091 est
1454 3035 1749 3090 vehemen-

144 3130 283 3195 tius,
313 3126 609 3193 cbaritate,
659 3125 727 3180 ad
759 3125 1055 3181 multorum
1104 3126 1255 3181 exire
1283 3123 1584 3189 publicum,
1635 3121 1748 3177 for-

145 3219 579 3289 midandnmque
605 3215 871 3286 iudicium
898 3234 911 3270 :
952 3216 1171 3271 illorum
1195 3215 1452 3271 videlicet
1479 3215 1622 3279 dico,
1649 3214 1743 3284 qui

1840 540 1929 579 ras
1958 523 2293 580 Hierusalem
2322 526 2376 580 in
2401 524 2633 581 convalle
2656 525 2885 595 Cedron,
2922 538 2971 584 et
3000 532 3282 588 combussit
3304 549 3424 588 eum

1839 615 1929 679 ibi,
1963 626 2012 671 et
2041 617 2234 689 redegit
2272 619 2329 673 in
2354 618 2633 689 pulverem,
2658 628 2705 675 et
2727 621 2947 690 proiecit
2988 640 3145 694 super
3186 625 3430 700 sepulcra

1842 705 2033 777 vulgi?
2089 708 2231 776 Quid
2292 717 2379 766 est
2431 710 2535 767 iste
2599 710 2802 768 lucus?
2866 722 2960 770 aut
3007 731 3130 795 quae
3179 717 3431 788 sepulcra

1841 798 1986 871 vulgi
2007 801 2030 853 ιο
2055 799 2143 855 25.
2178 801 2231 856 6.

1913 892 2002 947 69.
2040 892 2541 969 Destruzitquoque
2587 904 2635 953 et
2677 896 2822 954 idola
2868 898 3122 972 (Vulgata
3154 899 3430 973 radiculas)

1842 987 2263 1058 e/feminatorum
2292 1007 2410 1063 qua:
2451 1000 2600 1046 erant
2626 993 2682 1047 in
2723 992 2878 1048 domo
2913 993 3150 1061 Domini,
3181 1010 3275 1065 pro
3318 995 3433 1066 quis

1845 1084 1939 1139 bus
1967 1080 2212 1136 mulieres
2241 1082 2481 1138 texebant
2510 1085 2663 1155 quasi
2691 1084 3038 1140 domunculas
3059 1083 3185 1140 luci.
3214 1101 3268 1139 v.
3292 1085 3344 1139 7.

1916 1177 2003 1233 70.
2044 1177 2115 1233 Et
2167 1176 2427 1232 destruxit
2456 1194 2581 1233 aras
2606 1187 2883 1250 portarum
2910 1179 2966 1233 in
3014 1178 3235 1233 introitu
3276 1178 3436 1232 hostii

1815 1337 1819 1341 ν
1843 1268 2010 1324 Josia:
2033 1268 2286 1341 principis
2326 1268 2550 1325 civitatis
2579 1284 2752 1339 usque
2779 1270 2907 1325 dum
2932 1269 3064 1326 dicit
3099 1269 3163 1324 de
3189 1269 3437 1324 sacerdo-

1846 1358 1983 1416 tib'us
2038 1359 2365 1417 excelsorum
2398 1361 2734 1417 comedebant
2786 1362 2959 1417 azima
3000 1362 3058 1417 in
3104 1361 3277 1417 medio
3318 1361 3434 1432 fra-

1848 1464 1990 1510 trum
2011 1471 2249 1510 suorum.
2284 1453 2338 1509 5.
2364 1454 2421 1510 8.
2454 1462 2511 1509 et
2533 1455 2588 1512 9.

1919 1546 2007 1601 71.
2053 1530 2195 1601 Tulit
2216 1563 2420 1620 quoque
2446 1549 2710 1621 principes
2752 1549 2957 1606 militia:
2986 1548 3231 1606 Saraiam
3260 1567 3435 1606 sacera

1848 1638 2021 1693 dotem
2056 1638 2306 1710 primum,
2337 1649 2388 1695 et
2413 1637 2735 1711 Sophoniam
2770 1642 3094 1697 sacerdotem
3128 1643 3438 1711 secundum,

1848 1735 1897 1780 et
1924 1735 2029 1781 tres
2044 1726 2306 1797 ianitores
2333 1740 2352 1778 :
2404 1735 2450 1780 et
2473 1726 2539 1781 de
2589 1727 2796 1783 civitate
2825 1730 3122 1785 eunuchum
3158 1745 3341 1784 unum.
3374 1727 3443 1784 Et

1776 1812 1825 1873 B
1852 1825 1977 1889 post
2002 1833 2197 1889 pauca.
2228 1817 2299 1873 Et
2322 1816 2525 1890 Sopher
2561 1820 2848 1892 principem
2897 1824 3176 1890 exercitus,
3205 1825 3295 1895 qui
3320 1838 3443 1893 pro-

1852 1906 2009 1963 babat
2058 1910 2255 1964 tirones
2303 1909 2385 1964 de'
2413 1908 2607 1980 populo
2666 1919 2840 1967 teme.
2877 1912 3110 1985 Propter
3137 1913 3281 1985 quod
3309 1911 3447 1968 dicit

1849 2002 2193 2058 sacerdotem
2230 2002 2489 2075 primum,
2529 2010 2587 2059 et
2630 2005 2980 2063 secundum?
3006 2008 3093 2064 vel
3130 2008 3443 2064 eunuchum

1847 2113 2037 2162 unum,
2100 2106 2155 2153 et
2204 2105 2319 2153 tres
2366 2097 2684 2169 ianitores?
2742 2100 2829 2156 vel
2864 2102 2956 2172 qui
3024 2111 3153 2159 sunt
3188 2102 3444 2160 tirones?

1844 2189 1936 2245 25.
1962 2188 2051 2256 18,
2074 2198 2131 2246 et
2158 2190 2246 2246 l9.

1918 2282 2006 2337 72.
2048 2280 2344 2338 Sublevaoit
2381 2281 2788 2342 Evilmerodaclt
2834 2303 2928 2343 rex
2962 2286 3249 2359 Babylonis
3280 2303 3442 2355 anno,

1853 2389 1955 2444 quo
2000 2390 2222 2444 regnare
2245 2382 2490 2445 mperat,
2530 2385 2686 2447 caput
2718 2375 2978 2433 .Joacltim
3023 2380 3159 2451 regis
3208 2377 3353 2433 Iuda
3380 2378 3446 2434 de

1852 2480 2060 2519 carcere
2079 2505 2094 2532 ,
2142 2473 2192 2520 et
2221 2464 2426 2520 locutus
2464 2474 2542 2520 est
2592 2467 2639 2521 ei
2666 2467 2906 2541 benigne,
2936 2485 3110 2541 usque
3134 2469 3263 2527 dum
3291 2469 3444 2528 dicit.

1854 2556 2108 2613 Omnibus
2148 2557 2329 2613 diebus
2356 2558 2474 2613 vitae
2495 2574 2627 2613 sure.
2658 2558 2757 2616 Ibi.
2788 2575 2842 2616 v.
2879 2560 2969 2617 27.
3000 2570 3107 2619 etc.

1439 2720 1526 2764 ΔΙ)
1568 2718 1742 2765 HUNC
1785 2714 1996 2761 PORBO
2040 2712 2277 2759 MODUM
2318 2712 2694 2758 RESPONDET
2736 2714 3072 2761 CLAUDIUS.

1849 2843 2303 2917 perjndicandum
2345 2859 2454 2915 quo
2491 2844 2722 2916 quisque
2757 2852 3017 2917 tempore
3070 2836 3314 2914 scribat;
3350 2847 3446 2904 sed

1850 2935 1956 2992 hoc
1983 2934 2320 2992 solummodo
2376 2935 2818 3003 discernendum,
2862 2944 3176 2991 utrumnam
3205 2928 3356 3004 vera,
3390 2945 3445 2993 et

1849 3028 2137 3094 catholica,
2192 3042 2261 3082 an
2308 3026 2464 3094 falsa,
2523 3035 2582 3082 et
2605 3028 2865 3084 haeretica
2915 3028 3044 3095 sint,
3078 3044 3200 3100 qua:
3225 3029 3440 3086 scribit.

1848 3120 1919 3176 Et
1941 3120 2069 3191 quia
2091 3128 2148 3175 tu
2170 3134 2311 3191 saepe
2331 3135 2363 3174 a
2385 3135 2474 3175 me
2508 3120 2746 3190 requiris
2794 3120 3091 3176 multarum
3135 3136 3318 3176 rerum
3348 3121 3447 3176 ab-

1849 3210 2195 3276 solutionem,
2223 3209 2568 3279 maximeque
2592 3210 2651 3265 in
2690 3210 3085 3278 Pentateucho,
3118 3219 3282 3282 atque
3305 3211 3444 3269 libro

144 3314 455 3369 secundum
480 3310 698 3378 faciem,
740 3318 932 3367 etnon
967 3308 1178 3379 justum
1203 3316 1476 3364 noverunt
1503 3307 1749 3378 judicare
1774 3297 1820 3360 C
1851 3302 2079 3372 Regum,
2124 3300 2215 3371 qui
2242 3308 2295 3355 et
2327 3300 2686 3371 antiquiores,
2730 3310 2786 3356 et
2830 3302 3181 3359 obscuriores
3234 3303 3448 3359 caeteris

144 3403 450 3477 iudicium;
481 3402 550 3458 ob
570 3402 677 3458 hoc
689 3401 945 3458 videlicet
966 3401 1111 3472 quod
1138 3401 1195 3456 in
1214 3399 1490 3471 opusculis
1516 3399 1744 3468 nostris,

146 3496 208 3551 in
247 3494 587 3566 expositione
619 3493 1001 3560 Pentateuchi,
1052 3501 1215 3564 atque
1261 3492 1386 3547 libri
1432 3492 1664 3564 Regim,
1694 3497 1751 3547 et

146 3597 303 3644 tuam
358 3586 700 3657 petitionem,
757 3593 813 3641 et
838 3600 1017 3641 meam
1066 3583 1444 3655 praefationem
1493 3584 1548 3637 in
1573 3583 1751 3654 capite

149 3693 358 3752 ponere
378 3678 537 3749 iubes
559 3695 574 3745 ;
607 3677 752 3748 quod
772 3676 961 3731 multis
983 3685 1172 3732 nostro
1220 3684 1467 3747 tempore
1488 3690 1751 3746 praesum-

148 3777 409 3843 ptuosum
429 3783 551 3825 esse
568 3769 803 3835 videtur,
834 3776 1000 3839 atque
1021 3768 1334 3824 ridiculum.
1360 3768 1464 3836 Qui
1488 3769 1535 3824 si
1556 3783 1750 3824 verum

151 3877 357 3919 nomen
384 3862 415 3902 ιι
455 3860 791 3933 przefationis
823 3869 1080 3934 nossent,
1114 3876 1221 3916 non
1252 3870 1386 3932 puto
1420 3861 1524 3915 ista
1566 3860 1751 3918 dicere

156 3954 515 4026 potuissent:
549 3954 677 4024 quia
701 3952 950 4026 praefatio
974 3952 1135 4024 primi
1181 3953 1363 4024 operis
1413 3952 1615 4008 locutio
1642 3960 1748 4020 est,

159 4049 229 4101 et
256 4048 278 4077 θ
310 4045 628 4116 ιπιειοριιιὶο
676 4045 964 4113 librorum,
1016 4060 1138 4115 quae
1163 4052 1289 4100 ante
1338 4058 1533 4099 causas
1561 4058 1754 4098 narra-

152 4138 371 4192 tionum
396 4138 464 4192 ad
487 4138 838 4213 instruendas
864 4136 1203 4192 audientium
1256 4151 1416 4192 aures
1442 4144 1749 4208 coaptatur.

147 4230 315 4285 Dicta
342 4238 523 4284 autem
571 4228 844 4300 praefatio,
881 4230 1037 4299 quasi
1061 4229 1398 4300 praalocutio,
1451 4229 1611 4285 idest
1638 4230 1753 4301 pri-

153 4337 252 4379 ma
282 4322 506 4388 locutio,
538 4330 595 4376 et
622 4322 731 4377 alio
752 4322 977 4377 nomine
1001 4321 1281 4393 prologus,
1314 4321 1368 4376 id
1407 4329 1491 4377 est
1522 4336 1755 4391 sequen—

1850 3393 2005 3449 libris
2034 3393 2230 3448 divinae
2280 3392 2417 3464 legis
2444 3400 2591 3460 sunt,
2619 3401 2678 3449 et
2717 3410 2916 3467 magno
2966 3396 3267 3467 interprete
3310 3396 3449 3453 indi-

1849 3492 1996 3559 gent,
2027 3493 2190 3556 atque
2213 3484 2265 3539 in
2291 3484 2389 3552 eis,
2421 3500 2532 3540 non
2559 3501 2628 3541 ex
2667 3501 2791 3542 meo
2822 3486 3080 3559 ingenio,
3108 3488 3205 3543 sed
3229 3503 3297 3544 ex
3328 3487 3450 3544 illu-

1851 3576 2048 3632 strium
2075 3576 2360 3631 doctorum
2389 3575 2616 3647 iudicio,
2648 3591 2826 3648 neque
2848 3594 2916 3634 ex
2947 3580 3171 3650 propria
3222 3580 3448 3637 temeri-

1849 3673 1983 3732 tate,
2017 3664 2110 3720 sed
2161 3679 2229 3719 ex
2256 3664 2486 3720 aliorum
2545 3668 2873 3723 auctoritate
2929 3669 3448 3742 interrogationibus

1851 3759 1979 3825 tuis,
2026 3774 2138 3814 non
2182 3765 2449 3829 quantum
2488 3759 2670 3826 debui,
2712 3761 2809 3815 sed
2854 3771 3116 3830 quantum
3162 3764 3336 3832 potui,
3363 3780 3446 3820 sa-

1851 3848 2049 3916 tisfeci,
2109 3863 2444 3904 conservans
2478 3865 2587 3905 non
2626 3858 2740 3905 tam
2790 3850 2817 3890 ά
2863 3851 3065 3924 eloquii
3115 3854 3446 3910 exsultantis

1854 3941 2140 4006 ambitum,
2176 3955 2341 4010 quam
2371 3941 2694 3996 necessariae
2735 3942 3022 3998 brevitatis
3042 3944 3265 4000 modum
3298 3963 3311 3999 :
3362 3946 3442 4002 sic

1853 4033 1998 4090 enim
2036 4041 2092 4088 et
2112 4033 2419 4089 innumeris
2441 4032 2699 4088 satisfieri
2742 4034 3188 4105 inquisitionibus
3215 4037 3323 4094 tuis
3344 4052 3444 4108 po-

1853 4124 2004 4191 terit,
2031 4131 2088 4178 et
2133 4123 2265 4179 mihi
2295 4124 2519 4195 insuper
2551 4124 2783 4181 liberum
2826 4127 2932 4182 erit
2961 4127 3140 4199 aliqua
3177 4130 3447 4190 extrinse-

1854 4231 1971 4284 cus,
1997 4231 2119 4288 quae
2148 4216 2443 4288 cognitioni
2475 4225 2579 4273 tuae
2606 4218 2762 4274 utilia
2787 4218 3043 4286 arbitror,
3069 4222 3124 4276 in
3149 4221 3270 4278 aliis
3291 4221 3447 4280 libris

1854 4312 2119 4379 inserere,
2146 4312 2194 4367 si
2231 4312 2336 4368 ista
2374 4312 2473 4368 tibi
2497 4321 2718 4384 accepta
2766 4313 3117 4390 iudicaveris.
3167 4316 3323 4372 Scire
3350 4331 3449 4372 au-

157 4414 241 4468 tis
266 4413 445 4483 operis
470 4411 737 4482 praefatio,
764 4420 869 4479 est,
909 4420 967 4468 et
988 4412 1204 4467 initium
1227 4411 1536 4478 locutionis,
1569 4420 1625 4466 et
1660 4427 1755 4468 ca-
1856 4413 1967 4459 tem
2014 4405 2137 4460 V010
2176 4413 2250 4471 ιθ,
2286 4403 2477 4472 frater.
2514 4406 2659 4477 (ξιιοά
2688 4408 2807 4463 haec
2849 4407 3051 4463 Ῑοοιιῑίο
3090 4408 3205 4463 vias
3229 4408 3447 4478 quidem

149 4513 261 4576 put
312 4505 746 4576 compositionis,
808 4504 955 4575 quod
1018 4511 1073 4560 et
1102 4502 1209 4558 alio
1273 4504 1495 4559 nomine
1559 4504 1756 4559 dicitur
1857 4500 2066 4571 aperiat
2096 4500 2470 4593 intelligentiae
2502 4519 2514 4555 :
2545 4517 2656 4558 non
2688 4510 2871 4558 tamen
2911 4501 3224 4575 singillatim
3249 4510 3448 4559 cuncta

151 4597 468 4669 proemium
497 4615 512 4652 :
543 4598 848 4669 proemium
881 4597 1028 4652 enim
1052 4604 1140 4652 est
1169 4596 1387 4651 initium
1418 4597 1667 4665 docendi,
1699 4605 1756 4653 et
1780 4660 1824 4669 _
1858 4610 1977 4665 qum
1998 4594 2197 4664 scripta
2229 4602 2373 4660 sunt,
2406 4594 2639 4650 disserat
2664 4602 2828 4665 atque
2874 4595 3139 4652 absolvat.
3172 4594 3325 4652 Sicut
3353 4611 3449 4667 po—

151 4660 437 4763 principia
486 4660 771 4758 librorum,
809 4706 929 4762 qua:
992 4699 1118 4746 ante
1149 4706 1328 4746 causae
1379 4660 1754 4747 narrationem
1780 4660 1833 4721 D
1858 4660 1954 4751 tui,
1997 4660 2252 4756 respondi
2278 4684 2722 4755 inquisitionibus
2740 4660 2870 4741 iuis.
2905 4684 2965 4741 Si
2999 4685 3129 4757 quid
3159 4685 3225 4741 de
3249 4660 3450 4743 his-re

151 4784 231 4840 ad
252 4784 601 4840 instruendas
628 4784 965 4839 audientium
994 4798 1157 4849 aures
1186 4789 1531 4852 coaptantur.
1588 4781 1755 4852 Cujus

151 4891 365 4933 nomen
414 4876 657 4948 plerique
692 4876 849 4931 latini
901 4876 1061 4947 periti
1115 4876 1193 4931 ita
1242 4885 1560 4947 posuerunt.
1609 4876 1758 4932 Sciat

152 4969 400 5040 quisque
431 4968 518 5023 ille
545 4976 647 5034 est,
680 4976 866 5023 nostro
906 4969 1138 5039 tempori
1183 4967 1489 5033 scientiam,
1521 4983 1631 5024 non
1662 4984 1759 5023 no-

156 5075 297 5119 strae
357 5062 599 5118 scientia:
657 5060 1191 5130 scribendiﬁempus
1247 5061 1483 5117 deesse:
1549 5061 1759 5118 scilicet

158 5167 385 5228 tempus
434 5171 532 5228 per
567 5170 758 5212 omnes
813 5152 1125 5225 Scripturas
1165 5152 1470 5210 disserendi
1515 5169 1661 5220 esse,
1712 5154 1760 5210 si

156 5247 410 5317 Spiritus
439 5246 612 5302 sancti
643 5246 819 5319 gratia
848 5244 1104 5314 cuiquam
1126 5244 1379 5317 dignatur
1399 5245 1591 5301 adesse
1618 5263 1630 5300 :
1657 5259 1758 5302 nec

241 5417 269 5446 ι
306 5404 560 5477 Arbitror
582 5404 870 5477 legendum
907 5401 1235 5474 importuna.

238 5477 269 5517 ιι
311 5475 610 5530 Emendavi
641 5472 1027 5529 'manil‘estum
1079 5473 1427 5532 amanuensis
1473 5490 1752 5532 errorem:

159 5547 519 5618 transcripsit
538 5547 682 5601 enim
707 5544 964 5618 librarius
989 5554 1174 5618 noster
1211 5547 1320 5600 veri
1358 5548 1597 5618 nominis
1622 5563 1759 5618 prae-

158 5615 426 5691 fationisi
452 5616 522 5691 Si
554 5618 677 5691 quis
704 5616 811 5691 legi
840 5615 1013 5691 malit‘
1039 5616 1307 5691 veritatem
1356 5616 1434 5691 [id
1456 5626 1540 5674 est
1571 5615 1757 5691 veram

158 5686 582 5818 egmologiam]
613 5686 840 5743 nominis
870 5686 1223 5757 prwfationis,
1252 5686 1381 5756 etcf,
1410 5704 1510 5761 ego
1531 5690 1758 5748 minime

159 5779 198 5818 ο
269 5770 458 5817 istam.

159 5763 458 5819 obsistam.

242 5845 271 5877 ι
312 5830 625 5892 Prolocutio
674 5830 870 5904 legitur
907 5830 964 5890 in
988 5829 1286 5904 exemplari
1333 5833 1402 5891 ad
1426 5849 1514 5892 me
1540 5834 1711 5893 misso
1740 5852 1757 5896 :

1859 4778 1984 4842 bus,
2024 4777 2167 4832 unde
2212 4792 2299 4833 me
2350 4777 2723 4848 interrogasti,
2775 4777 3029 4832 invenisti
3067 4776 3282 4845 melius,
3332 4779 3447 4835 sive

1860 4870 2105 4925 invenire
2158 4870 2422 4940 potueris,
2489 4870 2859 4942 gratissimum
2891 4868 3229 4937 habebimus,
3277 4870 3323 4925 si
3349 4886 3448 4928 nos

1859 4960 2056 5018 feceris
2085 4976 2266 5018 nosse.
2306 4960 2411 5017 Pro
2439 4976 2545 5032 qua
2589 4976 2648 5015 re
2691 4968 2744 5015 te
2780 4960 3044 5029 deprecor
3073 4974 3174 5031 per
3215 4963 3449 5033 gratiam

1861 5055 1977 5122 Dei,
2002 5071 2123 5127 qua:
2152 5056 2207 5110 in
2236 5064 2310 5124 te,
2338 5063 2399 5111 ut
2437 5055 2623 5120 credo,
2652 5055 2935 5120 exuberat,
2983 5063 3045 5110 ut
3076 5071 3185 5112 non
3214 5072 3442 5129 respuas

1862 5150 2262 5220 deprecantem,
2324 5148 2417 5205 sed
2477 5148 2706 5203 libenter
2760 5148 2977 5216 doceas,
3002 5149 3049 5206 si
3099 5150 3229 5222 quid
3269 5159 3443 5221 potes,

1860 5243 2006 5313 quod
2038 5256 2127 5298 me
2178 5241 2351 5297 fateor
2400 5242 2669 5312 ignorare.
2711 5239 2782 5295 Et
2802 5240 2847 5296 si
2886 5241 3017 5314 quid
3064 5241 3191 5299 hinc
3231 5241 3450 5301 absolu-

1861 5410 2116 5492 snbstitgi
2146 5409 2493 5492 praelocutio,
2528 5416 2590 5492 ut
2619 5406 2935 5464 conveniret
2969 5423 3091 5492 cum
3108 5422 3286 5492 dvoce‘
3298 5422 3447 5492 prte—

1861 5483 2015 5554 fatio.
2050 5478 2338 5548 Caeterum,
2393 5481 2439 5536 si
2464 5479 2587 5550 quis
2638 5494 2834 5554 vocem
2880 5478 3173 5554 prolocutio
3210 5478 3449 5554 retinere

1859 5550 2009 5619 velit,
2042 5554 2275 5609 retineat
2321 5565 2420 5622 per
2442 5567 2530 5607 me
2560 5551 2777 5622 quidem
2801 5550 2967 5618 licet;
2999 5551 3124 5606 novi
3158 5551 3303 5607 enim
3324 5566 3449 5622 pro-

1857 5622 2035 5695 logum
2072 5625 2201 5689 dici,
2234 5637 2340 5695 non
2371 5622 2683 5695 praalogum.

1928 5689 1956 5733 ἀ
1993 5694 2052 5767 ln
2082 5689 2388 5764 exemplari
2435 5689 2665 5751 habétur
2691 5704 2940 5767 tanquam
2972 5712 2986 5747 :
3019 5695 3113 5767 sed
3140 5689 3441 5767 legendum

1857 5765 2077 5821 omnino
2103 5773 2187 5838 est
2213 5774 2341 5838 tam,
2383 5773 2443 5838 u_t
2471 5765 2805 5838 respondeat
2833 5766 3109 5838 particulae
3131 5765 3317 5838 [quam
3338 5776 3442 5838 _ne-

1860 5839 2103 5895 cessarit:
2133 5835 2447 5912 brevitatis].
2468 5836 2525 5895 ld
2552 5831 2665 5910 iam
2690 5831 3013 5910 praenbtavit
3036 5836 3090 5892 P.
3127 5831 3440 5892 zacharias.
