3940 6340
98 343 240 401 637

1059 340 1520 411 QUIESTIONES
1559 342 1711 400 XXX
1753 339 1980 402 SUPER
2022 342 2269 403 LIBROS
2306 343 2569 403 REGUM.

3317 348 3420 406 638

98 461 339 516 dimur
364 501 378 525 ,
431 455 740 522 Maiachim,
791 456 845 511 id
870 464 955 511 est
1007 454 1205 528 Regum
1250 458 1537 526 vocitatur,
1567 457 1659 530 qui
1683 457 1739 514 in
1766 460 1820 524 Α
1843 461 2039 531 nena);
2069 460 2270 517 sterilis
2298 477 2426 517 vero
2446 468 2563 517 erat
2588 477 2739 534 prior
2782 461 2900 528 illa,
2956 477 3077 535 quae
3110 472 3164 519 et
3191 464 3421 523 nobilior

99 554 316 609 tertio
371 562 427 608 et
468 559 662 625 quarto
688 548 963 606 volumine
1016 551 1325 606 continetur
1376 566 1392 609 :
1438 552 1741 624 meliusque

100 643 324 701 nullto
351 653 438 699 est
465 641 776 710 Malachim,
818 640 871 696 id
901 652 984 698 est
1012 641 1233 714 Regum,
1261 659 1421 717 quam
1449 643 1738 714 Malachot,

100 734 177 790 id
219 742 329 790 est
348 732 653 805 Regnorum
685 734 887 789 dicere.
938 733 1056 789 Non
1091 735 1236 789 enim
1275 734 1565 793 multarum
1611 752 1741 809 gen-

104 826 283 882 tium
321 842 492 895 regna
542 824 821 895 describit,
862 827 957 882 sed
984 827 1145 882 unius
1193 827 1477 884 lsraelitici
1532 829 1736 903 populi,

107 918 228 990 qui
284 917 545 972 tribubus
583 915 868 975 duodecim
898 918 1210 973 continetur
1262 935 1274 970 :
1330 917 1448 993 plus
1476 927 1656 975 tamen
1684 920 1739 973 in

110 1019 371 1064 terrena
401 1008 734 1065 Hierusalem
764 1008 937 1064 tribus
961 1008 1126 1075 Juda,
1165 1024 1271 1063 una
1314 1023 1380 1064 ex
1433 1009 1736 1076 duodecim,

109 1102 409 1157 diuturna
436 1101 780 1158 successione
802 1103 1066 1174 regnavit.
1094 1102 1153 1157 In
1168 1117 1274 1173 qua
1294 1102 1512 1158 civitate
1534 1103 1741 1175 (repro-

109 1194 302 1248 brato
355 1190 577 1264 Saule),
638 1192 791 1264 prior
840 1192 1011 1248 David
1062 1193 1326 1265 regnavit.
1377 1208 1397 1244 (
1428 1192 1487 1248 In
1540 1194 1738 1264 quibus

112 1285 485 1356 temporibus
516 1295 541 1325 α
573 1284 773 1352 multa,
822 1293 877 1341 et
906 1288 1057 1341 varia
1102 1296 1441 1342 sacramenta
1494 1287 1734 1356 Christi,

112 1384 179 1429 et
214 1374 492 1432 Ecclesiae
514 1376 544 1417 ιι
573 1376 892 1449 ﬁgurantur.
919 1376 1053 1433 Nam
1080 1390 1101 1417 ε
1119 1380 1173 1433 in
1195 1380 1311 1450 ipso
1331 1380 1483 1434 initio
1504 1379 1734 1452 Regum,

112 1475 544 1521 commutatum
602 1466 969 1523 sacerdotium
1018 1468 1074 1522 in
1126 1466 1387 1534 Samuel,
1445 1470 1737 1538 reprobate

114 1552 257 1612 Heli
303 1577 319 1614 :
354 1568 411 1614 et
435 1566 827 1614 commutatum
858 1576 1083 1632 regnum
1125 1560 1178 1615 in
1229 1558 1420 1626 David,
1448 1562 1736 1631 reprobato

119 1649 316 1706 Saule
337 1692 352 1717 ,
393 1650 693 1717 exclamat,
723 1650 1075 1723 pramuntiari
1109 1665 1310 1706 novum
1354 1652 1732 1718 sacerdotium,

119 1758 461 1813 novumque
500 1759 726 1814 regnum
764 1743 1077 1819 (reprobato
1105 1752 1325 1812 vetere,
1371 1745 1515 1815 quod
1544 1746 1735 1799 umbra

1845 556 1980 603 erat.
2014 549 2221 606 Similia
2251 552 2493 618 invenies
2518 553 2682 609 etiam
2714 554 2769 610 in
2793 553 2990 611 Genesi
3018 573 3032 612 :
3065 566 3294 629 cognata
3318 558 3418 615 sibi

1843 648 1927 695 est
1971 642 2169 717 quippe
2207 642 2486 716 Scriptura
2536 646 2731 703 divina.
2773 647 3019 703 Invenies
3066 649 3138 705 ibi
3188 651 3419 721 primam

1841 748 2066 788 uxorem
2095 734 2324 792 Abralue
2346 736 2535 792 Saram
2560 739 2881 795 nobiliorem
2919 758 2931 795 :
2961 737 3264 798 Secundam
3291 757 3420 799 vero

1842 824 2152 903 Egyptiam
2167 828 2314 901 Agar
2335 831 2624 903 ignobilem
2650 832 2816 889 fuisse
2841 848 2854 888 :
2879 840 2934 889 et
2960 843 3086 890 ante
3111 842 3319 907 patrem
3340 834 3421 892 ef-

1840 917 2041 974 fectum
2070 922 2346 979 Abraham
2375 924 2442 979 de
2467 925 2707 998 ignobili,
2758 942 2922 997 quam
2953 927 3019 983 de
3065 927 3233 983 nobili
3264 925 3415 1001 (Gen.

1841 1012 2148 1079 16.1.,17.
2186 1013 2296 1080 19.,
2330 1015 2417 1071 18.
2467 1014 2578 1082 10.,
2629 1016 2716 1071 21.
2765 1017 2816 1071 1.
2862 1016 3013 1089 etc.).
3064 1016 3189 1073 Fuit
3237 1025 3419 1074 tamen

1838 1105 2178 1174 postmodum
2206 1104 2371 1160 etiam
2402 1105 2467 1161 de
2512 1102 2676 1162 nobili
2702 1106 2927 1179 conjuge
2954 1117 3126 1183 pater.
3175 1110 3255 1166 Ita
3286 1126 3418 1184 ergo

1839 1196 2002 1249 etiam
2042 1211 2183 1251 nunc
2213 1196 2449 1251 llelcana
2479 1198 2589 1261 hic,
2615 1199 2706 1268 qui
2731 1206 2815 1254 est
2850 1202 3107 1270 possessio
3122 1201 3243 1268 Dei,
3265 1203 3419 1273 prius

1840 1278 1907 1340 de
1938 1286 2173 1342 secunda
2223 1302 2393 1342 uxore
2427 1287 2656 1344 eﬁicitur
2684 1298 2860 1360 pater,
2891 1307 3051 1362 quam
3104 1292 3172 1348 de
3216 1294 3416 1364 prima,

1839 1376 2092 1446 quoniam
2125 1378 2632 1436 concluscratDeus
2676 1380 2892 1436 vulvam
2918 1382 3117 1451 Annae,
3170 1384 3309 1440 sicut
3362 1391 3420 1440 et

1837 1469 1988 1541 prius
2016 1470 2355 1527 concluserat
2376 1472 2589 1528 vulvam
2633 1471 2800 1529 Saraa.
2832 1475 2962 1532 Post
2989 1476 3249 1549 plurimos
3288 1492 3418 1535 vero

1836 1567 2025 1630 partus
2052 1560 2375 1633 Phennenze,
2410 1563 2576 1618 etiam
2600 1564 2769 1619 Anna:
2787 1566 2949 1622 vulva
2973 1568 3330 1637 orationibus,
3363 1577 3417 1625 et

1838 1651 2090 1721 precibus
2115 1653 2374 1722 aperitur,
2402 1660 2453 1708 et
2479 1651 2710 1709 eﬁicitur
2734 1657 2899 1712 etiam
2950 1657 3066 1731 ipsa
3092 1668 3267 1716 mater
3318 1660 3416 1716 ﬁlii

1837 1738 2153 1810 ejus,quem
2175 1741 2369 1797 obtulit
2389 1742 2518 1798 Deo.
2550 1742 2621 1815 (Ι.
2647 1742 2776 1815 Reg.
2802 1746 2852 1800 l.
2883 1746 2968 1801 11.
2996 1747 3087 1803 24.
3120 1751 3253 1823 etc.)
3278 1750 3419 1820 Quid

120 1840 260 1888 erat
300 1831 496 1905 futuri)
548 1836 604 1888 in
659 1834 889 1889 Domino
918 1832 1045 1888 Jesn
1096 1832 1313 1889 Christo
1365 1843 1652 1891 venturum
1682 1834 1731 1889 ἀ.
1761 1820 1811 1882 Β
1838 1848 1967 1906 ergo
1996 1833 2112 1889 hinc
2156 1834 2211 1889 in
2268 1850 2329 1890 se
2381 1838 2710 1891 sacramenti
2762 1840 3074 1896 contineant
3113 1820 3412 1900 videamus.

123 1923 334 1981 Nonne
362 1926 480 1996 ipse
508 1925 698 1993 David,
735 1940 859 1981 cum
896 1940 1066 1996 panes
1097 1925 1482 1997 propositionis
1506 1926 1735 1982 mandu-

125 2018 309 2084 cavit,
354 2033 491 2090 quos
518 2033 624 2072 non
655 2016 854 2073 licebat
893 2018 1222 2074 manducare
1248 2018 1352 2073 nisi
1390 2017 1519 2072 solis
1555 2033 1737 2073 sacer-

126 2107 364 2164 dotibus
393 2110 447 2163 in
474 2123 617 2175 una,
645 2108 940 2179 eademque
969 2124 1200 2180 persona
1249 2117 1553 2179 utrumque
1586 2109 1733 2163 iutu-

128 2216 286 2267 rum,
321 2200 379 2255 id
405 2206 491 2255 est
520 2199 577 2256 in
607 2215 717 2255 uno
746 2200 966 2255 domino
990 2199 1117 2255 Jesu
1144 2199 1364 2256 Christo
1405 2214 1654 2271 regnum,
1678 2209 1735 2255 et

128 2293 507 2349 sacerdotium
548 2292 851 2365 ﬁgurabat?
889 2293 956 2348 Et
1001 2294 1183 2364 aspice
1221 2293 1421 2365 Regum
1462 2302 1728 2364 tempora,

130 2385 271 2455 quia
293 2385 477 2456 primo
502 2383 777 2452 Judicum,
826 2393 1015 2456 postea
1059 2385 1260 2457 Regum
1289 2399 1307 2437 :
1353 2387 1433 2441 sic
1458 2386 1562 2441 erit
1599 2385 1732 2440 ἰιάί-

131 2476 309 2543 cium,
341 2484 528 2546 postea
556 2493 793 2548 regnum.

217 2587 238 2619 ‹
279 2566 415 2623 Fuit
445 2569 527 2624 vir
550 2586 691 2624 unus
723 2570 789 2624 de
817 2569 1084 2624 Ramatﬁa
1120 2571 1177 2624 in
1222 2567 1437 2641 Sophim
1464 2570 1530 2625 de
1555 2579 1730 2626 monte

137 2658 426 2731 Ephraint,
456 2669 508 2716 et
532 2676 720 2716 nomen
752 2662 868 2732 ejus
912 2660 1186 2729 Heleana,
1219 2661 1361 2732 ﬁlius
1385 2661 1724 2729 Hieroboam,

137 2753 245 2823 ﬁlii
289 2752 450 2809 Helia
476 2795 493 2821 ,
539 2752 639 2824 ﬁlii
670 2753 818 2822 Tim,
847 2754 950 2825 [itii
994 2752 1162 2826 Suph,
1215 2753 1557 2825 Ephratteua.
1598 2754 1730 2809 Hel-

138 2864 280 2901 cana
320 2862 430 2903 non
475 2847 543 2903 de
591 2848 741 2903 Aran
794 2846 873 2921 (id
924 2857 1007 2904 est
1053 2847 1297 2922 Amram)
1326 2857 1507 2916 ortus,
1543 2846 1637 2904 sed
1662 2850 1729 2904 de

140 2939 295 2995 tsaar
321 2978 337 3007 ,
375 2942 469 3012 qui
514 2949 568 2997 et
622 2943 738 3013 ipse
765 2942 907 2998 ﬁlius
930 2940 1031 2997 fuit
1057 2942 1258 3009 Caatb,
1307 2950 1363 2998 et
1388 2942 1560 3001 Caatb
1587 2944 1728 3000 ﬁlius

139 3031 296 3089 Levi.
320 3028 517 3104 (Exod.
550 3034 606 3092 ϐ.
640 3034 726 3091 18.
757 3035 843 3090 19.
866 3034 996 3106 etc.)

223 3143 245 3178 ι
277 3125 380 3183 llic
400 3127 551 3182 lsaar
573 3136 730 3199 pater
757 3128 860 3185 fuit
884 3128 1061 3186 Chore
1085 3139 1110 3169 ο
1126 3168 1143 3195 ,
1186 3143 1296 3200 quo
1320 3136 1582 3200 pereunte
1627 3129 1727 3185 ﬁlii

141 3216 270 3286 ejus
293 3227 688 3274 remanserunt.
724 3219 912 3291 (Num.
944 3220 1033 3275 26.
1064 3219 1151 3274 10.
1180 3220 1266 3274 11.
1307 3219 1441 3292 etc.)
1471 3220 1549 3276 De
1570 3219 1726 3290 cujus

142 3309 324 3379 stirpe
364 3307 384 3349 ί
413 3309 513 3366 fuit
534 3310 770 3377 Samuel,
803 3327 1033 3381 quorum
1054 3312 1347 3381 posteritas
1368 3320 1558 3384 postea
1585 3320 1727 3367 tem-

146 3399 372 3471 poribus
398 3400 614 3459 Davidis
639 3411 697 3458 et
719 3401 991 3469 Salomon,
1025 3411 1351 3471 cantatores,
1376 3412 1435 3459 et
1454 3404 1728 3475 prophetae

147 3493 205 3547 in
232 3494 460 3564 populo,
497 3503 552 3550 et
589 3496 645 3550 in
692 3495 893 3567 templo
933 3497 1028 3552 Dei
1058 3496 1295 3553 fuerunt.
1336 3496 1411 3569 (I.
1447 3496 1635 3553 Paral.
1670 3497 1720 3552 6.

146 3583 238 3639 98.
266 3583 352 3639 5‘3.
380 3585 471 3641 55.
517 3585 650 3660 etc.)
706 3587 878 3658 Hujus
925 3587 1097 3643 Caath
1150 3588 1368 3644 familiae
1399 3597 1729 3659 acceperunt

150 3675 312 3731 nrbes
328 3716 343 3740 ,
375 3684 431 3731 et
453 3676 764 3733 suburbana
788 3679 856 3733 ad
882 3678 1294 3734 inhabitandam
1335 3677 1417 3751 (ut
1443 3679 1584 3735 liber
1598 3678 1726 3734 Jesu

150 3766 298 3823 Nave
322 3769 591 3841 testatur)
634 3771 688 3825 in
742 3779 926 3827 monte
962 3773 1221 3842 Ephraim
1265 3772 1403 3845 (Jos.
1435 3774 1527 3829 20.
1573 3773 1624 3828 7.
1670 3779 1726 3829 et

149 3865 242 3920 ii.
264 3866 352 3921 21.
375 3866 467 3923 23.
495 3869 627 3941 etc.)
650 3911 665 3933 ,
707 3871 799 3925 ubi
830 3870 1049 3927 fuerunt
1076 3872 1324 3928 civitates
1362 3871 1581 3929 Sichem
1607 3913 1622 3939 ,
1668 3881 1724 3929 et

150 3959 347 4027 Gazer,
378 3970 432 4017 et
459 3962 767 4032 Cethsaim,
792 3973 847 4020 et
866 3965 1158 4021 Betheron.
1202 3969 1213 3975 “

230 4071 248 4102 ι
275 4052 399 4109 Fuit
443 4055 679 4112 Helcana
718 4057 861 4112 ﬁlius
890 4059 1215 4115 Hieroboam
1234 4101 1248 4126 ,
1296 4059 1391 4114 ﬁlii
1420 4059 1597 4127 Heliu,
1628 4060 1724 4115 ﬁlii

154 4141 298 4207 Tau,
332 4142 425 4198 ﬁlii
446 4143 597 4216 Suph
619 4186 634 4212 ,
668 4146 765 4201 ﬁlii
792 4146 1030 4205 Helcana
1057 4191 1072 4217 ,
1103 4150 1199 4205 ﬁlii
1227 4150 1382 4206 Johel
1402 4193 1417 4218 ,
1452 4152 1547 4206 ﬁlii
1580 4152 1721 4207 Aza-

152 4233 274 4298 ria,
305 4232 397 4290 ﬁlii
420 4237 729 4308 Sephtmiaa,
755 4239 847 4295 ﬁlii
881 4239 1052 4296 Taath
1072 4283 1086 4308 ,
1126 4241 1221 4298 ﬁlii
1246 4242 1392 4312 hit,
1438 4243 1536 4299 11111
1563 4243 1724 4300 Abia-

151 4326 309 4396 sapb,
334 4327 426 4383 ﬁlii
447 4329 644 4398 Chorc,
675 4332 769 4387 ﬁlii
792 4332 955 4400 lsaar,
988 4333 1083 4390 ﬁlii
1110 4335 1301 4402 Caath,
1328 4334 1423 4391 ﬁlii
1450 4336 1598 4402 Levi,
1629 4337 1724 4391 ﬁlii

150 4417 334 4483 Israel,
358 4427 420 4473 ut
448 4423 612 4481 verba
636 4420 845 4478 dierum
883 4433 1126 4480 narrant.
1161 4426 1286 4480 ΒκΕι
1319 4425 1503 4481 habuit
1532 4442 1723 4483 uxores

151 4512 307 4580 dust,
338 4528 524 4571 nomn
546 4516 640 4570 uni
659 4516 833 4584 Anna,
859 4527 909 4575 et
936 4534 1126 4573 nomen
1144 4519 1388 4574 secunda:
1412 4518 1719 4575 Phemtena.

152 4603 495 4677 Factumque
518 4604 819 4664 Picenum
845 4610 946 4679 ﬁlii
965 4650 980 4677 ,
1019 4611 1185 4666 Amm
1230 4618 1405 4667 autem
1429 4628 1536 4666 non
1573 4624 1723 4669 erant

155 4696 305 4752 liberi
327 4711 346 4750 :
377 4706 433 4753 et
455 4707 673 4756 caetera.
688 4700 794 4756 Iste
817 4716 946 4774 ergo
970 4702 1254 4759 laudabilis
1275 4702 1362 4759 vir
1383 4702 1569 4758 habuit
1590 4704 1726 4761 duas

152 4805 381 4857 uxores,
440 4808 635 4848 nomen
692 4794 783 4848 uni
843 4794 1037 4861 Anna,
1104 4803 1160 4850 et
1222 4810 1418 4851 nomen
1475 4798 1724 4853 secundae

155 4883 456 4943 Pluinnam.
498 4886 744 4945 Habebat
781 4898 964 4944 autem
988 4887 1129 4945 ﬁlios
1157 4889 1224 4946 de
1251 4889 1488 4947 secunda
1520 4888 1722 4962 (Phen-

231 5049 256 5079 ι
291 5036 490 5162 anuis,
524 5046 581 5095 et
598 5039 767 5099 variis
791 5012 988 5101 modi.s.
1020 5038 1163 5103 Ibid.

230 5108 260 5148 δ
349 5108 646 5165 evelantur.

232 5188 254 5250 ξ
300 5177 382 5250 Ab
406 5181 523 5250 ipso
548 5182 774 5239 exordio

226 5248 253 5289 ει
284 5248 532 5306 Christus
558 5267 700 5320 sape
726 5250 1042 5321 praedicitur
1081 5257 1272 5306 auctor
1299 5248 1468 5305 futuri
1507 5248 1721 5314 saeculi;

159 5324 213 5378 id
243 5330 322 5392 est
359 5331 552 5377 auctor
579 5323 701 5377 novi
743 5321 911 5392 regni,
938 5322 1079 5392 quod
1099 5322 1197 5392 ihic
1217 5321 1410 5376 merito
1439 5328 1725 5374 venturum

159 5390 383 5464 dicitur,
413 5400 725 5464 comparate
753 5390 957 5464 scilicet
987 5391 1055 5445 ad
1089 5391 1330 5464 Judtcos,
1374 5405 1614 5464 quorum
1640 5406 1725 5443 re-

159 5478 318 5536 gnum
334 5461 447 5536 jam
468 5461 667 5536 dudum
687 5463 979 5536 desolatam
999 5473 1074 5517 est
1100 5473 1144 5516 et
1167 5463 1466 5534 protritum.
1485 5461 1719 5516 Euchcr.

161 5532 357 5605 uenturi
383 5534 612 5605 [Christi
650 5532 900 5605 scilicet].

163 5676 205 5732 Ε
237 5616 258 5651 ν
296 5600 1005 5730 Ιὲϋῖὲἶιιοφίιιωωλίωθ
1048 5612 1105 5660 et
1124 5603 1363 5675 Nepheg,
1423 5610 1479 5658 et
1507 5600 1722 5659 Zecbri.

212 5691 291 5730 xo.
353 5716 365 5728 .
470 5716 483 5728 .

212 5691 291 5730 xo.
316 5678 365 5729 6.
394 5678 483 5730 21.

239 5748 255 5815 1
278 5746 459 5817 Cujus.
480 5754 576 5803 aut
594 5748 638 5802 si
664 5747 746 5817 vis
764 5748 912 5802 illius
931 5745 1008 5817 [id
1029 5757 1111 5802 est
1134 5747 1233 5803 Hel
1254 5762 1407 5817 cana:
1422 5745 1506 5800 vel
1528 5745 1719 5817 lsaar].

237 5819 261 5857 κ
293 5816 464 5871 Parai.
495 5818 544 5871 i.
571 5816 622 5871 6.
644 5816 749 5873 Sed
768 5834 891 5875 cum
913 5816 1092 5889 aliquo
1119 5819 1173 5875 in
1189 5816 1497 5877 nominibus
1519 5832 1648 5874 esse

1833 1924 2126 1981 Phennena
2152 1926 2543 1997 interpretatur
2569 1930 2833 1985 conversio
2876 1945 2896 1984 .'
2942 1931 3099 1989 Anna
3127 1942 3307 1990 autem
3334 1936 3417 1990 in-

1836 2014 2165 2083 terpretatur
2210 2018 2402 2087 gratia.
2464 2015 2618 2074 Unde
2672 2019 2901 2090 quisque
2941 2021 2969 2062 ιι
3027 2032 3294 2090 nostrum,
3323 2026 3416 2095 qui

1832 2106 1948 2162 vult
1967 2106 2104 2163 eﬁici
2127 2111 2385 2180 possessio
2408 2110 2523 2177 Dei,
2548 2110 2681 2167 istas
2701 2112 2803 2167 sibi
2826 2113 2960 2170 duas
2972 2114 3164 2187 jungat
3182 2132 3410 2175 uxores:

1832 2198 1928 2254 sed
1955 2215 2075 2254 cum
2128 2200 2262 2270 ipsis
2308 2202 2411 2257 sibi
2465 2204 2684 2274 nuptias
2715 2203 2988 2272 celebrat,
3027 2208 3264 2278 primum
3312 2210 3418 2268 sibi

1825 2290 2018 2362 jungat
2053 2307 2173 2362 qua:
2210 2294 2447 2350 nobilior
2481 2304 2562 2351 est
2584 2337 2598 2362 ,
2649 2305 2707 2351 et
2758 2298 3073 2369 generosior
3096 2340 3112 2367 ,
3163 2304 3411 2371 gratiam.

1830 2380 1957 2440 Haec
1980 2387 2124 2439 enim
2154 2385 2309 2441 nobis
2329 2402 2431 2457 per
2461 2388 2621 2443 ﬁdem
2650 2390 2823 2459 prima
2861 2390 3208 2464 conjungitur
3231 2434 3245 2460 ,
3278 2395 3417 2450 sicut

1828 2482 1886 2531 et
1909 2474 2200 2546 Apostolus
2229 2477 2388 2534 dicit:
2422 2480 2438 2519 ί
2465 2476 2651 2534 Gratia
2671 2480 2807 2536 solvi
2830 2482 2960 2552 facti
2981 2485 3104 2538 estis
3124 2501 3218 2556 per
3234 2486 3411 2554 ﬁdem.

1831 2565 2093 2624 Secunda
2113 2584 2243 2625 vero
2274 2568 2653 2642 conjungimur
2686 2571 3055 2646 (Phennena),
3096 2575 3151 2630 id
3174 2582 3257 2631 est
3286 2593 3412 2631 con-

1830 2662 2057 2717 versioni
2071 2703 2086 2730 ,
2112 2663 2240 2734 quia
2265 2677 2364 2733 per
2385 2663 2617 2736 gratiam
2640 2664 2982 2721 credulitatis
3011 2660 3321 2722 emendatio
3354 2668 3416 2722 ﬁt

1829 2765 2041 2824 morum
2068 2795 2084 2821 ,
2123 2762 2177 2808 et
2201 2755 2326 2810 vita:
2349 2756 2653 2810 conversio.
2704 2754 2810 2811 Sed
2841 2770 2963 2810 cum
3018 2756 3120 2811 iste
3164 2757 3236 2812 sit
3279 2758 3416 2813 ordo

1828 2844 2160 2914 nuptiarum,
2184 2845 2324 2899 alius
2351 2846 2486 2900 crdo
2527 2845 2927 2915 procreationis
2954 2845 3205 2901 edicitur.
3230 2846 3413 2902 Prima

1828 2949 2065 3006 namque
2106 2936 2263 2992 nobis
2287 2935 2428 2991 ﬁlios
2465 2936 2611 3008 parit
2638 2936 2929 2991 Phennena
2955 2977 2970 3003 ,
3036 2937 3162 3007 quia
3206 2938 3413 3009 primos

1826 3026 2043 3082 fructus
2068 3028 2134 3083 de
2169 3028 2523 3084 conversione
2547 3026 2894 3098 proferimus,
2922 3036 2978 3083 et
3001 3029 3174 3099 prima
3192 3029 3416 3100 justitiae

1829 3119 2075 3189 germina
2111 3120 2178 3175 de
2218 3119 2458 3186 actibus,
2486 3126 2541 3174 et
2574 3120 2830 3190 operibus
2858 3134 3210 3189 procreamus
3244 3138 3257 3173 :
3300 3121 3413 3190 pri-

1831 3226 1981 3266 mum
2009 3226 2245 3281 namque
2265 3210 2493 3280 justitiae
2515 3226 2652 3281 opus
2677 3219 2782 3277 est,
2810 3212 3055 3267 converti
3073 3225 3105 3264 a
3128 3212 3368 3282 peccatis
3393 3230 3408 3267 :

1830 3303 1960 3375 quia
1984 3304 2088 3360 nisi
2113 3312 2240 3358 ante
2265 3311 2683 3371 convertamur,
2716 3311 2773 3359 et
2797 3303 3129 3360 declinemus
3168 3318 3200 3358 ει
3242 3305 3407 3371 malo,

1827 3411 1936 3453 non
1960 3396 2259 3467 poterimus
2292 3396 2360 3451 de
2390 3396 2547 3452 Anna
2587 3393 2725 3452 eﬁlci
2744 3403 2961 3465 patres,
3004 3406 3107 3452 nec
3141 3392 3211 3451 de
3236 3397 3409 3468 gratia

1828 3489 1973 3545 ﬁlios
2014 3503 2297 3559 generare.

1907 3600 1926 3634 σ
1962 3582 2252 3639 Videamus
2278 3597 2409 3656 ergo
2431 3584 2857 3656 uniuscujusque
2890 3584 3243 3643 diﬁ'erentias.
3271 3585 3409 3642 Fen-

1826 3686 1971 3731 nena
2011 3676 2150 3731 ﬁlios
2182 3678 2363 3741 habet,
2395 3677 2489 3733 sed
2512 3678 2605 3748 qui
2634 3692 2740 3733 non
2770 3679 3031 3734 assistunt
3052 3680 3165 3736 Deo
3194 3699 3207 3735 :
3232 3694 3411 3749 neque

1824 3769 1973 3824 enim
2002 3768 2138 3824 tales
2163 3768 2256 3823 ﬁlii
2284 3778 2510 3839 possunt
2548 3784 2671 3826 esse
2698 3771 3068 3827 conversionis
3091 3812 3107 3839 ,
3160 3780 3221 3827 ut
3265 3772 3411 3827 adsi-

1826 3868 1994 3927 stant,
2019 3869 2073 3915 et
2094 3862 2408 3916 adhaereant
2443 3861 2570 3925 Deo,
2608 3874 2709 3917 nec
2737 3870 2920 3917 tamen
2944 3864 3134 3918 inanes
3160 3872 3215 3917 et
3257 3864 3410 3933 peni-

1827 3959 1915 4006 tus
1951 3950 2114 4005 alieni
2145 3959 2270 4005 sunt
2293 3967 2323 4005 a
2352 3952 2514 4006 rebus
2543 3952 2659 4007 Dei.
2711 3952 3001 4024 Accipiunt
3028 3968 3261 4024 namque
3283 3968 3409 4025 par-

1825 4055 1909 4101 tes
1938 4045 2006 4101 de
2028 4045 2311 4100 sacriﬁciis
2338 4046 2565 4113 divinis,
2623 4056 2677 4102 et
2720 4049 2887 4105 edunt
2934 4049 3001 4104 de
3050 4051 3242 4106 hostiis
3285 4051 3404 4107 Dei.

1828 4139 2211 4210 Unusquisque
2238 4154 2366 4211 ergo
2396 4148 2641 4195 nostrum
2661 4141 2839 4212 primo
2861 4143 3199 4198 convertitur
3223 4159 3253 4198 a
3275 4159 3403 4214 pec-

1824 4240 1969 4299 cato,
2002 4239 2064 4286 ut
2089 4247 2157 4287 ex
2185 4235 2538 4288 conversione
2574 4244 2795 4306 generet
2820 4250 2982 4306 opera
3025 4234 3271 4306 justitite,
3304 4251 3404 4307 po-

1826 4336 1953 4383 stea.
1967 4343 2099 4383 vero
2112 4330 2346 4383 excitata
2372 4329 2427 4384 in
2457 4330 2612 4385 nobis
2635 4330 2790 4386 Anna
2816 4347 2916 4401 per
2938 4332 3133 4398 zelum,
3161 4338 3215 4387 et
3240 4348 3405 4388 temu-

1826 4419 2088 4473 lationem
2129 4420 2257 4474 boni
2280 4456 2296 4486 ,
2334 4434 2553 4490 precem
2587 4418 2765 4477 fundit
2785 4423 2853 4477 ad
2881 4423 3081 4491 Deum,
3114 4430 3250 4479 utet
3289 4424 3406 4493 ipsa

1830 4511 1970 4567 ﬁlios
1997 4520 2237 4583 generet.
2274 4512 2473 4581 Quales
2497 4529 2626 4586 ergo
2663 4514 2819 4570 Anna
2855 4530 2975 4587 quae
3000 4524 3084 4571 est
3118 4517 3309 4588 gratia,
3343 4515 3406 4569 ﬁ~

1829 4603 1932 4659 lios
1955 4606 2214 4675 generat?
2236 4603 2337 4672 Qui
2370 4605 2644 4663 assideant
2662 4606 2793 4662 Deo.
2820 4605 3005 4662 Gratia
3035 4608 3199 4671 enim,
3225 4613 3279 4660 et
3307 4620 3404 4661 ve-

1830 4698 1965 4752 ritas
1989 4713 2086 4766 per
2104 4697 2290 4753 Jesum
2312 4696 2589 4753 Christum
2639 4696 2783 4754 facta
2807 4708 2911 4765 est,
2966 4700 3055 4753 hic
3103 4712 3234 4769 ergo
3263 4697 3405 4753 ﬁlius
3431 4719 3465 4753 ο

1829 4797 1913 4844 est
1940 4789 2159 4861 gratiae,
2209 4790 2302 4860 qui
2347 4788 2460 4844 Deo
2483 4797 2670 4853 vacat,
2700 4798 2753 4844 et
2772 4788 2937 4844 verbo
2964 4788 3080 4843 Dei.
3132 4787 3263 4843 Post
3290 4789 3404 4844 haec

1827 4880 2006 4936 oravit
2037 4880 2225 4947 Anna,
2276 4886 2334 4936 et
2363 4881 2439 4936 ait
2471 4878 2488 4931 i
2529 4898 2543 4934 :
2571 4880 2953 4951 Conﬁmatsm
3006 4890 3080 4937 est
3114 4897 3207 4937 cor
3232 4897 3402 4937 meum

1823 5036 2017 5099 hendis
2041 5036 2379 5093 discrimine.

1894 5109 1920 5148 ιι
1962 5109 2021 5163 in
2046 5108 2349 5179 exemplari
2367 5109 2511 5179 unde
2531 5106 2748 5179 quisque
2780 5122 2902 5177 ergo
2920 5124 2945 5179 ,‘7
2968 5117 3061 5164 aut
3086 5109 3246 5175 unde,
3306 5116 3400 5165 aut

1825 5194 1946 5248 ergo
1998 5178 2282 5234 redundat.
2324 5176 2686 5248 Ademii'ergo
2740 5190 2758 5228 :
2804 5176 2860 5232 tu
2906 5178 2950 5233 si
2982 5181 3065 5235 vis
3114 5181 3268 5234 deme
3307 5196 3401 5234 vo-

1825 5247 1944 5304 cem
1998 5249 2132 5304 unde
2184 5249 2391 5318 pariter
2447 5247 2858 5305 redundantem.
2905 5249 3208 5307 Eucherius
3269 5251 3398 5321 legit

1826 5336 2122 5514 :gizﬂom.
2171 5388 2226 5443 5.
2279 5389 2331 5443 1.
2385 5388 2505 5443 Gal.
2556 5389 2612 5443 2.
2645 5388 2732 5444 16.
2790 5389 2860 5446 Et
2918 5392 3228 5464 expressius
3257 5390 3395 5462 Eph.

1869 5460 2085 5597 .iséap.
2119 5528 2172 5580 2.
2221 5544 2272 5580 v.
2307 5529 2359 5583 1.
2391 5528 2497 5584 Sed
2527 5545 2648 5586 cum
2699 5532 2867 5588 multo
2902 5535 3218 5591 discrimine
3262 5533 3401 5588 hanc

1828 5599 2367 5673 interpretationem,
2426 5609 2482 5656 et
2524 5601 2796 5673 vulgatam
2823 5615 3105 5669 nostram;
3153 5607 3262 5659 imo
3314 5603 3400 5656 in-

1830 5680 1912 5743 ter
1949 5670 2217 5743 vulgatam
2246 5710 2261 5737 ,
2310 5680 2364 5726 et
2401 5688 2520 5727 eam
2548 5714 2562 5738 ,
2597 5670 2759 5743 «fuam
2791 5678 3013 5731 exhibet
3066 5673 3396 5743 Augustinus

1829 5741 2081 5817 deinceps
2116 5740 2465 5815 allegandus;
2524 5745 2579 5800 id
2614 5740 2706 5802 est
2738 5762 2807 5803 ex
2833 5748 3011 5817 capite
3027 5746 3084 5802 ι.
3108 5740 3234 5803 libri
3261 5757 3395 5798 xvu.

1828 5812 1907 5869 De
1934 5808 2175 5868 Civ'itate.
