3940 6340
555 284 658 342 639
1619 257 1900 320 CLAUDII
1933 250 2403 317 TAURINENSIS
2444 251 2751 313 EPISCOPI
3641 263 3706 323 ω

552 398 611 455 in
665 390 894 448 Domino
921 427 936 455 ,
975 393 1027 441 et
1064 382 1353 439 exaltatum
1389 387 1463 435 est
1507 392 1674 432 cornu
1714 390 1889 429 meum
1927 373 1985 427 in
2026 369 2138 425 Deo
2164 368 2220 430 A
2242 370 2488 441 quoniam
2516 369 2658 426 Deus
2680 370 3031 425 scientiarum
3053 368 3322 424 Dominus.
3348 369 3453 441 Ipse
3474 386 3550 429 vos
3567 378 3701 447 scit,“

554 485 781 546 salutari
808 498 945 537 meo.
994 477 1286 533 Dilatatum
1317 483 1391 529 est
1420 490 1476 527 os
1519 486 1693 526 meum
1718 484 1876 540 super
1903 466 2146 522 inimicos
2245 470 2339 525 ubi
2374 484 2534 524 nemo
2563 468 2682 535 scit,
2721 467 2979 538 quoniam
3009 466 3101 537 qui
3132 472 3284 537 putat
3330 481 3383 522 se
3412 467 3578 541 aliquid
3617 492 3703 546 esse.

556 594 718 637 meos.
750 574 954 630 Latata
982 585 1101 626 sum
1121 569 1179 623 in
1199 565 1422 622 salutari
1446 573 1557 630 tuo,
1591 570 1699 617 etc.
1730 573 1759 603 ι
1805 560 1883 616 lta
1917 573 1986 614 ne
2015 573 2151 615 vero
2248 576 2374 616 cum
2410 560 2543 615 nihil
2571 561 2681 626 sit,
2714 574 2773 614 se
2800 559 2915 630 ipse
2959 558 3193 614 seducit.
3218 556 3341 616 Haec
3361 559 3574 618 dicuntur
3588 568 3706 625 adici.

556 672 723 728 verba
779 669 896 724 haec
945 662 1107 720 unius
1154 658 1487 717 mulierculas
1533 654 1869 728 putabuntur
1915 667 2039 708 esse
2082 651 2151 707 de
2250 652 2408 708 sariis
2432 652 2669 708 civitatis
2690 650 2787 706 Dei
2810 649 2879 705 ad
2918 648 3277 722 Babyloniam
3309 652 3708 725 pertinentibus

558 772 689 819 nato
720 759 826 816 sibi
847 757 959 814 ﬁlio
982 753 1348 829 gratulantis?
1376 758 1665 806 tantumne
1687 761 1840 802 mens
1862 743 2150 801 hominum
2251 763 2347 805 sua,
2375 747 2575 803 virtute
2604 747 3057 818 praesumentibus
3075 786 3091 811 ,
3124 746 3179 800 in
3204 761 3288 810 se,
3340 762 3438 802 non
3481 749 3528 803 in
3564 752 3710 811 Domino

558 873 591 913 a
619 855 740 910 luce
768 849 1018 908 veritatis
1063 861 1255 903 aversa
1282 851 1386 910 est,
1426 852 1489 899 ut
1525 856 1633 898 non
1662 839 1905 895 sentiant
1955 848 2150 907 super—
2251 840 2627 913 gloriantibus,
2654 855 2718 896 ex
2736 840 2930 911 quibus
2952 845 3083 895 sunt
3104 838 3270 893 etiam
3291 839 3513 896 carnales
3529 841 3710 915 lsraelita,

558 947 710 1021 gredi
733 944 955 1001 modum
980 940 1200 998 feminae
1229 938 1393 1011 hujus
1412 924 1587 1002 dicta,
1617 947 1737 1004 quae
1762 929 1938 986 fudit?
2253 942 2480 990 terrente
2509 933 2851 990 Hierusalem
2880 933 3030 989 cives
3089 933 3396 1005 terrigenae,
3444 936 3538 1006 qui,
3579 947 3621 992 ut
3637 938 3715 995 dicit

637 1058 655 1091 ι
689 1038 862 1093 Porro
886 1036 979 1106 qui
1014 1033 1181 1089 rebus
1211 1031 1361 1102 ipsis,
1388 1043 1511 1100 quae
1531 1026 1648 1097 jam
1681 1030 1961 1095 coeperant
1985 1022 2154 1079 etiam
2251 1031 2542 1104 Apostolus
2571 1030 2751 1105 (Rom.
2783 1032 2871 1087 10.
2911 1031 2992 1103 5.)
3014 1074 3029 1098 ,
3066 1032 3365 1103 ignorantes
3388 1030 3476 1086 Dei
3512 1034 3714 1104 iustitiam,

564 1134 621 1188 in
641 1132 746 1188 hac
771 1126 1208 1200 peregrinatione
1237 1122 1522 1195 compleri,
1550 1116 1939 1177 convenienter
1966 1129 2153 1172 move-
2255 1126 2333 1199 (id
2361 1135 2445 1182 est
2469 1142 2632 1196 quam
2655 1126 2750 1181 dar
2773 1126 2916 1182 Deus
2941 1126 3175 1193 homini,
3217 1127 3307 1198 qui
3332 1127 3465 1183 soius
3488 1137 3557 1183 es;
3583 1129 3715 1198 justus,

564 1234 689 1291 tur,
744 1237 926 1279 nonne
955 1220 1219 1286 intendit,
1264 1225 1322 1275 et
1367 1215 1592 1287 aspicit,
1646 1221 1702 1270 et
1734 1212 2014 1285 cognoscit
2057 1224 2158 1282 per
2256 1228 2420 1291 atque
2441 1218 2769 1292 justiﬁeans)
2795 1262 2810 1287 ,
2858 1228 2906 1276 et
2936 1235 3094 1274 suam
3134 1217 3356 1274 uolentes
3400 1222 3717 1288 constituere,id

544 1319 707 1373 aliane
754 1315 1042 1371 mulierem
1064 1353 1080 1380 ,
1122 1312 1277 1384 cujus
1316 1310 1485 1367 etiam
1510 1321 1712 1363 nomen
1763 1305 1842 1377 (id
1871 1311 1954 1361 est
1977 1300 2155 1375 Anna)
2257 1320 2341 1368 est
2363 1311 2509 1368 velut
2534 1328 2566 1367 a
2596 1327 2657 1368 se
2684 1313 2788 1369 sibi
2822 1320 3211 1384 praeparatam,
3243 1328 3347 1369 nou
3374 1315 3436 1370 ab
3476 1314 3550 1370 illo
3573 1317 3718 1388 imperii.

564 1408 739 1482 gratia
768 1407 885 1477 eius
917 1406 1328 1477 interpretatur,
1355 1401 1531 1472 ipsam
1554 1398 1869 1470 religionem
1898 1395 2156 1452 christia-
2259 1416 2371 1463 iam
2396 1446 2412 1473 ,
2443 1406 2671 1478 justitia:
2705 1406 2806 1461 Dei
2859 1424 2966 1462 non
3003 1416 3132 1462 sunt
3156 1407 3395 1478 subjecti.
3441 1406 3625 1478 Utique,
3648 1411 3718 1479 quia

566 1516 695 1557 nam
715 1542 731 1568 ,
762 1502 936 1571 ipsam
964 1499 1240 1555 civitatem
1269 1494 1398 1562 DCi,
1430 1491 1586 1563 cujus
1617 1506 1715 1547 rex
1752 1497 1858 1558 est,
1887 1498 1945 1544 et
1970 1487 2161 1545 condi—
2261 1499 2481 1571 superbi
2512 1499 2579 1554 de
2605 1514 2701 1555 suo
2720 1507 3001 1570 putantes,
3039 1514 3151 1554 non
3179 1500 3247 1553 de
3284 1499 3377 1553 Dei
3399 1540 3413 1563 ν
3438 1513 3571 1568 posse
3591 1499 3718 1569 piam;

567 1604 656 1651 tor
697 1593 982 1658 Christus,
1026 1592 1199 1664 ipsam
1226 1596 1505 1661 postremo
1553 1584 1649 1642 Dei
1704 1582 1958 1655 gratiam,
2008 1578 2162 1649 cujus

2292 1607 2324 1649 e
2346 1591 2478 1658 Deo,
2506 1591 2600 1661 qui
2624 1600 2700 1645 est
2731 1589 2874 1645 Deus
2903 1590 3254 1645 scientiarum
3272 1631 3286 1656 ,
3311 1598 3460 1660 atque
3485 1591 3603 1654 ideo,
3622 1598 3719 1643 etu-

568 1690 885 1763 prophettco
914 1688 1112 1761 spiritu
1141 1687 1219 1742 sic
1241 1685 1422 1743 locuta
1456 1683 1573 1738 est?
1599 1697 1631 1737 a
1652 1696 1760 1753 qua
1783 1679 2004 1751 superbi
2027 1677 2159 1733 alie-
2188 1750 2236 1763 ﬁ
2265 1682 2409 1740 biter
2431 1683 2910 1739 conscientiarum.
2959 1682 3042 1738 lbi
3074 1682 3267 1739 videns
3309 1682 3598 1753 cogitationes
3624 1682 3718 1734 ἡοιιί-

568 1750 773 1840 nantur
790 1789 891 1850 ,ut
911 1750 1142 1845 cadant;
1192 1793 1300 1850 qua
1336 1776 1569 1833 humiles
1592 1750 1920 1845 implentur,
1949 1778 2011 1827 ut
2037 1787 2161 1828 suro-
2188 1750 2238 1811 B
2266 1794 2391 1832 num
2410 1778 2533 1850 quia
2566 1793 2718 1833 vana:
2746 1786 2869 1831 sunt
2913 1773 3091 1847 (Psal.
3114 1775 3206 1832 95.
3237 1776 3324 1831 Η.
3355 1750 3461 1848 35).
3483 1775 3531 1831 Si
3548 1774 3718 1830 hominum

568 1883 732 1948 sant.
791 1873 937 1945 quod
972 1871 1211 1927 maxime
1262 1869 1498 1938 hymnus
1554 1866 1657 1922 iste
1707 1870 1986 1934 per-sonat-
2043 1861 2165 1918 Nisi
2267 1876 2436 1937 sunt,
2471 1877 2529 1925 et
2558 1869 2740 1925 abillo
2765 1884 2874 1925 non
2901 1876 3033 1924 sunt
3065 1866 3143 1940 (1.
3177 1866 3307 1940 Reg.
3336 1868 3388 1923 2.
3419 1867 3487 1939 δ).
3514 1867 3568 1922 Et
3595 1884 3718 1936 ρτερι.

569 1968 861 2040 quisquam
882 1963 1023 2020 forte
1047 1962 1292 2019 dicturus
1319 1967 1426 2026 est,
1453 1956 1588 2013 nihil
1626 1957 1784 2012 istam
1814 1954 2169 2026 prophetasse
2268 1978 2394 2017 rans
2423 2003 2438 2030 ,
2491 1962 2700 2032 inquit,
2757 1961 3160 2016 adinventiones
3214 1977 3355 2015 suas.
3411 1958 3533 2027 Quas
3567 1959 3719 2013 adiuiti-

574 2060 881 2125 mulierem,
941 2057 1038 2114 sed
1088 2056 1260 2112 Deum
1310 2051 1683 2109 tantummodo
1709 2056 1935 2121 propter
1960 2046 2166 2112 ﬁlium.
2270 2054 2446 2111 tiones
2473 2062 2759 2127 putamus,
2793 2054 2899 2111 nisi
2925 2062 2985 2110 ut
3014 2053 3241 2126 superbi
3269 2052 3481 2120 cadant,
3521 2061 3563 2108 et
3583 2051 3720 2107 humile

574 2168 737 2224 quem
778 2158 1003 2223 precata
1061 2146 1402 2219 impetravit,
1452 2142 1750 2201 exsultanti
1783 2139 2172 2214 praedicatione
2271 2148 2532 2220 surgam?
2584 2146 2693 2202 Has
2727 2147 2925 2217 quippe
2966 2144 3387 2202 adiuventiones
3430 2142 3720 2215 aequuma-

581 2248 854 2303 laudasse.
884 2243 1025 2312 Quid
1048 2256 1179 2314 ergo
1202 2240 1306 2296 sibi
1331 2238 1447 2294 vult
1464 2237 1608 2308 quod
1627 2235 1743 2291 ait?
1767 2233 1966 2288 Arcum
1991 2239 2175 2304 poten-
2273 2256 2425 2299 cens,
2456 2238 2627 2295 Arcus
2656 2240 2945 2311 potentium
2971 2239 3285 2309 inﬁrmatus
3309 2246 3400 2303 est,
3421 2247 3462 2292 et
3483 2235 3631 2305 inﬁmi
3644 2249 3717 2305 pnt-

579 2341 711 2394 tium
739 2338 859 2410 fecit
884 2336 1188 2406 inﬁmum,
1220 2343 1270 2389 et
1289 2333 1490 2403 inﬁrmi
1509 2329 1781 2403 prtecincti
1803 2335 1927 2382 sunt
1961 2326 2169 2381 virtute.

2291 2334 2435 2389 :incti
2466 2342 2587 2389 sunt
2610 2334 2819 2389 virtute.
2849 2332 3173 2404 Inﬁrmatus
3203 2342 3277 2388 est
3304 2348 3463 2395 arcus,
3486 2328 3531 2384 id
3549 2336 3609 2383 est
3624 2326 3719 2380 inten-

582 2429 739 2486 Pleni
783 2427 1008 2501 panibus
1044 2426 1295 2481 minorati
1346 2432 1467 2479 sunt
1492 2464 1506 2490 ,
1542 2431 1590 2478 et
1621 2423 1907 2478 esurientes
1943 2419 2173 2475 transie-
2276 2428 2356 2484 tio
2385 2441 2572 2482 eorum
2599 2467 2614 2493 ,
2644 2427 2739 2496 qui
2778 2433 2887 2482 tam
2917 2434 3177 2497 potentes
3207 2425 3309 2481 sibi
3349 2423 3575 2484 videntur,
3601 2416 3717 2471 nisini

582 2530 705 2577 runt
726 2529 953 2587 terram,
981 2517 1108 2591 quia
1132 2515 1324 2573 sterilis
1344 2514 1543 2588 peperit
1572 2523 1769 2586 septem
1787 2554 1803 2581 ,
1845 2520 1894 2568 et
1921 2509 2089 2567 multa
2119 2511 2179 2566 in
2278 2520 2375 2578 Dei
2403 2522 2567 2585 ἀοηο,
2593 2529 2757 2591 alque
2787 2520 3086 2591 adiutorio,
3115 2520 3348 2575 humana
3381 2510 3655 2572 suﬁcientis,
3676 2507 3718 2560 di-

580 2612 708 2685 ﬁliis
750 2612 1021 2683 inﬁrmata
1049 2617 1147 2667 est.
1178 2608 1436 2680 Nunquid
1477 2617 1672 2679 septem
1703 2606 1822 2678 ipsa
1845 2608 2175 2675 pepererat,

2291 2614 2409 2670 vina
2429 2613 2641 2685 possint
2665 2612 2894 2684 implere
2935 2612 3222 2668 mandata.
3255 2610 3323 2665 Et
3344 2601 3716 2682 prtecinguutlrtit-

582 2705 832 2775 quamvis
853 2702 1056 2759 sterilis
1083 2700 1288 2757 fuerit?
1346 2698 1581 2756 Unicum
1606 2696 1875 2764 habebat,
1920 2711 2044 2752 cum
2072 2695 2181 2750 ista
2281 2716 2409 2774 iure,
2439 2722 2673 2778 quorum
2702 2706 2917 2762 interna
2943 2720 3056 2762 vox
3083 2713 3169 2763 est
3195 2702 3362 2776 (Psal.
3389 2701 3436 2757 6.
3460 2698 3540 2768 5.),
3572 2694 3716 2752 lucrm

583 2796 798 2853 dicebat
828 2813 842 2849 ἒ
869 2795 968 2851 sed
990 2809 1095 2851 nec
1112 2800 1306 2865 postea
1336 2801 1530 2862 septem
1550 2792 1779 2862 peperit,
1810 2790 1924 2846 sive
1952 2778 2094 2857 sex,’
2112 2804 2180 2846 ex
2282 2805 2406 2871 mei,
2700 2816 2719 2855 ε
2758 2803 3011 2875 quoniam
3037 2804 3283 2874 inﬁrmus
3307 2817 3415 2857 sum
3459 2857 3462 2860 .

589 2887 789 2957 quibus
814 2884 1080 2956 septimus
1104 2892 1251 2940 esset
1279 2882 1393 2954 ipse
1416 2881 1661 2945 Samuel,
1691 2882 1787 2938 sed
1832 2889 1948 2938 tres
1974 2896 2181 2950 mares,
2359 2914 2378 2947 ι
2413 2895 2569 2953 pleni
2597 2897 2842 2969 ραηίιηιε,
2873 2896 3077 2966 inquit,
3117 2896 3365 2953 ηιεηοναιε
3389 2901 3508 2958 sunt,
3531 2885 3717 2944 umna-

589 2978 798 3035 et'duas
822 2975 1074 3033 feminas.
1116 2974 1347 3033 Demum
1386 2975 1479 3031 illa
1530 2976 1586 3031 in
1609 2975 1828 3048 populo,
1849 2991 1974 3033 cum
2007 2978 2186 3033 adhuc

2291 2999 2360 3046 tes
2391 2992 2716 3047 transierunt
2755 2999 2970 3045 terram.
3019 2989 3130 3057 Qui
3179 2998 3304 3047 sunt
3353 2978 3612 3055 intelligendi
3638 2970 3717 3046 ρίειί

586 3083 747 3127 nemo
771 3075 1054 3141 regnaret.
1079 3068 1226 3172 (ιιιξκι
1247 3066 1303 3123 in
1330 3075 1582 3124 extremo
1603 3069 1785 3140 posuit
1814 3068 1867 3137 δ,
1898 3069 1992 3124 dat
2015 3069 2182 3124 virtu—
2206 3112 2254 3180 α
2282 3085 2665 3157 panibus,.nisi
2698 3084 2862 3140 iidem
2884 3084 2987 3156 ipsi
3010 3085 3174 3156 quasi
3198 3090 3463 3155 potentes:
3489 3076 3531 3132 id
3548 3068 3718 3180 εείῐεξαε

588 3176 691 3218 tem
753 3161 962 3233 regibus
1005 3156 1199 3216 nostris
1225 3201 1239 3227 ,
1288 3168 1337 3215 et
1367 3159 1617 3215 exultavit
1655 3177 1820 3216 cornu
1851 3159 2049 3217 Christi
2072 3162 2178 3217 sui.

589 3255 745 3313 Unde
766 3254 1014 3321 dicebat,
1043 3254 1091 3310 si
1119 3269 1228 3310 non
1253 3253 1646 3324 prophetabat?
1696 3254 1854 3311 Dicat
1899 3271 2029 3328 ergo
2079 3255 2184 3312 Ec-

591 3346 759 3404 clesia
788 3344 1023 3412 Christi,
1062 3345 1266 3402 Civitas
1314 3344 1481 3418 Regis
1507 3347 1734 3418 magni,
1795 3348 1969 3419 gratia
2001 3348 2182 3419 plena,

589 3440 739 3512 prole
762 3438 1010 3495 fecunda.
1044 3438 1200 3495 Dicat
1219 3439 1363 3509 quod
1385 3448 1539 3495 tanto
1559 3450 1685 3495 ante
1710 3442 1776 3497 de
1799 3455 1858 3495 se
1881 3441 2183 3512 propheta-

592 3543 705 3590 tum
725 3549 824 3605 per
847 3549 910 3591 os
947 3534 1110 3606 huius
1147 3534 1249 3604 piae
1273 3535 1466 3592 matris
1493 3535 1758 3609 agnoscit.
1787 3534 2184 3607 Conﬁrmatum

593 3636 669 3683 est
694 3643 786 3682 cor
813 3644 986 3682 meum
1021 3627 1078 3681 in
1124 3626 1392 3694 Domino,
1454 3636 1504 3682 et
1563 3627 1853 3696 exaltatum
1900 3637 1978 3684 est
2023 3641 2188 3683 cornu

593 3737 768 3776 meum
816 3721 874 3775 in
915 3719 1025 3775 Deo
1073 3736 1211 3775 meo.
1244 3719 1388 3776 Vere
1428 3721 1814 3777 conﬁrmatum
1850 3729 1939 3776 est.
1975 3735 2099 3785 cor,
2130 3727 2189 3775 et

593 3827 763 3869 cornu
801 3810 1128 3878 exaltatum,
1160 3810 1285 3882 quia
1335 3827 1447 3869 non
1500 3813 1556 3868 in
1587 3828 1647 3869 se
1671 3854 1687 3879 ,
1729 3812 1826 3869 sed
1858 3813 1914 3867 in
1959 3810 2189 3868 Domino

595 3907 706 3962 Deo
732 3920 849 3962 suo.
875 3904 1174 3960 Dilatatum
1192 3914 1267 3961 est
1289 3922 1449 3977 super
1470 3907 1715 3961 inimicos
1737 3922 1878 3961 meos
1900 3913 1949 3961 et
1978 3920 2150 3960 meum
2168 3916 2187 3955 :

598 3999 726 4069 quia
754 4006 809 4053 et
842 3998 899 4052 in
928 3998 1191 4069 angustiis
1232 4014 1615 4068 prcssurarum
1644 4016 1815 4055 sermo
1844 3997 1944 4053 Dei
1973 4016 2078 4054 non
2112 4007 2187 4054 est

604 4088 874 4159 alligatus.
917 4100 940 4128 ε
978 4088 1184 4143 Lmtata
1215 4106 1352 4156 sum,
1382 4092 1586 4161 inquit,
1618 4090 1645 4129 ἀ
1692 4093 1750 4146 in
1796 4089 2024 4146 salutari
2074 4100 2187 4147 tuo.

600 4180 852 4238 Christus
877 4186 961 4236 est
991 4180 1094 4236 iste
1121 4177 1310 4248 Jesus,
1345 4198 1508 4253 quem
1540 4181 1765 4236 Simeon
1812 4181 1903 4235 illc
1924 4222 1938 4246 ,
1970 4181 2110 4236 sicut
2133 4181 2191 4237 in

601 4276 897 4348 Evangelio
926 4276 1145 4348 legitur,
1187 4275 1340 4349 (Luc.
1372 4278 1428 4334 2.
1459 4277 1550 4333 25.
1585 4277 1717 4349 etc.)
1761 4293 1929 4334 senex
1957 4278 2195 4349 amplec-

605 4380 725 4426 tens
753 4384 1020 4441 parvum,
1071 4384 1370 4441 agnoscens
1419 4386 1673 4442 magnum
1704 4385 1719 4425 :
1774 4387 1913 4425 nunc
1942 4370 2188 4437 dimittis,

2284 3155 2416 3244 litae,
2446 3177 2644 3248 quibus
2666 3176 2865 3231 credita
2891 3186 3013 3232 sunt
3037 3176 3249 3250 eloquia
3296 3174 3386 3229 Dei
3429 3169 3567 3244 (Rom.
3594 3155 3717 3250 ’ὅλη

2287 3268 2397 3326 Sed
2417 3244 2478 3326 in
2501 3285 2567 3327 eo
2590 3268 2813 3342 populo,
2841 3268 3057 3326 ancillae
3124 3244 3219 3324 ﬁlii
3257 3263 3482 3321 minorati
3500 3264 3612 3318 sunt,
3637 3244 3714 3319 quod

2284 3363 2454 3420 verbo
2488 3363 2670 3419 minus
2721 3362 2924 3429 latino,
2978 3362 3125 3419 bene
3175 3370 3350 3416 tamen
3384 3360 3624 3445 ﬁlim”

2286 3456 2433 3527 quod
2454 3472 2523 3513 ex
2553 3454 2851 3525 majoribus
2880 3456 3132 3513 minores
3160 3454 3288 3510 facti
3313 3457 3455 3513 sunt,
3479 3443 3574 3515 quia
3594 3445 3631 3492 et
3648 3442 3716 3501 ipsi

2285 3548 2516 3621 panibus
2545 3546 2623 3621 (id
2646 3555 2730 3605 est
2755 3547 2954 3604 divinis
2980 3548 3191 3613 verbis,
3215 3538 3555 3618 quaalsraelite
3570 3527 3716 3631 solil'ln‘c

2287 3655 2355 3696 ex
2383 3641 2634 3696 omnibus
2674 3642 2922 3713 gentibus
2973 3640 3323 3715 acceperunt)
3375 3645 3549 3693 terrena
3581 3621 3716 3691 Sillim

2289 3732 2490 3789 Gentes
2519 3741 2700 3788 autem
2717 3774 2732 3799 ,
2762 3734 2958 3804 quibus
2983 3734 3075 3789 lex
3099 3735 3193 3790 illa
3212 3748 3317 3789 non
3340 3734 3446 3785 erat
3467 3721 3579 3780 data.
3598 3717 3718 3783 Ρ⁰⁵¹θ²⁶

2289 3838 2453 3894 quam
2475 3839 2574 3895 Per
2609 3838 2810 3879 novum
2840 3832 3230 3880 testamentum
3269 3820 3332 3877 ad
3358 3812 3534 3884 eloquia
3552 3804 3614 3862 illa
3631 3806 3718 3892 vene

2292 3924 2448 3982 runt,
2485 3915 2715 3971 multum
2748 3916 3074 3984 esuriendo,
3106 3925 3305 3972 terram
3328 3905 3627 3966 transierunt.

2290 4009 2348 4063 in
2380 4009 2463 4065 eis
2484 4025 2597 4065 non
2627 4016 2867 4077 terrena,
2901 4010 2995 4065 sed
3030 4009 3277 4067 coelestia
3308 4000 3571 4075 sapuerunt.
3595 3984 3640 4041 Ει
3660 3981 3718 4034 δε

2292 4102 2440 4158 velut
2476 4111 2815 4173 quaereretur
2840 4118 3038 4170 causa,
3078 4119 3181 4159 cur
3205 4102 3395 4158 factum
3417 4093 3493 4149 sit.
3645 4170 3653 4180 .

2369 4215 2389 4247 ι
2420 4164 2559 4261 Quia
2573 4197 2768 4251 sterib's
2794 4199 2990 4269 peperit
3013 4164 3233 4261 sentem,
3250 4203 3297 4248 et
3317 4186 3463 4246 multa
3477 4184 3521 4236 in
3539 4174 3627 4246 ﬁlii!

2291 4259 2560 4345 mata—est.
2601 4288 2702 4345 Hic
2727 4259 2899 4345 totum
2921 4331 2936 4357 ,
3002 4291 3149 4362 quod
3201 4259 3595 4361 prophe‘aba‘m'
3627 4259 3719 4362 dmi:

2295 4382 2713 4454 agnoscentibus
2742 4360 3037 4438 numerum
3056 4360 3429 4454 sepmnarium,
3463 4378 3549 4438 quo
3578 4362 3634 4413 est

605 4462 805 4532 inquit,
839 4477 1048 4517 servum
1077 4470 1227 4517 tuum
1246 4463 1304 4516 in
1332 4479 1478 4534 pace,
1505 4464 1756 4535 quoniam
1786 4463 2027 4519 uiderunt
2052 4462 2189 4518 oculi

2296 4433 2469 4531 ersae
2498 4474 2755 4531 Ecclesia:
2790 4474 3091 4546 signiﬁcata
3119 4433 3399 4547 rperfectio.
3440 4433 3719 4547 Ρτοριεξσιιξέξι

607 4554 708 4607 mei
729 4550 967 4609 salutare
987 4562 1157 4609 tuum.
1175 4554 1330 4611 Dicat
1353 4554 1537 4627 itaque
1562 4555 1824 4612 Ecclesia.
1846 4554 2054 4626 Lwtata
2075 4573 2192 4613 sum

540 4679 575 4715 ο
604 4646 660 4700 in
687 4644 916 4702 salutari
943 4657 1058 4703 tua.

685 4756 704 4789 ι
743 4748 766 4777 ο
793 4736 1057 4804 Quoniam
1088 4757 1196 4798 non
1227 4750 1304 4797 est
1342 4750 1565 4798 sanctus
1610 4743 1745 4798 sicut
1786 4741 2042 4800 Dominus
2072 4786 2086 4812 ,
2144 4756 2194 4801 et

608 4845 711 4884 non
734 4842 808 4885 est
826 4832 1004 4902 justus
1039 4836 1177 4890 sicut
1217 4834 1361 4891 Deus
1398 4845 1592 4892 noster.
1640 4835 1921 4909 Tanquam
1948 4848 2191 4906 sanctus,

607 4929 663 4976 et
682 4924 1026 4985 sanctiﬁcans
1088 4947 1102 4984 :
1158 4927 1341 4999 justus
1367 4938 1424 4984 et
1442 4928 1767 5001 iustiﬁcans.
1810 4929 1929 4986 Non
1959 4938 2044 4987 est
2072 4945 2194 4986 san-

588 5025 729 5075 -ctus
755 5031 951 5091 praeter
980 5032 1055 5090 te,
1081 5024 1210 5095 quia
1236 5040 1396 5080 nemo
1427 5024 1508 5091 ﬁt,
1538 5025 1643 5080 nisi
1691 5026 1788 5080 abs
1834 5033 1905 5081 te.
1950 5025 2196 5097 Denique

608 5114 871 5184 sequitur.
897 5116 972 5187 (v.
995 5117 1074 5189 3.)
1113 5117 1295 5173 Nolite
1324 5118 1543 5189 gloriari
1565 5120 1799 5191 superbi,
1852 5128 1901 5173 et
1931 5118 2089 5174 nolite
2117 5119 2197 5175 lo-

608 5224 699 5280 qui
730 5208 956 5277 excelsa,
983 5228 1147 5283 neque
1173 5222 1325 5267 exeat
1348 5213 1764 5286 magniloquium
1791 5214 1856 5269 de
1878 5231 1968 5269 ore
1998 5224 2191 5281 vestro,

680 5354 706 5383 ι
732 5343 1009 5419 Haecque:
1029 5356 1333 5419 sequuntur
1352 5350 1535 5405 omnia
1564 5347 1838 5419 exscripta
1866 5357 1991 5404 sunt
2019 5365 2083 5405 ex
2105 5366 2198 5407 ca-

644 5411 718 5492 ite
754 5415 792 5492 ᾖ
830 5411 965 5492 libri
991 5411 1208 5474 xvu'de
1238 5417 1506 5476 Civitate:
1542 5420 1686 5492 quod
1733 5411 1842 5476 non
1891 5421 2195 5479 dissimulat

650 5478 864 5562 laudius
885 5490 1158 5562 deinceps.

604 5557 820 5687 “ntulit
868 5561 1045 5691 segeat
1078 5557 1220 5619 'cum
1256 5563 1581 5635 principibus
1607 5605 1622 5631 ,
1664 5574 1713 5619 et
1763 5564 1952 5620 solium
2007 5566 2192 5637 gloriae

785 5673 799 5687 .
838 5649 890 5689 ν.
962 5676 975 5689 .

528 5674 533 5680 τ
604 5649 799 5687 ιιπεαι.
838 5649 890 5689 ν.
923 5649 975 5689 δ.

679 5703 787 5779 culi.
807 5704 1044 5765 Tinioth.
1070 5708 1125 5763 2.
1151 5707 1205 5764 9.
1230 5707 1285 5762 in
1298 5705 1600 5779 Augustino
1609 5707 1755 5766 edito
1767 5724 1798 5766 a
1811 5707 1917 5765 PP.
1936 5708 1994 5767 S.
2017 5708 2193 5766 Mauri

604 5773 855 5836 additur:
881 5796 973 5836 nec
1004 5780 1059 5836 in
1087 5773 1418 5837 nrwconibu?
1438 5773 1692 5848 alligatis.

2296 4574 2353 4623 et
2386 4566 2624 4624 Joannes
2671 4538 2967 4639 Apostblus
3018 4568 3089 4623 ad
3118 4538 3319 4639 septem
3346 4538 3719 4639 scribit

2298 4658 2538 4733 (Apocal.
2568 4660 2621 4715 2.
2647 4625 2738 4731 4.)⁸
2754 4676 2820 4715 eo
2840 4661 3002 4717 modo
3029 4675 3088 4715 se
3117 4625 3395 4715 osiendens
3411 4646 3471 4703 ad
3491 4625 3721 4733 unius

2297 4714 2537 4805 iudinem
2563 4714 2823 4806 scribere.
2886 4751 2954 4806 Et
3012 4751 3068 4806 in
3103 4743 3396 4821 proverbiis
3421 4714 3721 4823 Salomotl'if

2298 4849 2456 4895 antea
2485 4840 2838 4914 praeﬁguraus
2874 4806 3151 4913 Sapientia
3178 4838 3351 4914 (Prov.
3382 4832 3430 4888 9.
3459 4822 3521 4895 1-)

2300 4891 2456 4895 ﬁ---"
2485 4891 2631 4912 τη---
2678 4891 2836 4898 ____-
2875 4891 3151 4913 ητα----
3202 4891 3223 4894 -
3286 4891 3290 4892 ν
3506 4891 3512 4895 .
3678 4891 3705 4904 ,.

2298 4934 2396 4988 sibi
2422 4891 2669 5001 domum:
2681 4946 2729 4990 et
2748 4935 2983 5007 suﬁ'ulsit
3007 4936 3109 5015 sﬁi
3134 4891 3390 4990 columna:
3408 4927 3581 4991 “PM”

2298 5028 2444 5083 enim
2468 5038 2587 5085 erat
2617 5030 2673 5085 in
2692 5031 2947 5087 omnibus
2960 4995 3209 5103 gemibus
3228 5024 3319 5083 Dei
3336 5016 3522 5077 civitas,
3543 4995 3720 5103 {m‘qﬂ

2298 5119 2401 5177 iste
2460 5120 2599 5177 fetus
2629 5164 2645 5191 ,
2710 5139 2870 5195 quem
2929 5085 3238 5189 egrnimus,
3293 5113 3520 5195 οΐίτθίιπῖ

2298 5214 2483 5281 etiam,
2520 5176 2645 5286 qua;
2695 5176 2864 5272 multa
2918 5218 2975 5272 in
3013 5217 3139 5289 ﬁliis
3189 5220 3326 5277 erat,
3362 5176 3719 5261 nuncinﬁm’m

2374 5352 2725 5447 uisum.
2741 5356 2951 5447 manu.
2974 5363 3032 5412 ει
3059 5357 3168 5447 sic.
3193 5360 3244 5447 βξ
3263 5297 3718 5447 regem”?

2301 5400 2725 5513 νενιῇξιῖἑᾷξῖ
2743 5400 3251 5513 ’ξὲξὰἲέινᾷιῇἱῖιῖιῖέ
3645 5400 3717 5501 Si

2300 5469 2723 5562 assariis;
2749 5469 2817 5553 ιῖὶ
2832 5469 3570 5569 ιέςέἰυῖῖῐῆἰὶὶίι,ξέεέιριιάεῗέῤ

2298 5545 2391 5624 {FS
2401 5545 2522 5634 ’ἔὲίξ
2537 5545 2711 5631 ιῑιῖυὲῑ,
2743 5545 3036 5628 ἔρξ’ἣῖἁέ
3053 5545 3430 5626 ἑᾶὄόίεὶίίοιιὲω
3455 5545 3607 5604 nonam

2297 5638 2938 5735 Anfigagife'lngneg;
2985 5730 3099 5735 ---μ
3153 5710 3321 5735 Δίωνι
3348 5647 3716 5735 Αίυήιιιίηθνφθδ

2374 5693 2940 5781 ὲνὶξνῐὶεςξ2ί2ίέὲξι
2979 5730 3105 5773 cum
3152 5710 3321 5781 aliqua
3348 5693 3615 5757 disarm“

2299 5781 2361 5839 ﬁt
2384 5783 2549 5839 etiam
2570 5781 2845 5854 deinceps.

3623 5524 3658 5578 in
3682 5507 3714 5564 5'
