3940 6340
125 324 250 382 641

1088 318 1549 391 ΩυιεΕΒΤΙΟΝΕΞ
1583 320 1734 378 XXX
1771 318 1999 380 SUPER
2037 321 2285 381 LIBROS
2324 322 2590 383 REGUM.

3326 332 3437 392 642

123 438 496 496 Hierusalem
519 445 817 504 terrenam,
834 438 1090 508 quoniam
1113 440 1424 511 quicunque
1444 440 1541 496 ﬁlii
1561 440 1746 496 libera:
1771 440 1825 504 Α
1848 438 1979 495 illud
2003 441 2070 498 ab
2108 441 2200 497 illo
2240 441 2506 510 alienabo,
2538 442 2682 513 quod
2705 442 2945 500 additum
2969 452 3053 502 est
3073 464 3085 502 :
3108 447 3179 504 Et
3205 449 3267 505 de
3292 459 3432 507 ster-

124 535 194 592 in
228 551 301 592 ea
333 541 532 600 erant;
572 533 746 589 virtus
783 531 900 602 ejus
936 541 1085 590 erat.
1116 533 1273 592 Nunc
1319 551 1448 592 vero
1493 537 1564 592 ibi
1605 552 1740 607 quo-

123 631 301 686 niam
335 631 515 686 littera
540 635 644 696 est,
673 636 729 685 et
754 628 978 700 spiritus
1005 645 1113 686 non
1166 638 1271 698 est,
1307 631 1510 688 amissa
1537 631 1740 688 virtute

123 725 426 794 inﬁrmata
456 733 551 778 est.

216 823 312 894 (ν.
356 821 434 894 6.)
479 840 497 872 ι
534 820 788 876 Dominus
813 823 1132 893 mortiﬁcat,
1163 832 1213 879 et
1249 825 1498 895 viviﬁcat,
1527 823 1739 878 deducit

124 915 214 969 ad
245 914 452 983 inferos
477 953 492 979 ,
520 922 569 967 et
602 914 825 968 reducit.
860 914 1206 970 Mortiﬁcavit
1229 916 1396 983 illam,
1430 933 1551 986 qua:
1572 915 1741 970 multa

125 1015 258 1060 erat
298 1008 356 1060 in
386 1005 544 1076 ﬁliis,
579 1013 634 1061 et
661 1005 955 1062 viviﬁcavit
977 1008 1118 1062 hanc
1143 1008 1407 1075 sterilem,
1434 1024 1554 1079 quae
1573 1023 1740 1080 pepe-

125 1100 214 1155 rit
241 1109 443 1170 septem
483 1116 502 1165 ;
541 1100 791 1170 quamvis
846 1101 1185 1156 commodius
1235 1101 1408 1171 possit
1468 1100 1737 1171 intelligi,

125 1195 368 1251 eosdem
425 1193 734 1258 viviﬁcare,
787 1210 923 1264 quos
978 1196 1449 1250 mortiﬁcaverat:
1489 1195 1543 1250 id
1592 1195 1739 1250 enim

122 1285 293 1340 velut
323 1286 567 1341 addendo
597 1285 850 1355 repetivit
883 1303 894 1338 :
921 1286 1146 1340 Deducit
1171 1287 1239 1341 ad
1265 1286 1485 1356 inferos,
1515 1297 1562 1340 et
1584 1286 1741 1340 redu-

126 1379 230 1431 cit.
261 1377 474 1444 Quibus
520 1378 664 1433 enim
722 1377 855 1433 dicit
901 1377 1193 1448 Apostolus
1239 1379 1464 1452 (Coloss.
1505 1380 1558 1434 5.
1610 1378 1737 1451 1.):

125 1469 178 1520 si
212 1469 415 1521 mortui
441 1469 564 1522 estis
602 1485 720 1522 cum
762 1467 968 1523 Christo
990 1511 1004 1535 ,
1041 1487 1159 1541 qua:
1185 1487 1396 1525 sursum
1442 1480 1564 1525 sunt
1588 1487 1737 1540 qua:-

127 1561 240 1614 rite
265 1603 281 1626 ,
341 1561 430 1615 ubi
465 1561 706 1617 Christus
741 1572 814 1618 est
841 1565 897 1618 in
923 1564 1140 1618 dextera
1197 1563 1296 1619 Dei
1342 1565 1558 1629 sedens;
1597 1564 1738 1619 salu-

124 1653 319 1708 briter
343 1656 530 1724 utique
579 1651 979 1712 mortiﬁcamur
1021 1657 1328 1712 aDomino.
1390 1656 1594 1722 Quibus
1641 1656 1739 1711 ad-

117 1743 323 1818 iungit
353 1748 474 1819 (lbi.
500 1765 551 1803 v.
585 1750 664 1822 2.)
699 1769 712 1804 :
753 1768 869 1822 qua:
891 1767 1103 1805 sursum
1131 1759 1252 1805 sunt
1279 1751 1465 1822 sapite,
1497 1766 1736 1822 nanque:

1843 551 1963 589 core
1986 536 2140 607 erigit
2174 537 2402 607 inopem.
2426 536 2584 607 Inops
2606 537 2806 609 quippe
2829 537 2884 593 id
2925 547 3009 595 est
3031 581 3046 607 ,
3088 557 3154 599 ac
3173 557 3382 616 pauper
3412 562 3430 603 :

1841 636 2054 682 stercus
2081 643 2235 694 vero,
2263 629 2406 684 unde
2429 637 2646 685 erectus
2665 638 2772 696 est,
2795 630 3101 687 rectissime
3124 633 3436 707 intelligun-

1842 727 1932 774 tur
1956 730 2332 790 persecutores
2357 721 2562 790 Judaei,
2600 723 2656 778 in
2683 738 2915 792 quorum
2964 740 3191 781 numero
3219 743 3342 783 eum
3374 743 3434 786 se

1842 810 2068 868 dixisset
2087 812 2404 884 Apostolus:
2444 814 2736 870 Ecclesium
2755 827 3057 886 persecutus
3077 835 3196 873 sum
3211 819 3283 891 (1.
3301 821 3426 877 Cor.

1846 901 1932 957 15.
1949 903 2001 958 9.
2019 901 2162 957 Phil.
2179 906 2232 960 5.
2249 904 2326 977 6.)
2349 923 2495 978 :quce
2515 908 2643 962 mihi
2660 907 2894 976 fuerunt,
2913 910 3112 981 inquit,
3131 911 3280 967 lucra
3297 912 3347 985 (Ι
3353 915 3425 969 bi.

1842 1010 1889 1048 υ.
1911 995 2014 1066 8.),
2045 996 2157 1050 htec
2202 1006 2412 1068 propter
2441 996 2706 1054 Christum
2757 1001 2953 1056 damna
2981 1019 3092 1058 esse
3121 1003 3253 1059 duxi
3278 1020 3295 1059 :
3327 1021 3432 1062 nec

1842 1087 2013 1142 solum
2044 1088 2389 1157 detrimenta,
2417 1105 2608 1148 verum
2635 1094 2802 1149 etiam
2843 1105 3076 1151 stercora
3123 1098 3428 1155 existimavi

1840 1196 1993 1246 esse,
2025 1190 2083 1236 ut
2126 1181 2394 1238 Christum
2424 1183 2816 1256 lucrifacerem.
2853 1190 2931 1245 De
2959 1198 3107 1246 terra
3135 1195 3430 1252 suscitatus

1842 1283 1925 1330 est
1948 1275 2037 1331 ille
2076 1293 2243 1347 supra
2270 1293 2461 1334 omnes
2488 1279 2683 1336 divites
2703 1297 2940 1352 pauper,
2969 1291 3026 1338 et
3058 1285 3125 1340 de
3164 1285 3257 1342 illo
3291 1297 3430 1344 ster-

1841 1383 1967 1424 core
2016 1381 2232 1426 erectus
2275 1379 2358 1426 est
2385 1387 2547 1442 supra
2595 1388 2783 1430 omnes
2812 1376 3098 1446 opulentos
3133 1379 3225 1435 ille
3253 1381 3427 1452 inops,

1839 1468 1897 1515 ut
1924 1460 2108 1517 sedeat
2133 1479 2255 1518 cum
2277 1465 2590 1533 potentibus
2617 1467 2829 1536 populi,
2862 1469 3058 1538 quibus
3099 1471 3176 1525 ait
3207 1472 3426 1544 (Matth.

1843 1553 1928 1608 19.
1953 1554 2068 1624 28.)
2101 1570 2115 1608 :
2148 1555 2391 1610 sedebitis
2421 1574 2578 1628 super
2600 1558 2879 1614 duodecim
2902 1561 3049 1617 sedes
3073 1577 3091 1614 :
3119 1565 3214 1620 sed
3243 1554 3458 1622 sedem:

1841 1645 2028 1714 gloriae
2050 1647 2424 1704 haereditatem
2443 1649 2578 1705 dans
2599 1650 2698 1706 eis.
2726 1652 2990 1708 Dixerant
3008 1655 3151 1709 enim
3177 1666 3428 1728 potentes

1840 1736 1916 1791 illi
1947 1737 2165 1810 (Matth.
2191 1740 2278 1796 19.
2303 1740 2419 1812 27.)
2451 1755 2465 1794 :
2500 1740 2638 1796 Ecce
2671 1759 2766 1797 nos
2794 1744 3099 1816 reliquimus
3125 1749 3301 1803 omnia
3325 1791 3340 1816 ,
3378 1759 3427 1805 et
3475 1760 3477 1763 ’

126 1855 301 1908 super
327 1848 519 1895 terram
551 1855 570 1893 :
594 1848 654 1896 ut
689 1842 793 1912 ipsi
823 1843 933 1898 sint
962 1843 1064 1908 illi,
1091 1842 1185 1913 qui
1212 1842 1518 1898 esurientes
1549 1850 1730 1896 trans-

1835 1832 2000 1884 secuti
2025 1847 2206 1886 sumus
2235 1841 2304 1886 te.
2336 1831 2450 1887 Hoc
2484 1841 2670 1888 votum
2723 1838 3086 1904 potentissimi
3129 1851 3423 1908 voverant;

129 1932 327 1988 ierunt
351 1942 553 1988 terram
578 1933 652 2005 (v.
679 1933 760 2005 5.)
815 1935 1016 1989 Mortui
1040 1936 1176 1989 enim
1197 1936 1342 2000 estis,
1371 1934 1566 2004 inquit.
1591 1933 1735 1990 Ecce

125 2026 414 2096 quomodo
444 2027 734 2083 salubriter
767 2029 1062 2083 mortiﬁcat
1091 2029 1252 2084 Deus.
1303 2029 1507 2084 Deinde
1551 2029 1732 2099 sequi-

129 2125 248 2173 tur.
287 2119 444 2190 (Ibi.)
476 2119 544 2174 Et
581 2120 687 2174 vita
724 2131 892 2176 vestra
923 2121 1232 2176 abscondita
1258 2131 1334 2176 est
1373 2137 1491 2176 cum
1522 2119 1732 2176 Christo

130 2212 191 2264 in
223 2211 357 2265 Deo.
401 2211 540 2268 Ecce
565 2214 836 2282 quomodo
862 2212 1080 2269 eosdem
1111 2215 1256 2284 ipsos
1281 2214 1521 2269 viviﬁcat
1567 2213 1729 2268 Deus.

132 2301 250 2356 Sed
291 2304 538 2374 nunquid
567 2305 790 2360 eosdem
822 2305 969 2376 ipsos
994 2305 1217 2360 deduxit
1275 2305 1347 2360 ad
1400 2304 1635 2371 inferos,
1677 2312 1733 2360 et

133 2395 404 2450 reduxit?
443 2395 558 2451 Hoc
581 2404 870 2467 utrumque
907 2397 1024 2453 sine
1045 2397 1416 2453 controversia
1466 2396 1728 2464 ﬁdelium,

130 2486 193 2541 in
228 2487 318 2541 illo
346 2487 526 2558 potius
549 2488 794 2544 videmus
821 2487 1134 2559 impletum,
1182 2489 1357 2559 capite
1397 2486 1605 2542 scilicet
1625 2501 1729 2540 no-

132 2585 255 2632 stro
291 2596 302 2630 :
335 2593 459 2632 cum
485 2594 594 2648 quo
644 2580 801 2633 vitam
845 2589 1076 2634 nostram
1128 2577 1182 2634 in
1234 2579 1380 2645 Deo,
1440 2575 1732 2649 Apostolus

129 2669 277 2724 dixit
308 2670 692 2726 absconditam.
750 2670 888 2727 Nam
931 2672 1023 2742 qui
1056 2671 1234 2743 (Rom.
1278 2671 1332 2726 8.
1367 2669 1481 2743 52.)
1513 2671 1728 2741 proprio

129 2759 250 2829 ﬁlio
268 2773 372 2813 non
392 2762 642 2832 pepercit,
659 2761 750 2816 sed
764 2779 858 2833 pro
883 2761 1029 2816 nobis
1054 2762 1296 2816 omnibus
1318 2761 1536 2815 tradidit
1554 2759 1725 2826 illum,

131 2852 245 2908 isto
268 2853 430 2908 modo
458 2853 644 2925 utique
683 2853 1032 2911 mortiﬁcavit
1059 2869 1185 2921 eum
1216 2873 1228 2907 :
1260 2862 1318 2909 et
1344 2854 1474 2924 quia
1502 2853 1730 2908 resusci-

131 2945 274 2998 tavit
295 2959 422 2999 eum
451 2960 482 2998 a
504 2945 734 3000 mortuis
751 2985 765 3011 ,
789 2945 1042 3001 eumdem
1067 2961 1285 3001 rursum
1320 2945 1636 3000 viviﬁcavit.
1661 2944 1731 2999 Et

130 3036 262 3106 quia
289 3036 342 3090 in
368 3037 655 3107 prophetia
683 3052 789 3092 vox
820 3036 939 3106 ejus
971 3039 1287 3109 agnoscitur
1314 3035 1487 3110 (Psal.
1519 3037 1604 3092 15.
1635 3036 1722 3091 10.

131 3130 257 3183 Act.
282 3127 336 3182 2.
371 3128 486 3200 27.)
520 3147 532 3182 :
563 3145 668 3183 non
699 3128 1026 3202 derelinquas
1077 3130 1312 3184 animam
1345 3146 1516 3184 meam
1561 3129 1617 3184 in
1644 3129 1728 3183 in—

1838 1923 1934 1978 sed
1959 1922 2104 1979 unde
2130 1924 2234 1980 hoc
2259 1964 2274 1990 ,
2315 1925 2396 1980 eis
2425 1925 2530 1980 nisi
2560 1925 2629 1980 ab
2657 1926 2751 1982 illo
2769 1968 2784 1994 ,
2820 1929 2886 1983 de
2912 1944 3018 2000 quo
3053 1931 3142 1986 hic
3170 1933 3426 1989 continuo

1836 2014 2040 2070 dictum
2097 2024 2182 2072 est
2225 2016 2288 2071 αἳ
2335 2015 2486 2071 Dans
2537 2027 2714 2072 votum
2763 2020 2979 2075 vovendi
3017 2037 3036 2075 :
3075 2021 3315 2093 alioquin
3357 2039 3426 2081 ex

1835 2105 1942 2161 illis
1966 2115 2150 2162 essent
2172 2109 2489 2179 potentibus
2507 2150 2522 2175 ,
2554 2125 2790 2180 quorum
2816 2111 3119 2180 inﬁrmatus
3145 2123 3222 2168 est
3245 2132 3422 2172 arcus.

1836 2199 1999 2266 Dans,
2028 2201 2225 2271 inquit,
2253 2210 2430 2255 votum
2455 2202 2675 2256 vovendi
2689 2219 2708 2268 ;
2733 2218 2843 2260 non
2868 2205 3012 2259 enim
3027 2205 3255 2263 Donnno
3278 2209 3427 2277 quis-

1833 2309 1996 2365 quam
2018 2294 2312 2365 quidquam
2339 2303 2547 2351 rectum
2569 2304 2825 2365 voveret,
2866 2298 2970 2353 nisi
3004 2299 3097 2368 qui
3120 2301 3188 2355 ab
3215 2301 3308 2355 illo
3335 2317 3427 2357 ac-

1833 2387 2042 2458 ciperet
2065 2388 2211 2458 quod
2233 2396 2456 2443 voveret
2484 2387 2557 2460 (v.
2583 2388 2684 2461 8.).
2712 2388 2973 2461 Sequitur
3002 2407 3016 2445 :
3058 2391 3087 2432 ι)
3120 2391 3190 2446 Et
3217 2393 3426 2448 benedi-

1832 2482 1910 2537 xit
1945 2499 2113 2535 annos
2142 2481 2298 2552 justi.
2344 2481 2416 2538 Ut
2451 2498 2574 2538 cum
2603 2483 2696 2539 illo
2726 2484 2936 2540 scilicet
2963 2486 3082 2542 sine
3121 2487 3230 2543 ﬁne
3259 2489 3420 2556 vivat,

1831 2575 1920 2631 cui
1947 2575 2148 2631 dictum
2176 2583 2260 2630 est
2297 2574 2468 2648 (Psal.
2502 2576 2624 2631 101.
2657 2576 2773 2649 28.)
2803 2593 2817 2631 :
2845 2575 2914 2631 Et
2936 2579 3063 2632 anni
3101 2580 3180 2632 tui
3202 2596 3304 2634 non
3332 2580 3424 2635 de-

1829 2667 2006 2736 ﬁcient
2042 2667 2160 2722 :ibi
2186 2667 2331 2722 enim
2365 2676 2513 2722 stant
2541 2670 2670 2724 anni
2698 2710 2713 2734 ,
2756 2670 2845 2725 hic
2879 2679 3064 2726 autem
3102 2681 3418 2738 transeunt,

1831 2758 1942 2815 imo
1988 2767 2251 2830 pereunt,
2309 2766 2434 2815 ante
2459 2761 2604 2815 enim
2644 2776 2806 2831 quam
2847 2763 3069 2818 veniant
3098 2779 3206 2819 non
3245 2773 3418 2821 sunt:

1830 2868 1954 2908 cum
2005 2859 2188 2907 autem
2232 2853 2503 2918 venerint,
2527 2869 2634 2909 non
2668 2863 2849 2922 erunt,
2883 2856 3012 2924 quia
3038 2871 3162 2911 cum
3190 2872 3288 2913 suo
3313 2857 3422 2914 ﬁne

1828 2945 2068 3000 veniunt.
2108 2943 2313 3000 Horum
2349 2953 2532 3000 autem
2568 2945 2799 3000 duorum
2821 2983 2841 3014 ,
2878 2946 2932 3002 id
2963 2954 3049 3002 est
3083 2948 3217 3002 dans
3247 2957 3423 3002 votum

1829 3038 2074 3105 vovendi,
2131 3048 2181 3092 et
2233 3038 2494 3093 benedixit
2530 3055 2697 3094 annos
2730 3039 2898 3109 justi,
2945 3055 3113 3096 unum
3141 3049 3228 3098 est
3275 3041 3420 3113 quod

1829 3128 2081 3195 facimus,
2111 3129 2341 3184 alterum
2399 3130 2543 3200 quod
2597 3131 2895 3199 sumimus,
2929 3133 3025 3189 sed
3051 3134 3154 3189 hoc
3185 3134 3418 3190 alterum

130 3222 312 3291 ferito,
343 3221 586 3276 eumdem
616 3223 836 3277 deduxit
867 3223 936 3278 ad
971 3223 1190 3294 inferos,
1243 3232 1293 3278 et
1323 3223 1554 3278 reduxit.
1610 3223 1726 3280 Hac
1762 3209 1806 3272 C
1838 3220 1948 3276 Deo
1969 3221 2228 3291 largitore
2253 3236 2360 3275 non
2394 3221 2626 3276 sumitur
2647 3264 2661 3288 ,
2691 3223 2795 3278 nisi
2847 3239 2971 3279 cum
3023 3224 3142 3296 ipso
3169 3224 3420 3296 adjutore

126 3311 258 3380 ejus
288 3321 601 3382 paupertate
622 3313 778 3370 ditati
809 3331 995 3370 sumus
1025 3332 1037 3368 :
1068 3314 1325 3370 Dominus
1347 3316 1488 3369 enim
1529 3331 1726 3386 paupe-

130 3422 220 3458 res
255 3405 384 3474 facit
409 3416 458 3459 et
479 3407 614 3461 ditat
652 3422 668 3460 :
699 3423 826 3462 nam
856 3409 988 3478 quid
1034 3409 1138 3463 hoc
1182 3409 1295 3474 sit,
1348 3417 1412 3463 ut
1454 3408 1722 3475 sciamus,

129 3494 280 3563 quod
309 3495 583 3567 sequitur,
636 3497 943 3564 audiamus,
974 3497 1221 3553 humiliat
1241 3539 1255 3564 ,
1282 3509 1331 3552 et
1359 3498 1558 3553 exaltat
1585 3514 1603 3552 :
1628 3499 1728 3554 uti-

129 3603 241 3657 que
274 3589 537 3660 superbos
571 3590 856 3656 humiliat,
916 3600 970 3646 et
1017 3592 1250 3647 humiles
1297 3592 1532 3648 exaltat:
1567 3591 1725 3659 Quod

130 3681 280 3735 enim
307 3681 436 3735 alibi
466 3681 662 3753 legitur
694 3682 880 3755 (Jacob
911 3684 964 3736 4.
998 3684 1050 3737 6.
1084 3682 1244 3738 Prov.
1288 3683 1340 3737 5.
1371 3684 1488 3754 54.)
1525 3703 1536 3738 :
1580 3684 1722 3739 Deus

130 3772 370 3841 superbis
400 3775 630 3840 resistit,
653 3774 938 3828 humilibus
982 3784 1158 3828 autem
1186 3775 1279 3828 dat
1310 3776 1558 3844 gratiam,
1607 3776 1724 3831 haec

101 3870 283 3918 «totus
305 3864 466 3920 habet
498 3880 678 3920 sermo
709 3863 869 3934 hujus
896 3866 1102 3931 Anum;
1160 3881 1280 3936 qua:
1332 3866 1724 3936 interpretatur

129 3957 306 4027 gratia
335 3957 470 4027 ejus.
501 3955 620 4011 Jam
657 3973 790 4013 vero
841 3957 985 4027 quod
1034 3956 1344 4028 adjungitur
1378 3975 1390 4013 :
1433 3958 1651 4012 suscitat
1689 3977 1723 4012 a

128 4056 277 4102 terra
313 4066 594 4120 pauperem
624 4064 641 4101 :
669 4050 736 4105 de
764 4049 912 4105 nullo
944 4049 1170 4113 melius,
1202 4062 1366 4118 quam
1397 4049 1463 4104 de
1506 4049 1599 4104 illo
1632 4048 1720 4104 in-

129 4139 316 4212 telligo
335 4181 350 4206 ,
381 4142 472 4210 qui
497 4149 720 4212 propter
744 4157 843 4196 nos
863 4156 1069 4212 pauper
1089 4141 1264 4197 factus
1283 4149 1387 4208 est,
1421 4157 1545 4196 cum
1572 4142 1722 4199 dives

129 4237 298 4296 esset,
331 4237 391 4283 ut
420 4230 537 4300 ejus
590 4239 926 4302 paupertate,
978 4232 1117 4286 sicut
1169 4231 1331 4302 paulo
1361 4239 1487 4287 ante
1516 4232 1720 4288 dictum

127 4329 219 4378 est
240 4363 254 4387 ,
293 4320 612 4377 ditaremur.
655 4323 832 4393 Ipsum
859 4322 1005 4377 enim
1035 4324 1102 4378 de
1132 4330 1278 4377 terra
1301 4323 1584 4378 suscitavit
1609 4331 1720 4379 tam

129 4416 279 4482 cito,
333 4424 394 4470 ut
435 4431 562 4472 caro
609 4414 728 4486 ejus
752 4431 862 4472 non
887 4416 1096 4472 videret
1124 4417 1526 4486 corruptionem
1559 4436 1572 4473 :
1618 4432 1721 4474 nec

204 4581 233 4610 ι
284 4569 615 4639 Augustinus
649 4569 827 4625 editus

129 4649 306 4711 pturze
336 4681 350 4707 ,
407 4641 465 4696 in
510 4657 618 4712 quo
655 4643 771 4697 haec
819 4641 1112 4708 dicantur,
1147 4640 1252 4695 PP.
1307 4640 1364 4696 S.
1418 4641 1591 4697 Mauri
1632 4659 1718 4700 re-

130 4712 324 4766 ticent.

207 4782 234 4821 δ
275 4781 532 4852 Sequitur
551 4782 932 4857 hieClaudius
950 4799 1076 4857 cum
1103 4782 1331 4854 August.
1364 4781 1717 4857 Septuaginta

131 4855 488 4929 interpretes,
532 4855 622 4929 qui
651 4854 833 4929 legunt
865 4873 876 4908 :
913 4855 1084 4929 δξδούς
1126 4856 1286 4924 εὐχήν
1320 4863 1392 4925 τῷ
1436 4854 1715 4929 iii-Aonius),

129 4924 518 4998 zai‘tt'tlo'yna'w
546 4927 639 4986 ἔτη
665 4924 862 4998 Blimina
881 4967 894 4990 ,
927 4925 1059 4998 dans
1086 4935 1262 4998 votum
1292 4924 1481 4998 orandi
1492 4924 1532 4992 ’,⁷
1552 4924 1600 4981 et
1635 4924 1720 4982 be-

131 4995 832 5070 nedixitanni‘justiLCur
864 5003 974 5070 tam
1005 4997 1074 5050 ab
1104 4995 1375 5070 Hebraico
1401 5007 1456 5053 et
1487 4999 1714 5070 Vulgata

130 5065 456 5140 dissentiant
499 5065 662 5123 iidem
691 5067 1064 5140 Septuaginta,
1088 5075 1339 5140 quaerunt
1364 5065 1710 5138 interpretes,

131 5137 202 5219 ad
236 5154 374 5208 quos
391 5139 648 5194 lectorem
672 5137 843 5210 allego
867 5157 880 5192 :
904 5137 1083 5209 neque
1106 5138 1250 5192 enim
1271 5137 1558 5208 praesentis
1583 5155 1714 5210 ope-

130 5225 210 5262 l‘lS
237 5223 301 5262 ea
332 5225 459 5264 cura
484 5219 583 5265 ρει.

209 5291 231 5317 ε
264 5279 330 5352 in
375 5281 820 5351 interpretatione
852 5281 1010 5352 hujus
1044 5279 1297 5334 versiculi
1325 5281 1507 5352 plane
1536 5281 1716 5350 sequi-

129 5359 226 5424 tur
252 5349 657 5407 Claudius—cum
673 5349 975 5424 Augustino
983 5352 1293 5424 versionem
1316 5349 1668 5424 Septuaginta
1699 5371 1711 5406 :

129 5420 312 5498 ζπᾷριος
340 5420 838 5498 ἐσθιηοποιήᾳερλςξὸν
864 5421 1112 5498 ᾲντὶδιῃοξ
1140 5426 1326 5498 aurci};
1345 5420 1711 5498 Κρρῳςᾶγωω

131 5492 306 5566 idest
342 5493 609 5566 Dominus
627 5493 847 5548 debilem
877 5493 994 5566 [seu
1025 5492 1323 5565 inﬁrmum]
1361 5492 1488 5563 facit
1530 5492 1714 5550 adver.

127 5563 336 5618 sarium
363 5581 554 5618 suum:
583 5565 840 5619 Dominus
871 5563 1104 5618 sanctus.

202 5634 230 5672 ἀ
272 5634 443 5707 Euch.
473 5636 608 5689 hoc:
637 5636 971 5707 Augustinus
1026 5635 1204 5707 editus
1229 5651 1259 5690 a
1289 5635 1392 5690 PP.
1441 5634 1499 5690 S.
1542 5636 1713 5691 Mauri

130 5722 238 5760 non
263 5705 642 5776 glorietur/tie,
690 5705 745 5761 et
788 5707 1060 5777 deinceps.
1118 5706 1239 5761 Alia
1271 5722 1484 5778 quoque
1527 5709 1715 5763 hocin

126 5778 254 5834 loco
283 5784 502 5832 exstant
525 5778 841 5835 discrimina
872 5779 1015 5833 inter
1050 5778 1294 5836 codicem
1324 5787 1571 5837 nostrum
1593 5819 1608 5847 ,
1660 5786 1716 5837 ct

126 5848 340 5912 editum
367 5847 761 5922 Augustinum,
792 5858 847 5907 et
875 5849 1106 5907 Eucher.

881 4587 894 4624 :
945 4569 1338 4652 voventiinsed
1359 4569 1538 4652 locum
1572 4571 1717 4652 _Scri-
1742 4590 1796 4652 D

1826 3312 2062 3384 primum
2091 3312 2224 3368 illud
2249 3311 2479 3367 ellicitur
2504 3331 2517 3366 :
2550 3313 2674 3382 quia
2701 3314 2775 3385 (ν.
2807 3313 2862 3386 9)
2888 3331 2994 3370 ηοη
3020 3315 3077 3369 in
3099 3317 3290 3370 virtute
3315 3333 3420 3372 sua

1824 3414 2004 3475 potens
2025 3413 2099 3458 est
2121 3405 2200 3458 vir
2228 3402 2302 3476 (v.
2332 3402 2465 3473 10.).
2491 3402 2750 3458 Dominus
2772 3405 3042 3474 inﬁrmum
3074 3404 3204 3474 facit
3228 3406 3418 3461 adver-

1825 3497 2026 3551 sarium
2049 3512 2202 3550 suum
2221 3536 2235 3560 ,
2266 3495 2416 3550 illum
2444 3495 2692 3562 scilicet,
2730 3496 2820 3565 qui
2851 3495 3058 3550 homini
3084 3499 3304 3553 voventi
3332 3497 3414 3554 in.

1824 3588 1993 3653 videt,
2020 3596 2077 3642 et
2103 3587 2338 3652 resistit,
2368 3602 2438 3642 ne
2462 3586 2640 3641 valeat
2664 3585 2893 3657 implere
2921 3587 3068 3656 quod
3097 3589 3264 3643 vovit.
3315 3587 3420 3645 Po-

1825 3686 1933 3734 test
1952 3693 2019 3733 ex
2042 3678 2294 3749 ambiguo
2309 3692 2487 3749 graeco
2502 3677 2761 3748 intelligi:
2783 3686 2832 3732 et
2844 3677 3208 3733 adversarium
3226 3696 3381 3734 suum
3400 3723 3414 3736 .

1825 3785 1950 3826 cum
1974 3771 2121 3825 enim
2142 3770 2403 3826 Dominus
2431 3771 2712 3839 possidere
2743 3785 2844 3826 nos
2865 3770 3125 3840 coeperit,
3175 3772 3420 3842 profecto

1828 3862 2177 3916 adversarius
2200 3902 2215 3928 ,
2259 3861 2353 3931 qui
2400 3869 2586 3916 noster
2616 3859 2815 3926 fuerat,
2848 3860 3020 3929 ipsius
3051 3860 3131 3925 ﬁt,
3155 3870 3210 3916 et
3238 3861 3419 3918 vince-

1826 3961 1915 4007 tur
1943 3969 1975 4007 a
2003 3953 2192 4019 nobis,
2252 3951 2348 4007 sed
2374 3967 2482 4006 non
2512 3951 2720 4006 viribus
2765 3951 3001 4016 nostris,
3053 3952 3178 4022 quia
3212 3969 3317 4008 non
3359 3955 3418 4010 in

1824 4046 2013 4100 virtute
2053 4061 2152 4099 sua
2195 4053 2376 4114 potens
2411 4051 2488 4097 est
2536 4043 2636 4097 vir.
2670 4041 2930 4097 Dominus
2974 4059 3096 4114 ergo
3144 4043 3415 4114 inﬁrmum

1824 4135 1980 4207 faciet
2005 4135 2366 4191 adversarium
2384 4122 2559 4191 suum.

1897 4242 1919 4270 c
1957 4248 1976 4282 ι
2005 4228 2265 4286 Dominus
2299 4239 2513 4286 sanctus
2535 4272 2549 4296 ,
2576 4239 2637 4286 ut
2668 4229 2920 4287 vincatur
2956 4248 2987 4287 a
3029 4231 3252 4300 sanctis,
3278 4246 3415 4302 quos

1823 4323 2087 4381 Dominus
2117 4333 2431 4379 sanctorum
2459 4322 2626 4379 eﬁicit
2651 4332 2889 4380 sanctos.

1899 4433 1920 4466 ί
1961 4414 2040 4470 Ac
2068 4430 2167 4485 per
2189 4413 2216 4454 ἀ
2241 4416 2358 4471 haec
2389 4426 2411 4454 θ
2439 4432 2452 4469 :
2487 4414 2778 4488 negligetur
2818 4416 3048 4487 prudens
3077 4416 3133 4470 in
3183 4415 3413 4488 pruden-

1901 4582 1923 4610 ο
1963 4569 2091 4643 Haec
2145 4585 2265 4640 quae
2306 4570 2574 4643 Claudius
2601 4571 2766 4643 ,imo
2816 4571 2998 4643 potius
3050 4569 3406 4643 Augustinus,

1821 4659 1887 4698 ex
1919 4657 2028 4712 quo
2055 4641 2169 4696 haec
2213 4641 2433 4712 scripsit
2479 4642 2756 4707 Claudius,
2796 4641 2962 4697 veluti
2992 4657 3058 4696 ex
3089 4641 3258 4696 Annae
3285 4656 3412 4696 can-

1823 4715 1928 4769 tico
1949 4714 2233 4785 desumpta
2255 4715 2422 4785 verba
2451 4713 2893 4785 subjicit,_neque
2921 4712 3007 4785 _ing
3030 4712 3405 4785 Hebrteosne-
3439 4737 3468 4767 ο

1818 4801 1924 4856 que
1955 4785 2008 4838 in
2035 4782 2309 4856 plerisque
2365 4782 2569 4856 Grazcis
2611 4783 2893 4840 codicibus
2911 4783 3213 4856 habentur,
3240 4782 3404 4856 ideo-

1818 4853 1922 4926 que
1952 4853 2129 4926 neque
2158 4853 2645 4926 in’Complutensi,
2683 4868 2857 4926 neque
2908 4854 2962 4908 in
3011 4853 3132 4907 aliis
3178 4853 3402 4926 reliquis

1818 4927 1934 4982 fere
1981 4925 2233 4981 omnibus
2261 4927 2593 4982 editionibus
2635 4925 2930 4991 habentur;
2991 4931 3173 4979 tamen
3227 4925 3281 4979 in
3311 4925 3404 4980 Bi-

1817 4999 1945 5054 bliis
1982 4996 2188 5052 Graecis
2229 4998 2297 5051 ab
2324 4997 2460 5053 Aldo
2491 4997 2652 5052 editis
2694 5003 2913 5051 exstant
2945 5011 2956 5047 :
3000 4995 3067 5050 ad
3099 4995 3243 5050 hunc
3286 5011 3402 5052 mo-

1821 5070 1950 5124 dum
1989 5087 2000 5122 :
2042 5075 2124 5131 Μὴ
2153 5071 2451 5144 κᾳυχὰσᾷαί
2471 5068 2496 5122 ὁ
2527 5069 2760 5144 (pedantic;
2786 5069 2834 5121 ἐν
2864 5075 2935 5144 δῇ
2962 5071 3197 5144 φρονήσει
3223 5069 3403 5144 αὐτοῦ.

1821 5146 1909 5196 Καὶ
1938 5145 2007 5211 μὴ
2035 5135 2347 5216 καυχάσξθῖυ-
2371 5135 2640 5216 ὄ-δυνάίνρς
2668 5135 2728 5192 ἐν
2769 5146 2831 5216 τῇ
2859 5135 3073 5216 duasque:
3103 5141 3295 5216 αρτοῇ..
3311 5142 3407 5216 tta!

1819 5218 1889 5282 μὴ
1925 5209 2211 5283 δὲαυχὰσθῖυ
2239 5210 2265 5265 ὁ
2295 5211 2542 5283 πλούσιος·
2579 5211 2626 5264 ἐν
2654 5217 2726 5280 τῷ
2755 5209 2956 5281 πλούτῳ
2990 5209 3176 5264 αὐτοῦ’
3220 5209 3325 5283 ani
3353 5211 3406 5264 ἐν

1819 5281 1986 5354 τούτῳ
2014 5281 2305 5354 ὲάυχάστω
2335 5282 2360 5337 ὁ
2386 5285 2718 5352 καυχώμενος
2740 5282 2787 5334 ἐν
2807 5288 2880 5354 τῷ
2903 5288 3087 5354 συνιεῖν
3114 5283 3199 5354 noti
3219 5281 3405 5354 γινῲσ·

1822 5376 1923 5410 κειν
1943 5351 2025 5410 rint
2054 5351 2232 5431 κύβιον
2261 5357 2344 5408 καὶ
2368 5360 2530 5431 nouis
2553 5351 2708 5431 ἠρέμα
2731 5351 3158 5431 καίῥρκαιοσύνην
3181 5353 3232 5406 ἐν
3255 5351 3400 5431 μιένσῳ

1822 5435 1917 5508 τῇς
1945 5435 2073 5508 752;;
2101 5418 2221 5504 qua;
2260 5425 2349 5505 sic_
2375 5423 2540 5504 vertit
2583 5418 2947 5508 liliugarellius
2992 5429 3222 5508 noster."
3255 5418 3401 5473 'Non

1823 5491 2076 5564 glorietur
2103 5491 2309 5563 sapiens
2331 5495 2386 5546 in
2408 5495 2663 5564 sapientia
2688 5491 2806 5564 sua,
2831 5503 2879 5547 et
2911 5510 3014 5547 non
3041 5491 3404 5564 glorieturpo-

1822 5561 1933 5620 lens
1960 5567 2014 5620 in
2045 5561 2272 5635 potentia
2315 5582 2436 5629 sua,
2469 5561 2521 5618 et
2548 5581 2651 5619 non
2677 5563 2927 5635 glorietur
2954 5561 3172 5617 diresin
3203 5561 3402 5635 divitiis

1820 5638 1963 5716 suis;
2001 5631 2091 5689 sed
2122 5635 2178 5689 in
2214 5635 2312 5716 hoc
2337 5635 2621 5716 glorietur,
2649 5631 2706 5716 si
2749 5633 2992 5716 intelligit
3012 5644 3104 5716 ,oet
3137 5631 3401 5714 cognoscit

1820 5706 2106 5782 Dominum
2123 5723 2143 5772 ;
2174 5714 2227 5782 et
2250 5708 2312 5782 si
2339 5709 2466 5776 facit
2485 5707 2769 5782 judicium,
2818 5716 2867 5760 et
2905 5704 3181 5782 jus-titiam
3214 5704 3270 5755 in
3298 5717 3403 5782 nte-

1821 5777 1907 5854 t_l_i_o
1932 5769 2131 5854 terram:
2163 5769 2368 5846 Quibus
2415 5769 2656 5854 recitatis
2705 5769 2822 5834 hac
2867 5769 3086 5854 subiicit
3133 5773 3274 5828 idem
3309 5769 3402 5854 ille

1819 5841 2220 5921 Mingarellius',
2247 5866 2408 5923 quem
2435 5849 2660 5923 allegavi
2701 5867 2714 5906 :
2755 5862 2873 5921 qua:
2927 5841 3078 5904 verba
3121 5858 3284 5900 neaue
3313 5841 3402 5900 hic
