3940 6340
147 344 269 411 643
626 379 633 387 ·
1050 344 1511 422 QUESTIONES
1549 348 1699 409 XXX
1737 344 1965 409 SUPER
2004 344 2251 405 LIBROS
2288 296 2556 406 REGIUM.
3326 348 3428 408 646

147 483 321 535 nem,
351 467 494 525 sicut
521 482 694 542 reges,
724 475 944 543 regant,
992 478 1047 527 et
1096 470 1152 527 in
1207 470 1298 526 illo
1332 471 1613 537 mundum,
1650 471 1742 544 qui
1769 470 1824 533 Α
1846 481 1984 532 mea,
2005 480 2123 536 qua:
2156 465 2402 537 praecepi,
2427 473 2485 519 ut
2516 462 2834 535 oper-rentur
2864 462 2923 522 in
2950 466 3161 540 templo,
3184 477 3233 525 et
3260 472 3430 543 magis

82 545 105 556 ”
144 564 387 635 propter
405 576 502 621 eos
522 561 660 619 fudit
683 562 1021 633 sanguinem,
1041 563 1265 619 vincant
1290 556 1466 635 (Ibi.).
1846 559 2119 614 honorasti
2146 557 2288 629 ﬁlios
2309 568 2446 624 tuos,
2475 572 2631 629 quam
2658 575 2758 627 me,
2794 570 2850 615 ut
2879 562 3216 619 comederetis
3243 566 3429 637 prinu-

234 674 258 709 ι
307 654 377 712 Et
388 654 642 711 exultavit
668 672 830 711 cornu
849 654 1047 711 Christi
1067 655 1171 712 sui.
1188 653 1469 722 Quomodo
1495 653 1748 711 Christus

147 748 426 809 exultavit
452 763 623 804 cornu
653 747 856 804 Christi
884 748 1004 804 sui?
1041 749 1119 803 De
1166 762 1275 823 quo
1302 747 1447 803 enim
1476 763 1640 818 supra
1668 747 1749 803 di-

149 847 314 897 ctum
342 846 425 896 est
451 855 466 893 :
492 838 751 899 Dominus
772 840 1008 896 ascendit
1032 841 1088 897 in
1125 838 1279 897 caelos
1301 881 1317 909 ,
1345 850 1401 897 et
1444 840 1749 896 intellectus

148 940 246 989 est
274 930 540 993 Dominus
568 924 837 998 Christus,
870 931 1020 1004 ipse,
1050 933 1192 991 sicut
1232 928 1323 989 hic
1360 932 1573 999 dicitur,
1603 932 1749 988 exal-

150 1018 291 1079 tabit
319 1038 483 1079 cornu
520 1014 718 1076 Christi
740 1021 843 1077 sui.
880 1023 1014 1091 Quis
1039 1039 1170 1096 ergo
1199 1032 1284 1080 est
1312 1022 1561 1079 Christus
1587 1022 1746 1079 Chri-

149 1111 273 1170 sti?
307 1128 376 1173 an
425 1128 598 1169 cornu
628 1112 893 1169 exaltabit
940 1108 1361 1187 uniuscujusque
1407 1110 1583 1171 ﬁdelis
1616 1115 1699 1170 sui
1731 1134 1743 1170 :

149 1206 432 1263 sicutista
457 1206 577 1278 ipsa
606 1206 664 1263 in
694 1205 964 1279 principio
993 1207 1155 1280 hujus
1176 1207 1364 1280 hymni
1386 1209 1461 1264 ait
1499 1228 1511 1263 :
1543 1208 1748 1264 exalta-

150 1306 274 1352 tum
298 1306 376 1353 est
419 1313 583 1355 cornu
609 1314 783 1352 meum
820 1298 879 1353 in
930 1296 1041 1353 Deo
1098 1300 1263 1353 meo?
1299 1298 1503 1355 Omnes
1549 1299 1748 1371 quippe

150 1399 355 1447 unctos
397 1390 516 1464 ejus
554 1391 849 1449 chrismate
898 1398 1044 1449 recte
1082 1391 1328 1448 Christos
1353 1407 1641 1465 possumus
1668 1393 1746 1449 di-

150 1496 310 1538 cere.
343 1480 497 1551 Quod
542 1489 724 1543 tamen
753 1490 925 1539 totum
958 1499 1083 1538 cum
1132 1499 1230 1539 suo
1285 1485 1465 1554 capite
1512 1500 1743 1556 corpus,

149 1586 305 1627 unus
330 1578 417 1629 est
443 1570 712 1627 Christus.
738 1568 864 1628 Haec
896 1571 1053 1628 Anna
1087 1575 1433 1644 prophetavit
1477 1574 1746 1631 Samuelis

152 1673 363 1730 mater,
392 1665 569 1720 sancti
619 1664 749 1733 viri,
778 1666 1116 1738 multumque
1138 1668 1361 1723 laudati.
1394 1664 1455 1724 In
1485 1684 1593 1742 quo
1620 1668 1744 1739 qui-

152 1756 289 1811 dem
322 1764 446 1811 tunc
474 1757 705 1828 ﬁgurata
727 1766 812 1814 est
837 1759 1069 1815 mutatio
1096 1758 1298 1816 veteris
1336 1760 1660 1827 sacerdotii,
1691 1768 1748 1817 et

1846 651 1947 704 tias
1990 650 2158 705 omnis
2179 648 2427 719 sacrificii
2460 648 2632 704 Israel
2659 651 2839 723 populi
2864 654 2969 708 mei
2985 654 3012 709 2
3050 665 3325 727 propterea
3352 658 3433 712 ait

1847 738 2103 794 Dominus
2123 739 2263 794 Deus
2292 737 2481 794 Israel.
2506 738 2745 811 Loquens
2772 741 2979 799 locutus
2999 760 3137 812 sum,
3166 755 3223 801 ut
3243 746 3431 802 domus

1847 839 1958 898 tua,
1991 839 2040 885 et
2064 832 2249 887 domus
2277 834 2443 903 patris
2474 833 2551 886 tui
2576 832 2977 891 ministraretin
2997 846 3275 908 conspectu
3316 854 3433 894 meo

1847 938 2007 996 usque
2030 926 2086 979 in
2112 925 2503 996 sempiternum.
2542 925 2699 981 Nunc
2726 936 2905 982 autem
2954 928 3083 999 dicit
3128 929 3387 987 Dominus
3411 946 3430 985 :

1847 1016 1981 1070 absit
2005 1032 2037 1069 a
2077 1031 2156 1069 me
2175 1015 2273 1069 hoc
2304 1032 2316 1069 :
2346 1015 2436 1069 sed
2465 1017 2759 1088 quicunque
2786 1016 3161 1089 gloriﬁcaverit
3186 1036 3289 1089 me,
3320 1022 3434 1094 glo-

1849 1106 2063 1177 riﬁcabo
2091 1122 2250 1161 eam:
2279 1108 2369 1178 qui
2398 1116 2574 1161 autem
2599 1117 2933 1165 contemnunt
2966 1128 3070 1178 me,
3101 1124 3253 1168 erunt
3278 1116 3434 1187 igno-
3493 1128 3501 1137 '

1848 1197 1996 1252 biles.
2024 1196 2161 1253 Ecce
2197 1197 2310 1252 dies
2331 1199 2564 1264 ueniunt,
2586 1208 2633 1253 et
2654 1201 2941 1270 prazcidam
2966 1202 3236 1259 brachium
3260 1212 3429 1272 tuum,

1847 1300 1894 1343 et
1925 1291 2195 1345 brachium
2240 1290 2426 1344 domus
2454 1291 2621 1360 patris
2656 1292 2755 1357 tui,
2786 1301 2845 1345 ut
2901 1304 3009 1348 non
3054 1295 3127 1349 sit
3175 1311 3335 1351 senest
3376 1298 3436 1351 in

1847 1381 1999 1435 domo
2052 1391 2166 1447 tua,
2212 1390 2261 1435 et
2314 1380 2510 1435 videbis
2568 1379 2842 1437 Christum
2888 1385 3140 1441 amulum
3167 1395 3340 1453 tuum,
3377 1388 3436 1441 in

1846 1471 2035 1543 templo
2054 1474 2109 1526 in
2134 1474 2376 1529 omnibus
2417 1477 2679 1548 prosperis
2719 1476 2911 1545 Israel,
2937 1488 2987 1533 et
3014 1496 3117 1534 non
3145 1482 3242 1535 erit
3274 1496 3437 1535 sem

1846 1562 1901 1615 in
1942 1562 2097 1618 domo
2142 1573 2235 1618 tua
2287 1565 2344 1619 in
2373 1567 2613 1621 omnibus
2650 1568 2852 1623 diebus.
2912 1567 3284 1625 Verumtamen
3326 1586 3433 1627 non

1847 1654 2087 1724 auferam
2122 1658 2329 1725 penitus
2356 1659 2528 1712 virum
2570 1675 2636 1714 es:
2679 1669 2730 1714 te
2776 1660 2841 1714 ab
2886 1659 3045 1714 altari
3070 1676 3206 1728 meo,
3230 1661 3324 1716 sed
3378 1670 3435 1715 ut

1846 1745 2093 1814 aeﬁciant
2115 1746 2256 1800 oculi
2280 1748 2379 1813 tui,
2407 1758 2455 1801 et
2484 1748 2715 1805 tabescat
2743 1752 2922 1806 anima
2950 1760 3064 1816 tua,
3088 1761 3136 1806 et
3171 1767 3295 1823 pars
3322 1769 3437 1806 nsa-

151 1865 309 1905 nunc
334 1849 551 1922 impleta
578 1852 835 1923 quoniam
865 1852 1139 1909 inﬁrmata
1184 1862 1295 1920 est,
1339 1870 1457 1925 quae
1485 1855 1654 1910 multa
1688 1854 1745 1911 in
1771 1849 1819 1910 B
1846 1855 1952 1908 9"“
2007 1839 2194 1894 dum“
2223 1850 2329 1895 ταίε
2371 1843 2646 1908 morm".
2692 1860 2811 1898 σωκ
2856 1845 2925 1898 σά
2978 1845 3185 1900 vim
3228 1856 3438 1901 ωεαίεηῑ

149 1940 288 2010 ﬁliis
317 1950 461 2009 erat,
486 1949 544 1997 ιιι
561 1957 761 2003 novum
794 1944 1022 2001 haberet
1046 1945 1100 1998 in
1117 1942 1337 2001 Christo
1375 1946 1741 2001 sacerdotium

150 2031 376 2099 sterilis,
407 2050 522 2105 qua:
542 2036 740 2106 peperit
764 2046 975 2107 septem.
1006 2036 1122 2094 Hoc
1150 2036 1421 2094 canticum
1444 2037 1601 2108 juxta
1624 2055 1748 2110 sep-

153 2122 405 2193 tuaginta
450 2124 810 2197 interpretum
861 2127 1275 2185 translationem
1308 2128 1551 2186 inserere
1593 2146 1745 2187 com-

151 2213 304 2283 pulsi
330 2231 515 2271 sumus
547 2230 597 2284 ι,
631 2225 745 2273 uta
766 2218 929 2274 beato
955 2219 1255 2292 Augustino
1280 2222 1590 2294 expositum
1621 2230 1704 2278 est
1729 2241 1744 2291 ;

150 2320 261 2376 pro
289 2321 355 2361 eo
381 2308 525 2377 quod
552 2308 605 2362 in
636 2309 753 2379 ipsa
800 2310 1157 2368 translatione
1185 2313 1535 2384 ampliorem,
1567 2322 1624 2370 et
1655 2329 1749 2370 ve-

154 2398 365 2455 riorem
394 2400 636 2456 continet
658 2403 948 2459 historiam
972 2404 1022 2459 δ.
1533 2409 1542 2419 ’

237 2509 259 2545 t
284 2491 498 2550 Interea
530 2495 684 2567 (Cap.
716 2496 771 2551 2.
806 2514 852 2552 υ.
882 2496 997 2570 i8.)
1023 2495 1239 2554 Samuel
1301 2510 1412 2556 erat
1437 2501 1747 2556 ministram

154 2585 219 2641 in
276 2585 466 2657 templo
515 2587 615 2642 Dei
668 2590 932 2645 accinctus
980 2588 1153 2662 Ephot
1202 2591 1369 2663 (Cap.
1420 2593 1472 2648 i.
1518 2594 1605 2648 12.
1655 2593 1746 2649 18.

154 2692 348 2732 rursus
370 2676 483 2752 i‘l).
511 2677 682 2736 Porro
703 2680 798 2735 ﬁlii
825 2680 944 2737 Heli
978 2682 1160 2737 divina
1189 2683 1455 2740 sacriﬁcia
1483 2692 1749 2740 temeran-

159 2776 247 2825 tes
290 2770 595 2841 peccabant
643 2787 830 2828 coram
858 2774 1121 2840 Domino;
1176 2784 1233 2830 et
1285 2776 1601 2831 deridebant
1650 2789 1749 2848 per

156 2876 259 2919 eos
309 2862 466 2919 multi
502 2863 831 2920 sacrificium
866 2865 963 2920 Dei
1001 2865 1127 2939 (Ibi.
1175 2883 1225 2922 υ.
1255 2866 1344 2931 27,
1368 2877 1417 2921 et
1453 2867 1657 2939 subseq.
1695 2877 1747 2923 et

158 2967 348 3007 rut-sus
374 2968 490 3024 cap.
519 2952 576 3008 2.
608 2970 658 3009 υ.
690 2953 776 3021 il,
800 2964 849 3010 et
870 2955 1121 3028 subseq.).
1152 2956 1303 3013 Unde
1347 2956 1466 3011 Heli
1493 2958 1748 3016 sacerdos

156 3058 263 3117 pro
288 3056 475 3102 eorum
504 3045 792 3117 iniquitate
820 3048 1108 3105 damnatus
1142 3058 1227 3105 est
1252 3049 1409 3122 (Cap.
1435 3051 1488 3105 2.
1533 3051 1651 3118 25.,
1695 3061 1748 3106 et

158 3136 418 3211 subseq.),
465 3138 610 3208 quod
642 3154 741 3196 eos
792 3149 1083 3214 peccantes
1136 3142 1318 3198 minus
1382 3157 1573 3200 severa
1630 3145 1747 3201 ani-

1845 1930 2041 1982 venerit
2068 1943 2085 1983 :
2109 1930 2206 1984 hoc
2228 1940 2402 1984 autem
2434 1934 2533 1986 erit
2575 1933 2668 1988 tibi
2698 1935 2942 2005 signum,
2972 1936 3112 2006 quod
3159 1946 3439 1991 uenturum

1847 2028 1921 2072 est
1949 2019 2154 2075 duobus
2177 2022 2305 2091 ﬁliis
2331 2023 2435 2077 tuis
2461 2022 2609 2093 Ofni,
2635 2034 2683 2079 et
2707 2023 2757 2077 ιε
2759 2026 2920 2080 iaces.
2952 2026 3023 2080 In
3053 2027 3138 2081 die
3178 2044 3283 2081 uno
3329 2044 3442 2082 mo—

1848 2111 2051 2166 rientur
2070 2114 2246 2182 ambo,
2289 2126 2337 2170 et
2377 2117 2643 2173 suscitabo
2693 2120 2823 2173 milii
2851 2120 3175 2175 sacerdotem
3201 2119 3437 2190 ﬁdelem,

1847 2204 1937 2274 qui
1949 2203 2110 2274 juxta
2138 2222 2231 2260 cor
2251 2224 2447 2274 nicum,
2472 2219 2522 2263 et
2551 2211 2787 2266 animam
2811 2227 2982 2266 meum
3001 2212 3187 2281 faciat.

1923 2315 1944 2347 ι
1982 2295 2100 2353 Non
2132 2307 2219 2353 est
2244 2308 2303 2353 ut
2324 2301 2537 2355 dicatur
2564 2303 2669 2357 ista
2690 2304 3000 2373 prophetia,
3026 2303 3120 2363 ubi
3143 2302 3440 2361 sacerdotii

1849 2391 2051 2446 veteris
2080 2397 2231 2446 tanta
2257 2392 2703 2450 maniiestatione
2733 2395 3095 2467 praenuntiata
3126 2404 3213 2451 est
3256 2402 3439 2450 muta-

1848 2485 1945 2552 tio,
1978 2487 2035 2540 in
2060 2485 2316 2542 Samuele
2341 2488 2510 2544 fuisse
2544 2491 2816 2561 completa
2862 2509 2875 2545 :
2932 2505 3245 2562 quanquam
3293 2490 3461 2546 enim—

1849 2585 1996 2632 esset
2018 2577 2086 2633 de
2109 2578 2213 2633 alia
2245 2579 2389 2634 tribu
2415 2580 2655 2647 Samuel,
2682 2597 2848 2653 quam
2868 2597 2990 2652 quae
3015 2584 3310 2641 constituta
3324 2582 3446 2637 iue-

1854 2679 2002 2726 rata
2036 2670 2285 2739 Domino,
2322 2681 2380 2727 ut
2408 2674 2639 2729 serviret
2665 2673 2845 2740 altari,
2870 2682 3054 2729 tamen
3082 2688 3190 2728 non
3216 2680 3337 2729 erat
3374 2673 3444 2728 de

1850 2761 1979 2818 ﬁliis
2003 2760 2207 2831 Aaron,
2233 2763 2391 2833 cujus
2426 2765 2717 2836 progenies
2758 2764 2941 2820 fuerat
2970 2765 3251 2835 deputata,
3294 2763 3443 2825 unde

1850 2854 2047 2912 ﬁerent
2070 2858 2404 2913 sacerdotes.
2433 2857 2511 2913 Ac
2534 2872 2635 2929 per
2660 2860 2765 2913 hoc
2792 2858 2850 2913 in
2868 2873 2934 2914 ea
2966 2870 3183 2929 quoque
3234 2872 3296 2912 re
3344 2872 3443 2928 ge-

1850 2956 1936 3004 sta
1964 2952 2156 3005 eadem
2196 2950 2447 3017 mutatio,
2473 2964 2595 3020 quae
2629 2964 2729 3021 per
2750 2949 3028 3007 Christum
3059 2949 3236 3009 Itestim
3256 2948 3442 3004 futura

1850 3040 2050 3108 fuerat,
2073 3042 2392 3097 adumbrata
2412 3050 2499 3098 est
2522 3056 2535 3097 :
2558 3050 2613 3098 et
2640 3043 2709 3098 ad
2732 3050 2889 3099 vetus
2911 3050 3298 3098 testamentum
3314 3054 3442 3111 pro.

1849 3131 1990 3202 prie,
2022 3131 2251 3202 ﬁgurate
2280 3146 2410 3187 vero
2433 3132 2745 3203 pertinebat
2780 3134 2848 3188 ad
2883 3147 3084 3188 norum
3106 3149 3125 3185 ς
3158 3131 3441 3202 prophetia

156 3210 542 3284 madversione
557 3210 831 3302 plectebat
857 3243 905 3285 ο.
929 3230 997 3287 Et
1016 3233 1235 3302 quidem
1255 3236 1519 3301 coercuit,
1554 3244 1611 3291 et
1634 3237 1748 3307 qui-

1855 3220 1982 3278 iacti
2003 3223 2169 3279 etiam
2198 3225 2332 3295 ipsa,
2362 3240 2470 3280 non
2498 3225 2682 3290 verbi;
2737 3226 2791 3280 id
2816 3224 3029 3281 scilicet
3052 3224 3198 3279 facto
3224 3224 3439 3297 signiti-

159 3317 295 3374 dem
317 3317 595 3390 corripuit,
624 3320 721 3377 sed
740 3321 983 3390 lenitate,
1016 3332 1073 3379 et
1097 3325 1511 3382 mansuetudine
1547 3329 1746 3398 patris,

154 3423 275 3465 non
316 3412 636 3479 severitate,
672 3420 732 3469 et
772 3416 1101 3472 auctoritate
1141 3416 1432 3488 pontiﬁcis.
1465 3418 1582 3486 Qua
1628 3434 1747 3479 sen-

156 3505 335 3563 tentia
367 3507 916 3566 tiscantsacerdotes
952 3512 1225 3581 quomodo
1265 3520 1488 3582 propter
1516 3512 1750 3573 ﬁliorum

154 3593 353 3663 vitam,
396 3596 479 3669 (id
496 3605 585 3654 est
611 3608 836 3671 propter
882 3599 1093 3657 scelera
1148 3601 1354 3675 populi)
1405 3603 1745 3674 puniantur:

154 3687 367 3757 quique
382 3688 571 3757 etiarn,
594 3690 846 3761 quamvis
870 3693 1044 3750 sancti
1063 3692 1196 3759 sint,
1227 3693 1385 3764 culpa
1408 3706 1589 3753 tamen
1616 3697 1746 3753 sub-

155 3778 424 3843 ditorum,
451 3778 684 3848 eisdem,
710 3782 763 3837 si
802 3798 911 3839 non
931 3793 1243 3849 coerceant.
1277 3793 1561 3856 reputatur
1587 3785 1744 3860 (Cap.

100 3924 117 3937 ,
154 3867 218 3922 2.
242 3884 292 3923 ν.
321 3867 413 3923 27.
441 3877 548 3926 etc.

238 3979 259 4013 ι
304 3960 417 4018 Sed
432 3963 541 4019 hoc
561 3962 591 4011 σι
614 3964 920 4025 evidentius
944 3966 1015 4022 ad
1042 3967 1222 4039 ipsum
1245 3965 1365 4023 Heli
1402 3967 1742 4027 sacerdotem

154 4052 367 4111 missus
404 4054 648 4126 loquitur
691 4059 855 4115 homo
908 4060 1028 4126 Dei,
1084 4058 1237 4130 cujus
1283 4061 1503 4132 quidem
1552 4076 1750 4119 nomen

154 4152 400 4212 tacetur,
437 4149 534 4204 sed
560 4148 882 4221 intelligitur
925 4150 1125 4218 cilicio,
1175 4151 1587 4223 ministerioque
1627 4167 1747 4220 suo,

152 4238 284 4294 sine
308 4239 643 4299 dubitatione
684 4258 807 4300 esse
835 4245 1099 4315 propheta
1134 4264 1147 4300 :
1181 4245 1293 4309 Sic,
1314 4246 1458 4304 enim
1485 4247 1749 4319 scriptum

151 4339 246 4386 est
287 4341 336 4384 ο.
373 4329 519 4387 Venit
541 4343 719 4391 autem
751 4336 834 4392 vir
864 4335 962 4391 Dei
985 4336 1054 4391 ad
1095 4335 1238 4405 Heli,
1275 4351 1325 4393 et
1355 4338 1429 4393 ait
1473 4339 1542 4394 ad
1567 4356 1686 4395 eum
1729 4354 1749 4393 :

154 4425 278 4478 hcc
317 4425 446 4479 dicit
487 4425 766 4483 Dominus.
820 4425 1076 4498 Nunquid
1116 4445 1221 4484 non
1267 4438 1444 4500 aperte
1492 4429 1748 4485 revelatus

151 4535 281 4573 sum
305 4519 485 4574 domui
508 4522 674 4592 patris
703 4523 804 4589 tui,
833 4538 952 4577 cum
980 4533 1110 4578 esset
1140 4523 1195 4579 in
1224 4522 1456 4593 /Egypto
1509 4523 1565 4577 in
1594 4523 1749 4577 domo

1849 3330 1998 3381 cans,
2020 3316 2170 3386 quod
2190 3317 2358 3372 verbo
2392 3319 2464 3374 ad
2486 3318 2604 3373 Heli
2630 3318 2974 3376 sacerdotem
3002 3317 3208 3373 dictum
3234 3324 3323 3373 est
3340 3326 3442 3388 per

1844 3407 2189 3478 prophetam.
2233 3407 2369 3464 Nam
2408 3408 2630 3464 fuerunt
2668 3416 2858 3480 postea
2895 3409 3206 3464 sacerdotes
3229 3422 3299 3463 ex
3340 3422 3441 3479 ge-

1849 3516 1979 3555 nere
2006 3499 2191 3557 Aaron
2222 3518 2238 3558 :
2266 3502 2408 3558 sicut
2450 3501 2662 3558 Sadoch
2699 3501 2807 3575 (II.
2835 3501 2967 3573 Reg.
3000 3502 3088 3557 iii.
3127 3501 3220 3556 ad.
3250 3508 3341 3557 etc
3369 3501 3436 3575 .),

1847 3592 2190 3651 etAbiathar
2211 3593 2286 3668 (I.
2319 3594 2450 3666 Reg.
2493 3596 2582 3663 20,
2623 3605 2672 3651 et
2703 3595 2792 3651 22.
2824 3595 3033 3651 Rursus
3080 3594 3169 3653 22.
3196 3594 3249 3663 6,
3301 3604 3349 3650 et
3383 3595 3437 3650 9.

1847 3686 1938 3753 50,
1970 3685 2021 3741 7.
2051 3685 2138 3743 II.
2176 3687 2309 3760 Reg.
2354 3688 2442 3744 15.
2475 3687 2565 3746 Si.
2589 3688 2721 3761 etc.)
2744 3696 3008 3760 regnante
3040 3688 3234 3757 David,
3262 3700 3316 3747 et
3346 3689 3441 3747 alii

1846 3780 2105 3851 deinceps
2126 3789 2418 3851 antequam
2444 3789 2658 3852 tempus
2676 3782 2906 3846 veniret,
2932 3796 3040 3851 quo
3059 3782 3185 3847 ista,
3229 3796 3350 3851 quae
3373 3782 3444 3838 de

1848 3877 2155 3932 sacerdotio
2190 3875 2451 3931 mutando
2476 3881 2628 3933 tanto
2673 3882 2800 3933 ante
2817 3874 3076 3945 praedicta
3102 3882 3254 3940 sunt,
3300 3872 3442 3931 edici

1847 3982 1947 4037 per
1994 3967 2273 4024 Christum
2324 3968 2631 4036 oportebat.
2689 3966 2822 4034 Quis
2858 3975 3046 4029 autem
3098 3966 3244 4025 ﬁdeli
3298 3982 3444 4027 nunc

1850 4056 2007 4112 oculo
2037 4059 2152 4113 haec
2174 4059 2388 4113 intuens
2421 4072 2527 4113 non
2574 4058 2756 4113 videat
2796 4072 2918 4123 esse
2955 4058 3259 4130 completa?
3297 4057 3442 4127 Quo-

1851 4151 2000 4207 niam
2041 4151 2263 4223 quidem
2320 4150 2526 4213 nullum
2573 4151 3002 4219 tabernacnlum,
3049 4152 3258 4215 nullum
3305 4160 3442 4211 tem-

1850 4245 2021 4316 plum,
2073 4244 2280 4303 nullum
2318 4245 2510 4316 altare,
2564 4245 2772 4305 nullum
2815 4245 3165 4314 sacriﬁcium,
3208 4254 3263 4302 et
3319 4246 3442 4301 ideo

1855 4354 1957 4395 nec
1987 4338 2129 4397 ullus
2160 4339 2415 4399 sacerdos
2464 4340 2726 4395 remansit
2746 4339 2961 4413 iudicis,
3008 4341 3222 4413 quibus,
3269 4347 3329 4395 ut
3375 4339 3442 4395 de

1852 4432 2062 4487 semine
2086 4430 2270 4486 Aaron
2308 4430 2671 4500 ordinaretur,
2710 4432 2765 4486 in
2794 4430 3106 4489 Dei.fuerat
3131 4431 3247 4503 lege
3291 4445 3444 4487 man-

1853 4524 2059 4578 datum.
2088 4521 2243 4590 Quod
2268 4531 2323 4578 et
2352 4523 2443 4579 hic
2467 4532 2950 4595 commemoratum
2973 4531 3072 4589 est,
3105 4522 3195 4577 illo
3229 4522 3444 4578 dicente

157 4610 488 4679 Pharaonis,
510 4622 562 4667 et
582 4613 713 4685 elegi
743 4631 859 4669 eum
882 4631 949 4671 ex
984 4616 1126 4670 omni
1148 4614 1319 4674 Israel
1341 4616 1469 4670 mihi
1490 4617 1544 4669 in
1571 4632 1746 4670 sacer—
1771 4613 1826 4675 D
1851 4613 2111 4684 propheta
2141 4610 2294 4685 (Cap.
2331 4613 2384 4667 2.
2415 4631 2462 4670 υ.
2486 4613 2624 4687 '50.).
2669 4613 2801 4671 [hac
2825 4614 2952 4671 dicit
2983 4608 3238 4667 Dominus
3255 4653 3269 4679 ,
3301 4606 3442 4667 Deus

153 4704 363 4769 dotem,
392 4714 449 4758 ut
473 4704 769 4760 ascenderet
789 4706 858 4760 ad
880 4705 1049 4761 altare
1078 4722 1272 4773 meum,
1293 4714 1339 4760 et
1366 4704 1599 4760 adoleret
1621 4704 1749 4761 mihi

152 4797 462 4863 incensum,
491 4807 540 4852 et
564 4807 796 4869 portaret
824 4798 1011 4872 Ephod
1039 4816 1217 4859 coram
1240 4800 1360 4857 me?
1395 4799 1462 4855 Et
1491 4800 1612 4859 dedi
1641 4799 1751 4854 Do-

156 4888 280 4941 mni
328 4891 491 4958 patris
515 4891 615 4956 tui,
646 4891 822 4945 omnia
864 4889 929 4944 de
963 4890 1242 4959 sacriﬁciis
1269 4890 1503 4958 ﬁliorum
1533 4889 1707 4945 Israel
1731 4892 1755 4945 ?

160 4978 353 5044 Quare
405 4979 543 5034 calce
604 4982 868 5052 abjecistis
914 4981 1181 5038 victimam
1224 4998 1414 5050 meam,
1443 4990 1492 5037 et
1532 4998 1755 5037 munera

244 5150 269 5179 υ
302 5134 694 5212 Et_Cantieu_m
750 5140 951 5212 ipsum,
982 5147 1042 5212 et
1078 5140 1471 5212 expositionem
1528 5142 1646 5212 ejus
1688 5142 1757 5197 ab

157 5207 509 5283 Augustino“
525 5207 816 5283 prolatamp
836 5209 1002 5283 [quod
1022 5209 1136 5279 jam
1148 5207 1300 5283 dixi]
1355 5212 1522 5267 habes
1557 5207 1756 5283 'Capite

157 5276 437 5351 ινριλξιπξ
469 5276 631 5334 XVII.
667 5281 734 5351 de
778 5276 1039 5347 Ci'vitate,
1062 5282 1206 5351 quod
1226 5276 1479 5338 consulas
1531 5276 1690 5338 velim
1739 5301 1752 5338 :

160 5347 463 5424 exscripsit
486 5352 632 5424 enim
670 5349 930 5424 Claudius
956 5352 1026 5424 ad
1051 5347 1305 5423 magnam
1352 5363 1583 5422 partem,
1634 5370 1757 5424 qua}

157 5418 508 5488 Augustinus
532 5421 651 5476 loco
682 5422 783 5477 hoc
806 5423 1042 5477 edocuit.

245 5488 275 5527 ιι
309 5490 439 5556 Quae
477 5499 776 5563 sequuntur
800 5492 867 5547 ad
891 5493 1143 5549 versiculi
1174 5492 1335 5563 hujus
1356 5495 1759 5563 interpretatio-

160 5572 302 5615 nem
359 5576 427 5615 ex
478 5561 684 5618 Isidoro
714 5562 792 5635 [in
832 5564 1011 5620 locum
1061 5561 1257 5635 hunc]‘
1291 5561 1573 5636 desumpta
1633 5572 1760 5622 sunt

276 5645 418 5687 rsus.
458 5670 463 5677 ι

158 5642 275 5789 pr?
303 5701 539 5789 'é‘dditur
558 5705 744 5789 nescio
770 5722 871 5761 cur
901 5724 915 5761 :
947 5706 1302 5789 meruisset-sim

243 5769 275 5813 ἀ
303 5771 369 5827 Εἰ
390 5776 692 5848 versionem
708 5777 881 5848 hanc,
907 5785 963 5833 et
986 5778 1132 5833 illius
1148 5776 1648 5848 interpretationem
1676 5787 1761 5833 to-

1855 4704 2027 4760 Israel
2058 4703 2077 4743 ί
2107 4722 2122 4763 t
2153 4703 2392 4777 Loquens
2435 4705 2640 4763 locutus
2687 4722 2823 4771 sum,
2856 4715 2911 4759 ut
2931 4704 3117 4759 domus
3142 4702 3328 4775 patris.
3363 4703 3443 4758 tui

1854 4798 2173 4852 ministraret
2196 4797 2252 4852 in
2281 4808 2557 4871 conspectu
2585 4816 2697 4853 meo
2715 4814 2876 4869 usque
2892 4796 2948 4850 in
2972 4805 3248 4852 (sternunt.
3282 4794 3441 4851 Nunc

1857 4900 2032 4943 autem
2058 4890 2185 4945 dicit
2214 4890 2471 4945 Dominus
2495 4904 2513 4942 :
2536 4890 2670 4945 absit
2697 4890 2794 4943 hoc
2814 4907 2845 4942 a
2868 4904 2949 4943 me
2981 4904 2998 4942 :
3028 4886 3118 4942 sed
3145 4887 3442 4959 quicunque

1855 4980 2229 5052 gloriﬁcaverit
2260 4998 2363 5049 me,
2386 4980 2694 5054 gloriﬁcabo
2715 4996 2853 5041 eum.
2885 4978 2991 5045 Qui
3020 4988 3194 5041 autem
3219 4989 3444 5037 contem-

1860 5151 1982 5208 cro,
2016 5134 2280 5208 CaputV.
2314 5135 2462 5190 Libri
2483 5136 2626 5208 (XVI.
2677 5133 3022 5208 de_Civitate.
3056 5133 3443 5208 Yet'bagAltgll-

1858 5207 1990 5261 stini
2042 5206 2257 5263 lineolis
2312 5207 2524 5273 notavi,
2572 5216 2631 5261 ut
2678 5205 2886 5261 scilicet
2936 5214 3197 5276 agnoscat
3246 5205 3440 5273 lector,

1859 5286 2123 5347 quantum
2150 5294 2216 5332 ex
2270 5278 2559 5348 Augustini
2610 5276 2905 5348 profecerit
2932 5277 3208 5348 Claudius.

1936 5359 1958 5387 ο
1990 5349 2065 5402 ibi
2087 5348 2316 5403 multum
2336 5346 2403 5401 ab
2424 5346 2729 5418 Augustini,
2765 5362 2925 5418 quem
2957 5347 3211 5409 Claudius
3236 5346 3441 5405 exscri-

1858 5418 1958 5495 bit,
2012 5419 2461 5495 intupretatione
2496 5418 2700 5495 _diti'er_t
2737 5434 2819 5490 ea,
2870 5434 3031 5495 quam
3074 5419 3169 5495 hic
3198 5419 3444 5488 sequitur

1862 5489 2004 5544 idem
2032 5486 2308 5555 Claudius,
2337 5499 2390 5543 et
2410 5487 2633 5560 Vulgata
2663 5486 2777 5545 fere
2803 5486 2926 5560 est:
2952 5491 3035 5553 Au
3070 5492 3123 5546 in
3148 5486 3444 5560 aniauueu-j

1862 5576 1999 5625 sem,
2029 5575 2097 5611 an
2119 5560 2368 5632 potiusiu
2391 5557 2671 5615 Claudium
2694 5562 2868 5632 ipsum
2885 5558 2940 5619 id
2958 5570 3044 5623 est
3063 5557 3444 5621 referendum?

1862 5631 2105 5702 Aliorum
2149 5629 2412 5702 judicium
2447 5629 2730 5702 exspecto;
2892 5632 2897 5635 ’

1944 5698 2161 5778 [Νωιι.
2308 5702 2391 5778 12.
2411 5702 2512 5778 Δ15.
2540 5698 2676 5778 Ecce
2699 5704 2766 5761 do
2786 5707 2836 5761 ei
2873 5702 3126 5778 [Phineas
3151 5701 3262 5761 ﬁlio
3288 5699 3444 5759 Elea-

1865 5769 2000 5855 zaﬁri]
2028 5788 2210 5853 pacem
2240 5772 2448 5855 [φάει-ἔκ
2481 5774 2630 5855 mci_:
2670 5785 2718 5855 et
2760 5778 2857 5832 erit
2873 5769 2994 5855 "tam
3015 5772 3135 5846 ipsi,
3172 5788 3330 5846 quam
3360 5787 3441 5826 se-

163 5852 289 5901 ιιω
336 5846 624 5917 exscripsit
660 5847 914 5905 Claudius
938 5865 1007 5905 ex
1035 5845 1373 5920 Augustino:
1408 5850 1559 5915 Vide,
1606 5852 1765 5905 obse-
1868 5845 1993 5900 mini
2032 5845 2168 5912 ejus,
2194 5853 2402 5915 pactum
2426 5845 2704 5901 sacerdotii
2730 5847 3126 5919 sempiternum:
