3940 6340
509 303 612 357 647
1578 302 1856 362 CLAUDII
1893 300 2355 361 TAURINENSIS
2393 300 2702 363 EPISCOPI
3707 305 3802 365 6&8

505 428 637 475 nunt
671 430 774 484 me,
801 425 955 472 erunt
978 416 1231 489 ignobiles
1250 428 1300 471 ει.
1346 417 1501 487 Quod
1523 420 1667 476 enim
1714 418 1958 476 nominat
1996 420 2091 475 do-
2116 418 2170 480 Α
2195 417 2401 485 Tbaat,
2448 417 2544 472 ﬁlii
2592 416 2760 487 Asir»,
2811 412 2908 471 ﬁlii
2950 413 3249 486 Abiasaph,
3297 414 3393 472 ﬁlii
3435 413 3667 483 Cbore,
3722 416 3806 475 ﬁlii

504 525 655 568 mum
682 509 856 581 patris
884 511 1024 582 ejus,
1057 526 1164 567 non
1192 511 1259 567 de
1280 513 1534 583 proximo
1575 520 1732 584 patre
1757 512 1962 581 dicere,
1994 514 2090 570 sed
2188 508 2359 576 ἰδίην,
2405 508 2500 564 ﬁlii
2547 507 2719 565 Caath
2744 550 2759 575 ,
2804 508 2901 564 ﬁlii
2939 507 3092 574 Levi,
3136 508 3231 563 ﬁlii
3260 507 3453 575 lsrael,
3506 517 3579 563 ut
3646 508 3806 566 verba

502 604 571 660 de
596 603 689 659 illo
710 604 915 671 Aaron,
949 604 1044 675 qui
1064 604 1276 674 primus
1302 606 1558 662 sacerdos
1585 614 1668 662 est
1690 607 1993 673 institutus,
2023 607 2091 665 de
2189 600 2399 657 dierum
2442 610 2690 657 narrant.
2740 600 2822 656 lla
2868 600 3136 656 mediator
3180 599 3316 666 Diti.
3358 608 3414 656 el
3468 600 3804 671 hominum,

499 695 653 767 cujus
677 698 937 770 progenie
964 699 1148 754 caeteri
1177 707 1494 770 sequentur,
1527 701 1810 772 superiora
1860 700 2087 755 demon-

498 798 679 847 strant
720 791 813 846 ubi
872 790 950 845 ait
1001 789 1164 863 (E30.
1196 792 1250 847 4.
1282 791 1372 849 28.
1420 809 1471 847 υ.
1513 792 1565 846 1.
1599 791 1731 864 etc.)
1762 810 1776 845 :
1810 790 2087 846 Revelatus

494 900 615 939 sum
640 882 824 938 domui
862 884 1029 956 patris
1057 884 1156 951 tui,
1193 901 1314 939 cum
1339 894 1469 940 esset
1499 885 1556 939 in
1583 883 1816 955 zEgypw
1847 885 1904 938 in
1930 884 2086 938 domo

500 974 799 1032 Pharaonis
831 975 976 1048 (Lev.
996 976 1087 1031 21.
1118 976 1208 1031 22.
1237 994 1383 1033 num.
1420 979 1475 1033 '5.
1509 976 1619 1050 10),
1653 987 1703 1031 et
1724 976 1854 1047 elegi
1885 994 2005 1032 eum
2023 994 2087 1032 ea:

494 1068 737 1124 omnibus
797 1068 1035 1125 tribubus
1086 1069 1259 1125 Israel
1306 1071 1435 1125 mihi
1462 1071 1519 1124 in
1562 1071 1903 1125 sacerdotem.
1953 1070 2086 1139 Quis

492 1169 650 1233 pater
678 1160 783 1217 fuit
807 1161 970 1232 hujus
1009 1162 1065 1218 in
1093 1162 1353 1235 Egyptia
1375 1164 1658 1231 servitute,
1698 1164 1842 1220 unde
1869 1180 1993 1221 cum
2019 1165 2086 1220 li-

492 1255 670 1312 berati
699 1265 904 1324 essent,
926 1257 1135 1314 electus
1156 1267 1242 1314 est
1260 1259 1328 1314 ad
1343 1259 1727 1325 sacerdotium,
1745 1258 1849 1314 nisi
1865 1260 2085 1314 Aaron?

492 1345 570 1403 De
590 1346 749 1417 hujus
779 1364 910 1421 ergo
936 1350 1128 1420 stirpe,
1159 1351 1264 1407 isto
1291 1349 1414 1406 loco
1455 1351 1592 1406 dixit
1624 1350 1867 1407 futurum
1892 1350 2079 1417 fuisse,

489 1447 549 1494 ut
573 1455 681 1495 non
705 1449 888 1497 essent
907 1440 1134 1498 ulterius
1162 1442 1476 1498 sacerdotes
1501 1461 1515 1497 :
1544 1444 1686 1514 quod
1702 1444 1817 1515 jam
1838 1442 2083 1499 videmus

488 1528 791 1600 impletum.
822 1530 1019 1604 Vigilet
1047 1533 1205 1599 ﬁdes,
1229 1542 1417 1604 presto
1443 1542 1572 1591 sunt
1597 1551 1688 1592 res
1715 1554 1727 1590 :
1758 1545 2079 1603 cernuntur,

488 1635 768 1693 tenentur,
821 1635 877 1683 et
931 1627 1119 1683 videre
1173 1628 1475 1684 nolentium
1521 1628 1694 1684 oculis
1736 1630 2076 1700 ingeruntur.

486 1717 676 1789 (Num.
705 1718 794 1774 25.
823 1718 908 1774 15.
936 1719 1068 1793 etc.)
1091 1719 1244 1787 Ecce,
1268 1722 1462 1793 inquit,
1488 1722 1601 1776 dies
1625 1724 1855 1789 veniunt,
1876 1731 1923 1775 et
1949 1737 2080 1792 pra:-

2185 703 2249 750 ut
2287 703 2434 751 esset
2461 695 2619 751 nobis
2656 692 2932 761 Pontifex,
2965 708 3072 750 non
3116 692 3183 750 de
3229 692 3381 759 Levi,
3425 694 3529 750 sed
3582 692 3669 751 de
3717 695 3806 752 alia

2185 787 2376 858 utique
2413 788 2581 855 tribu,
2613 788 2669 843 id
2699 795 2785 844 est
2804 786 2962 854 Juda,
2991 787 3177 843 carnis
3209 788 3487 859 originem
3513 789 3803 860 sumpsit:

2187 881 2370 949 aliam,
2411 898 2577 954 quam
2600 883 2833 957 legalem
2862 882 3120 949 hostiam,
3147 882 3205 938 id
3242 890 3327 938 est
3349 882 3531 953 ipsam
3577 897 3806 940 carnem

2186 993 2338 1033 suam
2368 978 2566 1034 obtulit
2609 979 2751 1049 patri
2794 995 2895 1050 pro
2934 977 3092 1033 nobis
3123 993 3140 1031 :
3173 975 3326 1044 alios,
3372 993 3550 1048 quam
3594 976 3679 1032 de
3729 992 3808 1047 ge-

2186 1086 2317 1129 nere
2363 1071 2546 1126 Aaron
2575 1071 2925 1142 pontiﬁcatus
2987 1071 3071 1126 sui
3123 1070 3345 1140 reliquit
3392 1070 3716 1137 heredes,
3756 1071 3807 1127 ﬁ-

2184 1156 2286 1221 lios
2325 1164 2580 1220 videlicet
2615 1165 2806 1237 gratiae
2834 1163 2972 1220 Novi
3017 1163 3353 1220 Testamenti
3409 1165 3483 1221 de
3524 1182 3803 1223 universa

2184 1256 2427 1328 gentium
2470 1257 2693 1312 natione
2730 1255 3011 1312 collectos.
3065 1255 3222 1322 Quod
3261 1272 3428 1324 vero,
3481 1259 3669 1328 quasi
3720 1260 3803 1314 hn-

2182 1365 2347 1406 mano
2375 1365 2527 1405 more
2556 1350 2817 1420 loquens,
2852 1348 2997 1405 Deus
3046 1349 3176 1405 dicit
3199 1348 3347 1423 (Ibi;
3385 1351 3444 1404 id
3467 1361 3550 1406 est
3589 1369 3655 1405 ο.
3682 1352 3802 1423 35):

2182 1440 2273 1512 qui
2309 1439 2472 1510 juxta
2516 1455 2607 1493 cor
2634 1452 2831 1506 meum,
2874 1446 2922 1493 et
2974 1439 3207 1493 animum
3248 1456 3419 1493 meam
3463 1440 3689 1509 faciat,
3750 1442 3803 1497 ὼ

2184 1530 2437 1587 Samuele
2491 1531 2710 1600 quidem
2744 1538 2893 1585 recte
2936 1537 3117 1601 potest
3143 1530 3337 1601 accipi,
3373 1532 3523 1600 quod
3586 1531 3658 1586 in
3704 1547 3801 1587 om-

2181 1625 2342 1682 nibus
2375 1624 2492 1696 ejus
2528 1623 2791 1679 voluntati
2831 1624 2976 1679 sicut
3022 1623 3183 1679 homo
3214 1623 3328 1680 Deo
3377 1625 3680 1694 paruerit,
3725 1626 3799 1681 sed

2182 1719 2384 1772 rectius
2424 1718 2440 1757 ί
2474 1716 2740 1786 accipitur
2780 1716 2849 1772 de
2886 1716 3136 1782 Domino,
3166 1732 3232 1772 ac
3251 1715 3601 1784 'Salvatore,
3668 1718 3797 1787 quod

484 1808 662 1864 cidam
703 1809 977 1865 brachium
1022 1823 1195 1879 tuum,
1220 1825 1268 1867 et
1319 1813 1592 1869 brachium
1636 1813 1823 1868 damus
1863 1822 1988 1878 tute,
2018 1819 2077 1865 ut
2105 1786 2154 1846 Β
2182 1810 2325 1866 sicut
2347 1809 2517 1864 Filius
2546 1806 2855 1878 unigenitus
2897 1806 3295 1878 ipaternorum
3324 1808 3396 1863 sit
3438 1809 3498 1863 in
3528 1809 3797 1863 omnibus

483 1917 586 1955 non
617 1903 683 1957 sit
715 1919 875 1958 senex
903 1904 961 1957 in
986 1904 1143 1959 domo
1170 1915 1287 1972 tua,
1309 1914 1359 1961 et
1387 1906 1582 1961 videbis
1616 1904 1884 1961 Christum
1914 1920 2079 1958 temu-

482 1988 595 2045 lum
622 2001 774 2047 tuum
807 1994 862 2049 in
890 1994 1079 2067 templo
1110 1997 1165 2049 in
1181 1996 1439 2052 universis
1459 1997 1725 2068 prosperis
1751 1996 1809 2049 in
1830 1992 2003 2049 Israel
2024 1994 2073 2048 δ.

480 2079 624 2138 Ecce
649 2084 786 2151 dies,
813 2086 907 2156 qui
931 2087 1280 2155 praenuntiati
1308 2096 1455 2154 sunt,
1479 2086 1595 2156 jam
1635 2092 1922 2141 venerunt.
1955 2082 2080 2138 Nul-

479 2173 567 2231 lus
594 2178 851 2234 sacerdos
877 2180 1180 2236 secundum
1221 2182 1473 2237 ordinem
1499 2180 1685 2236 Aaron
1722 2199 1735 2234 :
1770 2188 1827 2236 et
1854 2180 2079 2250 quicun-

380 2259 388 2265 ’
476 2282 584 2337 que
608 2284 677 2324 ex
696 2271 814 2341 ejus
842 2286 1041 2342 genere
1068 2281 1156 2328 est
1183 2273 1370 2339 homo,
1406 2289 1532 2329 cum
1566 2273 1717 2329 videt
1743 2272 2078 2329 sacriﬁcium

476 2357 912 2417 Christianorum
935 2372 1048 2420 toto
1076 2365 1209 2421 orbe
1225 2365 1453 2436 pollere,
1477 2365 1580 2422 sibi
1603 2374 1787 2421 autem
1811 2364 2077 2421 honorem

480 2448 632 2506 illum
655 2468 780 2509 esse
804 2455 1167 2524 subtractum,
1198 2456 1458 2513 deﬁciunt
1483 2457 1624 2512 oculi
1653 2457 1790 2529 ejus,
1813 2465 1871 2513 et
1891 2455 2080 2513 deﬂuit

475 2541 658 2597 anima
685 2544 804 2614 ejus
833 2544 957 2600 tabe
998 2548 1271 2604 maeroris.
1303 2547 1527 2619 Proprie
1560 2555 1743 2603 autem
1798 2547 1867 2603 ad
1915 2546 2078 2619 hujus

474 2631 697 2690 domum
745 2635 885 2703 Heli,
917 2636 1008 2692 cui
1045 2638 1163 2695 haec
1217 2638 1561 2707 dicebantur,
1610 2639 1757 2710 quod
1808 2640 2073 2710 sequitur,

471 2728 748 2798 pertinet:
791 2728 860 2801 (υ.
891 2729 979 2795 55,
1012 2740 1061 2786 et
1109 2730 1225 2803 54.)
1269 2732 1336 2791 Et
1364 2749 1490 2804 pars
1520 2749 1714 2804 magna
1751 2733 1939 2788 domus
1970 2742 2077 2789 tua!

475 2820 750 2887 morietur,
777 2838 895 2875 cum
920 2823 990 2877 ad
1016 2822 1220 2877 virilem
1246 2832 1453 2879 (etatem
1470 2825 1705 2879 venerint
1732 2838 1750 2877 :
1780 2826 1878 2879 hoc
1897 2833 2076 2880 autem

472 2909 573 2963 erit
602 2910 696 2964 tibi
718 2912 947 2982 signum,
973 2914 1115 2984 quod
1141 2924 1449 2970 eventurum
1476 2925 1553 2971 est
1590 2916 1946 2987 duobusﬁliis
1972 2920 2076 2973 tuis

475 3000 624 3072 Ofni,
654 3013 703 3059 et
731 3003 925 3061 Finees
948 3020 967 3059 :
988 3007 1046 3062 in
1066 3007 1152 3063 die
1179 3024 1284 3062 uno
1306 3009 1600 3064 morientur
1626 3009 1920 3065 ambo.Hoc
1946 3025 2076 3082 ergo

471 3091 688 3165 signum
705 3093 912 3152 factum
930 3105 1018 3153 est
1036 3098 1282 3154 mutandi
1304 3098 1595 3154 sacerdotii
1618 3099 1686 3154 de
1705 3099 1866 3155 domo
1885 3099 2065 3169 hujus,

469 3196 580 3256 quo
626 3186 784 3257 signo
813 3187 1179 3258 signiﬁcatum
1224 3197 1329 3257 est,
1370 3190 1695 3245 mutandum
1737 3190 2068 3247 sacriﬁcium

470 3286 499 3319 α
538 3279 731 3336 domus
758 3280 963 3339 Aaron.
989 3283 1135 3339 Mors
1163 3284 1364 3355 quippe
1393 3283 1630 3339 ﬁliorum
1671 3282 1834 3354 hujus
1855 3284 2067 3356 signiﬁ-

466 3371 617 3429 cavit
643 3382 898 3440 mortem,
938 3391 1049 3431 non
1096 3376 1405 3444 hominum,
1435 3376 1532 3433 sed
1558 3375 1730 3448 ipsius
1773 3378 2065 3435 sacerdotii

471 3461 543 3519 de
567 3463 692 3520 ﬁliis
715 3463 921 3522 Aaron.

550 3600 569 3634 ι
614 3582 766 3650 Quod
799 3592 984 3640 autem
1030 3585 1299 3657 sequitur,
1328 3585 1399 3642 ad
1446 3586 1594 3642 illum
1633 3588 1801 3644 etiam
1827 3587 2065 3659 pertinet

470 3676 832 3746 sacerdotem,
862 3677 1016 3748 cujus
1052 3679 1282 3752 ﬁguram
1303 3681 1470 3753 gessit
1490 3680 1540 3750 ἀ,
1569 3681 1697 3737 huic
1722 3681 2063 3737 succedendo

471 3765 712 3824 Samuel.
732 3770 966 3827 Proinde
986 3788 1108 3843 quae
1131 3782 1431 3843 sequuntur
1443 3775 1511 3831 de
1541 3773 1761 3831 Christo
1776 3774 1904 3831 Jesu
1926 3775 2062 3831 Novi

467 3856 803 3917 Testamenti
826 3878 959 3921 vero
978 3864 1262 3922 sacerdote
1280 3867 1535 3922 dicuntur
1560 3867 1629 3940 (υ.
1646 3866 1760 3940 55).
1786 3866 2061 3923 Suscitabo

466 3952 597 4007 mihi
618 3956 941 4012 sacerdotem
962 3957 1194 4027 ﬁdelem,
1234 3960 1323 4031 qui
1339 3959 1500 4031 juxta
1526 3977 1618 4015 cor
1649 3976 1837 4016 meum.
1877 3969 1925 4015 et
1944 3961 2063 4016 ani-

468 4059 612 4099 mam
640 4062 808 4101 meam
832 4047 1013 4118 faciat.

544 4165 567 4195 ο
604 4174 623 4206 ε
676 4154 788 4212 Sub
835 4156 1008 4230 ﬁgura
1053 4159 1341 4228 Samuelis,
1389 4160 1458 4218 de
1501 4160 1732 4217 Domino
1777 4158 2062 4218 Salvatore

466 4262 680 4305 summo
706 4250 978 4319 videlicet,
1019 4269 1084 4307 ac
1112 4268 1244 4309 vero
1268 4254 1527 4325 pontiﬁce
1572 4254 1735 4310 debet
1775 4253 2003 4326 intelligi
2043 4271 2057 4309 :

473 4339 493 4378 ί
531 4340 623 4411 qui
671 4342 946 4410 nimirum,
1001 4345 1143 4400 sicut
1180 4344 1423 4413 Samuel,
1474 4344 1730 4402 defuncto
1776 4342 1915 4411 Heli,
1941 4360 2062 4402 suc-

467 4434 632 4489 cessit
676 4434 731 4489 in
768 4435 1157 4503 sacerdotium,
1197 4452 1305 4493 non
1344 4438 1410 4494 de
1437 4437 1606 4510 stirpe
1628 4437 1832 4506 Aaron,
1860 4440 1955 4496 sed
1992 4439 2060 4495 de

2186 1900 2442 1957 conscius
2481 1914 2806 1955 arcanorum
2852 1917 2864 1953 :
2895 1899 3053 1971 juxta
3103 1899 3248 1969 quod
3295 1899 3360 1955 de
3397 1915 3461 1955 se
3511 1900 3654 1970 ipse
3698 1916 3797 1955 ma-

2178 1993 2376 2049 nifeste
2417 2000 2664 2060 testatur,
2712 1993 2898 2047 dicens
2928 1991 3039 2063 (Io.
3076 1992 3131 2047 8.
3178 1989 3269 2063 28)
3304 2010 3319 2046 :
3350 1991 3421 2045 Et
3457 2008 3495 2045 a
3542 2008 3650 2047 me
3699 1993 3796 2062 ipsa

2179 2088 2319 2157 facio
2358 2084 2512 2152 nihil,
2546 2085 2638 2140 sed
2688 2085 2823 2140 sicut
2872 2082 3051 2138 docuit
3093 2100 3172 2138 me
3207 2092 3377 2154 pater,
3410 2085 3532 2139 lucc
3576 2082 3790 2157 loquor.

2176 2175 2249 2230 Et
2295 2177 2387 2247 qui
2438 2192 2520 2229 me
2556 2176 2719 2242 misit,
2776 2191 2979 2230 mecum
3019 2184 3135 2241 est,
3177 2182 3225 2229 et
3276 2190 3382 2229 non
3430 2176 3669 2249 reliquit
3727 2194 3795 2231 me

2177 2268 2367 2338 solum,
2397 2270 2524 2341 quia
2548 2285 2666 2341 qua:
2692 2267 2890 2339 placita
2910 2276 3031 2322 sunt
3062 2267 3129 2334 ei,
3156 2267 3295 2337 facio
3315 2284 3549 2339 semper.

2251 2388 2281 2427 ιι
2318 2405 2336 2438 ι
2376 2386 2437 2442 ln
2464 2387 2571 2443 hoc
2589 2401 2722 2442 vero
2756 2386 2902 2457 quod
2939 2386 3018 2441 ait
3044 2384 3228 2441 Deus:
3276 2385 3401 2456 quia
3430 2388 3632 2441 omnia
3680 2405 3788 2459 qua

2176 2484 2234 2538 in
2263 2482 2418 2537 corde
2444 2499 2579 2548 meo,
2610 2491 2658 2537 et
2685 2498 2803 2554 qua:
2830 2483 2886 2536 in
2912 2482 3091 2536 anima
3130 2497 3245 2536 mea
3265 2490 3405 2546 sunt,
3436 2481 3637 2551 faciet,
3690 2500 3787 2538 non

2177 2576 2507 2632 arbitremur
2531 2575 2734 2630 habere
2754 2575 2989 2629 animam
3016 2573 3210 2640 Deum,
3244 2588 3369 2627 cum
3399 2572 3477 2628 sit
3524 2575 3787 2630 conditor

2177 2672 2401 2739 animae;
2432 2671 2528 2727 sed
2557 2672 2631 2726 ita
2652 2670 2720 2726 de
2757 2669 2869 2725 Deo
2899 2670 3126 2741 tropice,
3160 2675 3272 2725 non
3300 2667 3528 2739 proprie
3555 2668 3786 2734 dicitur,

2177 2765 2318 2823 sicut
2352 2779 2566 2831 manus,
2599 2778 2721 2834 pes,
2757 2771 2813 2818 et
2837 2762 2942 2817 alia
2989 2760 3239 2832 corporis
3285 2760 3579 2815 membra:
3619 2766 3683 2814 et
3728 2773 3786 2812 ne

2177 2857 2473 2915 secundum
2502 2856 2608 2912 hoc
2629 2853 2885 2910 credatur
2914 2853 3079 2908 homo
3116 2851 3173 2906 in
3230 2850 3412 2905 carnis
3446 2848 3626 2918 hujus
3678 2848 3784 2905 etii-

2175 2951 2264 3025 gie
2286 2950 2462 3006 factus
2492 2948 2559 3005 ad
2578 2948 2873 3018 imaginem
2900 2945 3016 3009 Dei,
3043 2945 3338 3011 adduntur,
3377 2950 3434 2999 et
3482 2943 3615 3009 δικ,
3650 2959 3783 3013 quas

2173 3042 2364 3112 utique
2400 3057 2506 3096 non
2549 3038 2704 3094 habet
2747 3039 2923 3096 homo.
2965 3037 3034 3092 Et
3067 3037 3268 3093 dicitur
3296 3035 3409 3091 Deo
3447 3035 3637 3107 (Psal.
3698 3034 3780 3090 16.

2096 3163 2143 3229 C
2174 3133 2231 3206 8)
2265 3152 2278 3187 :
2312 3134 2406 3189 sub
2437 3131 2623 3187 umbra
2650 3130 2860 3185 alarum
2898 3139 3112 3185 tuarum
3140 3138 3352 3200 protege
3372 3145 3491 3183 me:
3522 3137 3581 3183 ut
3620 3129 3781 3184 intel-

2168 3228 2343 3297 ligant
2365 3222 2614 3279 homines
2639 3221 2707 3277 de
2734 3221 2826 3275 illa
2856 3219 3114 3276 ineﬁ'abili
3136 3227 3333 3275 natura
3357 3234 3472 3275 non
3508 3219 3780 3290 propriis,

2166 3320 2266 3380 sed
2289 3315 2566 3374 translatis
2592 3316 2780 3370 rerum
2802 3312 3080 3369 vocabulis
3106 3312 3211 3367 ista
3236 3311 3344 3368 dici
3380 3309 3422 3365 1.
3460 3331 3481 3364 ι

2245 3435 2315 3491 Et
2343 3429 2616 3501 wdiﬁcabo
2639 3430 2687 3483 ei
2713 3428 2927 3483 domum
2947 3426 3179 3497 ﬁdelem,
3202 3435 3252 3481 et
3274 3426 3569 3481 ambulabit
3592 3444 3775 3482 cora-

2165 3527 2376 3584 Christo
2427 3539 2542 3578 meo
2570 3522 2772 3577 cunctis
2797 3520 3000 3575 diebus.
3041 3538 3060 3570 ‹
3094 3520 3216 3591 Ipsa
3237 3527 3326 3576 est
3351 3521 3571 3586 domus,
3610 3536 3775 3591 quam

2163 3618 2399 3676 aediﬁcat
2426 3623 2600 3688 pater,
2636 3615 2704 3669 de
2738 3611 2859 3684 qua‘
2896 3611 3190 3683 Apostolus
3218 3611 3299 3666 ait
3325 3609 3524 3683 (Hebr.
3550 3612 3611 3667 3.
3649 3613 3727 3681 6.)
3754 3630 3769 3665 :

2162 3729 2281 3786 qua?
2308 3712 2496 3767 domus
2533 3723 2715 3763 sumus
2754 3722 2867 3769 nos,
2901 3705 2947 3759 si
2987 3704 3262 3775 ﬁduciam,
3303 3712 3353 3758 et
3388 3703 3627 3775 gloriam
3667 3705 3771 3775 spei

2161 3819 2326 3875 usque
2353 3803 2410 3855 in
2454 3798 2610 3868 ﬁnem
2645 3796 2856 3866 ﬁrmam
2905 3795 3245 3850 retineamus.
3285 3792 3358 3849 Et
3406 3795 3530 3850 haec
3578 3796 3771 3850 domus

2162 3896 2452 3953 ambulabit
2483 3910 2662 3949 coram
2691 3890 2902 3947 Christo
2928 3890 3068 3960 ejus,
3097 3890 3215 3961 ipso
3261 3888 3527 3946 videlicet
3557 3906 3768 3945 somno

2162 3986 2444 4045 Pontiﬁce.
2499 3983 2840 4049 Ambulabit,
2893 3983 3065 4050 dixit,
3127 3981 3181 4037 id
3209 3990 3296 4038 est
3316 3984 3760 4049 eonversabitnr,

2163 4080 2573 4151 sicutsuperius
2597 4079 2812 4134 dixerat
2847 4077 2915 4132 de
2955 4075 3121 4132 domo
3145 4075 3329 4132 Aaron
3375 4074 3448 4149 (υ.
3485 4075 3580 4148 50)
3612 4096 3626 4129 :
3667 4074 3764 4129 Lo-

2161 4190 2325 4246 quens
2351 4171 2557 4226 locutus
2580 4186 2720 4237 sum,
2743 4177 2801 4223 ut
2829 4168 3019 4223 domus
3039 4176 3153 4233 tua,
3183 4176 3232 4222 et
3273 4166 3467 4222 domus
3497 4167 3666 4238 patris
3687 4166 3763 4219 tui

2161 4266 2488 4320 ministraret
2517 4264 2573 4317 in
2596 4271 2871 4333 conspectu
2895 4276 3027 4325 meo,
3073 4275 3236 4331 usque
3263 4259 3320 4313 in
3362 4260 3753 4329 sernpitemat.

2163 4355 2318 4424 Quod
2344 4364 2524 4410 autem
2551 4355 2629 4409 ait
2654 4369 2669 4408 :
2711 4370 2892 4408 coram
2940 4352 3150 4407 Christo
3179 4368 3297 4407 meo
3326 4350 3646 4417 ambulabit,
3692 4349 3755 4403 de

2163 4450 2280 4523 ipsa
2310 4450 2471 4506 domo
2496 4450 2685 4519 utique
2716 4448 3127 4519 intelligendum
3153 4455 3257 4512 est,
3288 4461 3405 4501 non
3448 4447 3523 4502 de
3558 4445 3650 4501 illo
3668 4459 3749 4500 sa-

466 4526 571 4584 alia
612 4527 743 4583 Levi
785 4528 988 4585 familia
1023 4530 1252 4588 electus.
1296 4531 1423 4589 Fuit
1454 4534 1599 4590 enim
1641 4536 1667 4576 ⁸
1699 4534 1783 4608 (ut
1821 4533 1936 4604 jam
1968 4552 2058 4592 su—
2084 4529 2137 4590 D
2162 4542 2404 4609 cei-dote,
2436 4542 2530 4612 qui
2567 4548 2651 4596 est
2674 4539 2924 4595 Christus
2954 4539 3091 4610 ipse,
3119 4538 3412 4603 mediator,
3442 4547 3617 4609 atque
3652 4533 3753 4592 Sal-

462 4635 563 4691 pra
608 4622 977 4696 meminimus)
1013 4625 1157 4681 ﬁlius
1204 4625 1480 4684 Helchana
1506 4671 1520 4696 ,
1559 4629 1655 4685 ﬁlii
1703 4629 2053 4699 Hieroboam,

465 4711 559 4767 lilii
601 4713 847 4783 Helihel,
888 4716 983 4773 ﬁlii
1024 4718 1216 4787 Thau,
1276 4720 1371 4775 ﬁlii
1412 4721 1441 4762 h
1492 4721 1629 4791 Sut,
1686 4723 1782 4779 ﬁlii
1824 4723 2059 4781 Helcha-

464 4818 575 4874 na,
619 4805 715 4863 ﬁlii
776 4806 965 4880 Jobel,
1007 4809 1103 4867 ﬁlii
1150 4811 1384 4881 Azariae,
1435 4813 1532 4870 ﬁlii
1582 4814 1869 4886 Sophoniae
1898 4857 1912 4882 ,
1960 4814 2055 4870 ﬁlii

539 4979 952 5076 9999112
996 5004 1066 5076 δῖε
1094 4990 1321 5076 νριεειιτί
1348 4992 1630 5076 desumpta
1660 5002 1822 5076 εμηιε
1859 5003 2050 5076 contra

464 5048 794 5134 Augustinus
819 5048 987 5134 multo
1015 5048 1331 5118 dissimilem
1362 5048 1868 5134 interpretationem
1893 5048 2048 5119 exhi-Q

460 5118 575 5202 bet;
589 5127 749 5202 quod
780 5138 849 5202 e_t_
862 5130 1118 5202 deinceps
1144 5143 1412 5189 servatur.

534 5192 563 5234 ι’
589 5192 777 5279 νχδς.
798 5198 921 5279 .Hoc
946 5201 1000 5254 in
1039 5192 1158 5279 loco
1191 5218 1292 5259 nec
1331 5219 1554 5274 prorsus
1606 5206 1915 5279 vulgatam,
1949 5222 2050 5264 nec

461 5262 751 5349 Augustini
797 5269 1299 5349 interpretationem
1332 5262 1585 5347 sequitur
1635 5262 1914 5346 Cla’udius,’
1950 5262 2050 5335 sed

462 5336 628 5392 aliam
667 5336 997 5407 quampiam.

537 5418 559 5446 ε
598 5406 933 5479 Augustinus
960 5412 1136 5471 editus
1159 5418 1530 5488 sacerdotium,
1561 5421 1657 5477 sed
1685 5421 1874 5477 eodem
1901 5430 2044 5477 utra-

465 5492 571 5549 que
598 5495 702 5533 vox
733 5490 956 5551 spectat.

536 5549 562 5589 ἀ
594 5549 817 5608 Scilicet
841 5552 978 5611 Heli.

540 5620 721 5710 etiam
743 5640 861 5710 quae
895 5627 1160 5710 hactenus
1182 5635 1386 5710 notavi,
1412 5635 1467 5689 in
1489 5634 1790 5710 Augustino
1810 5637 2046 5694 exstant.

465 5691 595 5778 Quae
627 5691 921 5778 sequuntur
958 5704 1226 5778 perquire
1256 5706 1310 5778 in
1354 5691 1667 5778 quaestio‘ne
1688 5691 2049 5767 ’ifnédaih

468 5762 735 5851 Ηυξ-ρ,
780 5762 1142 5851 quaestionum
1170 5774 1227 5830 in
1259 5762 1430 5835 libros
1460 5762 1685 5851 Regum.

546 5834 563 5875 ί
589 5835 776 5898 Editus
796 5834 960 5914 quod.

2167 4643 2342 4689 vator.
2365 4633 2570 4688 Domus
2588 4645 2718 4702 ergo
2738 4628 2855 4699 ejus
2886 4644 3075 4685 coram
3104 4629 3200 4685 illo
3222 4628 3557 4685 ambulabit.
3584 4629 3749 4685 Potest

2163 4736 2220 4783 et
2267 4726 2553 4782 ambulabit
2603 4726 2833 4798 intelligi
2861 4726 2927 4782 de
2955 4733 3132 4781 morte
3155 4724 3225 4780 ad
3258 4724 3452 4792 vitam,
3514 4724 3746 4783 omnibus

2161 4817 2352 4875 diebus
2374 4818 2571 4887 quibus
2592 4817 2874 4890 peragitur
2909 4832 3082 4889 usque
3102 4818 3157 4873 in
3186 4816 3351 4873 ﬁnem
3388 4819 3586 4876 seculi
3609 4815 3745 4885 huius

2236 5002 2263 5040 ε
2289 4998 2640 5058 Parenthesis
2667 5002 2784 5059 haec
2813 5003 2870 5058 in
2891 5002 3052 5060 editis
3079 5003 3248 5060 deest.

2226 5071 2253 5111 δ
2282 5071 2424 5126 Ειιίι.
2467 5071 2636 5127 Sunii.

2226 5090 2253 5111 ⁸³
2282 5090 2424 5126 LIIII.
2467 5090 2544 5127 ou
2623 5113 2636 5127 ο

2233 5143 2250 5182 i
2288 5142 2414 5198 Hmc
2439 5090 2613 5200 vcrb):
2633 5145 2837 5213 addidi,
2863 5155 2925 5201 ut
2963 5162 3185 5203 sensum
3226 5144 3731 5218 connecterem,qui

2193 5213 2399 5270 lioauin
2438 5216 2639 5270 deﬁcit.

2158 5224 2399 5339 alioquin
2438 5224 2639 5298 delicit.
2709 5289 2718 5300 .
3694 5287 3703 5297 ε

2231 5296 2246 5335 ι
2289 5302 2346 5370 _n
2392 5285 2589 5370 Codice
2617 5287 2815 5370 legitur
2837 5299 3203 5370 patronogm,
3238 5306 3349 5370 _pe_r
3409 5300 3736 5370 amarumst!

2156 5367 2421 5435 erratum,
2450 5366 2509 5410 ut
2544 5360 2796 5429 equidem
2822 5376 3036 5416 censeo.
3067 5360 3211 5435 Beda
3238 5360 3410 5435 habet
3435 5366 3610 5435 patris

2230 5428 2259 5466 ιε
2284 5427 2500 5504 Rursus
2514 5427 2635 5504 quae
2660 5439 2961 5504 sequuntur
2985 5432 3208 5504 tradidit
3227 5427 3576 5504 Augustinus
3602 5443 3727 5487 num.

2157 5498 2213 5552 3.
2246 5500 2441 5565 capitis
2470 5498 2674 5555 5.71ibri
2702 5501 2786 5565 l7,
2809 5502 2872 5555 de
2911 5501 3062 5556 Civil.

2236 5567 2253 5608 1
2287 5567 2561 5653 Hactenus
2600 5571 2951 5653 Augustinus.
2999 5573 3129 5653 Quae
3187 5584 3517 5653 sequuntur,
3558 5577 3727 5652 iterum

2156 5642 2411 5712 perquire
2434 5642 2487 5695 in
2508 5642 2651 5697 Beda
2677 5642 2819 5715 [loco
2848 5659 3021 5713 nuper
3046 5642 3296 5715 allegato,
3313 5647 3366 5700 id
3387 5657 3478 5702 est
3499 5644 3729 5719 quaesti?-

2158 5728 2226 5766 ne
2258 5714 2308 5773 1,
2343 5713 2485 5767 inter
2506 5714 2595 5773 50,
2627 5714 2902 5771 nonnullis
2936 5724 3117 5770 tamen
3138 5717 3465 5773 immutatis.
3498 5728 3554 5773 et
3596 5712 3729 5769 addi.

2158 5754 2248 5853 iis,
2261 5754 3117 5857 ’ᾆιὶἕόιδῖἱὶἱίέἴρξἱῖἶίὖιιέἢῗω
3138 5754 3465 5787 “mm”
