  <div class='ocr_page' id='page_1' title='image "/cluster/home/n/w/nwhite01/storage/ocr_20150623/104/hvd.32044015466824/340.png"; bbox 0 0 3940 6340; ppageno 0'>
   <div class='ocr_carea' id='block_1_1' title="bbox 163 373 276 439">
    <p class='ocr_par' dir='ltr' id='par_1_1' title="bbox 163 373 276 439">
     <span class='ocr_line' id='line_1_1' title="bbox 163 373 276 439; baseline -0.009 0"><span class='ocrx_word' id='word_1_1' title='bbox 163 373 276 439; x_wconf 74' lang='grc'><strong>649</strong></span> 
     </span>
    </p>
   </div>
   <div class='ocr_carea' id='block_1_2' title="bbox 1055 375 2555 453">
    <p class='ocr_par' dir='ltr' id='par_1_2' title="bbox 1055 375 2555 453">
     <span class='ocr_line' id='line_1_2' title="bbox 1055 375 2555 453; baseline -0.002 -10"><span class='ocrx_word' id='word_1_2' title='bbox 1055 375 1518 453; x_wconf 71' lang='grc' dir='ltr'><strong>ρωΕετιοΝΕε</strong></span> <span class='ocrx_word' id='word_1_3' title='bbox 1555 379 1709 440; x_wconf 78' lang='lat' dir='ltr'><strong>XXX</strong></span> <span class='ocrx_word' id='word_1_4' title='bbox 1748 376 1977 440; x_wconf 81' lang='lat' dir='ltr'><strong>SUPER</strong></span> <span class='ocrx_word' id='word_1_5' title='bbox 2011 379 2258 440; x_wconf 84' lang='lat' dir='ltr'><strong>LIBROS</strong></span> <span class='ocrx_word' id='word_1_6' title='bbox 2290 376 2555 442; x_wconf 79' lang='lat' dir='ltr'><strong>REGUM.</strong></span> 
     </span>
    </p>
   </div>
   <div class='ocr_carea' id='block_1_3' title="bbox 3308 383 3412 443">
    <p class='ocr_par' dir='ltr' id='par_1_3' title="bbox 3308 383 3412 443">
     <span class='ocr_line' id='line_1_3' title="bbox 3308 383 3412 443; baseline -0.01 0"><span class='ocrx_word' id='word_1_7' title='bbox 3308 383 3412 443; x_wconf 72' lang='lat'><strong>650</strong></span> 
     </span>
    </p>
   </div>
   <div class='ocr_carea' id='block_1_4' title="bbox 158 491 3416 573">
    <p class='ocr_par' dir='ltr' id='par_1_4' title="bbox 158 491 3416 573">
     <span class='ocr_line' id='line_1_4' title="bbox 158 491 3416 573; baseline 0.002 -20"><span class='ocrx_word' id='word_1_8' title='bbox 158 497 273 553; x_wconf 81' lang='lat' dir='ltr'><strong>ista</strong></span> <span class='ocrx_word' id='word_1_9' title='bbox 308 491 647 551; x_wconf 79' lang='lat' dir='ltr'><strong>mortalitas:</strong></span> <span class='ocrx_word' id='word_1_10' title='bbox 680 493 916 566; x_wconf 79' lang='lat' dir='ltr'><strong>alioquin</strong></span> <span class='ocrx_word' id='word_1_11' title='bbox 935 497 1202 568; x_wconf 89' lang='lat' dir='ltr'><strong>quomodo</strong></span> <span class='ocrx_word' id='word_1_12' title='bbox 1237 499 1306 555; x_wconf 90' lang='lat' dir='ltr'><strong>de</strong></span> <span class='ocrx_word' id='word_1_13' title='bbox 1355 499 1606 556; x_wconf 90' lang='lat' dir='ltr'><strong>Samuele</strong></span> <span class='ocrx_word' id='word_1_14' title='bbox 1637 515 1738 573; x_wconf 88' lang='lat' dir='ltr'><strong>po-</strong></span> <span class='ocrx_word' id='word_1_15' title='bbox 1766 503 1821 565; x_wconf 83' lang='grc' dir='ltr'><strong>Α</strong></span> <span class='ocrx_word' id='word_1_16' title='bbox 1843 495 2082 567; x_wconf 76' lang='lat' dir='ltr'><strong>postulat</strong></span> <span class='ocrx_word' id='word_1_17' title='bbox 2103 496 2413 567; x_wconf 84' lang='lat' dir='ltr'><strong>(comedere</strong></span> <span class='ocrx_word' id='word_1_18' title='bbox 2447 493 2743 552; x_wconf 89' lang='lat' dir='ltr'><strong>buccellam</strong></span> <span class='ocrx_word' id='word_1_19' title='bbox 2783 495 2960 566; x_wconf 88' lang='lat' dir='ltr'><strong>panis,</strong></span> <span class='ocrx_word' id='word_1_20' title='bbox 2993 497 3188 568; x_wconf 83' lang='lat' dir='ltr'><strong>quibus</strong></span> <span class='ocrx_word' id='word_1_21' title='bbox 3233 501 3416 562; x_wconf 88' lang='lat' dir='ltr'><strong>verbis</strong></span> 
     </span>
    </p>
   </div>
   <div class='ocr_carea' id='block_1_5' title="bbox 158 589 1737 666">
    <p class='ocr_par' dir='ltr' id='par_1_5' title="bbox 158 589 1737 666">
     <span class='ocr_line' id='line_1_5' title="bbox 158 589 1737 666; baseline 0.003 -20"><span class='ocrx_word' id='word_1_22' title='bbox 158 599 274 646; x_wconf 86' lang='lat' dir='ltr'><strong>test</strong></span> <span class='ocrx_word' id='word_1_23' title='bbox 300 589 494 660; x_wconf 85' lang='lat' dir='ltr'><strong>accipi,</strong></span> <span class='ocrx_word' id='word_1_24' title='bbox 525 589 667 660; x_wconf 89' lang='lat' dir='ltr'><strong>quod</strong></span> <span class='ocrx_word' id='word_1_25' title='bbox 688 591 951 647; x_wconf 62' lang='lat' dir='ltr'><strong>aediﬁcata</strong></span> <span class='ocrx_word' id='word_1_26' title='bbox 971 593 1042 649; x_wconf 89' lang='lat' dir='ltr'><strong>sit</strong></span> <span class='ocrx_word' id='word_1_27' title='bbox 1078 593 1130 647; x_wconf 91' lang='lat' dir='ltr'><strong>ei</strong></span> <span class='ocrx_word' id='word_1_28' title='bbox 1178 594 1370 650; x_wconf 91' lang='lat' dir='ltr'><strong>domus</strong></span> <span class='ocrx_word' id='word_1_29' title='bbox 1396 593 1588 662; x_wconf 88' lang='lat' dir='ltr'><strong>ﬁdelis,</strong></span> <span class='ocrx_word' id='word_1_30' title='bbox 1615 610 1737 666; x_wconf 65' lang='lat' dir='ltr'><strong>quae</strong></span> 
     </span>
    </p>
   </div>
   <div class='ocr_carea' id='block_1_6' title="bbox 156 679 1738 758">
    <p class='ocr_par' dir='ltr' id='par_1_6' title="bbox 156 679 1738 758">
     <span class='ocr_line' id='line_1_6' title="bbox 156 679 1738 758; baseline 0.002 -21"><span class='ocrx_word' id='word_1_31' title='bbox 156 695 346 737; x_wconf 91' lang='lat' dir='ltr'><strong>coram</strong></span> <span class='ocrx_word' id='word_1_32' title='bbox 373 679 588 735; x_wconf 76' lang='lat' dir='ltr'><strong>Christo</strong></span> <span class='ocrx_word' id='word_1_33' title='bbox 631 679 842 737; x_wconf 84' lang='lat' dir='ltr'><strong>Domini</strong></span> <span class='ocrx_word' id='word_1_34' title='bbox 870 681 948 755; x_wconf 88' lang='lat' dir='ltr'><strong>(id</strong></span> <span class='ocrx_word' id='word_1_35' title='bbox 989 691 1094 751; x_wconf 89' lang='lat' dir='ltr'><strong>est,</strong></span> <span class='ocrx_word' id='word_1_36' title='bbox 1140 684 1261 756; x_wconf 90' lang='lat' dir='ltr'><strong>ipso</strong></span> <span class='ocrx_word' id='word_1_37' title='bbox 1294 683 1563 758; x_wconf 89' lang='lat' dir='ltr'><strong>Samuelc)</strong></span> <span class='ocrx_word' id='word_1_38' title='bbox 1608 701 1738 741; x_wconf 80' lang='lat' dir='ltr'><strong>cun-</strong></span> 
     </span>
    </p>
   </div>
   <div class='ocr_carea' id='block_1_7' title="bbox 155 771 1736 848">
    <p class='ocr_par' dir='ltr' id='par_1_7' title="bbox 155 771 1736 848">
     <span class='ocr_line' id='line_1_7' title="bbox 155 771 1736 848; baseline 0.005 -20"><span class='ocrx_word' id='word_1_39' title='bbox 155 773 265 828; x_wconf 86' lang='lat' dir='ltr'><strong>ctis</strong></span> <span class='ocrx_word' id='word_1_40' title='bbox 296 771 482 828; x_wconf 90' lang='lat' dir='ltr'><strong>diebus</strong></span> <span class='ocrx_word' id='word_1_41' title='bbox 503 772 793 838; x_wconf 87' lang='lat' dir='ltr'><strong>incederet,</strong></span> <span class='ocrx_word' id='word_1_42' title='bbox 826 789 950 830; x_wconf 89' lang='lat' dir='ltr'><strong>cum</strong></span> <span class='ocrx_word' id='word_1_43' title='bbox 995 776 1236 847; x_wconf 79' lang='lat' dir='ltr'><strong>legamus</strong></span> <span class='ocrx_word' id='word_1_44' title='bbox 1282 777 1335 832; x_wconf 93' lang='lat' dir='ltr'><strong>in</strong></span> <span class='ocrx_word' id='word_1_45' title='bbox 1383 778 1736 848; x_wconf 84' lang='lat' dir='ltr'><strong>sequentibus</strong></span> 
     </span>
    </p>
   </div>
   <div class='ocr_carea' id='block_1_8' title="bbox 157 863 1734 942">
    <p class='ocr_par' dir='ltr' id='par_1_8' title="bbox 157 863 1734 942">
     <span class='ocr_line' id='line_1_8' title="bbox 157 863 1734 942; baseline 0.006 -24"><span class='ocrx_word' id='word_1_46' title='bbox 157 863 317 937; x_wconf 85' lang='lat' dir='ltr'><strong>(Cap.</strong></span> <span class='ocrx_word' id='word_1_47' title='bbox 345 866 400 920; x_wconf 91' lang='lat'><strong>8.</strong></span> <span class='ocrx_word' id='word_1_48' title='bbox 438 883 486 920; x_wconf 85' lang='grc' dir='ltr'>υ.</span> <span class='ocrx_word' id='word_1_49' title='bbox 526 864 604 936; x_wconf 79' lang='grc'><strong>5),</strong></span> <span class='ocrx_word' id='word_1_50' title='bbox 637 865 779 936; x_wconf 90' lang='lat' dir='ltr'><strong>quod</strong></span> <span class='ocrx_word' id='word_1_51' title='bbox 824 866 920 922; x_wconf 83' lang='lat' dir='ltr'><strong>ﬁlii</strong></span> <span class='ocrx_word' id='word_1_52' title='bbox 955 867 1101 924; x_wconf 90' lang='lat' dir='ltr'><strong>illius</strong></span> <span class='ocrx_word' id='word_1_53' title='bbox 1149 868 1395 942; x_wconf 80' lang='lat' dir='ltr'><strong>(adversi)</strong></span> <span class='ocrx_word' id='word_1_54' title='bbox 1438 871 1616 926; x_wconf 83' lang='lat' dir='ltr'><strong>aversi</strong></span> <span class='ocrx_word' id='word_1_55' title='bbox 1667 872 1734 929; x_wconf 92' lang='lat' dir='ltr'><strong>de</strong></span> 
     </span>
    </p>
   </div>
   <div class='ocr_carea' id='block_1_9' title="bbox 151 956 1735 1034">
    <p class='ocr_par' dir='ltr' id='par_1_9' title="bbox 151 956 1735 1034">
     <span class='ocr_line' id='line_1_9' title="bbox 151 956 1735 1034; baseline 0.007 -25"><span class='ocrx_word' id='word_1_56' title='bbox 151 958 264 1013; x_wconf 82' lang='lat' dir='ltr'><strong>viis</strong></span> <span class='ocrx_word' id='word_1_57' title='bbox 302 956 438 1025; x_wconf 88' lang='lat' dir='ltr'><strong>ejus,</strong></span> <span class='ocrx_word' id='word_1_58' title='bbox 470 965 594 1027; x_wconf 90' lang='lat' dir='ltr'><strong>post</strong></span> <span class='ocrx_word' id='word_1_59' title='bbox 617 958 900 1013; x_wconf 85' lang='lat' dir='ltr'><strong>avaritiam</strong></span> <span class='ocrx_word' id='word_1_60' title='bbox 923 959 1333 1030; x_wconf 89' lang='lat' dir='ltr'><strong>declinaverint,</strong></span> <span class='ocrx_word' id='word_1_61' title='bbox 1366 971 1421 1018; x_wconf 91' lang='lat' dir='ltr'><strong>et</strong></span> <span class='ocrx_word' id='word_1_62' title='bbox 1463 973 1735 1034; x_wconf 87' lang='lat' dir='ltr'><strong>perverte-</strong></span> 
     </span>
    </p>
   </div>
   <div class='ocr_carea' id='block_1_10' title="bbox 151 1049 1733 1124">
    <p class='ocr_par' dir='ltr' id='par_1_10' title="bbox 151 1049 1733 1124">
     <span class='ocr_line' id='line_1_10' title="bbox 151 1049 1733 1124; baseline 0.006 -21"><span class='ocrx_word' id='word_1_63' title='bbox 151 1050 272 1104; x_wconf 84' lang='lat' dir='ltr'><strong>rint</strong></span> <span class='ocrx_word' id='word_1_64' title='bbox 322 1049 584 1119; x_wconf 87' lang='lat' dir='ltr'><strong>judicium</strong></span> <span class='ocrx_word' id='word_1_65' title='bbox 624 1067 636 1103; x_wconf 92' lang='lat'>:</span> <span class='ocrx_word' id='word_1_66' title='bbox 685 1049 792 1105; x_wconf 89' lang='lat' dir='ltr'><strong>nisi</strong></span> <span class='ocrx_word' id='word_1_67' title='bbox 845 1049 984 1106; x_wconf 84' lang='lat' dir='ltr'><strong>forte</strong></span> <span class='ocrx_word' id='word_1_68' title='bbox 1032 1053 1250 1107; x_wconf 91' lang='lat' dir='ltr'><strong>domum</strong></span> <span class='ocrx_word' id='word_1_69' title='bbox 1297 1054 1413 1124; x_wconf 87' lang='lat' dir='ltr'><strong>ejus</strong></span> <span class='ocrx_word' id='word_1_70' title='bbox 1457 1056 1560 1111; x_wconf 90' lang='lat' dir='ltr'><strong>hoc</strong></span> <span class='ocrx_word' id='word_1_71' title='bbox 1613 1056 1733 1112; x_wconf 90' lang='lat' dir='ltr'><strong>loco</strong></span> 
     </span>
    </p>
   </div>
   <div class='ocr_carea' id='block_1_11' title="bbox 147 1137 1730 1214">
    <p class='ocr_par' dir='ltr' id='par_1_11' title="bbox 147 1137 1730 1214">
     <span class='ocr_line' id='line_1_11' title="bbox 147 1137 1730 1214; baseline 0.006 -20"><span class='ocrx_word' id='word_1_72' title='bbox 147 1141 366 1212; x_wconf 88' lang='lat' dir='ltr'><strong>plebem</strong></span> <span class='ocrx_word' id='word_1_73' title='bbox 391 1140 744 1196; x_wconf 89' lang='lat' dir='ltr'><strong>Israeliticam</strong></span> <span class='ocrx_word' id='word_1_74' title='bbox 766 1141 1144 1213; x_wconf 82' lang='lat' dir='ltr'><strong>intelligamus,</strong></span> <span class='ocrx_word' id='word_1_75' title='bbox 1169 1137 1288 1214; x_wconf 72' lang='lat' dir='ltr'><strong>quae</strong></span> <span class='ocrx_word' id='word_1_76' title='bbox 1308 1147 1519 1208; x_wconf 86' lang='lat' dir='ltr'><strong>cunctis</strong></span> <span class='ocrx_word' id='word_1_77' title='bbox 1544 1147 1730 1203; x_wconf 89' lang='lat' dir='ltr'><strong>diebus</strong></span> 
     </span>
    </p>
   </div>
   <div class='ocr_carea' id='block_1_12' title="bbox 147 1232 1730 1309">
    <p class='ocr_par' dir='ltr' id='par_1_12' title="bbox 147 1232 1730 1309">
     <span class='ocr_line' id='line_1_12' title="bbox 147 1232 1730 1309; baseline 0.004 -21"><span class='ocrx_word' id='word_1_78' title='bbox 147 1233 442 1289; x_wconf 80' lang='lat' dir='ltr'><strong>sacerdotii</strong></span> <span class='ocrx_word' id='word_1_79' title='bbox 472 1233 586 1303; x_wconf 89' lang='lat' dir='ltr'><strong>ejus</strong></span> <span class='ocrx_word' id='word_1_80' title='bbox 603 1232 831 1288; x_wconf 83' lang='lat' dir='ltr'><strong>Domino</strong></span> <span class='ocrx_word' id='word_1_81' title='bbox 873 1234 1140 1301; x_wconf 88' lang='lat' dir='ltr'><strong>servierit,</strong></span> <span class='ocrx_word' id='word_1_82' title='bbox 1190 1235 1257 1290; x_wconf 94' lang='lat' dir='ltr'><strong>de</strong></span> <span class='ocrx_word' id='word_1_83' title='bbox 1307 1239 1429 1305; x_wconf 78' lang='lat' dir='ltr'><strong>qua</strong></span> <span class='ocrx_word' id='word_1_84' title='bbox 1466 1239 1730 1309; x_wconf 88' lang='lat' dir='ltr'><strong>scriptum</strong></span> 
     </span>
    </p>
   </div>
   <div class='ocr_carea' id='block_1_13' title="bbox 146 1325 1730 1402">
    <p class='ocr_par' dir='ltr' id='par_1_13' title="bbox 146 1325 1730 1402">
     <span class='ocr_line' id='line_1_13' title="bbox 146 1325 1730 1402; baseline 0.004 -21"><span class='ocrx_word' id='word_1_85' title='bbox 146 1334 238 1382; x_wconf 81' lang='lat' dir='ltr'><strong>est</strong></span> <span class='ocrx_word' id='word_1_86' title='bbox 267 1325 416 1399; x_wconf 93' lang='lat' dir='ltr'><strong>(Reg.</strong></span> <span class='ocrx_word' id='word_1_87' title='bbox 445 1341 484 1380; x_wconf 81' lang='grc' dir='ltr'>ι.</span> <span class='ocrx_word' id='word_1_88' title='bbox 511 1325 564 1398; x_wconf 90' lang='lat'><strong>7)</strong></span> <span class='ocrx_word' id='word_1_89' title='bbox 591 1344 605 1380; x_wconf 89' lang='lat'><strong>:</strong></span> <span class='ocrx_word' id='word_1_90' title='bbox 637 1325 707 1380; x_wconf 88' lang='lat' dir='ltr'><strong>Et</strong></span> <span class='ocrx_word' id='word_1_91' title='bbox 736 1327 981 1398; x_wconf 79' lang='lat' dir='ltr'><strong>requievit</strong></span> <span class='ocrx_word' id='word_1_92' title='bbox 1005 1329 1171 1382; x_wconf 88' lang='lat' dir='ltr'><strong>omnis</strong></span> <span class='ocrx_word' id='word_1_93' title='bbox 1211 1327 1382 1384; x_wconf 87' lang='lat' dir='ltr'><strong>Israel</strong></span> <span class='ocrx_word' id='word_1_94' title='bbox 1411 1339 1527 1402; x_wconf 83' lang='lat' dir='ltr'><strong>post</strong></span> <span class='ocrx_word' id='word_1_95' title='bbox 1548 1331 1730 1388; x_wconf 83' lang='lat' dir='ltr'><strong>Domi-</strong></span> 
     </span>
    </p>
   </div>
   <div class='ocr_carea' id='block_1_14' title="bbox 145 1416 1729 1491">
    <p class='ocr_par' dir='ltr' id='par_1_14' title="bbox 145 1416 1729 1491">
     <span class='ocr_line' id='line_1_14' title="bbox 145 1416 1729 1491; baseline 0.002 -20"><span class='ocrx_word' id='word_1_96' title='bbox 145 1435 301 1472; x_wconf 81' lang='lat' dir='ltr'><strong>num.</strong></span> <span class='ocrx_word' id='word_1_97' title='bbox 325 1417 392 1472; x_wconf 86' lang='lat' dir='ltr'><strong>Et</strong></span> <span class='ocrx_word' id='word_1_98' title='bbox 405 1416 564 1488; x_wconf 88' lang='lat' dir='ltr'><strong>paulo</strong></span> <span class='ocrx_word' id='word_1_99' title='bbox 587 1425 711 1488; x_wconf 86' lang='lat' dir='ltr'><strong>post</strong></span> <span class='ocrx_word' id='word_1_100' title='bbox 731 1417 895 1489; x_wconf 83' lang='lat' dir='ltr'><strong>(Ibid.</strong></span> <span class='ocrx_word' id='word_1_101' title='bbox 924 1437 970 1474; x_wconf 85' lang='grc' dir='ltr'>υ.</span> <span class='ocrx_word' id='word_1_102' title='bbox 995 1419 1052 1491; x_wconf 75' lang='grc'>4)</span> <span class='ocrx_word' id='word_1_103' title='bbox 1078 1419 1401 1476; x_wconf 87' lang='lat' dir='ltr'><strong>abstulerunt</strong></span> <span class='ocrx_word' id='word_1_104' title='bbox 1416 1421 1529 1491; x_wconf 61' lang='lat' dir='ltr'><strong>ﬁlii</strong></span> <span class='ocrx_word' id='word_1_105' title='bbox 1558 1421 1729 1477; x_wconf 81' lang='lat' dir='ltr'><strong>Israel</strong></span> 
     </span>
    </p>
   </div>
   <div class='ocr_carea' id='block_1_15' title="bbox 143 1507 1730 1579">
    <p class='ocr_par' dir='ltr' id='par_1_15' title="bbox 143 1507 1730 1579">
     <span class='ocr_line' id='line_1_15' title="bbox 143 1507 1730 1579; baseline 0.004 -16"><span class='ocrx_word' id='word_1_106' title='bbox 143 1507 386 1576; x_wconf 85' lang='lat' dir='ltr'><strong>Baalim,</strong></span> <span class='ocrx_word' id='word_1_107' title='bbox 407 1519 456 1564; x_wconf 88' lang='lat' dir='ltr'><strong>et</strong></span> <span class='ocrx_word' id='word_1_108' title='bbox 469 1508 736 1576; x_wconf 80' lang='lat' dir='ltr'><strong>Astaroth,</strong></span> <span class='ocrx_word' id='word_1_109' title='bbox 760 1519 809 1564; x_wconf 88' lang='lat' dir='ltr'><strong>et</strong></span> <span class='ocrx_word' id='word_1_110' title='bbox 831 1512 1115 1566; x_wconf 76' lang='lat' dir='ltr'><strong>seruierunt</strong></span> <span class='ocrx_word' id='word_1_111' title='bbox 1135 1510 1359 1567; x_wconf 87' lang='lat' dir='ltr'><strong>Domino</strong></span> <span class='ocrx_word' id='word_1_112' title='bbox 1383 1512 1502 1567; x_wconf 92' lang='lat' dir='ltr'><strong>soli.</strong></span> <span class='ocrx_word' id='word_1_113' title='bbox 1527 1524 1553 1552; x_wconf 73' lang='grc' dir='ltr'>α</span> <span class='ocrx_word' id='word_1_114' title='bbox 1575 1512 1730 1579; x_wconf 88' lang='lat' dir='ltr'><strong>Quod</strong></span> 
     </span>
    </p>
   </div>
   <div class='ocr_carea' id='block_1_16' title="bbox 143 1598 1728 1675">
    <p class='ocr_par' dir='ltr' id='par_1_16' title="bbox 143 1598 1728 1675">
     <span class='ocr_line' id='line_1_16' title="bbox 143 1598 1728 1675; baseline 0.001 -20"><span class='ocrx_word' id='word_1_115' title='bbox 143 1614 284 1658; x_wconf 87' lang='lat' dir='ltr'><strong>vero</strong></span> <span class='ocrx_word' id='word_1_116' title='bbox 319 1601 643 1673; x_wconf 76' lang='lat' dir='ltr'><strong>adiungitur.</strong></span> <span class='ocrx_word' id='word_1_117' title='bbox 676 1598 942 1656; x_wconf 77' lang='lat' dir='ltr'><strong>Futurum</strong></span> <span class='ocrx_word' id='word_1_118' title='bbox 982 1611 1058 1657; x_wconf 91' lang='lat' dir='ltr'><strong>est</strong></span> <span class='ocrx_word' id='word_1_119' title='bbox 1096 1612 1289 1669; x_wconf 87' lang='lat' dir='ltr'><strong>autem,</strong></span> <span class='ocrx_word' id='word_1_120' title='bbox 1336 1611 1396 1657; x_wconf 89' lang='lat' dir='ltr'><strong>ut</strong></span> <span class='ocrx_word' id='word_1_121' title='bbox 1437 1604 1728 1675; x_wconf 83' lang='lat' dir='ltr'><strong>quicunque</strong></span> 
     </span>
    </p>
   </div>
   <div class='ocr_carea' id='block_1_17' title="bbox 140 1692 1726 1766">
    <p class='ocr_par' dir='ltr' id='par_1_17' title="bbox 140 1692 1726 1766">
     <span class='ocr_line' id='line_1_17' title="bbox 140 1692 1726 1766; baseline 0.003 -20"><span class='ocrx_word' id='word_1_122' title='bbox 140 1693 457 1748; x_wconf 85' lang='lat' dir='ltr'><strong>remanserit</strong></span> <span class='ocrx_word' id='word_1_123' title='bbox 484 1694 542 1748; x_wconf 89' lang='lat' dir='ltr'><strong>in</strong></span> <span class='ocrx_word' id='word_1_124' title='bbox 565 1692 720 1748; x_wconf 90' lang='lat' dir='ltr'><strong>domo</strong></span> <span class='ocrx_word' id='word_1_125' title='bbox 744 1701 855 1761; x_wconf 90' lang='lat' dir='ltr'><strong>tua,</strong></span> <span class='ocrx_word' id='word_1_126' title='bbox 885 1695 1079 1761; x_wconf 81' lang='lat' dir='ltr'><strong>ueniat,</strong></span> <span class='ocrx_word' id='word_1_127' title='bbox 1102 1703 1159 1748; x_wconf 89' lang='lat' dir='ltr'><strong>ut</strong></span> <span class='ocrx_word' id='word_1_128' title='bbox 1188 1703 1368 1749; x_wconf 90' lang='lat' dir='ltr'><strong>oretur</strong></span> <span class='ocrx_word' id='word_1_129' title='bbox 1384 1711 1479 1766; x_wconf 87' lang='lat' dir='ltr'><strong>pro</strong></span> <span class='ocrx_word' id='word_1_130' title='bbox 1507 1711 1590 1761; x_wconf 89' lang='lat' dir='ltr'><strong>eo,</strong></span> <span class='ocrx_word' id='word_1_131' title='bbox 1617 1709 1726 1750; x_wconf 89' lang='lat' dir='ltr'><strong>non</strong></span> 
     </span>
    </p>
   </div>
   <div class='ocr_carea' id='block_1_18' title="bbox 137 1784 1723 1856">
    <p class='ocr_par' dir='ltr' id='par_1_18' title="bbox 137 1784 1723 1856">
     <span class='ocr_line' id='line_1_18' title="bbox 137 1784 1723 1856; baseline 0.002 -17"><span class='ocrx_word' id='word_1_132' title='bbox 137 1785 370 1856; x_wconf 83' lang='lat' dir='ltr'><strong>proprie</strong></span> <span class='ocrx_word' id='word_1_133' title='bbox 387 1784 454 1840; x_wconf 89' lang='lat' dir='ltr'><strong>de</strong></span> <span class='ocrx_word' id='word_1_134' title='bbox 479 1785 639 1841; x_wconf 92' lang='lat' dir='ltr'><strong>domo</strong></span> <span class='ocrx_word' id='word_1_135' title='bbox 659 1785 856 1841; x_wconf 89' lang='lat' dir='ltr'><strong>dicitur</strong></span> <span class='ocrx_word' id='word_1_136' title='bbox 881 1784 1042 1855; x_wconf 86' lang='lat' dir='ltr'><strong>hujus</strong></span> <span class='ocrx_word' id='word_1_137' title='bbox 1068 1785 1212 1853; x_wconf 87' lang='lat' dir='ltr'><strong>Heli,</strong></span> <span class='ocrx_word' id='word_1_138' title='bbox 1239 1787 1334 1842; x_wconf 91' lang='lat' dir='ltr'><strong>sed</strong></span> <span class='ocrx_word' id='word_1_139' title='bbox 1355 1786 1498 1842; x_wconf 91' lang='lat' dir='ltr'><strong>illius</strong></span> <span class='ocrx_word' id='word_1_140' title='bbox 1519 1785 1723 1855; x_wconf 88' lang='lat' dir='ltr'><strong>Aaron,</strong></span> 
     </span>
    </p>
   </div>
   <div class='ocr_carea' id='block_1_19' title="bbox 1837 586 3416 666">
    <p class='ocr_par' dir='ltr' id='par_1_19' title="bbox 1837 586 3416 666">
     <span class='ocr_line' id='line_1_19' title="bbox 1837 586 3416 666; baseline 0.007 -25"><span class='ocrx_word' id='word_1_141' title='bbox 1837 586 2014 656; x_wconf 88' lang='lat' dir='ltr'><strong>ipsum</strong></span> <span class='ocrx_word' id='word_1_142' title='bbox 2051 587 2374 643; x_wconf 82' lang='lat' dir='ltr'><strong>sacriﬁcium</strong></span> <span class='ocrx_word' id='word_1_143' title='bbox 2417 587 2836 643; x_wconf 89' lang='lat' dir='ltr'><strong>christianorum</strong></span> <span class='ocrx_word' id='word_1_144' title='bbox 2881 588 3159 660; x_wconf 81' lang='lat' dir='ltr'><strong>eleganter</strong></span> <span class='ocrx_word' id='word_1_145' title='bbox 3191 607 3416 666; x_wconf 76' lang='lat' dir='ltr'><strong>expres—</strong></span> 
     </span>
    </p>
   </div>
   <div class='ocr_carea' id='block_1_20' title="bbox 1835 677 3414 764">
    <p class='ocr_par' dir='ltr' id='par_1_20' title="bbox 1835 677 3414 764">
     <span class='ocr_line' id='line_1_20' title="bbox 1835 677 3414 764; baseline 0.006 -32"><span class='ocrx_word' id='word_1_146' title='bbox 1835 691 1955 732; x_wconf 91' lang='lat' dir='ltr'><strong>sum</strong></span> <span class='ocrx_word' id='word_1_147' title='bbox 1980 684 2086 743; x_wconf 87' lang='lat' dir='ltr'><strong>est,</strong></span> <span class='ocrx_word' id='word_1_148' title='bbox 2116 677 2183 733; x_wconf 92' lang='lat' dir='ltr'><strong>de</strong></span> <span class='ocrx_word' id='word_1_149' title='bbox 2204 692 2313 748; x_wconf 91' lang='lat' dir='ltr'><strong>quo</strong></span> <span class='ocrx_word' id='word_1_150' title='bbox 2340 677 2741 734; x_wconf 90' lang='lat' dir='ltr'><strong>dicitsacerdos</strong></span> <span class='ocrx_word' id='word_1_151' title='bbox 2788 679 2905 749; x_wconf 91' lang='lat' dir='ltr'><strong>ipse</strong></span> <span class='ocrx_word' id='word_1_152' title='bbox 2931 697 2944 733; x_wconf 90' lang='lat'><strong>:</strong></span> <span class='ocrx_word' id='word_1_153' title='bbox 2984 679 3179 754; x_wconf 85' lang='lat' dir='ltr'><strong>(Dabo)</strong></span> <span class='ocrx_word' id='word_1_154' title='bbox 3219 681 3414 764; x_wconf 63' lang='lat' dir='ltr'><strong>fanis,</strong></span> 
     </span>
    </p>
   </div>
   <div class='ocr_carea' id='block_1_21' title="bbox 1833 766 3413 845">
    <p class='ocr_par' dir='ltr' id='par_1_21' title="bbox 1833 766 3413 845">
     <span class='ocr_line' id='line_1_21' title="bbox 1833 766 3413 845; baseline 0.008 -25"><span class='ocrx_word' id='word_1_155' title='bbox 1833 782 1986 837; x_wconf 85' lang='lat' dir='ltr'><strong>quem</strong></span> <span class='ocrx_word' id='word_1_156' title='bbox 2011 783 2104 837; x_wconf 86' lang='lat' dir='ltr'><strong>ego</strong></span> <span class='ocrx_word' id='word_1_157' title='bbox 2131 766 2275 838; x_wconf 84' lang='lat' dir='ltr'><strong>(Joa.</strong></span> <span class='ocrx_word' id='word_1_158' title='bbox 2300 768 2353 823; x_wconf 88' lang='lat'><strong>6.</strong></span> <span class='ocrx_word' id='word_1_159' title='bbox 2382 767 2472 841; x_wconf 85' lang='lat'><strong>52)</strong></span> <span class='ocrx_word' id='word_1_160' title='bbox 2495 769 2707 836; x_wconf 82' lang='lat' dir='ltr'><strong>dedero,</strong></span> <span class='ocrx_word' id='word_1_161' title='bbox 2735 787 2859 825; x_wconf 86' lang='lat' dir='ltr'><strong>caro</strong></span> <span class='ocrx_word' id='word_1_162' title='bbox 2879 788 2994 825; x_wconf 90' lang='lat' dir='ltr'><strong>mea</strong></span> <span class='ocrx_word' id='word_1_163' title='bbox 3017 782 3093 826; x_wconf 87' lang='lat' dir='ltr'><strong>est</strong></span> <span class='ocrx_word' id='word_1_164' title='bbox 3116 791 3212 845; x_wconf 84' lang='lat' dir='ltr'><strong>pro</strong></span> <span class='ocrx_word' id='word_1_165' title='bbox 3228 779 3413 833; x_wconf 88' lang='lat' dir='ltr'><strong>mundi</strong></span> 
     </span>
    </p>
   </div>
   <div class='ocr_carea' id='block_1_22' title="bbox 1835 857 3408 932">
    <p class='ocr_par' dir='ltr' id='par_1_22' title="bbox 1835 857 3408 932">
     <span class='ocr_line' id='line_1_22' title="bbox 1835 857 3408 932; baseline 0.009 -20"><span class='ocrx_word' id='word_1_166' title='bbox 1835 860 1959 913; x_wconf 79' lang='lat' dir='ltr'><strong>vita.</strong></span> <span class='ocrx_word' id='word_1_167' title='bbox 1995 857 2176 929; x_wconf 90' lang='lat' dir='ltr'><strong>Ipsum</strong></span> <span class='ocrx_word' id='word_1_168' title='bbox 2222 861 2420 932; x_wconf 87' lang='lat' dir='ltr'><strong>quippe</strong></span> <span class='ocrx_word' id='word_1_169' title='bbox 2444 870 2529 917; x_wconf 88' lang='lat' dir='ltr'><strong>est</strong></span> <span class='ocrx_word' id='word_1_170' title='bbox 2589 862 2919 932; x_wconf 82' lang='lat' dir='ltr'><strong>sacriﬁcium</strong></span> <span class='ocrx_word' id='word_1_171' title='bbox 2957 879 3066 920; x_wconf 90' lang='lat' dir='ltr'><strong>non</strong></span> <span class='ocrx_word' id='word_1_172' title='bbox 3115 870 3408 925; x_wconf 91' lang='lat' dir='ltr'><strong>secundum</strong></span> 
     </span>
    </p>
   </div>
   <div class='ocr_carea' id='block_1_23' title="bbox 1833 949 3414 1029">
    <p class='ocr_par' dir='ltr' id='par_1_23' title="bbox 1833 949 3414 1029">
     <span class='ocr_line' id='line_1_23' title="bbox 1833 949 3414 1029; baseline 0.008 -25"><span class='ocrx_word' id='word_1_173' title='bbox 1833 949 2076 1019; x_wconf 82' lang='lat' dir='ltr'><strong>ordinem</strong></span> <span class='ocrx_word' id='word_1_174' title='bbox 2098 950 2277 1006; x_wconf 83' lang='lat' dir='ltr'><strong>Aaron</strong></span> <span class='ocrx_word' id='word_1_175' title='bbox 2306 952 2491 1024; x_wconf 87' lang='lat' dir='ltr'><strong>(Hebr.</strong></span> <span class='ocrx_word' id='word_1_176' title='bbox 2518 953 2570 1008; x_wconf 81' lang='lat'><strong>5.</strong></span> <span class='ocrx_word' id='word_1_177' title='bbox 2600 953 2652 1008; x_wconf 89' lang='lat'><strong>6.</strong></span> <span class='ocrx_word' id='word_1_178' title='bbox 2684 963 2733 1010; x_wconf 88' lang='lat' dir='ltr'><strong>et</strong></span> <span class='ocrx_word' id='word_1_179' title='bbox 2771 954 2822 1008; x_wconf 90' lang='lat'><strong>7.</strong></span> <span class='ocrx_word' id='word_1_180' title='bbox 2869 955 2955 1009; x_wconf 88' lang='grc'><strong>11.</strong></span> <span class='ocrx_word' id='word_1_181' title='bbox 2984 955 3134 1029; x_wconf 90' lang='lat' dir='ltr'><strong>etc.),</strong></span> <span class='ocrx_word' id='word_1_182' title='bbox 3190 961 3287 1015; x_wconf 89' lang='lat' dir='ltr'><strong>sed</strong></span> <span class='ocrx_word' id='word_1_183' title='bbox 3327 979 3414 1017; x_wconf 89' lang='lat' dir='ltr'><strong>se—</strong></span> 
     </span>
    </p>
   </div>
   <div class='ocr_carea' id='block_1_24' title="bbox 1833 1041 2851 1102">
    <p class='ocr_par' dir='ltr' id='par_1_24' title="bbox 1833 1041 2851 1102">
     <span class='ocr_line' id='line_1_24' title="bbox 1833 1041 2851 1102; baseline 0.003 -6"><span class='ocrx_word' id='word_1_184' title='bbox 1833 1041 2065 1102; x_wconf 89' lang='lat' dir='ltr'><strong>cundum</strong></span> <span class='ocrx_word' id='word_1_185' title='bbox 2095 1043 2343 1097; x_wconf 90' lang='lat' dir='ltr'><strong>ordinem</strong></span> <span class='ocrx_word' id='word_1_186' title='bbox 2370 1044 2807 1101; x_wconf 83' lang='lat' dir='ltr'><strong>Melchisedech.‘</strong></span> <span class='ocrx_word' id='word_1_187' title='bbox 2833 1066 2851 1099; x_wconf 86' lang='grc'>›</span> 
     </span>
    </p>
   </div>
   <div class='ocr_carea' id='block_1_25' title="bbox 1907 1129 3413 1210">
    <p class='ocr_par' dir='ltr' id='par_1_25' title="bbox 1907 1129 3413 1210">
     <span class='ocr_line' id='line_1_25' title="bbox 1907 1129 3413 1210; baseline 0.009 -26"><span class='ocrx_word' id='word_1_188' title='bbox 1907 1143 1931 1172; x_wconf 77' lang='grc' dir='ltr'>θ</span> <span class='ocrx_word' id='word_1_189' title='bbox 1960 1129 2186 1196; x_wconf 82' lang='lat' dir='ltr'><strong>Factum</strong></span> <span class='ocrx_word' id='word_1_190' title='bbox 2207 1142 2283 1187; x_wconf 91' lang='lat' dir='ltr'><strong>est</strong></span> <span class='ocrx_word' id='word_1_191' title='bbox 2331 1142 2504 1187; x_wconf 89' lang='lat' dir='ltr'><strong>autem</strong></span> <span class='ocrx_word' id='word_1_192' title='bbox 2546 1134 2602 1188; x_wconf 90' lang='lat' dir='ltr'><strong>in</strong></span> <span class='ocrx_word' id='word_1_193' title='bbox 2647 1135 2732 1189; x_wconf 86' lang='lat' dir='ltr'><strong>die</strong></span> <span class='ocrx_word' id='word_1_194' title='bbox 2759 1152 2986 1207; x_wconf 88' lang='lat' dir='ltr'><strong>quoaam</strong></span> <span class='ocrx_word' id='word_1_195' title='bbox 3035 1138 3159 1194; x_wconf 81' lang='lat' dir='ltr'><strong>Heli</strong></span> <span class='ocrx_word' id='word_1_196' title='bbox 3196 1141 3413 1210; x_wconf 85' lang='lat' dir='ltr'><strong>jacebat</strong></span> 
     </span>
    </p>
   </div>
   <div class='ocr_carea' id='block_1_26' title="bbox 1829 1221 3414 1303">
    <p class='ocr_par' dir='ltr' id='par_1_26' title="bbox 1829 1221 3414 1303">
     <span class='ocr_line' id='line_1_26' title="bbox 1829 1221 3414 1303; baseline 0.007 -27"><span class='ocrx_word' id='word_1_197' title='bbox 1829 1222 1887 1276; x_wconf 88' lang='lat' dir='ltr'><strong>in</strong></span> <span class='ocrx_word' id='word_1_198' title='bbox 1912 1221 2166 1288; x_wconf 80' lang='lat' dir='ltr'><strong>locosuo,‘</strong></span> <span class='ocrx_word' id='word_1_199' title='bbox 2191 1231 2244 1277; x_wconf 90' lang='lat' dir='ltr'><strong>&#39;et</strong></span> <span class='ocrx_word' id='word_1_200' title='bbox 2285 1223 2424 1278; x_wconf 86' lang='lat' dir='ltr'><strong>oculi</strong></span> <span class='ocrx_word' id='word_1_201' title='bbox 2465 1224 3004 1297; x_wconf 75' lang='lat' dir='ltr'><strong>ejus&#39;caligaverunt,</strong></span> <span class='ocrx_word' id='word_1_202' title='bbox 3061 1246 3153 1285; x_wconf 85' lang='lat' dir='ltr'><strong>nec</strong></span> <span class='ocrx_word' id='word_1_203' title='bbox 3207 1241 3414 1303; x_wconf 76' lang='lat' dir='ltr'><strong>poterat</strong></span> 
     </span>
    </p>
   </div>
   <div class='ocr_carea' id='block_1_27' title="bbox 1829 1306 3410 1393">
    <p class='ocr_par' dir='ltr' id='par_1_27' title="bbox 1829 1306 3410 1393">
     <span class='ocr_line' id='line_1_27' title="bbox 1829 1306 3410 1393; baseline 0.008 -23"><span class='ocrx_word' id='word_1_204' title='bbox 1829 1316 2295 1371; x_wconf 82' lang='lat' dir='ltr'><strong>uidere&#39;lucernam</strong></span> <span class='ocrx_word' id='word_1_205' title='bbox 2323 1316 2421 1372; x_wconf 88' lang='lat' dir='ltr'><strong>Dei</strong></span> <span class='ocrx_word' id='word_1_206' title='bbox 2447 1328 2726 1390; x_wconf 87' lang='lat' dir='ltr'><strong>antequam</strong></span> <span class='ocrx_word' id='word_1_207' title='bbox 2764 1306 3198 1393; x_wconf 27' lang='lat' dir='ltr'><strong>exstingue&#39;retur.</strong></span> <span class='ocrx_word' id='word_1_208' title='bbox 3230 1326 3289 1381; x_wconf 92' lang='lat' dir='ltr'><strong>In</strong></span> <span class='ocrx_word' id='word_1_209' title='bbox 3328 1334 3410 1381; x_wconf 90' lang='lat' dir='ltr'><strong>ta-</strong></span> 
     </span>
    </p>
   </div>
   <div class='ocr_carea' id='block_1_28' title="bbox 1828 1405 3411 1490">
    <p class='ocr_par' dir='ltr' id='par_1_28' title="bbox 1828 1405 3411 1490">
     <span class='ocr_line' id='line_1_28' title="bbox 1828 1405 3411 1490; baseline 0.007 -26"><span class='ocrx_word' id='word_1_210' title='bbox 1828 1405 2127 1464; x_wconf 87' lang='lat' dir='ltr'><strong>bernaculo</strong></span> <span class='ocrx_word' id='word_1_211' title='bbox 2159 1407 2381 1466; x_wconf 66' lang='lat' dir='ltr'><strong>foederis</strong></span> <span class='ocrx_word' id='word_1_212' title='bbox 2422 1418 2540 1466; x_wconf 89' lang='lat' dir='ltr'><strong>erat</strong></span> <span class='ocrx_word' id='word_1_213' title='bbox 2568 1412 2968 1482; x_wconf 89' lang='lat' dir='ltr'><strong>candelabrum,</strong></span> <span class='ocrx_word' id='word_1_214' title='bbox 3002 1417 3094 1472; x_wconf 90' lang='lat' dir='ltr'><strong>ubi</strong></span> <span class='ocrx_word' id='word_1_215' title='bbox 3124 1433 3156 1473; x_wconf 85' lang='lat' dir='ltr'><strong>a</strong></span> <span class='ocrx_word' id='word_1_216' title='bbox 3183 1434 3411 1490; x_wconf 85' lang='lat' dir='ltr'><strong>vespere</strong></span> 
     </span>
    </p>
   </div>
   <div class='ocr_carea' id='block_1_29' title="bbox 1828 1502 3409 1584">
    <p class='ocr_par' dir='ltr' id='par_1_29' title="bbox 1828 1502 3409 1584">
     <span class='ocr_line' id='line_1_29' title="bbox 1828 1502 3409 1584; baseline 0.009 -28"><span class='ocrx_word' id='word_1_217' title='bbox 1828 1516 2001 1572; x_wconf 90' lang='lat' dir='ltr'><strong>usque</strong></span> <span class='ocrx_word' id='word_1_218' title='bbox 2023 1502 2394 1574; x_wconf 78' lang='lat' dir='ltr'><strong>mane(Ea:od.</strong></span> <span class='ocrx_word' id='word_1_219' title='bbox 2418 1503 2508 1558; x_wconf 92' lang='lat'><strong>27.</strong></span> <span class='ocrx_word' id='word_1_220' title='bbox 2534 1504 2622 1559; x_wconf 89' lang='lat'><strong>20.</strong></span> <span class='ocrx_word' id='word_1_221' title='bbox 2648 1505 2737 1560; x_wconf 91' lang='lat' dir='ltr'><strong>2l.</strong></span> <span class='ocrx_word' id='word_1_222' title='bbox 2763 1506 2885 1562; x_wconf 86' lang='lat' dir='ltr'><strong>Lev.</strong></span> <span class='ocrx_word' id='word_1_223' title='bbox 2909 1508 3000 1562; x_wconf 66' lang='lat'><strong>24.</strong></span> <span class='ocrx_word' id='word_1_224' title='bbox 3025 1510 3170 1584; x_wconf 79' lang='lat'><strong>5.8),</strong></span> <span class='ocrx_word' id='word_1_225' title='bbox 3196 1528 3409 1571; x_wconf 91' lang='lat' dir='ltr'><strong>summo</strong></span> 
     </span>
    </p>
   </div>
   <div class='ocr_carea' id='block_1_30' title="bbox 1829 1591 3408 1674">
    <p class='ocr_par' dir='ltr' id='par_1_30' title="bbox 1829 1591 3408 1674">
     <span class='ocr_line' id='line_1_30' title="bbox 1829 1591 3408 1674; baseline 0.009 -28"><span class='ocrx_word' id='word_1_226' title='bbox 1829 1591 2093 1648; x_wconf 86' lang='lat' dir='ltr'><strong>Pontiﬁce</strong></span> <span class='ocrx_word' id='word_1_227' title='bbox 2112 1593 2362 1650; x_wconf 87' lang='lat' dir='ltr'><strong>lucernas</strong></span> <span class='ocrx_word' id='word_1_228' title='bbox 2385 1611 2613 1667; x_wconf 88' lang='lat' dir='ltr'><strong>vespere</strong></span> <span class='ocrx_word' id='word_1_229' title='bbox 2651 1598 3030 1668; x_wconf 88' lang='lat' dir='ltr'><strong>concinnante,</strong></span> <span class='ocrx_word' id='word_1_230' title='bbox 3070 1602 3274 1674; x_wconf 88' lang='lat' dir='ltr'><strong>jugiter</strong></span> <span class='ocrx_word' id='word_1_231' title='bbox 3313 1621 3408 1660; x_wconf 81' lang='lat' dir='ltr'><strong>ex-</strong></span> 
     </span>
    </p>
   </div>
   <div class='ocr_carea' id='block_1_31' title="bbox 1830 1686 3409 1768">
    <p class='ocr_par' dir='ltr' id='par_1_31' title="bbox 1830 1686 3409 1768">
     <span class='ocr_line' id='line_1_31' title="bbox 1830 1686 3409 1768; baseline 0.008 -28"><span class='ocrx_word' id='word_1_232' title='bbox 1830 1693 1914 1741; x_wconf 92' lang='lat' dir='ltr'><strong>tra</strong></span> <span class='ocrx_word' id='word_1_233' title='bbox 1949 1686 2129 1742; x_wconf 90' lang='lat' dir='ltr'><strong>velum</strong></span> <span class='ocrx_word' id='word_1_234' title='bbox 2167 1696 2486 1758; x_wconf 62' lang='lat' dir='ltr'><strong>praeparatae</strong></span> <span class='ocrx_word' id='word_1_235' title='bbox 2523 1688 2803 1757; x_wconf 76' lang='lat' dir='ltr'><strong>lucebunt,</strong></span> <span class='ocrx_word' id='word_1_236' title='bbox 2845 1692 3106 1751; x_wconf 91' lang='lat' dir='ltr'><strong>Dominus</strong></span> <span class='ocrx_word' id='word_1_237' title='bbox 3152 1702 3212 1750; x_wconf 91' lang='lat' dir='ltr'><strong>ut</strong></span> <span class='ocrx_word' id='word_1_238' title='bbox 3231 1696 3409 1768; x_wconf 86' lang='lat' dir='ltr'><strong>jusse-</strong></span> 
     </span>
    </p>
   </div>
   <div class='ocr_carea' id='block_1_32' title="bbox 1830 1779 3406 1858">
    <p class='ocr_par' dir='ltr' id='par_1_32' title="bbox 1830 1779 3406 1858">
     <span class='ocr_line' id='line_1_32' title="bbox 1830 1779 3406 1858; baseline 0.008 -25"><span class='ocrx_word' id='word_1_239' title='bbox 1830 1788 1918 1834; x_wconf 90' lang='lat' dir='ltr'><strong>rat</strong></span> <span class='ocrx_word' id='word_1_240' title='bbox 1956 1779 2166 1852; x_wconf 90' lang='lat' dir='ltr'><strong>(Ibid.).</strong></span> <span class='ocrx_word' id='word_1_241' title='bbox 2211 1780 2319 1836; x_wconf 89' lang='lat' dir='ltr'><strong>Isto</strong></span> <span class='ocrx_word' id='word_1_242' title='bbox 2345 1780 2606 1838; x_wconf 81' lang='lat' dir='ltr'><strong>Pontiﬂce</strong></span> <span class='ocrx_word' id='word_1_243' title='bbox 2647 1783 2886 1842; x_wconf 90' lang='lat' dir='ltr'><strong>intrante</strong></span> <span class='ocrx_word' id='word_1_244' title='bbox 2933 1787 2990 1843; x_wconf 91' lang='lat' dir='ltr'><strong>in</strong></span> <span class='ocrx_word' id='word_1_245' title='bbox 3028 1789 3406 1858; x_wconf 89' lang='lat' dir='ltr'><strong>tabernaculo,</strong></span> 
     </span>
    </p>
   </div>
   <div class='ocr_carea' id='block_1_33' title="bbox 138 1861 3406 1950">
    <p class='ocr_par' dir='ltr' id='par_1_33' title="bbox 138 1861 3406 1950">
     <span class='ocr_line' id='line_1_33' title="bbox 138 1861 3406 1950; baseline 0.006 -33"><span class='ocrx_word' id='word_1_246' title='bbox 138 1877 216 1933; x_wconf 71' lang='grc' dir='ltr'><strong>(ιε</strong></span> <span class='ocrx_word' id='word_1_247' title='bbox 249 1891 356 1947; x_wconf 69' lang='lat' dir='ltr'><strong>qua</strong></span> <span class='ocrx_word' id='word_1_248' title='bbox 383 1892 552 1948; x_wconf 70' lang='lat' dir='ltr'><strong>usque</strong></span> <span class='ocrx_word' id='word_1_249' title='bbox 573 1877 642 1933; x_wconf 67' lang='lat' dir='ltr'><strong>ad</strong></span> <span class='ocrx_word' id='word_1_250' title='bbox 689 1877 979 1933; x_wconf 61' lang='lat' dir='ltr'><strong>adventum</strong></span> <span class='ocrx_word' id='word_1_251' title='bbox 1023 1873 1152 1933; x_wconf 75' lang='lat' dir='ltr'><strong>Jesu</strong></span> <span class='ocrx_word' id='word_1_252' title='bbox 1203 1877 1425 1944; x_wconf 56' lang='lat' dir='ltr'><strong>Christi,</strong></span> <span class='ocrx_word' id='word_1_253' title='bbox 1477 1878 1723 1934; x_wconf 70' lang='lat' dir='ltr'><strong>homines</strong></span> <span class='ocrx_word' id='word_1_254' title='bbox 1749 1861 1798 1920; x_wconf 89' lang='lat' dir='ltr'><strong>B</strong></span> <span class='ocrx_word' id='word_1_255' title='bbox 1817 1869 1932 1940; x_wconf 90' lang='lat' dir='ltr'><strong>jam</strong></span> <span class='ocrx_word' id='word_1_256' title='bbox 1957 1871 2242 1944; x_wconf 69' lang='lat' dir='ltr'><strong>grandaeva</strong></span> <span class='ocrx_word' id='word_1_257' title='bbox 2264 1882 2544 1930; x_wconf 87' lang='lat' dir='ltr'><strong>senectute</strong></span> <span class='ocrx_word' id='word_1_258' title='bbox 2571 1874 2839 1946; x_wconf 82' lang='lat' dir='ltr'><strong>confecto,</strong></span> <span class='ocrx_word' id='word_1_259' title='bbox 2863 1878 3005 1935; x_wconf 90' lang='lat' dir='ltr'><strong>oculi</strong></span> <span class='ocrx_word' id='word_1_260' title='bbox 3033 1879 3151 1950; x_wconf 89' lang='lat' dir='ltr'><strong>ejus</strong></span> <span class='ocrx_word' id='word_1_261' title='bbox 3183 1882 3239 1937; x_wconf 92' lang='lat' dir='ltr'><strong>in</strong></span> <span class='ocrx_word' id='word_1_262' title='bbox 3278 1889 3406 1938; x_wconf 88' lang='lat' dir='ltr'><strong>tan-</strong></span> 
     </span>
    </p>
   </div>
   <div class='ocr_carea' id='block_1_34' title="bbox 137 1969 1724 2040">
    <p class='ocr_par' dir='ltr' id='par_1_34' title="bbox 137 1969 1724 2040">
     <span class='ocr_line' id='line_1_34' title="bbox 137 1969 1724 2040; baseline -0.003 -14"><span class='ocrx_word' id='word_1_263' title='bbox 137 1977 558 2026; x_wconf 83' lang='lat' dir='ltr'><strong>remanserunt:</strong></span> <span class='ocrx_word' id='word_1_264' title='bbox 589 1969 656 2024; x_wconf 93' lang='lat' dir='ltr'><strong>de</strong></span> <span class='ocrx_word' id='word_1_265' title='bbox 687 1983 795 2039; x_wconf 92' lang='lat' dir='ltr'><strong>quo</strong></span> <span class='ocrx_word' id='word_1_266' title='bbox 820 1982 1019 2040; x_wconf 82' lang='lat' dir='ltr'><strong>genere</strong></span> <span class='ocrx_word' id='word_1_267' title='bbox 1044 1970 1212 2022; x_wconf 88' lang='lat' dir='ltr'><strong>etiam</strong></span> <span class='ocrx_word' id='word_1_268' title='bbox 1230 1983 1375 2023; x_wconf 89' lang='lat' dir='ltr'><strong>nunc</strong></span> <span class='ocrx_word' id='word_1_269' title='bbox 1421 1982 1591 2039; x_wconf 90' lang='lat' dir='ltr'><strong>usque</strong></span> <span class='ocrx_word' id='word_1_270' title='bbox 1615 1983 1724 2024; x_wconf 91' lang='lat' dir='ltr'><strong>non</strong></span> 
     </span>
    </p>
   </div>
   <div class='ocr_carea' id='block_1_35' title="bbox 134 2059 1722 2132">
    <p class='ocr_par' dir='ltr' id='par_1_35' title="bbox 134 2059 1722 2132">
     <span class='ocr_line' id='line_1_35' title="bbox 134 2059 1722 2132; baseline -0.002 -13"><span class='ocrx_word' id='word_1_271' title='bbox 134 2063 357 2119; x_wconf 87' lang='lat' dir='ltr'><strong>desunt.</strong></span> <span class='ocrx_word' id='word_1_272' title='bbox 410 2059 545 2116; x_wconf 83' lang='lat' dir='ltr'><strong>Nam</strong></span> <span class='ocrx_word' id='word_1_273' title='bbox 584 2061 651 2116; x_wconf 92' lang='lat' dir='ltr'><strong>de</strong></span> <span class='ocrx_word' id='word_1_274' title='bbox 679 2060 771 2116; x_wconf 90' lang='lat' dir='ltr'><strong>illa</strong></span> <span class='ocrx_word' id='word_1_275' title='bbox 818 2061 980 2116; x_wconf 90' lang='lat' dir='ltr'><strong>domo</strong></span> <span class='ocrx_word' id='word_1_276' title='bbox 1027 2059 1144 2116; x_wconf 81' lang='lat' dir='ltr'><strong>Heli</strong></span> <span class='ocrx_word' id='word_1_277' title='bbox 1179 2061 1357 2132; x_wconf 87' lang='lat' dir='ltr'><strong>hujus,</strong></span> <span class='ocrx_word' id='word_1_278' title='bbox 1406 2059 1519 2130; x_wconf 90' lang='lat' dir='ltr'><strong>jam</strong></span> <span class='ocrx_word' id='word_1_279' title='bbox 1563 2075 1722 2132; x_wconf 89' lang='lat' dir='ltr'><strong>supra</strong></span> 
     </span>
    </p>
   </div>
   <div class='ocr_carea' id='block_1_36' title="bbox 132 2152 1718 2225">
    <p class='ocr_par' dir='ltr' id='par_1_36' title="bbox 132 2152 1718 2225">
     <span class='ocr_line' id='line_1_36' title="bbox 132 2152 1718 2225; baseline -0.001 -15"><span class='ocrx_word' id='word_1_280' title='bbox 132 2155 346 2210; x_wconf 85' lang='lat' dir='ltr'><strong>dictum</strong></span> <span class='ocrx_word' id='word_1_281' title='bbox 374 2162 493 2210; x_wconf 87' lang='lat' dir='ltr'><strong>erat</strong></span> <span class='ocrx_word' id='word_1_282' title='bbox 516 2153 546 2194; x_wconf 70' lang='grc' dir='ltr'><strong>ι’</strong></span> <span class='ocrx_word' id='word_1_283' title='bbox 581 2173 594 2208; x_wconf 89' lang='lat'><strong>:</strong></span> <span class='ocrx_word' id='word_1_284' title='bbox 631 2152 700 2206; x_wconf 84' lang='lat' dir='ltr'><strong>Et</strong></span> <span class='ocrx_word' id='word_1_285' title='bbox 718 2153 886 2208; x_wconf 90' lang='lat' dir='ltr'><strong>omnis</strong></span> <span class='ocrx_word' id='word_1_286' title='bbox 909 2153 1000 2225; x_wconf 86' lang='lat' dir='ltr'><strong>qui</strong></span> <span class='ocrx_word' id='word_1_287' title='bbox 1027 2154 1346 2224; x_wconf 83' lang='lat' dir='ltr'><strong>superaverit</strong></span> <span class='ocrx_word' id='word_1_288' title='bbox 1387 2153 1574 2208; x_wconf 89' lang='lat' dir='ltr'><strong>domus</strong></span> <span class='ocrx_word' id='word_1_289' title='bbox 1594 2161 1718 2219; x_wconf 78' lang='lat' dir='ltr'><strong>tute,</strong></span> 
     </span>
    </p>
   </div>
   <div class='ocr_carea' id='block_1_37' title="bbox 131 2243 1722 2316">
    <p class='ocr_par' dir='ltr' id='par_1_37' title="bbox 131 2243 1722 2316">
     <span class='ocr_line' id='line_1_37' title="bbox 131 2243 1722 2316; baseline 0.001 -16"><span class='ocrx_word' id='word_1_290' title='bbox 131 2246 343 2300; x_wconf 79' lang='lat' dir='ltr'><strong>decidet</strong></span> <span class='ocrx_word' id='word_1_291' title='bbox 368 2247 425 2300; x_wconf 85' lang='lat' dir='ltr'><strong>in</strong></span> <span class='ocrx_word' id='word_1_292' title='bbox 451 2244 627 2316; x_wconf 86' lang='lat' dir='ltr'><strong>gladio</strong></span> <span class='ocrx_word' id='word_1_293' title='bbox 675 2246 924 2300; x_wconf 84' lang='lat' dir='ltr'><strong>uirorum.</strong></span> <span class='ocrx_word' id='word_1_294' title='bbox 974 2243 1252 2312; x_wconf 85' lang='lat' dir='ltr'><strong>Quomodo</strong></span> <span class='ocrx_word' id='word_1_295' title='bbox 1298 2259 1428 2316; x_wconf 88' lang='lat' dir='ltr'><strong>ergo</strong></span> <span class='ocrx_word' id='word_1_296' title='bbox 1469 2245 1560 2302; x_wconf 89' lang='lat' dir='ltr'><strong>hic</strong></span> <span class='ocrx_word' id='word_1_297' title='bbox 1593 2259 1722 2301; x_wconf 87' lang='lat' dir='ltr'><strong>vere</strong></span> 
     </span>
    </p>
   </div>
   <div class='ocr_carea' id='block_1_38' title="bbox 128 2337 1722 2409">
    <p class='ocr_par' dir='ltr' id='par_1_38' title="bbox 128 2337 1722 2409">
     <span class='ocr_line' id='line_1_38' title="bbox 128 2337 1722 2409; baseline -0.002 -14"><span class='ocrx_word' id='word_1_298' title='bbox 128 2339 245 2395; x_wconf 88' lang='lat' dir='ltr'><strong>dici</strong></span> <span class='ocrx_word' id='word_1_299' title='bbox 279 2338 476 2409; x_wconf 90' lang='lat' dir='ltr'><strong>potuit,</strong></span> <span class='ocrx_word' id='word_1_300' title='bbox 504 2347 554 2392; x_wconf 88' lang='lat' dir='ltr'><strong>et</strong></span> <span class='ocrx_word' id='word_1_301' title='bbox 595 2338 692 2392; x_wconf 89' lang='lat' dir='ltr'><strong>erit</strong></span> <span class='ocrx_word' id='word_1_302' title='bbox 720 2337 811 2408; x_wconf 87' lang='lat' dir='ltr'><strong>qui</strong></span> <span class='ocrx_word' id='word_1_303' title='bbox 842 2338 1148 2392; x_wconf 81' lang='lat' dir='ltr'><strong>remanserit</strong></span> <span class='ocrx_word' id='word_1_304' title='bbox 1175 2337 1232 2390; x_wconf 87' lang='lat' dir='ltr'><strong>in</strong></span> <span class='ocrx_word' id='word_1_305' title='bbox 1277 2337 1431 2391; x_wconf 90' lang='lat' dir='ltr'><strong>domo</strong></span> <span class='ocrx_word' id='word_1_306' title='bbox 1473 2345 1586 2404; x_wconf 87' lang='lat' dir='ltr'><strong>tua,</strong></span> <span class='ocrx_word' id='word_1_307' title='bbox 1643 2353 1722 2392; x_wconf 83' lang='lat' dir='ltr'><strong>ve-</strong></span> 
     </span>
    </p>
   </div>
   <div class='ocr_carea' id='block_1_39' title="bbox 126 2429 1719 2502">
    <p class='ocr_par' dir='ltr' id='par_1_39' title="bbox 126 2429 1719 2502">
     <span class='ocr_line' id='line_1_39' title="bbox 126 2429 1719 2502; baseline -0.001 -16"><span class='ocrx_word' id='word_1_308' title='bbox 126 2433 272 2498; x_wconf 84' lang='lat' dir='ltr'><strong>niat,</strong></span> <span class='ocrx_word' id='word_1_309' title='bbox 317 2441 374 2486; x_wconf 90' lang='lat' dir='ltr'><strong>ut</strong></span> <span class='ocrx_word' id='word_1_310' title='bbox 399 2441 575 2486; x_wconf 88' lang='lat' dir='ltr'><strong>oretur</strong></span> <span class='ocrx_word' id='word_1_311' title='bbox 609 2447 703 2502; x_wconf 88' lang='lat' dir='ltr'><strong>pro</strong></span> <span class='ocrx_word' id='word_1_312' title='bbox 738 2431 832 2485; x_wconf 81' lang='lat' dir='ltr'><strong>eo?</strong></span> <span class='ocrx_word' id='word_1_313' title='bbox 861 2429 919 2486; x_wconf 90' lang='lat' dir='ltr'><strong>Si</strong></span> <span class='ocrx_word' id='word_1_314' title='bbox 950 2429 1078 2486; x_wconf 89' lang='lat' dir='ltr'><strong>illud</strong></span> <span class='ocrx_word' id='word_1_315' title='bbox 1099 2437 1184 2486; x_wconf 89' lang='lat' dir='ltr'><strong>est</strong></span> <span class='ocrx_word' id='word_1_316' title='bbox 1211 2445 1420 2497; x_wconf 90' lang='lat' dir='ltr'><strong>verum,</strong></span> <span class='ocrx_word' id='word_1_317' title='bbox 1446 2431 1589 2500; x_wconf 92' lang='lat' dir='ltr'><strong>quod</strong></span> <span class='ocrx_word' id='word_1_318' title='bbox 1633 2430 1719 2485; x_wconf 80' lang='lat' dir='ltr'><strong>ul-</strong></span> 
     </span>
    </p>
   </div>
   <div class='ocr_carea' id='block_1_40' title="bbox 128 2522 1720 2596">
    <p class='ocr_par' dir='ltr' id='par_1_40' title="bbox 128 2522 1720 2596">
     <span class='ocr_line' id='line_1_40' title="bbox 128 2522 1720 2596; baseline -0.003 -16"><span class='ocrx_word' id='word_1_319' title='bbox 128 2532 259 2580; x_wconf 84' lang='lat' dir='ltr'><strong>tore</strong></span> <span class='ocrx_word' id='word_1_320' title='bbox 284 2523 458 2596; x_wconf 90' lang='lat' dir='ltr'><strong>gladio</strong></span> <span class='ocrx_word' id='word_1_321' title='bbox 477 2537 641 2578; x_wconf 92' lang='lat' dir='ltr'><strong>nemo</strong></span> <span class='ocrx_word' id='word_1_322' title='bbox 667 2523 792 2578; x_wconf 84' lang='lat' dir='ltr'><strong>inde</strong></span> <span class='ocrx_word' id='word_1_323' title='bbox 811 2523 1096 2593; x_wconf 89' lang='lat' dir='ltr'><strong>supererit,</strong></span> <span class='ocrx_word' id='word_1_324' title='bbox 1129 2522 1230 2578; x_wconf 90' lang='lat' dir='ltr'><strong>nisi</strong></span> <span class='ocrx_word' id='word_1_325' title='bbox 1262 2522 1389 2594; x_wconf 87' lang='lat' dir='ltr'><strong>quia</strong></span> <span class='ocrx_word' id='word_1_326' title='bbox 1417 2522 1536 2578; x_wconf 91' lang='lat' dir='ltr'><strong>illos</strong></span> <span class='ocrx_word' id='word_1_327' title='bbox 1565 2522 1720 2578; x_wconf 92' lang='lat' dir='ltr'><strong>intel-</strong></span> 
     </span>
    </p>
   </div>
   <div class='ocr_carea' id='block_1_41' title="bbox 125 2615 1720 2689">
    <p class='ocr_par' dir='ltr' id='par_1_41' title="bbox 125 2615 1720 2689">
     <span class='ocr_line' id='line_1_41' title="bbox 125 2615 1720 2689; baseline -0.001 -19"><span class='ocrx_word' id='word_1_328' title='bbox 125 2615 232 2689; x_wconf 83' lang='lat' dir='ltr'><strong>ligi</strong></span> <span class='ocrx_word' id='word_1_329' title='bbox 261 2615 443 2681; x_wconf 86' lang='lat' dir='ltr'><strong>voluit,</strong></span> <span class='ocrx_word' id='word_1_330' title='bbox 462 2616 552 2688; x_wconf 86' lang='lat' dir='ltr'><strong>qui</strong></span> <span class='ocrx_word' id='word_1_331' title='bbox 573 2615 840 2688; x_wconf 87' lang='lat' dir='ltr'><strong>pertinent</strong></span> <span class='ocrx_word' id='word_1_332' title='bbox 855 2617 922 2671; x_wconf 90' lang='lat' dir='ltr'><strong>ad</strong></span> <span class='ocrx_word' id='word_1_333' title='bbox 943 2615 1168 2686; x_wconf 87' lang='lat' dir='ltr'><strong>stirpem</strong></span> <span class='ocrx_word' id='word_1_334' title='bbox 1191 2615 1334 2672; x_wconf 91' lang='lat' dir='ltr'><strong>illius</strong></span> <span class='ocrx_word' id='word_1_335' title='bbox 1359 2615 1522 2671; x_wconf 86' lang='lat' dir='ltr'><strong>totius</strong></span> <span class='ocrx_word' id='word_1_336' title='bbox 1537 2629 1720 2671; x_wconf 91' lang='lat' dir='ltr'><strong>sacer-</strong></span> 
     </span>
    </p>
   </div>
   <div class='ocr_carea' id='block_1_42' title="bbox 126 2709 1722 2784">
    <p class='ocr_par' dir='ltr' id='par_1_42' title="bbox 126 2709 1722 2784">
     <span class='ocr_line' id='line_1_42' title="bbox 126 2709 1722 2784; baseline -0.002 -16"><span class='ocrx_word' id='word_1_337' title='bbox 126 2710 272 2768; x_wconf 87' lang='lat' dir='ltr'><strong>dotii</strong></span> <span class='ocrx_word' id='word_1_338' title='bbox 298 2710 590 2766; x_wconf 91' lang='lat' dir='ltr'><strong>secundum</strong></span> <span class='ocrx_word' id='word_1_339' title='bbox 611 2710 856 2784; x_wconf 89' lang='lat' dir='ltr'><strong>ordinem</strong></span> <span class='ocrx_word' id='word_1_340' title='bbox 881 2709 1086 2765; x_wconf 89' lang='lat' dir='ltr'><strong>Aaron.</strong></span> <span class='ocrx_word' id='word_1_341' title='bbox 1117 2709 1260 2782; x_wconf 86' lang='lat' dir='ltr'><strong>Ergo</strong></span> <span class='ocrx_word' id='word_1_342' title='bbox 1281 2710 1328 2765; x_wconf 93' lang='lat' dir='ltr'><strong>si</strong></span> <span class='ocrx_word' id='word_1_343' title='bbox 1371 2710 1438 2766; x_wconf 89' lang='lat' dir='ltr'><strong>de</strong></span> <span class='ocrx_word' id='word_1_344' title='bbox 1475 2709 1583 2765; x_wconf 88' lang='lat' dir='ltr'><strong>illis</strong></span> <span class='ocrx_word' id='word_1_345' title='bbox 1633 2717 1722 2765; x_wconf 90' lang='lat' dir='ltr'><strong>est</strong></span> 
     </span>
    </p>
   </div>
   <div class='ocr_carea' id='block_1_43' title="bbox 122 2801 1716 2875">
    <p class='ocr_par' dir='ltr' id='par_1_43' title="bbox 122 2801 1716 2875">
     <span class='ocr_line' id='line_1_43' title="bbox 122 2801 1716 2875; baseline 0 -17"><span class='ocrx_word' id='word_1_346' title='bbox 122 2801 533 2875; x_wconf 64' lang='lat' dir='ltr'><strong>praedestinatis</strong></span> <span class='ocrx_word' id='word_1_347' title='bbox 582 2801 845 2872; x_wconf 91' lang='lat' dir='ltr'><strong>reliquiis,</strong></span> <span class='ocrx_word' id='word_1_348' title='bbox 897 2802 966 2857; x_wconf 93' lang='lat' dir='ltr'><strong>de</strong></span> <span class='ocrx_word' id='word_1_349' title='bbox 1013 2801 1209 2872; x_wconf 90' lang='lat' dir='ltr'><strong>quibus</strong></span> <span class='ocrx_word' id='word_1_350' title='bbox 1233 2808 1236 2812; x_wconf 82' lang='grc'><em>’</em></span> <span class='ocrx_word' id='word_1_351' title='bbox 1260 2801 1399 2858; x_wconf 89' lang='lat' dir='ltr'><strong>alius</strong></span> <span class='ocrx_word' id='word_1_352' title='bbox 1447 2801 1716 2872; x_wconf 85' lang='lat' dir='ltr'><strong>Propheta</strong></span> 
     </span>
    </p>
   </div>
   <div class='ocr_carea' id='block_1_44' title="bbox 125 2891 1713 2966">
    <p class='ocr_par' dir='ltr' id='par_1_44' title="bbox 125 2891 1713 2966">
     <span class='ocr_line' id='line_1_44' title="bbox 125 2891 1713 2966; baseline -0.001 -18"><span class='ocrx_word' id='word_1_353' title='bbox 125 2893 277 2948; x_wconf 78' lang='lat' dir='ltr'><strong>dixit</strong></span> <span class='ocrx_word' id='word_1_354' title='bbox 303 2891 436 2965; x_wconf 88' lang='lat' dir='ltr'><strong>(Isa.</strong></span> <span class='ocrx_word' id='word_1_355' title='bbox 472 2893 559 2948; x_wconf 87' lang='grc'><strong>10.</strong></span> <span class='ocrx_word' id='word_1_356' title='bbox 583 2891 649 2947; x_wconf 88' lang='grc'><strong>21</strong></span> <span class='ocrx_word' id='word_1_357' title='bbox 679 2901 733 2948; x_wconf 88' lang='lat' dir='ltr'><strong>et</strong></span> <span class='ocrx_word' id='word_1_358' title='bbox 757 2893 848 2948; x_wconf 90' lang='lat'><strong>22.</strong></span> <span class='ocrx_word' id='word_1_359' title='bbox 886 2891 1043 2949; x_wconf 86' lang='lat' dir='ltr'><strong>Rom.</strong></span> <span class='ocrx_word' id='word_1_360' title='bbox 1075 2893 1128 2950; x_wconf 90' lang='lat'><strong>9.</strong></span> <span class='ocrx_word' id='word_1_361' title='bbox 1161 2893 1273 2965; x_wconf 89' lang='grc'><strong>27),</strong></span> <span class='ocrx_word' id='word_1_362' title='bbox 1297 2945 1300 2948; x_wconf 77' lang='grc'>,</span> <span class='ocrx_word' id='word_1_363' title='bbox 1320 2892 1554 2966; x_wconf 62' lang='lat' dir='ltr'><strong>reliquiae</strong></span> <span class='ocrx_word' id='word_1_364' title='bbox 1601 2893 1713 2948; x_wconf 88' lang='lat' dir='ltr'><strong>sal-</strong></span> 
     </span>
    </p>
   </div>
   <div class='ocr_carea' id='block_1_45' title="bbox 118 2982 1711 3056">
    <p class='ocr_par' dir='ltr' id='par_1_45' title="bbox 118 2982 1711 3056">
     <span class='ocr_line' id='line_1_45' title="bbox 118 2982 1711 3056; baseline 0 -18"><span class='ocrx_word' id='word_1_365' title='bbox 118 3001 214 3039; x_wconf 77' lang='lat' dir='ltr'><strong>va:</strong></span> <span class='ocrx_word' id='word_1_366' title='bbox 231 2983 382 3052; x_wconf 79' lang='lat' dir='ltr'><strong>ﬁent,</strong></span> <span class='ocrx_word' id='word_1_367' title='bbox 405 2983 548 3040; x_wconf 89' lang='lat' dir='ltr'><strong>unde</strong></span> <span class='ocrx_word' id='word_1_368' title='bbox 574 2991 631 3040; x_wconf 88' lang='lat' dir='ltr'><strong>et</strong></span> <span class='ocrx_word' id='word_1_369' title='bbox 653 2983 940 3054; x_wconf 81' lang='lat' dir='ltr'><strong>Apostolus</strong></span> <span class='ocrx_word' id='word_1_370' title='bbox 973 3002 986 3037; x_wconf 94' lang='lat'><strong>:</strong></span> <span class='ocrx_word' id='word_1_371' title='bbox 1017 2982 1188 3056; x_wconf 86' lang='lat' dir='ltr'><strong>(Rom.</strong></span> <span class='ocrx_word' id='word_1_372' title='bbox 1225 2983 1312 3037; x_wconf 90' lang='grc'><strong>11.</strong></span> <span class='ocrx_word' id='word_1_373' title='bbox 1339 2983 1417 3055; x_wconf 84' lang='lat'><strong>5).</strong></span> <span class='ocrx_word' id='word_1_374' title='bbox 1452 2982 1543 3039; x_wconf 86' lang='lat' dir='ltr'><strong>Sic</strong></span> <span class='ocrx_word' id='word_1_375' title='bbox 1568 3000 1711 3054; x_wconf 91' lang='lat' dir='ltr'><strong>ergo,</strong></span> 
     </span>
    </p>
   </div>
   <div class='ocr_carea' id='block_1_46' title="bbox 117 3073 1713 3147">
    <p class='ocr_par' dir='ltr' id='par_1_46' title="bbox 117 3073 1713 3147">
     <span class='ocr_line' id='line_1_46' title="bbox 117 3073 1713 3147; baseline -0.001 -17"><span class='ocrx_word' id='word_1_376' title='bbox 117 3085 175 3130; x_wconf 85' lang='lat' dir='ltr'><strong>et</strong></span> <span class='ocrx_word' id='word_1_377' title='bbox 204 3076 260 3130; x_wconf 86' lang='lat' dir='ltr'><strong>in</strong></span> <span class='ocrx_word' id='word_1_378' title='bbox 289 3074 387 3129; x_wconf 82' lang='lat' dir='ltr'><strong>hoc</strong></span> <span class='ocrx_word' id='word_1_379' title='bbox 413 3083 638 3146; x_wconf 86' lang='lat' dir='ltr'><strong>tempore</strong></span> <span class='ocrx_word' id='word_1_380' title='bbox 660 3073 894 3146; x_wconf 63' lang='lat' dir='ltr'><strong>reliquiae</strong></span> <span class='ocrx_word' id='word_1_381' title='bbox 915 3090 1007 3146; x_wconf 86' lang='lat' dir='ltr'><strong>per</strong></span> <span class='ocrx_word' id='word_1_382' title='bbox 1033 3073 1332 3147; x_wconf 81' lang='lat' dir='ltr'><strong>electionem</strong></span> <span class='ocrx_word' id='word_1_383' title='bbox 1354 3075 1540 3146; x_wconf 72' lang='lat' dir='ltr'><strong>gratia:</strong></span> <span class='ocrx_word' id='word_1_384' title='bbox 1554 3073 1713 3129; x_wconf 76' lang='lat' dir='ltr'><strong>salva:</strong></span> 
     </span>
    </p>
   </div>
   <div class='ocr_carea' id='block_1_47' title="bbox 117 3165 1712 3240">
    <p class='ocr_par' dir='ltr' id='par_1_47' title="bbox 117 3165 1712 3240">
     <span class='ocr_line' id='line_1_47' title="bbox 117 3165 1712 3240; baseline 0.001 -19"><span class='ocrx_word' id='word_1_385' title='bbox 117 3169 292 3238; x_wconf 66' lang='lat' dir='ltr'><strong>facta</strong></span> <span class='ocrx_word' id='word_1_386' title='bbox 318 3175 459 3232; x_wconf 85' lang='lat' dir='ltr'><strong>sunt,</strong></span> <span class='ocrx_word' id='word_1_387' title='bbox 487 3166 614 3238; x_wconf 87' lang='lat' dir='ltr'><strong>quia</strong></span> <span class='ocrx_word' id='word_1_388' title='bbox 639 3167 708 3223; x_wconf 92' lang='lat' dir='ltr'><strong>de</strong></span> <span class='ocrx_word' id='word_1_389' title='bbox 729 3165 926 3222; x_wconf 87' lang='lat' dir='ltr'><strong>talibus</strong></span> <span class='ocrx_word' id='word_1_390' title='bbox 947 3165 1193 3237; x_wconf 86' lang='lat' dir='ltr'><strong>reliquiis</strong></span> <span class='ocrx_word' id='word_1_391' title='bbox 1217 3168 1356 3223; x_wconf 87' lang='lat' dir='ltr'><strong>bene</strong></span> <span class='ocrx_word' id='word_1_392' title='bbox 1397 3167 1712 3240; x_wconf 81' lang='lat' dir='ltr'><strong>intelligitur</strong></span> 
     </span>
    </p>
   </div>
   <div class='ocr_carea' id='block_1_48' title="bbox 116 3258 1709 3330">
    <p class='ocr_par' dir='ltr' id='par_1_48' title="bbox 116 3258 1709 3330">
     <span class='ocr_line' id='line_1_48' title="bbox 116 3258 1709 3330; baseline -0.001 -14"><span class='ocrx_word' id='word_1_393' title='bbox 116 3274 276 3324; x_wconf 88' lang='lat' dir='ltr'><strong>esse,</strong></span> <span class='ocrx_word' id='word_1_394' title='bbox 300 3258 368 3313; x_wconf 90' lang='lat' dir='ltr'><strong>de</strong></span> <span class='ocrx_word' id='word_1_395' title='bbox 393 3273 498 3329; x_wconf 91' lang='lat' dir='ltr'><strong>quo</strong></span> <span class='ocrx_word' id='word_1_396' title='bbox 522 3259 723 3314; x_wconf 89' lang='lat' dir='ltr'><strong>dictum</strong></span> <span class='ocrx_word' id='word_1_397' title='bbox 747 3265 851 3325; x_wconf 91' lang='lat' dir='ltr'><strong>est,</strong></span> <span class='ocrx_word' id='word_1_398' title='bbox 873 3259 964 3330; x_wconf 86' lang='lat' dir='ltr'><strong>qui</strong></span> <span class='ocrx_word' id='word_1_399' title='bbox 1000 3260 1302 3314; x_wconf 72' lang='lat' dir='ltr'><strong>remanserit</strong></span> <span class='ocrx_word' id='word_1_400' title='bbox 1327 3260 1384 3312; x_wconf 84' lang='lat' dir='ltr'><strong>in</strong></span> <span class='ocrx_word' id='word_1_401' title='bbox 1403 3258 1557 3313; x_wconf 91' lang='lat' dir='ltr'><strong>domo</strong></span> <span class='ocrx_word' id='word_1_402' title='bbox 1578 3267 1670 3313; x_wconf 88' lang='lat' dir='ltr'><strong>tua</strong></span> <span class='ocrx_word' id='word_1_403' title='bbox 1689 3275 1709 3314; x_wconf 89' lang='lat'><strong><em>:</em></strong></span> 
     </span>
    </p>
   </div>
   <div class='ocr_carea' id='block_1_49' title="bbox 111 3349 1712 3422">
    <p class='ocr_par' dir='ltr' id='par_1_49' title="bbox 111 3349 1712 3422">
     <span class='ocr_line' id='line_1_49' title="bbox 111 3349 1712 3422; baseline 0.001 -18"><span class='ocrx_word' id='word_1_404' title='bbox 111 3349 382 3422; x_wconf 84' lang='lat' dir='ltr'><strong>profecto</strong></span> <span class='ocrx_word' id='word_1_405' title='bbox 407 3349 572 3405; x_wconf 88' lang='lat' dir='ltr'><strong>credit</strong></span> <span class='ocrx_word' id='word_1_406' title='bbox 601 3351 657 3407; x_wconf 90' lang='lat' dir='ltr'><strong>in</strong></span> <span class='ocrx_word' id='word_1_407' title='bbox 677 3349 950 3407; x_wconf 88' lang='lat' dir='ltr'><strong>Christum</strong></span> <span class='ocrx_word' id='word_1_408' title='bbox 974 3369 988 3404; x_wconf 89' lang='lat'>:</span> <span class='ocrx_word' id='word_1_409' title='bbox 1012 3352 1165 3406; x_wconf 81' lang='lat' dir='ltr'><strong>sicut</strong></span> <span class='ocrx_word' id='word_1_410' title='bbox 1201 3352 1530 3422; x_wconf 89' lang='lat' dir='ltr'><strong>temporibus</strong></span> <span class='ocrx_word' id='word_1_411' title='bbox 1570 3351 1712 3422; x_wconf 86' lang='lat' dir='ltr'><strong>Apo-</strong></span> 
     </span>
    </p>
   </div>
   <div class='ocr_carea' id='block_1_50' title="bbox 111 3424 1704 3515">
    <p class='ocr_par' dir='ltr' id='par_1_50' title="bbox 111 3424 1704 3515">
     <span class='ocr_line' id='line_1_50' title="bbox 111 3424 1704 3515; baseline 0.001 -17"><span class='ocrx_word' id='word_1_412' title='bbox 111 3441 395 3498; x_wconf 88' lang='lat' dir='ltr'><strong>stolorum</strong></span> <span class='ocrx_word' id='word_1_413' title='bbox 419 3424 484 3497; x_wconf 74' lang='grc' dir='ltr'><strong>εἰ</strong></span> <span class='ocrx_word' id='word_1_414' title='bbox 507 3443 620 3513; x_wconf 85' lang='lat' dir='ltr'><strong>ipsa</strong></span> <span class='ocrx_word' id='word_1_415' title='bbox 655 3451 813 3513; x_wconf 89' lang='lat' dir='ltr'><strong>gente</strong></span> <span class='ocrx_word' id='word_1_416' title='bbox 837 3442 1057 3514; x_wconf 90' lang='lat' dir='ltr'><strong>plurimi</strong></span> <span class='ocrx_word' id='word_1_417' title='bbox 1084 3443 1431 3498; x_wconf 87' lang='lat' dir='ltr'><strong>crediderunt</strong></span> <span class='ocrx_word' id='word_1_418' title='bbox 1467 3442 1604 3515; x_wconf 83' lang='lat' dir='ltr'><strong>(Act.</strong></span> <span class='ocrx_word' id='word_1_419' title='bbox 1651 3444 1704 3499; x_wconf 90' lang='lat'><strong>2.</strong></span> 
     </span>
    </p>
   </div>
   <div class='ocr_carea' id='block_1_51' title="bbox 110 3534 1704 3607">
    <p class='ocr_par' dir='ltr' id='par_1_51' title="bbox 110 3534 1704 3607">
     <span class='ocr_line' id='line_1_51' title="bbox 110 3534 1704 3607; baseline 0 -16"><span class='ocrx_word' id='word_1_420' title='bbox 110 3537 220 3591; x_wconf 72' lang='grc'>41.</span> <span class='ocrx_word' id='word_1_421' title='bbox 252 3534 404 3607; x_wconf 89' lang='lat' dir='ltr'><strong>etc.).</strong></span> <span class='ocrx_word' id='word_1_422' title='bbox 456 3535 641 3606; x_wconf 88' lang='lat' dir='ltr'><strong>Neque</strong></span> <span class='ocrx_word' id='word_1_423' title='bbox 677 3551 822 3592; x_wconf 85' lang='lat' dir='ltr'><strong>nunc</strong></span> <span class='ocrx_word' id='word_1_424' title='bbox 871 3537 1068 3592; x_wconf 90' lang='lat' dir='ltr'><strong>desunt</strong></span> <span class='ocrx_word' id='word_1_425' title='bbox 1113 3537 1204 3607; x_wconf 92' lang='lat' dir='ltr'><strong>qui</strong></span> <span class='ocrx_word' id='word_1_426' title='bbox 1235 3536 1366 3592; x_wconf 90' lang='lat' dir='ltr'><strong>licet</strong></span> <span class='ocrx_word' id='word_1_427' title='bbox 1404 3536 1704 3603; x_wconf 89' lang='lat' dir='ltr'><strong>rarissime,</strong></span> 
     </span>
    </p>
   </div>
   <div class='ocr_carea' id='block_1_52' title="bbox 115 3629 1707 3700">
    <p class='ocr_par' dir='ltr' id='par_1_52' title="bbox 115 3629 1707 3700">
     <span class='ocr_line' id='line_1_52' title="bbox 115 3629 1707 3700; baseline 0.002 -13"><span class='ocrx_word' id='word_1_428' title='bbox 115 3641 316 3688; x_wconf 86' lang='lat' dir='ltr'><strong>tamen</strong></span> <span class='ocrx_word' id='word_1_429' title='bbox 335 3629 574 3696; x_wconf 90' lang='lat' dir='ltr'><strong>credant,</strong></span> <span class='ocrx_word' id='word_1_430' title='bbox 604 3636 659 3686; x_wconf 89' lang='lat' dir='ltr'><strong>et</strong></span> <span class='ocrx_word' id='word_1_431' title='bbox 679 3629 929 3700; x_wconf 89' lang='lat' dir='ltr'><strong>impletur</strong></span> <span class='ocrx_word' id='word_1_432' title='bbox 952 3630 1008 3685; x_wconf 90' lang='lat' dir='ltr'><strong>in</strong></span> <span class='ocrx_word' id='word_1_433' title='bbox 1029 3644 1116 3696; x_wconf 93' lang='lat' dir='ltr'><strong>eo,</strong></span> <span class='ocrx_word' id='word_1_434' title='bbox 1146 3631 1287 3700; x_wconf 88' lang='lat' dir='ltr'><strong>quod</strong></span> <span class='ocrx_word' id='word_1_435' title='bbox 1309 3630 1399 3686; x_wconf 90' lang='lat' dir='ltr'><strong>hic</strong></span> <span class='ocrx_word' id='word_1_436' title='bbox 1420 3629 1523 3686; x_wconf 92' lang='lat' dir='ltr'><strong>iste</strong></span> <span class='ocrx_word' id='word_1_437' title='bbox 1543 3630 1707 3690; x_wconf 87' lang='lat' dir='ltr'><strong>homo</strong></span> 
     </span>
    </p>
   </div>
   <div class='ocr_carea' id='block_1_53' title="bbox 116 3720 1705 3792">
    <p class='ocr_par' dir='ltr' id='par_1_53' title="bbox 116 3720 1705 3792">
     <span class='ocr_line' id='line_1_53' title="bbox 116 3720 1705 3792; baseline -0.001 -15"><span class='ocrx_word' id='word_1_438' title='bbox 116 3721 228 3777; x_wconf 84' lang='lat' dir='ltr'><strong>Dei</strong></span> <span class='ocrx_word' id='word_1_439' title='bbox 249 3721 509 3776; x_wconf 91' lang='lat' dir='ltr'><strong>continuo</strong></span> <span class='ocrx_word' id='word_1_440' title='bbox 531 3728 748 3777; x_wconf 91' lang='lat' dir='ltr'><strong>secutus</strong></span> <span class='ocrx_word' id='word_1_441' title='bbox 774 3720 1020 3792; x_wconf 77' lang='lat' dir='ltr'><strong>adjunxit</strong></span> <span class='ocrx_word' id='word_1_442' title='bbox 1041 3733 1065 3762; x_wconf 76' lang='grc' dir='ltr'><strong>ο</strong></span> <span class='ocrx_word' id='word_1_443' title='bbox 1091 3740 1104 3777; x_wconf 92' lang='lat'><strong>:</strong></span> <span class='ocrx_word' id='word_1_444' title='bbox 1133 3721 1201 3776; x_wconf 86' lang='lat' dir='ltr'><strong>Et</strong></span> <span class='ocrx_word' id='word_1_445' title='bbox 1222 3722 1408 3792; x_wconf 73' lang='lat' dir='ltr'><strong>o/ferat</strong></span> <span class='ocrx_word' id='word_1_446' title='bbox 1436 3738 1705 3776; x_wconf 87' lang='lat' dir='ltr'><strong>nummum</strong></span> 
     </span>
    </p>
   </div>
   <div class='ocr_carea' id='block_1_54' title="bbox 114 3813 1701 3886">
    <p class='ocr_par' dir='ltr' id='par_1_54' title="bbox 114 3813 1701 3886">
     <span class='ocr_line' id='line_1_54' title="bbox 114 3813 1701 3886; baseline 0.001 -17"><span class='ocrx_word' id='word_1_447' title='bbox 114 3823 453 3885; x_wconf 88' lang='lat' dir='ltr'><strong>argenteum,</strong></span> <span class='ocrx_word' id='word_1_448' title='bbox 481 3822 530 3869; x_wconf 87' lang='lat' dir='ltr'><strong>et</strong></span> <span class='ocrx_word' id='word_1_449' title='bbox 560 3823 752 3869; x_wconf 90' lang='lat' dir='ltr'><strong>tortam</strong></span> <span class='ocrx_word' id='word_1_450' title='bbox 794 3815 965 3886; x_wconf 84' lang='lat' dir='ltr'><strong>panis,</strong></span> <span class='ocrx_word' id='word_1_451' title='bbox 1015 3814 1256 3886; x_wconf 87' lang='lat' dir='ltr'><strong>dicatque</strong></span> <span class='ocrx_word' id='word_1_452' title='bbox 1297 3830 1316 3869; x_wconf 82' lang='lat'><strong>.&#39;</strong></span> <span class='ocrx_word' id='word_1_453' title='bbox 1347 3813 1548 3870; x_wconf 86' lang='lat' dir='ltr'><strong>dimitte</strong></span> <span class='ocrx_word' id='word_1_454' title='bbox 1598 3831 1701 3882; x_wconf 87' lang='lat' dir='ltr'><strong>me,</strong></span> 
     </span>
    </p>
   </div>
   <div class='ocr_carea' id='block_1_55' title="bbox 111 3906 1702 3979">
    <p class='ocr_par' dir='ltr' id='par_1_55' title="bbox 111 3906 1702 3979">
     <span class='ocr_line' id='line_1_55' title="bbox 111 3906 1702 3979; baseline 0 -17"><span class='ocrx_word' id='word_1_455' title='bbox 111 3908 360 3973; x_wconf 88' lang='lat' dir='ltr'><strong>obsecro,</strong></span> <span class='ocrx_word' id='word_1_456' title='bbox 392 3906 461 3961; x_wconf 91' lang='lat' dir='ltr'><strong>ad</strong></span> <span class='ocrx_word' id='word_1_457' title='bbox 486 3924 646 3962; x_wconf 88' lang='lat' dir='ltr'><strong>unam</strong></span> <span class='ocrx_word' id='word_1_458' title='bbox 665 3917 864 3979; x_wconf 88' lang='lat' dir='ltr'><strong>partem</strong></span> <span class='ocrx_word' id='word_1_459' title='bbox 896 3906 1291 3973; x_wconf 74' lang='lat' dir='ltr'><strong>sacerdotalem,</strong></span> <span class='ocrx_word' id='word_1_460' title='bbox 1338 3916 1396 3961; x_wconf 90' lang='lat' dir='ltr'><strong>ut</strong></span> <span class='ocrx_word' id='word_1_461' title='bbox 1434 3908 1702 3963; x_wconf 90' lang='lat' dir='ltr'><strong>comedam</strong></span> 
     </span>
    </p>
   </div>
   <div class='ocr_carea' id='block_1_56' title="bbox 113 3998 1702 4073">
    <p class='ocr_par' dir='ltr' id='par_1_56' title="bbox 113 3998 1702 4073">
     <span class='ocr_line' id='line_1_56' title="bbox 113 3998 1702 4073; baseline 0 -19"><span class='ocrx_word' id='word_1_462' title='bbox 113 3998 418 4054; x_wconf 81' lang='lat' dir='ltr'><strong>buccellam</strong></span> <span class='ocrx_word' id='word_1_463' title='bbox 442 4001 611 4071; x_wconf 82' lang='lat' dir='ltr'><strong>panis.</strong></span> <span class='ocrx_word' id='word_1_464' title='bbox 643 3999 780 4068; x_wconf 87' lang='lat' dir='ltr'><strong>Quid</strong></span> <span class='ocrx_word' id='word_1_465' title='bbox 800 4016 898 4072; x_wconf 90' lang='lat' dir='ltr'><strong>per</strong></span> <span class='ocrx_word' id='word_1_466' title='bbox 916 4015 1197 4056; x_wconf 90' lang='lat' dir='ltr'><strong>nummum</strong></span> <span class='ocrx_word' id='word_1_467' title='bbox 1231 4008 1568 4073; x_wconf 88' lang='lat' dir='ltr'><strong>argenteum,</strong></span> <span class='ocrx_word' id='word_1_468' title='bbox 1596 4000 1702 4055; x_wconf 91' lang='lat' dir='ltr'><strong>nisi</strong></span> 
     </span>
    </p>
   </div>
   <div class='ocr_carea' id='block_1_57' title="bbox 111 4090 1704 4164">
    <p class='ocr_par' dir='ltr' id='par_1_57' title="bbox 111 4090 1704 4164">
     <span class='ocr_line' id='line_1_57' title="bbox 111 4090 1704 4164; baseline -0.003 -16"><span class='ocrx_word' id='word_1_469' title='bbox 111 4092 241 4148; x_wconf 89' lang='lat' dir='ltr'><strong>oris</strong></span> <span class='ocrx_word' id='word_1_470' title='bbox 265 4091 524 4161; x_wconf 72' lang='lat' dir='ltr'><strong>confessio</strong></span> <span class='ocrx_word' id='word_1_471' title='bbox 551 4092 862 4163; x_wconf 88' lang='lat' dir='ltr'><strong>designatur</strong></span> <span class='ocrx_word' id='word_1_472' title='bbox 888 4090 1064 4164; x_wconf 90' lang='lat' dir='ltr'><strong>(Rom.</strong></span> <span class='ocrx_word' id='word_1_473' title='bbox 1090 4090 1178 4145; x_wconf 86' lang='lat' dir='ltr'><strong>I0.</strong></span> <span class='ocrx_word' id='word_1_474' title='bbox 1217 4091 1305 4163; x_wconf 89' lang='grc'><strong>10)</strong></span> <span class='ocrx_word' id='word_1_475' title='bbox 1335 4109 1346 4145; x_wconf 94' lang='lat'><strong>:</strong></span> <span class='ocrx_word' id='word_1_476' title='bbox 1377 4107 1494 4162; x_wconf 70' lang='lat' dir='ltr'><strong>qua:</strong></span> <span class='ocrx_word' id='word_1_477' title='bbox 1509 4090 1569 4160; x_wconf 80' lang='lat' dir='ltr'><strong>ﬁt</strong></span> <span class='ocrx_word' id='word_1_478' title='bbox 1597 4106 1704 4145; x_wconf 87' lang='lat' dir='ltr'><strong>cre-</strong></span> 
     </span>
    </p>
   </div>
   <div class='ocr_carea' id='block_1_58' title="bbox 110 4180 1700 4254">
    <p class='ocr_par' dir='ltr' id='par_1_58' title="bbox 110 4180 1700 4254">
     <span class='ocr_line' id='line_1_58' title="bbox 110 4180 1700 4254; baseline -0.001 -17"><span class='ocrx_word' id='word_1_479' title='bbox 110 4183 373 4238; x_wconf 82' lang='lat' dir='ltr'><strong>dentibus</strong></span> <span class='ocrx_word' id='word_1_480' title='bbox 394 4182 464 4236; x_wconf 89' lang='lat' dir='ltr'><strong>ad</strong></span> <span class='ocrx_word' id='word_1_481' title='bbox 511 4181 775 4237; x_wconf 86' lang='lat' dir='ltr'><strong>salutem?</strong></span> <span class='ocrx_word' id='word_1_482' title='bbox 823 4189 1104 4254; x_wconf 88' lang='lat' dir='ltr'><strong>argentum</strong></span> <span class='ocrx_word' id='word_1_483' title='bbox 1140 4182 1288 4237; x_wconf 90' lang='lat' dir='ltr'><strong>enim</strong></span> <span class='ocrx_word' id='word_1_484' title='bbox 1344 4196 1444 4251; x_wconf 89' lang='lat' dir='ltr'><strong>pro</strong></span> <span class='ocrx_word' id='word_1_485' title='bbox 1487 4180 1700 4252; x_wconf 90' lang='lat' dir='ltr'><strong>eloquio</strong></span> 
     </span>
    </p>
   </div>
   <div class='ocr_carea' id='block_1_59' title="bbox 105 4269 1697 4346">
    <p class='ocr_par' dir='ltr' id='par_1_59' title="bbox 105 4269 1697 4346">
     <span class='ocr_line' id='line_1_59' title="bbox 105 4269 1697 4346; baseline -0.003 -18"><span class='ocrx_word' id='word_1_486' title='bbox 105 4273 252 4346; x_wconf 83' lang='lat' dir='ltr'><strong>poni</strong></span> <span class='ocrx_word' id='word_1_487' title='bbox 283 4271 420 4328; x_wconf 90' lang='lat' dir='ltr'><strong>solet</strong></span> <span class='ocrx_word' id='word_1_488' title='bbox 445 4291 458 4328; x_wconf 89' lang='lat'><strong>:</strong></span> <span class='ocrx_word' id='word_1_489' title='bbox 483 4271 772 4329; x_wconf 90' lang='lat' dir='ltr'><strong>Psalmista</strong></span> <span class='ocrx_word' id='word_1_490' title='bbox 807 4279 1058 4340; x_wconf 85' lang='lat' dir='ltr'><strong>testante,</strong></span> <span class='ocrx_word' id='word_1_491' title='bbox 1095 4271 1189 4328; x_wconf 89' lang='lat' dir='ltr'><strong>ubi</strong></span> <span class='ocrx_word' id='word_1_492' title='bbox 1226 4269 1485 4326; x_wconf 80' lang='lat' dir='ltr'><strong>caniturd</strong></span> <span class='ocrx_word' id='word_1_493' title='bbox 1519 4289 1532 4325; x_wconf 93' lang='lat'>:</span> <span class='ocrx_word' id='word_1_494' title='bbox 1568 4270 1697 4325; x_wconf 88' lang='lat' dir='ltr'><strong>Elo-</strong></span> 
     </span>
    </p>
   </div>
   <div class='ocr_carea' id='block_1_60' title="bbox 101 4363 1696 4437">
    <p class='ocr_par' dir='ltr' id='par_1_60' title="bbox 101 4363 1696 4437">
     <span class='ocr_line' id='line_1_60' title="bbox 101 4363 1696 4437; baseline 0 -19"><span class='ocrx_word' id='word_1_495' title='bbox 101 4366 246 4436; x_wconf 85' lang='lat' dir='ltr'><strong>quia</strong></span> <span class='ocrx_word' id='word_1_496' title='bbox 260 4363 475 4420; x_wconf 88' lang='lat' dir='ltr'><strong>Domini</strong></span> <span class='ocrx_word' id='word_1_497' title='bbox 489 4363 696 4437; x_wconf 85' lang='lat' dir='ltr'><strong>eloquia</strong></span> <span class='ocrx_word' id='word_1_498' title='bbox 709 4373 876 4431; x_wconf 89' lang='lat' dir='ltr'><strong>casta,</strong></span> <span class='ocrx_word' id='word_1_499' title='bbox 892 4373 1163 4436; x_wconf 85' lang='lat' dir='ltr'><strong>argentum</strong></span> <span class='ocrx_word' id='word_1_500' title='bbox 1183 4365 1300 4435; x_wconf 87' lang='lat' dir='ltr'><strong>igne</strong></span> <span class='ocrx_word' id='word_1_501' title='bbox 1317 4365 1696 4431; x_wconf 73' lang='lat' dir='ltr'><strong>examinatum,</strong></span> 
     </span>
    </p>
   </div>
   <div class='ocr_carea' id='block_1_61' title="bbox 101 4455 1700 4528">
    <p class='ocr_par' dir='ltr' id='par_1_61' title="bbox 101 4455 1700 4528">
     <span class='ocr_line' id='line_1_61' title="bbox 101 4455 1700 4528; baseline 0.001 -18"><span class='ocrx_word' id='word_1_502' title='bbox 101 4456 401 4525; x_wconf 80' lang='lat' dir='ltr'><strong>probatum</strong></span> <span class='ocrx_word' id='word_1_503' title='bbox 429 4463 602 4522; x_wconf 65' lang='lat' dir='ltr'><strong>terra,</strong></span> <span class='ocrx_word' id='word_1_504' title='bbox 646 4467 926 4528; x_wconf 84' lang='lat' dir='ltr'><strong>purgatum</strong></span> <span class='ocrx_word' id='word_1_505' title='bbox 957 4455 1268 4528; x_wconf 84' lang='lat' dir='ltr'><strong>septuplum.</strong></span> <span class='ocrx_word' id='word_1_506' title='bbox 1304 4455 1410 4512; x_wconf 89' lang='lat' dir='ltr'><strong>Sed</strong></span> <span class='ocrx_word' id='word_1_507' title='bbox 1451 4457 1580 4527; x_wconf 87' lang='lat' dir='ltr'><strong>quid</strong></span> <span class='ocrx_word' id='word_1_508' title='bbox 1623 4455 1700 4511; x_wconf 88' lang='lat' dir='ltr'><strong>di-</strong></span> 
     </span>
    </p>
   </div>
   <div class='ocr_carea' id='block_1_62' title="bbox 102 4544 1697 4614">
    <p class='ocr_par' dir='ltr' id='par_1_62' title="bbox 102 4544 1697 4614">
     <span class='ocr_line' id='line_1_62' title="bbox 102 4544 1697 4614; baseline 0 -13"><span class='ocrx_word' id='word_1_509' title='bbox 102 4547 194 4601; x_wconf 85' lang='lat' dir='ltr'><strong>cit</strong></span> <span class='ocrx_word' id='word_1_510' title='bbox 225 4544 333 4600; x_wconf 87' lang='lat' dir='ltr'><strong>iste</strong></span> <span class='ocrx_word' id='word_1_511' title='bbox 367 4546 459 4614; x_wconf 86' lang='lat' dir='ltr'><strong>qui</strong></span> <span class='ocrx_word' id='word_1_512' title='bbox 511 4547 931 4602; x_wconf 88' lang='lat' dir='ltr'><strong>venit?dimitte</strong></span> <span class='ocrx_word' id='word_1_513' title='bbox 982 4564 1083 4612; x_wconf 91' lang='lat' dir='ltr'><strong>me,</strong></span> <span class='ocrx_word' id='word_1_514' title='bbox 1130 4548 1360 4614; x_wconf 89' lang='lat' dir='ltr'><strong>obsecro,</strong></span> <span class='ocrx_word' id='word_1_515' title='bbox 1412 4547 1481 4601; x_wconf 89' lang='lat' dir='ltr'><strong>ad</strong></span> <span class='ocrx_word' id='word_1_516' title='bbox 1537 4563 1697 4602; x_wconf 90' lang='lat' dir='ltr'><strong>unam</strong></span> 
     </span>
    </p>
   </div>
   <div class='ocr_carea' id='block_1_63' title="bbox 99 4636 1697 4710">
    <p class='ocr_par' dir='ltr' id='par_1_63' title="bbox 99 4636 1697 4710">
     <span class='ocr_line' id='line_1_63' title="bbox 99 4636 1697 4710; baseline 0.001 -19"><span class='ocrx_word' id='word_1_517' title='bbox 99 4645 328 4708; x_wconf 86' lang='lat' dir='ltr'><strong>partem</strong></span> <span class='ocrx_word' id='word_1_518' title='bbox 372 4636 768 4703; x_wconf 86' lang='lat' dir='ltr'><strong>sacerdotalem,</strong></span> <span class='ocrx_word' id='word_1_519' title='bbox 807 4647 865 4692; x_wconf 90' lang='lat' dir='ltr'><strong>ut</strong></span> <span class='ocrx_word' id='word_1_520' title='bbox 905 4638 1173 4692; x_wconf 88' lang='lat' dir='ltr'><strong>comedam</strong></span> <span class='ocrx_word' id='word_1_521' title='bbox 1220 4637 1502 4693; x_wconf 87' lang='lat' dir='ltr'><strong>buccellam</strong></span> <span class='ocrx_word' id='word_1_522' title='bbox 1525 4639 1697 4710; x_wconf 86' lang='lat' dir='ltr'><strong>panis.</strong></span> 
     </span>
    </p>
   </div>
   <div class='ocr_carea' id='block_1_64' title="bbox 101 4726 1702 4797">
    <p class='ocr_par' dir='ltr' id='par_1_64' title="bbox 101 4726 1702 4797">
     <span class='ocr_line' id='line_1_64' title="bbox 101 4726 1702 4797; baseline 0.001 -14"><span class='ocrx_word' id='word_1_523' title='bbox 101 4726 529 4783; x_wconf 87' lang='lat' dir='ltr'><strong>Sacerdotalem</strong></span> <span class='ocrx_word' id='word_1_524' title='bbox 569 4735 780 4797; x_wconf 90' lang='lat' dir='ltr'><strong>partem</strong></span> <span class='ocrx_word' id='word_1_525' title='bbox 820 4742 1017 4797; x_wconf 90' lang='lat' dir='ltr'><strong>corpus</strong></span> <span class='ocrx_word' id='word_1_526' title='bbox 1045 4727 1269 4795; x_wconf 89' lang='lat' dir='ltr'><strong>Christi,</strong></span> <span class='ocrx_word' id='word_1_527' title='bbox 1305 4729 1360 4784; x_wconf 91' lang='lat' dir='ltr'><strong>id</strong></span> <span class='ocrx_word' id='word_1_528' title='bbox 1389 4736 1473 4784; x_wconf 89' lang='lat' dir='ltr'><strong>est</strong></span> <span class='ocrx_word' id='word_1_529' title='bbox 1516 4728 1702 4784; x_wconf 84' lang='lat' dir='ltr'><strong>Eccle-</strong></span> 
     </span>
    </p>
   </div>
   <div class='ocr_carea' id='block_1_65' title="bbox 95 4817 1703 4889">
    <p class='ocr_par' dir='ltr' id='par_1_65' title="bbox 95 4817 1703 4889">
     <span class='ocr_line' id='line_1_65' title="bbox 95 4817 1703 4889; baseline 0.002 -15"><span class='ocrx_word' id='word_1_530' title='bbox 95 4821 257 4875; x_wconf 86' lang='lat' dir='ltr'><strong>siam</strong></span> <span class='ocrx_word' id='word_1_531' title='bbox 283 4818 446 4885; x_wconf 91' lang='lat' dir='ltr'><strong>dicit;</strong></span> <span class='ocrx_word' id='word_1_532' title='bbox 498 4817 648 4888; x_wconf 89' lang='lat' dir='ltr'><strong>cujus</strong></span> <span class='ocrx_word' id='word_1_533' title='bbox 695 4819 864 4889; x_wconf 89' lang='lat' dir='ltr'><strong>plebis</strong></span> <span class='ocrx_word' id='word_1_534' title='bbox 912 4819 1000 4876; x_wconf 90' lang='lat' dir='ltr'><strong>ille</strong></span> <span class='ocrx_word' id='word_1_535' title='bbox 1030 4821 1283 4876; x_wconf 85' lang='lat' dir='ltr'><strong>sacerdos</strong></span> <span class='ocrx_word' id='word_1_536' title='bbox 1311 4828 1414 4887; x_wconf 88' lang='lat' dir='ltr'><strong>est,</strong></span> <span class='ocrx_word' id='word_1_537' title='bbox 1437 4822 1703 4877; x_wconf 85' lang='lat' dir='ltr'><strong>mediator</strong></span> 
     </span>
    </p>
   </div>
   <div class='ocr_carea' id='block_1_66' title="bbox 93 4910 1700 4983">
    <p class='ocr_par' dir='ltr' id='par_1_66' title="bbox 93 4910 1700 4983">
     <span class='ocr_line' id='line_1_66' title="bbox 93 4910 1700 4983; baseline 0 -15"><span class='ocrx_word' id='word_1_538' title='bbox 93 4914 237 4978; x_wconf 86' lang='lat' dir='ltr'><strong>Dei,</strong></span> <span class='ocrx_word' id='word_1_539' title='bbox 270 4920 329 4966; x_wconf 91' lang='lat' dir='ltr'><strong>et</strong></span> <span class='ocrx_word' id='word_1_540' title='bbox 356 4911 656 4978; x_wconf 89' lang='lat' dir='ltr'><strong>hominum,</strong></span> <span class='ocrx_word' id='word_1_541' title='bbox 685 4913 847 4968; x_wconf 91' lang='lat' dir='ltr'><strong>homo</strong></span> <span class='ocrx_word' id='word_1_542' title='bbox 878 4910 1130 4968; x_wconf 87' lang='lat' dir='ltr'><strong>Christus</strong></span> <span class='ocrx_word' id='word_1_543' title='bbox 1173 4911 1364 4979; x_wconf 86' lang='lat' dir='ltr'><strong>Jesus;</strong></span> <span class='ocrx_word' id='word_1_544' title='bbox 1420 4913 1509 4968; x_wconf 89' lang='lat' dir='ltr'><strong>cui</strong></span> <span class='ocrx_word' id='word_1_545' title='bbox 1555 4913 1700 4983; x_wconf 89' lang='lat' dir='ltr'><strong>plebi</strong></span> 
     </span>
    </p>
   </div>
   <div class='ocr_carea' id='block_1_67' title="bbox 89 5001 1695 5078">
    <p class='ocr_par' dir='ltr' id='par_1_67' title="bbox 89 5001 1695 5078">
     <span class='ocr_line' id='line_1_67' title="bbox 89 5001 1695 5078; baseline 0.001 -18"><span class='ocrx_word' id='word_1_546' title='bbox 89 5006 247 5060; x_wconf 83' lang='lat' dir='ltr'><strong>dicit</strong></span> <span class='ocrx_word' id='word_1_547' title='bbox 273 5003 563 5074; x_wconf 85' lang='lat' dir='ltr'><strong>Apostolus</strong></span> <span class='ocrx_word' id='word_1_548' title='bbox 604 5003 797 5062; x_wconf 87' lang='lat' dir='ltr'><strong>Petrus</strong></span> <span class='ocrx_word' id='word_1_549' title='bbox 819 5003 867 5078; x_wconf 91' lang='lat' dir='ltr'><strong>(I</strong></span> <span class='ocrx_word' id='word_1_550' title='bbox 901 5001 1046 5061; x_wconf 89' lang='lat' dir='ltr'><strong>Petr.</strong></span> <span class='ocrx_word' id='word_1_551' title='bbox 1074 5005 1128 5059; x_wconf 88' lang='grc'>2.</span> <span class='ocrx_word' id='word_1_552' title='bbox 1163 5005 1216 5077; x_wconf 87' lang='grc'><strong>9)</strong></span> <span class='ocrx_word' id='word_1_553' title='bbox 1246 5025 1259 5060; x_wconf 91' lang='lat'><strong>:</strong></span> <span class='ocrx_word' id='word_1_554' title='bbox 1304 5005 1457 5061; x_wconf 85' lang='lat' dir='ltr'><strong>Plebs</strong></span> <span class='ocrx_word' id='word_1_555' title='bbox 1495 5016 1695 5070; x_wconf 87' lang='lat' dir='ltr'><strong>sancta,</strong></span> 
     </span>
    </p>
   </div>
   <div class='ocr_carea' id='block_1_68' title="bbox 89 5093 1698 5166">
    <p class='ocr_par' dir='ltr' id='par_1_68' title="bbox 89 5093 1698 5166">
     <span class='ocr_line' id='line_1_68' title="bbox 89 5093 1698 5166; baseline 0.002 -18"><span class='ocrx_word' id='word_1_556' title='bbox 89 5093 292 5164; x_wconf 81' lang='lat' dir='ltr'><strong>regale</strong></span> <span class='ocrx_word' id='word_1_557' title='bbox 337 5095 705 5151; x_wconf 86' lang='lat' dir='ltr'><strong>sacerdotium.</strong></span> <span class='ocrx_word' id='word_1_558' title='bbox 754 5094 816 5150; x_wconf 87' lang='lat' dir='ltr'><strong>In</strong></span> <span class='ocrx_word' id='word_1_559' title='bbox 863 5096 1004 5151; x_wconf 90' lang='lat' dir='ltr'><strong>hanc</strong></span> <span class='ocrx_word' id='word_1_560' title='bbox 1049 5103 1259 5166; x_wconf 90' lang='lat' dir='ltr'><strong>partem</strong></span> <span class='ocrx_word' id='word_1_561' title='bbox 1309 5095 1698 5153; x_wconf 91' lang='lat' dir='ltr'><strong>sacerdotalem</strong></span> 
     </span>
    </p>
   </div>
   <div class='ocr_carea' id='block_1_69' title="bbox 180 5228 1696 5304">
    <p class='ocr_par' dir='ltr' id='par_1_69' title="bbox 180 5228 1696 5304">
     <span class='ocr_line' id='line_1_69' title="bbox 180 5228 1696 5304; baseline 0.001 -18"><span class='ocrx_word' id='word_1_562' title='bbox 180 5243 212 5273; x_wconf 77' lang='grc' dir='ltr'>ι</span> <span class='ocrx_word' id='word_1_563' title='bbox 247 5228 383 5304; x_wconf 71' lang='grc' dir='ltr'><strong>ϐαρ.</strong></span> <span class='ocrx_word' id='word_1_564' title='bbox 406 5230 466 5304; x_wconf 27' lang='grc'>’1.</span> <span class='ocrx_word' id='word_1_565' title='bbox 503 5247 552 5285; x_wconf 82' lang='grc' dir='ltr'>υ.</span> <span class='ocrx_word' id='word_1_566' title='bbox 577 5233 666 5285; x_wconf 75' lang='grc'>56.</span> <span class='ocrx_word' id='word_1_567' title='bbox 693 5231 795 5304; x_wconf 75' lang='lat' dir='ltr'><strong>Hic</strong></span> <span class='ocrx_word' id='word_1_568' title='bbox 820 5231 1020 5288; x_wconf 89' lang='lat' dir='ltr'><strong>iterum</strong></span> <span class='ocrx_word' id='word_1_569' title='bbox 1061 5233 1389 5289; x_wconf 82' lang='lat' dir='ltr'><strong>exscribitur</strong></span> <span class='ocrx_word' id='word_1_570' title='bbox 1433 5232 1696 5304; x_wconf 87' lang='lat' dir='ltr'><strong>Augusti-</strong></span> 
     </span>
    </p>
   </div>
   <div class='ocr_carea' id='block_1_70' title="bbox 1823 1965 3408 2043">
    <p class='ocr_par' dir='ltr' id='par_1_70' title="bbox 1823 1965 3408 2043">
     <span class='ocr_line' id='line_1_70' title="bbox 1823 1965 3408 2043; baseline 0.007 -24"><span class='ocrx_word' id='word_1_571' title='bbox 1823 1973 1939 2020; x_wconf 90' lang='lat' dir='ltr'><strong>tum</strong></span> <span class='ocrx_word' id='word_1_572' title='bbox 1963 1965 2352 2036; x_wconf 89' lang='lat' dir='ltr'><strong>caligaverant,</strong></span> <span class='ocrx_word' id='word_1_573' title='bbox 2375 1974 2436 2022; x_wconf 91' lang='lat' dir='ltr'><strong>ut</strong></span> <span class='ocrx_word' id='word_1_574' title='bbox 2457 1982 2560 2023; x_wconf 89' lang='lat' dir='ltr'><strong>nec</strong></span> <span class='ocrx_word' id='word_1_575' title='bbox 2581 1968 2857 2025; x_wconf 88' lang='lat' dir='ltr'><strong>incensam</strong></span> <span class='ocrx_word' id='word_1_576' title='bbox 2899 1969 3176 2027; x_wconf 90' lang='lat' dir='ltr'><strong>lucernam</strong></span> <span class='ocrx_word' id='word_1_577' title='bbox 3197 1974 3408 2043; x_wconf 86' lang='lat' dir='ltr'><strong>potuis-</strong></span> 
     </span>
    </p>
   </div>
   <div class='ocr_carea' id='block_1_71' title="bbox 1823 2057 3408 2138">
    <p class='ocr_par' dir='ltr' id='par_1_71' title="bbox 1823 2057 3408 2138">
     <span class='ocr_line' id='line_1_71' title="bbox 1823 2057 3408 2138; baseline 0.008 -26"><span class='ocrx_word' id='word_1_578' title='bbox 1823 2064 1908 2112; x_wconf 89' lang='lat' dir='ltr'><strong>set</strong></span> <span class='ocrx_word' id='word_1_579' title='bbox 1943 2057 2205 2128; x_wconf 88' lang='lat' dir='ltr'><strong>aspicere,</strong></span> <span class='ocrx_word' id='word_1_580' title='bbox 2245 2067 2451 2129; x_wconf 90' lang='lat' dir='ltr'><strong>quanto</strong></span> <span class='ocrx_word' id='word_1_581' title='bbox 2479 2061 2651 2132; x_wconf 86' lang='lat' dir='ltr'><strong>magis</strong></span> <span class='ocrx_word' id='word_1_582' title='bbox 2677 2064 3036 2120; x_wconf 78' lang='lat' dir='ltr'><strong>exstinctam?</strong></span> <span class='ocrx_word' id='word_1_583' title='bbox 3080 2065 3408 2138; x_wconf 84' lang='lat' dir='ltr'><strong>Figuraliter</strong></span> 
     </span>
    </p>
   </div>
   <div class='ocr_carea' id='block_1_72' title="bbox 1820 2149 3407 2228">
    <p class='ocr_par' dir='ltr' id='par_1_72' title="bbox 1820 2149 3407 2228">
     <span class='ocr_line' id='line_1_72' title="bbox 1820 2149 3407 2228; baseline 0.008 -26"><span class='ocrx_word' id='word_1_584' title='bbox 1820 2162 1950 2203; x_wconf 90' lang='lat' dir='ltr'><strong>vero</strong></span> <span class='ocrx_word' id='word_1_585' title='bbox 1978 2149 2200 2205; x_wconf 88' lang='lat' dir='ltr'><strong>lucerna</strong></span> <span class='ocrx_word' id='word_1_586' title='bbox 2225 2149 2320 2205; x_wconf 91' lang='lat' dir='ltr'><strong>Dei</strong></span> <span class='ocrx_word' id='word_1_587' title='bbox 2340 2150 2456 2206; x_wconf 85' lang='lat' dir='ltr'><strong>Heli</strong></span> <span class='ocrx_word' id='word_1_588' title='bbox 2486 2151 2679 2218; x_wconf 81' lang='lat' dir='ltr'><strong>fuerat,</strong></span> <span class='ocrx_word' id='word_1_589' title='bbox 2706 2156 2923 2225; x_wconf 91' lang='lat' dir='ltr'><strong>quando</strong></span> <span class='ocrx_word' id='word_1_590' title='bbox 2945 2157 3210 2228; x_wconf 88' lang='lat' dir='ltr'><strong>dignitate</strong></span> <span class='ocrx_word' id='word_1_591' title='bbox 3230 2176 3407 2216; x_wconf 87' lang='lat' dir='ltr'><strong>sacer-</strong></span> 
     </span>
    </p>
   </div>
   <div class='ocr_carea' id='block_1_73' title="bbox 1821 2235 3403 2318">
    <p class='ocr_par' dir='ltr' id='par_1_73' title="bbox 1821 2235 3403 2318">
     <span class='ocr_line' id='line_1_73' title="bbox 1821 2235 3403 2318; baseline 0.011 -28"><span class='ocrx_word' id='word_1_592' title='bbox 1821 2235 1988 2293; x_wconf 90' lang='lat' dir='ltr'><strong>dotali</strong></span> <span class='ocrx_word' id='word_1_593' title='bbox 2026 2238 2237 2309; x_wconf 90' lang='lat' dir='ltr'><strong>pollens</strong></span> <span class='ocrx_word' id='word_1_594' title='bbox 2265 2237 2494 2308; x_wconf 63' lang='lat' dir='ltr'><strong>justitiaz</strong></span> <span class='ocrx_word' id='word_1_595' title='bbox 2521 2242 2766 2300; x_wconf 87' lang='lat' dir='ltr'><strong>claritate</strong></span> <span class='ocrx_word' id='word_1_596' title='bbox 2791 2244 3049 2318; x_wconf 85' lang='lat' dir='ltr'><strong>fulgebat.</strong></span> <span class='ocrx_word' id='word_1_597' title='bbox 3102 2249 3275 2317; x_wconf 85' lang='lat' dir='ltr'><strong>Quam</strong></span> <span class='ocrx_word' id='word_1_598' title='bbox 3303 2267 3403 2307; x_wconf 83' lang='lat' dir='ltr'><strong>ex-</strong></span> 
     </span>
    </p>
   </div>
   <div class='ocr_carea' id='block_1_74' title="bbox 1819 2329 3402 2408">
    <p class='ocr_par' dir='ltr' id='par_1_74' title="bbox 1819 2329 3402 2408">
     <span class='ocr_line' id='line_1_74' title="bbox 1819 2329 3402 2408; baseline 0.009 -25"><span class='ocrx_word' id='word_1_599' title='bbox 1819 2329 2074 2384; x_wconf 89' lang='lat' dir='ltr'><strong>stinctam</strong></span> <span class='ocrx_word' id='word_1_600' title='bbox 2104 2330 2376 2402; x_wconf 86' lang='lat' dir='ltr'><strong>Propheta</strong></span> <span class='ocrx_word' id='word_1_601' title='bbox 2417 2333 2633 2400; x_wconf 89' lang='lat' dir='ltr'><strong>asserit,</strong></span> <span class='ocrx_word' id='word_1_602' title='bbox 2666 2335 2794 2391; x_wconf 92' lang='lat' dir='ltr'><strong>dum</strong></span> <span class='ocrx_word' id='word_1_603' title='bbox 2820 2336 2890 2392; x_wconf 92' lang='lat' dir='ltr'><strong>ob</strong></span> <span class='ocrx_word' id='word_1_604' title='bbox 2917 2339 3120 2394; x_wconf 88' lang='lat' dir='ltr'><strong>scelera</strong></span> <span class='ocrx_word' id='word_1_605' title='bbox 3143 2339 3402 2408; x_wconf 84' lang='lat' dir='ltr'><strong>ﬁliorum,</strong></span> 
     </span>
    </p>
   </div>
   <div class='ocr_carea' id='block_1_75' title="bbox 1819 2422 3401 2500">
    <p class='ocr_par' dir='ltr' id='par_1_75' title="bbox 1819 2422 3401 2500">
     <span class='ocr_line' id='line_1_75' title="bbox 1819 2422 3401 2500; baseline 0.008 -24"><span class='ocrx_word' id='word_1_606' title='bbox 1819 2422 2105 2477; x_wconf 85' lang='lat' dir='ltr'><strong>sacerdotii</strong></span> <span class='ocrx_word' id='word_1_607' title='bbox 2127 2431 2472 2493; x_wconf 89' lang='lat' dir='ltr'><strong>potestatem,</strong></span> <span class='ocrx_word' id='word_1_608' title='bbox 2495 2426 2923 2500; x_wconf 89' lang='lat' dir='ltr'><strong>meritorumque</strong></span> <span class='ocrx_word' id='word_1_609' title='bbox 2959 2430 3142 2486; x_wconf 90' lang='lat' dir='ltr'><strong>lumen</strong></span> <span class='ocrx_word' id='word_1_610' title='bbox 3195 2433 3401 2488; x_wconf 91' lang='lat' dir='ltr'><strong>amisit.</strong></span> 
     </span>
    </p>
   </div>
   <div class='ocr_carea' id='block_1_76' title="bbox 1888 2512 3409 2590">
    <p class='ocr_par' dir='ltr' id='par_1_76' title="bbox 1888 2512 3409 2590">
     <span class='ocr_line' id='line_1_76' title="bbox 1888 2512 3409 2590; baseline 0.009 -23"><span class='ocrx_word' id='word_1_611' title='bbox 1888 2512 2042 2585; x_wconf 82' lang='lat' dir='ltr'><strong>(Cap.</strong></span> <span class='ocrx_word' id='word_1_612' title='bbox 2071 2515 2125 2569; x_wconf 82' lang='grc'>5.</span> <span class='ocrx_word' id='word_1_613' title='bbox 2160 2515 2274 2586; x_wconf 81' lang='grc'>19.)</span> <span class='ocrx_word' id='word_1_614' title='bbox 2322 2534 2340 2567; x_wconf 77' lang='grc' dir='ltr'>ι</span> <span class='ocrx_word' id='word_1_615' title='bbox 2401 2516 2570 2574; x_wconf 84' lang='lat' dir='ltr'><strong>Crevit</strong></span> <span class='ocrx_word' id='word_1_616' title='bbox 2615 2517 2636 2556; x_wconf 69' lang='grc' dir='ltr'>τ</span> <span class='ocrx_word' id='word_1_617' title='bbox 2665 2529 2842 2574; x_wconf 88' lang='lat' dir='ltr'><strong>autem</strong></span> <span class='ocrx_word' id='word_1_618' title='bbox 2871 2519 3108 2590; x_wconf 79' lang='lat' dir='ltr'><strong>Samuel,</strong></span> <span class='ocrx_word' id='word_1_619' title='bbox 3139 2533 3187 2578; x_wconf 91' lang='lat' dir='ltr'><strong>et</strong></span> <span class='ocrx_word' id='word_1_620' title='bbox 3219 2524 3409 2580; x_wconf 60' lang='lat' dir='ltr'><strong>Domic</strong></span> 
     </span>
    </p>
   </div>
   <div class='ocr_carea' id='block_1_77' title="bbox 1817 2609 3403 2686">
    <p class='ocr_par' dir='ltr' id='par_1_77' title="bbox 1817 2609 3403 2686">
     <span class='ocr_line' id='line_1_77' title="bbox 1817 2609 3403 2686; baseline 0.006 -25"><span class='ocrx_word' id='word_1_621' title='bbox 1817 2622 1916 2661; x_wconf 83' lang='lat' dir='ltr'><strong>nus</strong></span> <span class='ocrx_word' id='word_1_622' title='bbox 1938 2615 2049 2660; x_wconf 90' lang='lat' dir='ltr'><strong>erat</strong></span> <span class='ocrx_word' id='word_1_623' title='bbox 2074 2623 2194 2660; x_wconf 87' lang='lat' dir='ltr'><strong>cum</strong></span> <span class='ocrx_word' id='word_1_624' title='bbox 2217 2622 2298 2673; x_wconf 91' lang='lat' dir='ltr'><strong>eo,</strong></span> <span class='ocrx_word' id='word_1_625' title='bbox 2326 2615 2377 2661; x_wconf 87' lang='lat' dir='ltr'><strong>et</strong></span> <span class='ocrx_word' id='word_1_626' title='bbox 2401 2623 2508 2662; x_wconf 86' lang='lat' dir='ltr'><strong>non</strong></span> <span class='ocrx_word' id='word_1_627' title='bbox 2527 2609 2712 2664; x_wconf 87' lang='lat' dir='ltr'><strong>cecidit</strong></span> <span class='ocrx_word' id='word_1_628' title='bbox 2741 2627 2806 2665; x_wconf 79' lang='lat' dir='ltr'><strong>ea:</strong></span> <span class='ocrx_word' id='word_1_629' title='bbox 2827 2613 3069 2668; x_wconf 86' lang='lat' dir='ltr'><strong>omnibus</strong></span> <span class='ocrx_word' id='word_1_630' title='bbox 3091 2614 3258 2669; x_wconf 83' lang='lat' dir='ltr'><strong>verbis</strong></span> <span class='ocrx_word' id='word_1_631' title='bbox 3284 2616 3403 2686; x_wconf 86' lang='lat' dir='ltr'><strong>ejus</strong></span> 
     </span>
    </p>
   </div>
   <div class='ocr_carea' id='block_1_78' title="bbox 1815 2699 3402 2776">
    <p class='ocr_par' dir='ltr' id='par_1_78' title="bbox 1815 2699 3402 2776">
     <span class='ocr_line' id='line_1_78' title="bbox 1815 2699 3402 2776; baseline 0.006 -22"><span class='ocrx_word' id='word_1_632' title='bbox 1815 2700 1873 2754; x_wconf 88' lang='lat' dir='ltr'><strong>in</strong></span> <span class='ocrx_word' id='word_1_633' title='bbox 1898 2709 2112 2754; x_wconf 89' lang='lat' dir='ltr'><strong>terram.</strong></span> <span class='ocrx_word' id='word_1_634' title='bbox 2139 2699 2420 2771; x_wconf 83' lang='lat' dir='ltr'><strong>Signiﬁcat</strong></span> <span class='ocrx_word' id='word_1_635' title='bbox 2442 2700 2569 2771; x_wconf 93' lang='lat' dir='ltr'><strong>quia</strong></span> <span class='ocrx_word' id='word_1_636' title='bbox 2611 2702 2747 2757; x_wconf 89' lang='lat' dir='ltr'><strong>nihil</strong></span> <span class='ocrx_word' id='word_1_637' title='bbox 2774 2716 2842 2760; x_wconf 79' lang='lat' dir='ltr'><strong>ex</strong></span> <span class='ocrx_word' id='word_1_638' title='bbox 2867 2705 2976 2772; x_wconf 88' lang='lat' dir='ltr'><strong>his,</strong></span> <span class='ocrx_word' id='word_1_639' title='bbox 3023 2721 3145 2776; x_wconf 64' lang='lat' dir='ltr'><strong>quae</strong></span> <span class='ocrx_word' id='word_1_640' title='bbox 3188 2707 3402 2764; x_wconf 86' lang='lat' dir='ltr'><strong>locutus</strong></span> 
     </span>
    </p>
   </div>
   <div class='ocr_carea' id='block_1_79' title="bbox 1817 2791 3401 2870">
    <p class='ocr_par' dir='ltr' id='par_1_79' title="bbox 1817 2791 3401 2870">
     <span class='ocr_line' id='line_1_79' title="bbox 1817 2791 3401 2870; baseline 0.005 -22"><span class='ocrx_word' id='word_1_641' title='bbox 1817 2800 1920 2858; x_wconf 90' lang='lat' dir='ltr'><strong>est,</strong></span> <span class='ocrx_word' id='word_1_642' title='bbox 1944 2792 2157 2848; x_wconf 87' lang='lat' dir='ltr'><strong>irritum</strong></span> <span class='ocrx_word' id='word_1_643' title='bbox 2187 2791 2309 2859; x_wconf 80' lang='lat' dir='ltr'><strong>fuit,</strong></span> <span class='ocrx_word' id='word_1_644' title='bbox 2339 2795 2434 2849; x_wconf 86' lang='lat' dir='ltr'><strong>sed</strong></span> <span class='ocrx_word' id='word_1_645' title='bbox 2455 2794 2637 2849; x_wconf 91' lang='lat' dir='ltr'><strong>omnia</strong></span> <span class='ocrx_word' id='word_1_646' title='bbox 2657 2795 2798 2851; x_wconf 90' lang='lat' dir='ltr'><strong>sicut</strong></span> <span class='ocrx_word' id='word_1_647' title='bbox 2821 2798 2985 2854; x_wconf 89' lang='lat' dir='ltr'><strong>rebus</strong></span> <span class='ocrx_word' id='word_1_648' title='bbox 3010 2798 3231 2869; x_wconf 90' lang='lat' dir='ltr'><strong>impleta</strong></span> <span class='ocrx_word' id='word_1_649' title='bbox 3279 2816 3401 2870; x_wconf 84' lang='lat' dir='ltr'><strong>quae</strong></span> 
     </span>
    </p>
   </div>
   <div class='ocr_carea' id='block_1_80' title="bbox 1817 2883 3395 2962">
    <p class='ocr_par' dir='ltr' id='par_1_80' title="bbox 1817 2883 3395 2962">
     <span class='ocr_line' id='line_1_80' title="bbox 1817 2883 3395 2962; baseline 0.004 -22"><span class='ocrx_word' id='word_1_650' title='bbox 1817 2883 1972 2940; x_wconf 80' lang='lat' dir='ltr'><strong>dixit.</strong></span> <span class='ocrx_word' id='word_1_651' title='bbox 1998 2883 2209 2942; x_wconf 88' lang='lat' dir='ltr'><strong>Cadunt</strong></span> <span class='ocrx_word' id='word_1_652' title='bbox 2235 2899 2470 2956; x_wconf 90' lang='lat' dir='ltr'><strong>namque</strong></span> <span class='ocrx_word' id='word_1_653' title='bbox 2496 2885 2551 2940; x_wconf 90' lang='lat' dir='ltr'><strong>in</strong></span> <span class='ocrx_word' id='word_1_654' title='bbox 2596 2893 2801 2942; x_wconf 85' lang='lat' dir='ltr'><strong>terram</strong></span> <span class='ocrx_word' id='word_1_655' title='bbox 2831 2889 2996 2944; x_wconf 90' lang='lat' dir='ltr'><strong>verba</strong></span> <span class='ocrx_word' id='word_1_656' title='bbox 3034 2905 3395 2962; x_wconf 89' lang='lat' dir='ltr'><strong>supervacua,</strong></span> 
     </span>
    </p>
   </div>
   <div class='ocr_carea' id='block_1_81' title="bbox 1815 2977 3404 3049">
    <p class='ocr_par' dir='ltr' id='par_1_81' title="bbox 1815 2977 3404 3049">
     <span class='ocr_line' id='line_1_81' title="bbox 1815 2977 3404 3049; baseline 0.004 -17"><span class='ocrx_word' id='word_1_657' title='bbox 1815 2992 1935 3048; x_wconf 81' lang='lat' dir='ltr'><strong>quae</strong></span> <span class='ocrx_word' id='word_1_658' title='bbox 1977 2993 2078 3049; x_wconf 90' lang='lat' dir='ltr'><strong>pro</strong></span> <span class='ocrx_word' id='word_1_659' title='bbox 2117 2977 2285 3033; x_wconf 89' lang='lat' dir='ltr'><strong>nihilo</strong></span> <span class='ocrx_word' id='word_1_660' title='bbox 2312 2978 2558 3034; x_wconf 89' lang='lat' dir='ltr'><strong>habenda</strong></span> <span class='ocrx_word' id='word_1_661' title='bbox 2581 3019 2595 3045; x_wconf 92' lang='lat'><strong>,</strong></span> <span class='ocrx_word' id='word_1_662' title='bbox 2629 2987 2686 3035; x_wconf 93' lang='lat' dir='ltr'><strong>et</strong></span> <span class='ocrx_word' id='word_1_663' title='bbox 2710 2980 3086 3038; x_wconf 89' lang='lat' dir='ltr'><strong>universorum</strong></span> <span class='ocrx_word' id='word_1_664' title='bbox 3121 2993 3249 3039; x_wconf 91' lang='lat' dir='ltr'><strong>sunt</strong></span> <span class='ocrx_word' id='word_1_665' title='bbox 3294 2983 3404 3039; x_wconf 82' lang='lat' dir='ltr'><strong>cal-</strong></span> 
     </span>
    </p>
   </div>
   <div class='ocr_carea' id='block_1_82' title="bbox 1813 3071 3396 3148">
    <p class='ocr_par' dir='ltr' id='par_1_82' title="bbox 1813 3071 3396 3148">
     <span class='ocr_line' id='line_1_82' title="bbox 1813 3071 3396 3148; baseline 0.003 -21"><span class='ocrx_word' id='word_1_666' title='bbox 1813 3071 1991 3127; x_wconf 90' lang='lat' dir='ltr'><strong>canda</strong></span> <span class='ocrx_word' id='word_1_667' title='bbox 2017 3071 2272 3141; x_wconf 89' lang='lat' dir='ltr'><strong>despectu</strong></span> <span class='ocrx_word' id='word_1_668' title='bbox 2319 3071 2460 3128; x_wconf 90' lang='lat' dir='ltr'><strong>sicut</strong></span> <span class='ocrx_word' id='word_1_669' title='bbox 2489 3080 2546 3128; x_wconf 92' lang='lat' dir='ltr'><strong>et</strong></span> <span class='ocrx_word' id='word_1_670' title='bbox 2572 3073 2764 3130; x_wconf 89' lang='lat' dir='ltr'><strong>beatus</strong></span> <span class='ocrx_word' id='word_1_671' title='bbox 2809 3072 2910 3130; x_wconf 88' lang='lat' dir='ltr'><strong>Job</strong></span> <span class='ocrx_word' id='word_1_672' title='bbox 2937 3076 3074 3131; x_wconf 82' lang='lat' dir='ltr'><strong>dixit</strong></span> <span class='ocrx_word' id='word_1_673' title='bbox 3117 3077 3258 3148; x_wconf 83' lang='lat' dir='ltr'><strong>(Job.</strong></span> <span class='ocrx_word' id='word_1_674' title='bbox 3302 3077 3396 3133; x_wconf 88' lang='lat'><strong>29.</strong></span> 
     </span>
    </p>
   </div>
   <div class='ocr_carea' id='block_1_83' title="bbox 1813 3162 3392 3241">
    <p class='ocr_par' dir='ltr' id='par_1_83' title="bbox 1813 3162 3392 3241">
     <span class='ocr_line' id='line_1_83' title="bbox 1813 3162 3392 3241; baseline 0.006 -24"><span class='ocrx_word' id='word_1_675' title='bbox 1813 3162 1906 3234; x_wconf 78' lang='grc'>24)</span> <span class='ocrx_word' id='word_1_676' title='bbox 1933 3177 1948 3216; x_wconf 88' lang='lat'><strong>:</strong></span> <span class='ocrx_word' id='word_1_677' title='bbox 1976 3171 2026 3216; x_wconf 90' lang='lat' dir='ltr'><strong>et</strong></span> <span class='ocrx_word' id='word_1_678' title='bbox 2052 3162 2146 3218; x_wconf 72' lang='lat' dir='ltr'><strong>lux</strong></span> <span class='ocrx_word' id='word_1_679' title='bbox 2171 3162 2348 3218; x_wconf 84' lang='lat' dir='ltr'><strong>uultus</strong></span> <span class='ocrx_word' id='word_1_680' title='bbox 2376 3165 2481 3218; x_wconf 89' lang='lat' dir='ltr'><strong>mei</strong></span> <span class='ocrx_word' id='word_1_681' title='bbox 2515 3181 2619 3219; x_wconf 87' lang='lat' dir='ltr'><strong>non</strong></span> <span class='ocrx_word' id='word_1_682' title='bbox 2645 3165 2862 3220; x_wconf 84' lang='lat' dir='ltr'><strong>cadebat</strong></span> <span class='ocrx_word' id='word_1_683' title='bbox 2882 3167 2940 3222; x_wconf 87' lang='lat' dir='ltr'><strong>in</strong></span> <span class='ocrx_word' id='word_1_684' title='bbox 2985 3177 3182 3222; x_wconf 89' lang='lat' dir='ltr'><strong>terram</strong></span> <span class='ocrx_word' id='word_1_685' title='bbox 3207 3187 3227 3235; x_wconf 88' lang='lat'><em>;</em></span> <span class='ocrx_word' id='word_1_686' title='bbox 3262 3171 3392 3241; x_wconf 88' lang='lat' dir='ltr'><strong>quia</strong></span> 
     </span>
    </p>
   </div>
   <div class='ocr_carea' id='block_1_84' title="bbox 1818 3253 3398 3331">
    <p class='ocr_par' dir='ltr' id='par_1_84' title="bbox 1818 3253 3398 3331">
     <span class='ocr_line' id='line_1_84' title="bbox 1818 3253 3398 3331; baseline 0.006 -23"><span class='ocrx_word' id='word_1_687' title='bbox 1818 3253 2077 3309; x_wconf 89' lang='lat' dir='ltr'><strong>nimirum</strong></span> <span class='ocrx_word' id='word_1_688' title='bbox 2114 3255 2168 3310; x_wconf 92' lang='lat' dir='ltr'><strong>in</strong></span> <span class='ocrx_word' id='word_1_689' title='bbox 2207 3263 2359 3310; x_wconf 87' lang='lat' dir='ltr'><strong>tanta</strong></span> <span class='ocrx_word' id='word_1_690' title='bbox 2384 3255 2652 3327; x_wconf 84' lang='lat' dir='ltr'><strong>gravitate</strong></span> <span class='ocrx_word' id='word_1_691' title='bbox 2679 3256 2888 3312; x_wconf 89' lang='lat' dir='ltr'><strong>vultum</strong></span> <span class='ocrx_word' id='word_1_692' title='bbox 2916 3257 3133 3331; x_wconf 89' lang='lat' dir='ltr'><strong>(tenere)</strong></span> <span class='ocrx_word' id='word_1_693' title='bbox 3157 3261 3398 3317; x_wconf 89' lang='lat' dir='ltr'><strong>retinere</strong></span> 
     </span>
    </p>
   </div>
   <div class='ocr_carea' id='block_1_85' title="bbox 1818 3348 3395 3419">
    <p class='ocr_par' dir='ltr' id='par_1_85' title="bbox 1818 3348 3395 3419">
     <span class='ocr_line' id='line_1_85' title="bbox 1818 3348 3395 3419; baseline 0.004 -18"><span class='ocrx_word' id='word_1_694' title='bbox 1818 3354 2194 3412; x_wconf 85' lang='lat' dir='ltr'><strong>consueverat,</strong></span> <span class='ocrx_word' id='word_1_695' title='bbox 2219 3354 2280 3400; x_wconf 91' lang='lat' dir='ltr'><strong>ut</strong></span> <span class='ocrx_word' id='word_1_696' title='bbox 2297 3361 2575 3417; x_wconf 91' lang='lat' dir='ltr'><strong>nunquam</strong></span> <span class='ocrx_word' id='word_1_697' title='bbox 2605 3348 2993 3419; x_wconf 90' lang='lat' dir='ltr'><strong>contemptibili</strong></span> <span class='ocrx_word' id='word_1_698' title='bbox 3012 3349 3198 3406; x_wconf 63' lang='lat' dir='ltr'><strong>laetitia</strong></span> <span class='ocrx_word' id='word_1_699' title='bbox 3219 3353 3395 3408; x_wconf 84' lang='lat' dir='ltr'><strong>resol-</strong></span> 
     </span>
    </p>
   </div>
   <div class='ocr_carea' id='block_1_86' title="bbox 1814 3436 3399 3514">
    <p class='ocr_par' dir='ltr' id='par_1_86' title="bbox 1814 3436 3399 3514">
     <span class='ocr_line' id='line_1_86' title="bbox 1814 3436 3399 3514; baseline 0.006 -23"><span class='ocrx_word' id='word_1_700' title='bbox 1814 3443 2053 3492; x_wconf 89' lang='lat' dir='ltr'><strong>veretur.</strong></span> <span class='ocrx_word' id='word_1_701' title='bbox 2086 3436 2194 3492; x_wconf 90' lang='lat' dir='ltr'><strong>Sed</strong></span> <span class='ocrx_word' id='word_1_702' title='bbox 2243 3438 2670 3508; x_wconf 91' lang='lat' dir='ltr'><strong>quotiescunque</strong></span> <span class='ocrx_word' id='word_1_703' title='bbox 2715 3438 3028 3497; x_wconf 89' lang='lat' dir='ltr'><strong>hilariorem</strong></span> <span class='ocrx_word' id='word_1_704' title='bbox 3070 3456 3130 3497; x_wconf 92' lang='lat' dir='ltr'><strong>se</strong></span> <span class='ocrx_word' id='word_1_705' title='bbox 3157 3458 3399 3514; x_wconf 61' lang='lat' dir='ltr'><strong>praesen-</strong></span> 
     </span>
    </p>
   </div>
   <div class='ocr_carea' id='block_1_87' title="bbox 1814 3531 3397 3607">
    <p class='ocr_par' dir='ltr' id='par_1_87' title="bbox 1814 3531 3397 3607">
     <span class='ocr_line' id='line_1_87' title="bbox 1814 3531 3397 3607; baseline 0.007 -19"><span class='ocrx_word' id='word_1_706' title='bbox 1814 3531 1959 3588; x_wconf 90' lang='lat' dir='ltr'><strong>tibus</strong></span> <span class='ocrx_word' id='word_1_707' title='bbox 1985 3533 2286 3597; x_wconf 80' lang='lat' dir='ltr'><strong>exhiberet,</strong></span> <span class='ocrx_word' id='word_1_708' title='bbox 2312 3541 2518 3590; x_wconf 90' lang='lat' dir='ltr'><strong>certam</strong></span> <span class='ocrx_word' id='word_1_709' title='bbox 2545 3549 2762 3607; x_wconf 90' lang='lat' dir='ltr'><strong>semper</strong></span> <span class='ocrx_word' id='word_1_710' title='bbox 2787 3537 2858 3593; x_wconf 91' lang='lat' dir='ltr'><strong>ob</strong></span> <span class='ocrx_word' id='word_1_711' title='bbox 2893 3551 3117 3595; x_wconf 89' lang='lat' dir='ltr'><strong>causam</strong></span> <span class='ocrx_word' id='word_1_712' title='bbox 3143 3541 3397 3600; x_wconf 86' lang='lat' dir='ltr'><strong>utilitatis</strong></span> 
     </span>
    </p>
   </div>
   <div class='ocr_carea' id='block_1_88' title="bbox 1813 3624 2502 3700">
    <p class='ocr_par' dir='ltr' id='par_1_88' title="bbox 1813 3624 2502 3700">
     <span class='ocr_line' id='line_1_88' title="bbox 1813 3624 2502 3700; baseline 0.001 -20"><span class='ocrx_word' id='word_1_713' title='bbox 1813 3639 2002 3681; x_wconf 90' lang='lat' dir='ltr'><strong>eorum</strong></span> <span class='ocrx_word' id='word_1_714' title='bbox 2033 3624 2270 3700; x_wconf 82' lang='lat' dir='ltr'><strong>(faceret)</strong></span> <span class='ocrx_word' id='word_1_715' title='bbox 2299 3639 2502 3697; x_wconf 82' lang='lat' dir='ltr'><strong>ageret.</strong></span> 
     </span>
    </p>
   </div>
   <div class='ocr_carea' id='block_1_89' title="bbox 1889 3716 3394 3794">
    <p class='ocr_par' dir='ltr' id='par_1_89' title="bbox 1889 3716 3394 3794">
     <span class='ocr_line' id='line_1_89' title="bbox 1889 3716 3394 3794; baseline 0.009 -24"><span class='ocrx_word' id='word_1_716' title='bbox 1889 3735 1910 3769; x_wconf 84' lang='grc'><strong>‹</strong></span> <span class='ocrx_word' id='word_1_717' title='bbox 1949 3716 2120 3787; x_wconf 87' lang='lat' dir='ltr'><strong>Igitur</strong></span> <span class='ocrx_word' id='word_1_718' title='bbox 2147 3720 2172 3760; x_wconf 75' lang='grc' dir='ltr'>ε</span> <span class='ocrx_word' id='word_1_719' title='bbox 2195 3727 2478 3789; x_wconf 88' lang='lat' dir='ltr'><strong>postquam</strong></span> <span class='ocrx_word' id='word_1_720' title='bbox 2504 3720 2620 3776; x_wconf 69' lang='lat' dir='ltr'><strong>haec</strong></span> <span class='ocrx_word' id='word_1_721' title='bbox 2655 3720 2710 3776; x_wconf 92' lang='lat' dir='ltr'><strong>in</strong></span> <span class='ocrx_word' id='word_1_722' title='bbox 2738 3721 2910 3794; x_wconf 84' lang='lat' dir='ltr'><strong>ﬁgura</strong></span> <span class='ocrx_word' id='word_1_723' title='bbox 2937 3724 3252 3782; x_wconf 88' lang='lat' dir='ltr'><strong>mutationis</strong></span> <span class='ocrx_word' id='word_1_724' title='bbox 3286 3727 3394 3784; x_wconf 82' lang='lat' dir='ltr'><strong>Ve-</strong></span> 
     </span>
    </p>
   </div>
   <div class='ocr_carea' id='block_1_90' title="bbox 1812 3808 3393 3883">
    <p class='ocr_par' dir='ltr' id='par_1_90' title="bbox 1812 3808 3393 3883">
     <span class='ocr_line' id='line_1_90' title="bbox 1812 3808 3393 3883; baseline 0.006 -21"><span class='ocrx_word' id='word_1_725' title='bbox 1812 3808 1944 3865; x_wconf 92' lang='lat' dir='ltr'><strong>teris</strong></span> <span class='ocrx_word' id='word_1_726' title='bbox 1973 3808 2302 3864; x_wconf 88' lang='lat' dir='ltr'><strong>Testamenti</strong></span> <span class='ocrx_word' id='word_1_727' title='bbox 2332 3825 2364 3864; x_wconf 91' lang='lat' dir='ltr'><strong>a</strong></span> <span class='ocrx_word' id='word_1_728' title='bbox 2403 3809 2673 3880; x_wconf 90' lang='lat' dir='ltr'><strong>Propheta</strong></span> <span class='ocrx_word' id='word_1_729' title='bbox 2720 3812 2814 3867; x_wconf 91' lang='lat' dir='ltr'><strong>illo</strong></span> <span class='ocrx_word' id='word_1_730' title='bbox 2861 3815 3220 3883; x_wconf 71' lang='lat' dir='ltr'><strong>praenuntiata</strong></span> <span class='ocrx_word' id='word_1_731' title='bbox 3265 3826 3393 3872; x_wconf 91' lang='lat' dir='ltr'><strong>sunt</strong></span> 
     </span>
    </p>
   </div>
   <div class='ocr_carea' id='block_1_91' title="bbox 1809 3896 3394 3966">
    <p class='ocr_par' dir='ltr' id='par_1_91' title="bbox 1809 3896 3394 3966">
     <span class='ocr_line' id='line_1_91' title="bbox 1809 3896 3394 3966; baseline 0.006 -14"><span class='ocrx_word' id='word_1_732' title='bbox 1809 3898 1877 3953; x_wconf 91' lang='lat' dir='ltr'><strong>ad</strong></span> <span class='ocrx_word' id='word_1_733' title='bbox 1905 3896 2021 3952; x_wconf 82' lang='lat' dir='ltr'><strong>Heli</strong></span> <span class='ocrx_word' id='word_1_734' title='bbox 2049 3915 2062 3951; x_wconf 92' lang='lat'><strong>:</strong></span> <span class='ocrx_word' id='word_1_735' title='bbox 2095 3897 2400 3955; x_wconf 87' lang='lat' dir='ltr'><strong>oll‘endente</strong></span> <span class='ocrx_word' id='word_1_736' title='bbox 2424 3900 2590 3956; x_wconf 89' lang='lat' dir='ltr'><strong>Israel</strong></span> <span class='ocrx_word' id='word_1_737' title='bbox 2622 3900 2928 3966; x_wconf 91' lang='lat' dir='ltr'><strong>Dominum,</strong></span> <span class='ocrx_word' id='word_1_738' title='bbox 2960 3903 2991 3943; x_wconf 77' lang='grc' dir='ltr'><strong>ιι</strong></span> <span class='ocrx_word' id='word_1_739' title='bbox 3028 3903 3394 3961; x_wconf 72' lang='lat' dir='ltr'><strong>instruxerunt</strong></span> 
     </span>
    </p>
   </div>
   <div class='ocr_carea' id='block_1_92' title="bbox 1809 3993 3390 4064">
    <p class='ocr_par' dir='ltr' id='par_1_92' title="bbox 1809 3993 3390 4064">
     <span class='ocr_line' id='line_1_92' title="bbox 1809 3993 3390 4064; baseline 0.006 -16"><span class='ocrx_word' id='word_1_740' title='bbox 1809 3995 1974 4048; x_wconf 87' lang='lat' dir='ltr'><strong>aciem</strong></span> <span class='ocrx_word' id='word_1_741' title='bbox 2005 3993 2266 4049; x_wconf 78' lang='lat' dir='ltr'><strong>Philisttei</strong></span> <span class='ocrx_word' id='word_1_742' title='bbox 2288 4005 2470 4050; x_wconf 87' lang='lat' dir='ltr'><strong>contra</strong></span> <span class='ocrx_word' id='word_1_743' title='bbox 2490 4012 2599 4064; x_wconf 87' lang='lat' dir='ltr'><strong>eos,</strong></span> <span class='ocrx_word' id='word_1_744' title='bbox 2634 4005 2740 4053; x_wconf 92' lang='lat' dir='ltr'><strong>etc.</strong></span> <span class='ocrx_word' id='word_1_745' title='bbox 2775 3997 2993 4053; x_wconf 90' lang='lat' dir='ltr'><strong>Tollunt</strong></span> <span class='ocrx_word' id='word_1_746' title='bbox 3012 4008 3194 4055; x_wconf 91' lang='lat' dir='ltr'><strong>autem</strong></span> <span class='ocrx_word' id='word_1_747' title='bbox 3214 4000 3390 4058; x_wconf 86' lang='lat' dir='ltr'><strong>Israe-</strong></span> 
     </span>
    </p>
   </div>
   <div class='ocr_carea' id='block_1_93' title="bbox 1807 4081 3387 4165">
    <p class='ocr_par' dir='ltr' id='par_1_93' title="bbox 1807 4081 3387 4165">
     <span class='ocr_line' id='line_1_93' title="bbox 1807 4081 3387 4165; baseline 0.009 -29"><span class='ocrx_word' id='word_1_748' title='bbox 1807 4081 1916 4138; x_wconf 69' lang='lat' dir='ltr'><strong>lita:</strong></span> <span class='ocrx_word' id='word_1_749' title='bbox 1950 4098 2131 4139; x_wconf 91' lang='lat' dir='ltr'><strong>arcam</strong></span> <span class='ocrx_word' id='word_1_750' title='bbox 2169 4084 2238 4140; x_wconf 91' lang='lat' dir='ltr'><strong>ad</strong></span> <span class='ocrx_word' id='word_1_751' title='bbox 2285 4084 2598 4158; x_wconf 87' lang='lat' dir='ltr'><strong>(tuitionem)</strong></span> <span class='ocrx_word' id='word_1_752' title='bbox 2644 4087 2930 4144; x_wconf 87' lang='lat' dir='ltr'><strong>stationem</strong></span> <span class='ocrx_word' id='word_1_753' title='bbox 2976 4105 3129 4146; x_wconf 91' lang='lat' dir='ltr'><strong>suam</strong></span> <span class='ocrx_word' id='word_1_754' title='bbox 3171 4111 3185 4147; x_wconf 90' lang='lat'>:</span> <span class='ocrx_word' id='word_1_755' title='bbox 3227 4101 3387 4165; x_wconf 91' lang='lat' dir='ltr'><strong>capta</strong></span> 
     </span>
    </p>
   </div>
   <div class='ocr_carea' id='block_1_94' title="bbox 1806 4174 3388 4248">
    <p class='ocr_par' dir='ltr' id='par_1_94' title="bbox 1806 4174 3388 4248">
     <span class='ocr_line' id='line_1_94' title="bbox 1806 4174 3388 4248; baseline 0.008 -19"><span class='ocrx_word' id='word_1_756' title='bbox 1806 4181 1890 4230; x_wconf 89' lang='lat' dir='ltr'><strong>est</strong></span> <span class='ocrx_word' id='word_1_757' title='bbox 1911 4175 1980 4230; x_wconf 91' lang='lat' dir='ltr'><strong>ab</strong></span> <span class='ocrx_word' id='word_1_758' title='bbox 2009 4174 2257 4232; x_wconf 90' lang='lat' dir='ltr'><strong>hostibus</strong></span> <span class='ocrx_word' id='word_1_759' title='bbox 2281 4191 2430 4243; x_wconf 89' lang='lat' dir='ltr'><strong>arca,</strong></span> <span class='ocrx_word' id='word_1_760' title='bbox 2459 4176 2670 4248; x_wconf 89' lang='lat' dir='ltr'><strong>ipsique</strong></span> <span class='ocrx_word' id='word_1_761' title='bbox 2708 4194 2816 4235; x_wconf 91' lang='lat' dir='ltr'><strong>non</strong></span> <span class='ocrx_word' id='word_1_762' title='bbox 2849 4179 3023 4236; x_wconf 90' lang='lat' dir='ltr'><strong>solum</strong></span> <span class='ocrx_word' id='word_1_763' title='bbox 3075 4183 3206 4239; x_wconf 85' lang='lat' dir='ltr'><strong>victi</strong></span> <span class='ocrx_word' id='word_1_764' title='bbox 3259 4193 3388 4241; x_wconf 87' lang='lat' dir='ltr'><strong>sunt</strong></span> 
     </span>
    </p>
   </div>
   <div class='ocr_carea' id='block_1_95' title="bbox 1805 4268 3386 4348">
    <p class='ocr_par' dir='ltr' id='par_1_95' title="bbox 1805 4268 3386 4348">
     <span class='ocr_line' id='line_1_95' title="bbox 1805 4268 3386 4348; baseline 0.006 -26"><span class='ocrx_word' id='word_1_765' title='bbox 1805 4275 1861 4323; x_wconf 93' lang='lat' dir='ltr'><strong>et</strong></span> <span class='ocrx_word' id='word_1_766' title='bbox 1901 4268 1956 4323; x_wconf 92' lang='lat' dir='ltr'><strong>in</strong></span> <span class='ocrx_word' id='word_1_767' title='bbox 1985 4268 2164 4341; x_wconf 86' lang='lat' dir='ltr'><strong>fugam</strong></span> <span class='ocrx_word' id='word_1_768' title='bbox 2207 4270 2372 4336; x_wconf 91' lang='lat' dir='ltr'><strong>versi,</strong></span> <span class='ocrx_word' id='word_1_769' title='bbox 2416 4271 2526 4326; x_wconf 91' lang='lat' dir='ltr'><strong>imo</strong></span> <span class='ocrx_word' id='word_1_770' title='bbox 2560 4272 2723 4326; x_wconf 89' lang='lat' dir='ltr'><strong>etiam</strong></span> <span class='ocrx_word' id='word_1_771' title='bbox 2748 4288 2943 4344; x_wconf 86' lang='lat' dir='ltr'><strong>magna</strong></span> <span class='ocrx_word' id='word_1_772' title='bbox 2983 4283 3194 4348; x_wconf 89' lang='lat' dir='ltr'><strong>strages</strong></span> <span class='ocrx_word' id='word_1_773' title='bbox 3240 4276 3386 4336; x_wconf 82' lang='lat' dir='ltr'><strong>facta</strong></span> 
     </span>
    </p>
   </div>
   <div class='ocr_carea' id='block_1_96' title="bbox 1805 4359 3391 4432">
    <p class='ocr_par' dir='ltr' id='par_1_96' title="bbox 1805 4359 3391 4432">
     <span class='ocr_line' id='line_1_96' title="bbox 1805 4359 3391 4432; baseline 0.004 -18"><span class='ocrx_word' id='word_1_774' title='bbox 1805 4365 1888 4414; x_wconf 90' lang='lat' dir='ltr'><strong>est</strong></span> <span class='ocrx_word' id='word_1_775' title='bbox 1939 4359 2260 4415; x_wconf 90' lang='lat' dir='ltr'><strong>occisorum.</strong></span> <span class='ocrx_word' id='word_1_776' title='bbox 2308 4359 2612 4432; x_wconf 76' lang='lat' dir='ltr'><strong>(Nonnihil)</strong></span> <span class='ocrx_word' id='word_1_777' title='bbox 2661 4361 2926 4418; x_wconf 87' lang='lat' dir='ltr'><strong>Nonnulla</strong></span> <span class='ocrx_word' id='word_1_778' title='bbox 2957 4373 3138 4420; x_wconf 89' lang='lat' dir='ltr'><strong>tamen</strong></span> <span class='ocrx_word' id='word_1_779' title='bbox 3179 4362 3391 4421; x_wconf 67' lang='lat' dir='ltr'><strong>Mturo-</strong></span> 
     </span>
    </p>
   </div>
   <div class='ocr_carea' id='block_1_97' title="bbox 1805 4451 3382 4528">
    <p class='ocr_par' dir='ltr' id='par_1_97' title="bbox 1805 4451 3382 4528">
     <span class='ocr_line' id='line_1_97' title="bbox 1805 4451 3382 4528; baseline 0.003 -23"><span class='ocrx_word' id='word_1_780' title='bbox 1805 4466 1924 4505; x_wconf 88' lang='lat' dir='ltr'><strong>rum</strong></span> <span class='ocrx_word' id='word_1_781' title='bbox 1953 4451 2220 4522; x_wconf 83' lang='lat' dir='ltr'><strong>signiﬁcat</strong></span> <span class='ocrx_word' id='word_1_782' title='bbox 2254 4465 2342 4506; x_wconf 84' lang='lat' dir='ltr'><strong>res</strong></span> <span class='ocrx_word' id='word_1_783' title='bbox 2373 4461 2532 4522; x_wconf 80' lang='lat' dir='ltr'><strong>gesta</strong></span> <span class='ocrx_word' id='word_1_784' title='bbox 2576 4452 2710 4509; x_wconf 71' lang='lat' dir='ltr'><strong>haec.</strong></span> <span class='ocrx_word' id='word_1_785' title='bbox 2757 4453 2815 4508; x_wconf 94' lang='lat' dir='ltr'><strong>In</strong></span> <span class='ocrx_word' id='word_1_786' title='bbox 2868 4455 3203 4528; x_wconf 74' lang='lat' dir='ltr'><strong>(prophetica)</strong></span> <span class='ocrx_word' id='word_1_787' title='bbox 3249 4473 3382 4526; x_wconf 84' lang='lat' dir='ltr'><strong>pro-</strong></span> 
     </span>
    </p>
   </div>
   <div class='ocr_carea' id='block_1_98' title="bbox 1804 4541 3381 4615">
    <p class='ocr_par' dir='ltr' id='par_1_98' title="bbox 1804 4541 3381 4615">
     <span class='ocr_line' id='line_1_98' title="bbox 1804 4541 3381 4615; baseline 0.002 -18"><span class='ocrx_word' id='word_1_788' title='bbox 1804 4542 1985 4612; x_wconf 90' lang='lat' dir='ltr'><strong>phetia</strong></span> <span class='ocrx_word' id='word_1_789' title='bbox 2014 4543 2160 4597; x_wconf 90' lang='lat' dir='ltr'><strong>enim</strong></span> <span class='ocrx_word' id='word_1_790' title='bbox 2195 4557 2322 4598; x_wconf 90' lang='lat' dir='ltr'><strong>arca</strong></span> <span class='ocrx_word' id='word_1_791' title='bbox 2353 4541 2442 4597; x_wconf 88' lang='lat' dir='ltr'><strong>illa</strong></span> <span class='ocrx_word' id='word_1_792' title='bbox 2468 4543 2536 4598; x_wconf 92' lang='lat' dir='ltr'><strong>ab</strong></span> <span class='ocrx_word' id='word_1_793' title='bbox 2562 4543 2878 4615; x_wconf 85' lang='lat' dir='ltr'><strong>alienigenis</strong></span> <span class='ocrx_word' id='word_1_794' title='bbox 2904 4553 3061 4614; x_wconf 92' lang='lat' dir='ltr'><strong>capta</strong></span> <span class='ocrx_word' id='word_1_795' title='bbox 3105 4547 3381 4602; x_wconf 90' lang='lat' dir='ltr'><strong>indicabat</strong></span> 
     </span>
    </p>
   </div>
   <div class='ocr_carea' id='block_1_99' title="bbox 1805 4633 3382 4707">
    <p class='ocr_par' dir='ltr' id='par_1_99' title="bbox 1805 4633 3382 4707">
     <span class='ocr_line' id='line_1_99' title="bbox 1805 4633 3382 4707; baseline 0.003 -18"><span class='ocrx_word' id='word_1_796' title='bbox 1805 4641 2188 4690; x_wconf 89' lang='lat' dir='ltr'><strong>testamentum</strong></span> <span class='ocrx_word' id='word_1_797' title='bbox 2225 4633 2322 4689; x_wconf 89' lang='lat' dir='ltr'><strong>Dei</strong></span> <span class='ocrx_word' id='word_1_798' title='bbox 2368 4635 2723 4691; x_wconf 85' lang='lat' dir='ltr'><strong>transiturum</strong></span> <span class='ocrx_word' id='word_1_799' title='bbox 2771 4637 2840 4692; x_wconf 90' lang='lat' dir='ltr'><strong>ad</strong></span> <span class='ocrx_word' id='word_1_800' title='bbox 2887 4644 3099 4707; x_wconf 90' lang='lat' dir='ltr'><strong>gentes.</strong></span> <span class='ocrx_word' id='word_1_801' title='bbox 3153 4637 3382 4704; x_wconf 82' lang='lat' dir='ltr'><strong>Quando</strong></span> 
     </span>
    </p>
   </div>
   <div class='ocr_carea' id='block_1_100' title="bbox 1803 4727 3382 4800">
    <p class='ocr_par' dir='ltr' id='par_1_100' title="bbox 1803 4727 3382 4800">
     <span class='ocr_line' id='line_1_100' title="bbox 1803 4727 3382 4800; baseline 0.003 -17"><span class='ocrx_word' id='word_1_802' title='bbox 1803 4727 1947 4783; x_wconf 89' lang='lat' dir='ltr'><strong>enim</strong></span> <span class='ocrx_word' id='word_1_803' title='bbox 1993 4729 2298 4782; x_wconf 92' lang='lat' dir='ltr'><strong>nuntiatum</strong></span> <span class='ocrx_word' id='word_1_804' title='bbox 2333 4738 2418 4784; x_wconf 88' lang='lat' dir='ltr'><strong>est</strong></span> <span class='ocrx_word' id='word_1_805' title='bbox 2453 4727 2570 4784; x_wconf 85' lang='lat' dir='ltr'><strong>Heli</strong></span> <span class='ocrx_word' id='word_1_806' title='bbox 2627 4729 2897 4784; x_wconf 82' lang='lat' dir='ltr'><strong>sacerdoti</strong></span> <span class='ocrx_word' id='word_1_807' title='bbox 2951 4739 3165 4800; x_wconf 87' lang='lat' dir='ltr'><strong>captam</strong></span> <span class='ocrx_word' id='word_1_808' title='bbox 3212 4729 3382 4787; x_wconf 80' lang='lat' dir='ltr'><strong>fuisse</strong></span> 
     </span>
    </p>
   </div>
   <div class='ocr_carea' id='block_1_101' title="bbox 1804 4821 3378 4896">
    <p class='ocr_par' dir='ltr' id='par_1_101' title="bbox 1804 4821 3378 4896">
     <span class='ocr_line' id='line_1_101' title="bbox 1804 4821 3378 4896; baseline 0.003 -21"><span class='ocrx_word' id='word_1_809' title='bbox 1804 4835 1988 4876; x_wconf 91' lang='lat' dir='ltr'><strong>arcam</strong></span> <span class='ocrx_word' id='word_1_810' title='bbox 2016 4821 2249 4887; x_wconf 92' lang='lat' dir='ltr'><strong>Domini,</strong></span> <span class='ocrx_word' id='word_1_811' title='bbox 2275 4822 2472 4878; x_wconf 90' lang='lat' dir='ltr'><strong>cecidit</strong></span> <span class='ocrx_word' id='word_1_812' title='bbox 2493 4823 2560 4878; x_wconf 93' lang='lat' dir='ltr'><strong>de</strong></span> <span class='ocrx_word' id='word_1_813' title='bbox 2585 4822 2736 4889; x_wconf 89' lang='lat' dir='ltr'><strong>sella,</strong></span> <span class='ocrx_word' id='word_1_814' title='bbox 2765 4831 2818 4877; x_wconf 90' lang='lat' dir='ltr'><strong>et</strong></span> <span class='ocrx_word' id='word_1_815' title='bbox 2837 4830 3082 4878; x_wconf 90' lang='lat' dir='ltr'><strong>mortuus</strong></span> <span class='ocrx_word' id='word_1_816' title='bbox 3109 4831 3191 4878; x_wconf 90' lang='lat' dir='ltr'><strong>est</strong></span> <span class='ocrx_word' id='word_1_817' title='bbox 3225 4821 3378 4896; x_wconf 85' lang='lat' dir='ltr'><strong>(Cap.</strong></span> 
     </span>
    </p>
   </div>
   <div class='ocr_carea' id='block_1_102' title="bbox 1802 4910 3378 4984">
    <p class='ocr_par' dir='ltr' id='par_1_102' title="bbox 1802 4910 3378 4984">
     <span class='ocr_line' id='line_1_102' title="bbox 1802 4910 3378 4984; baseline 0.003 -20"><span class='ocrx_word' id='word_1_818' title='bbox 1802 4910 1857 4966; x_wconf 75' lang='grc'>4.</span> <span class='ocrx_word' id='word_1_819' title='bbox 1890 4910 1976 4966; x_wconf 90' lang='grc'><strong>16.</strong></span> <span class='ocrx_word' id='word_1_820' title='bbox 2005 4911 2092 4965; x_wconf 83' lang='grc'><strong>17.</strong></span> <span class='ocrx_word' id='word_1_821' title='bbox 2129 4912 2240 4982; x_wconf 89' lang='grc'>18).</span> <span class='ocrx_word' id='word_1_822' title='bbox 2274 4912 2620 4967; x_wconf 85' lang='lat' dir='ltr'><strong>Transeunte</strong></span> <span class='ocrx_word' id='word_1_823' title='bbox 2647 4927 2773 4967; x_wconf 90' lang='lat' dir='ltr'><strong>arca</strong></span> <span class='ocrx_word' id='word_1_824' title='bbox 2802 4911 3015 4966; x_wconf 90' lang='lat' dir='ltr'><strong>Domini</strong></span> <span class='ocrx_word' id='word_1_825' title='bbox 3063 4912 3131 4966; x_wconf 92' lang='lat' dir='ltr'><strong>ad</strong></span> <span class='ocrx_word' id='word_1_826' title='bbox 3170 4921 3378 4984; x_wconf 86' lang='lat' dir='ltr'><strong>gentes,</strong></span> 
     </span>
    </p>
   </div>
   <div class='ocr_carea' id='block_1_103' title="bbox 1810 5003 3379 5076">
    <p class='ocr_par' dir='ltr' id='par_1_103' title="bbox 1810 5003 3379 5076">
     <span class='ocr_line' id='line_1_103' title="bbox 1810 5003 3379 5076; baseline 0.001 -16"><span class='ocrx_word' id='word_1_827' title='bbox 1810 5007 1826 5046; x_wconf 77' lang='grc' dir='ltr'><strong>ί</strong></span> <span class='ocrx_word' id='word_1_828' title='bbox 1895 5006 2094 5076; x_wconf 90' lang='lat' dir='ltr'><strong>periit,</strong></span> <span class='ocrx_word' id='word_1_829' title='bbox 2156 5013 2318 5076; x_wconf 87' lang='lat' dir='ltr'><strong>atque</strong></span> <span class='ocrx_word' id='word_1_830' title='bbox 2374 5007 2581 5062; x_wconf 90' lang='lat' dir='ltr'><strong>interiit</strong></span> <span class='ocrx_word' id='word_1_831' title='bbox 2638 5005 2994 5061; x_wconf 87' lang='lat' dir='ltr'><strong>sacerdotium</strong></span> <span class='ocrx_word' id='word_1_832' title='bbox 3051 5003 3379 5063; x_wconf 66' lang='lat' dir='ltr'><strong>Iudaeorum.</strong></span> 
     </span>
    </p>
   </div>
   <div class='ocr_carea' id='block_1_104' title="bbox 1805 5095 3381 5170">
    <p class='ocr_par' dir='ltr' id='par_1_104' title="bbox 1805 5095 3381 5170">
     <span class='ocr_line' id='line_1_104' title="bbox 1805 5095 3381 5170; baseline 0.001 -18"><span class='ocrx_word' id='word_1_833' title='bbox 1805 5096 1958 5170; x_wconf 87' lang='lat' dir='ltr'><strong>(Cap.</strong></span> <span class='ocrx_word' id='word_1_834' title='bbox 1990 5097 2045 5170; x_wconf 83' lang='lat'><strong>5)</strong></span> <span class='ocrx_word' id='word_1_835' title='bbox 2089 5098 2204 5153; x_wconf 92' lang='lat' dir='ltr'><strong>Duo</strong></span> <span class='ocrx_word' id='word_1_836' title='bbox 2249 5112 2465 5168; x_wconf 90' lang='lat' dir='ltr'><strong>quoque</strong></span> <span class='ocrx_word' id='word_1_837' title='bbox 2510 5095 2605 5151; x_wconf 81' lang='lat' dir='ltr'><strong>lilii</strong></span> <span class='ocrx_word' id='word_1_838' title='bbox 2651 5102 2993 5162; x_wconf 88' lang='lat' dir='ltr'><strong>corruerunt,</strong></span> <span class='ocrx_word' id='word_1_839' title='bbox 3045 5096 3206 5153; x_wconf 90' lang='lat' dir='ltr'><strong>unius</strong></span> <span class='ocrx_word' id='word_1_840' title='bbox 3244 5112 3381 5154; x_wconf 77' lang='lat' dir='ltr'><strong>uxor</strong></span> 
     </span>
    </p>
   </div>
   <div class='ocr_carea' id='block_1_105' title="bbox 1799 5226 3382 5359">
    <p class='ocr_par' dir='ltr' id='par_1_105' title="bbox 1799 5226 3382 5359">
     <span class='ocr_line' id='line_1_105' title="bbox 1799 5226 3382 5359; baseline 0.001 -71"><span class='ocrx_word' id='word_1_841' title='bbox 1799 5241 1856 5359; x_wconf 62' lang='lat' dir='ltr'><strong>ﬁt</strong></span> <span class='ocrx_word' id='word_1_842' title='bbox 1907 5233 2110 5289; x_wconf 87' lang='lat' dir='ltr'><strong>habent</strong></span> <span class='ocrx_word' id='word_1_843' title='bbox 2156 5232 2275 5287; x_wconf 83' lang='lat' dir='ltr'><strong>aliae</strong></span> <span class='ocrx_word' id='word_1_844' title='bbox 2322 5231 2605 5287; x_wconf 88' lang='lat' dir='ltr'><strong>editiones.</strong></span> <span class='ocrx_word' id='word_1_845' title='bbox 2651 5228 2786 5285; x_wconf 79' lang='lat' dir='ltr'><strong>Vide</strong></span> <span class='ocrx_word' id='word_1_846' title='bbox 2828 5226 3039 5285; x_wconf 89' lang='lat' dir='ltr'><strong>Calmet</strong></span> <span class='ocrx_word' id='word_1_847' title='bbox 3088 5229 3142 5285; x_wconf 91' lang='lat' dir='ltr'><strong>in</strong></span> <span class='ocrx_word' id='word_1_848' title='bbox 3200 5230 3382 5290; x_wconf 83' lang='lat' dir='ltr'><strong>locum</strong></span> 
     </span>
     <span class='ocr_line' id='line_1_106' title="bbox 1839 5319 1963 5359; baseline -0.008 -1"><span class='ocrx_word' id='word_1_849' title='bbox 1839 5319 1963 5359; x_wconf 91' lang='lat' dir='ltr'><strong>unc.</strong></span> 
     </span>
    </p>
   </div>
   <div class='ocr_carea' id='block_1_106' title="bbox 1839 5319 1963 5359">
    <p class='ocr_par' dir='ltr' id='par_1_106' title="bbox 1839 5319 1963 5359">
     <span class='ocr_line' id='line_1_107' title="bbox 1839 5319 1963 5359; baseline -0.008 -1"><span class='ocrx_word' id='word_1_850' title='bbox 1839 5319 1963 5359; x_wconf 90' lang='lat' dir='ltr'><strong>unc.</strong></span> 
     </span>
    </p>
   </div>
   <div class='ocr_carea' id='block_1_107' title="bbox 84 5301 1692 5371">
    <p class='ocr_par' dir='ltr' id='par_1_107' title="bbox 84 5301 1692 5371">
     <span class='ocr_line' id='line_1_108' title="bbox 84 5301 1692 5371; baseline -0.002 -10"><span class='ocrx_word' id='word_1_851' title='bbox 84 5319 242 5368; x_wconf 85' lang='lat' dir='ltr'><strong>nus,</strong></span> <span class='ocrx_word' id='word_1_852' title='bbox 280 5301 380 5357; x_wconf 79' lang='lat' dir='ltr'><strong>sed</strong></span> <span class='ocrx_word' id='word_1_853' title='bbox 404 5301 847 5371; x_wconf 88' lang='lat' dir='ltr'><strong>interpretatione</strong></span> <span class='ocrx_word' id='word_1_854' title='bbox 874 5305 1156 5370; x_wconf 70' lang='lat' dir='ltr'><strong>scriptura:</strong></span> <span class='ocrx_word' id='word_1_855' title='bbox 1184 5305 1412 5359; x_wconf 91' lang='lat' dir='ltr'><strong>multum</strong></span> <span class='ocrx_word' id='word_1_856' title='bbox 1458 5301 1692 5359; x_wconf 73' lang='lat' dir='ltr'><strong>diversa.</strong></span> 
     </span>
    </p>
   </div>
   <div class='ocr_carea' id='block_1_108' title="bbox 179 5370 1294 5444">
    <p class='ocr_par' dir='ltr' id='par_1_108' title="bbox 179 5370 1294 5444">
     <span class='ocr_line' id='line_1_109' title="bbox 179 5370 1294 5444; baseline -0.003 -15"><span class='ocrx_word' id='word_1_857' title='bbox 179 5376 214 5417; x_wconf 72' lang='lat' dir='ltr'><strong>b</strong></span> <span class='ocrx_word' id='word_1_858' title='bbox 244 5374 349 5429; x_wconf 81' lang='lat' dir='ltr'><strong>Hic</strong></span> <span class='ocrx_word' id='word_1_859' title='bbox 377 5370 851 5444; x_wconf 60' lang='lat' dir='ltr'><strong>allegaturyersio</strong></span> <span class='ocrx_word' id='word_1_860' title='bbox 882 5386 951 5426; x_wconf 78' lang='lat' dir='ltr'><strong>ex</strong></span> <span class='ocrx_word' id='word_1_861' title='bbox 977 5371 1294 5442; x_wconf 83' lang='lat' dir='ltr'><strong>Augustino.</strong></span> 
     </span>
    </p>
   </div>
   <div class='ocr_carea' id='block_1_109' title="bbox 179 5442 1690 5516">
    <p class='ocr_par' dir='ltr' id='par_1_109' title="bbox 179 5442 1690 5516">
     <span class='ocr_line' id='line_1_110' title="bbox 179 5442 1690 5516; baseline 0.001 -17"><span class='ocrx_word' id='word_1_862' title='bbox 179 5459 208 5487; x_wconf 69' lang='grc' dir='ltr'><em>ε</em></span> <span class='ocrx_word' id='word_1_863' title='bbox 241 5445 376 5516; x_wconf 89' lang='lat' dir='ltr'><strong>Cap.</strong></span> <span class='ocrx_word' id='word_1_864' title='bbox 407 5443 460 5516; x_wconf 85' lang='lat'><strong>2.</strong></span> <span class='ocrx_word' id='word_1_865' title='bbox 491 5442 598 5497; x_wconf 55' lang='lat'><strong>&#39;56.</strong></span> <span class='ocrx_word' id='word_1_866' title='bbox 630 5442 758 5498; x_wconf 64' lang='lat' dir='ltr'><strong>Haec</strong></span> <span class='ocrx_word' id='word_1_867' title='bbox 786 5458 906 5516; x_wconf 57' lang='lat' dir='ltr'><strong>qua;</strong></span> <span class='ocrx_word' id='word_1_868' title='bbox 939 5450 1236 5512; x_wconf 89' lang='lat' dir='ltr'><strong>sequuntur</strong></span> <span class='ocrx_word' id='word_1_869' title='bbox 1268 5455 1342 5516; x_wconf 77' lang='lat' dir='ltr'><strong>ex</strong></span> <span class='ocrx_word' id='word_1_870' title='bbox 1368 5442 1690 5512; x_wconf 83' lang='lat' dir='ltr'><strong>Augustino,</strong></span> 
     </span>
    </p>
   </div>
   <div class='ocr_carea' id='block_1_110' title="bbox 74 5511 1690 5597">
    <p class='ocr_par' dir='ltr' id='par_1_110' title="bbox 74 5511 1690 5597">
     <span class='ocr_line' id='line_1_111' title="bbox 74 5511 1690 5597; baseline 0 -26"><span class='ocrx_word' id='word_1_871' title='bbox 74 5511 371 5597; x_wconf 55' lang='lat' dir='ltr'><strong>Pagnafn</strong></span> <span class='ocrx_word' id='word_1_872' title='bbox 395 5515 461 5569; x_wconf 90' lang='lat' dir='ltr'><strong>ad</strong></span> <span class='ocrx_word' id='word_1_873' title='bbox 481 5522 712 5597; x_wconf 61' lang='lat' dir='ltr'><strong>partem,</strong></span> <span class='ocrx_word' id='word_1_874' title='bbox 733 5511 1005 5597; x_wconf 44' lang='lat' dir='ltr'><strong>esscri&#39;p&#39;ta</strong></span> <span class='ocrx_word' id='word_1_875' title='bbox 1020 5511 1170 5578; x_wconf 28' lang='lat' dir='ltr'><strong>’sunt,</strong></span> <span class='ocrx_word' id='word_1_876' title='bbox 1192 5511 1285 5567; x_wconf 87' lang='lat' dir='ltr'><strong>sed</strong></span> <span class='ocrx_word' id='word_1_877' title='bbox 1312 5529 1420 5597; x_wconf 64' lang='lat' dir='ltr'><strong>non</strong></span> <span class='ocrx_word' id='word_1_878' title='bbox 1445 5511 1690 5597; x_wconf 77' lang='lat' dir='ltr'><strong>prorsus.</strong></span> 
     </span>
    </p>
   </div>
   <div class='ocr_carea' id='block_1_111' title="bbox 69 5584 1694 5654">
    <p class='ocr_par' dir='ltr' id='par_1_111' title="bbox 69 5584 1694 5654">
     <span class='ocr_line' id='line_1_112' title="bbox 69 5584 1694 5654; baseline -0.002 -9"><span class='ocrx_word' id='word_1_879' title='bbox 69 5584 349 5645; x_wconf 59' lang='lat' dir='ltr'><strong>Pro&#39;rsus</strong></span> <span class='ocrx_word' id='word_1_880' title='bbox 380 5593 563 5641; x_wconf 90' lang='lat' dir='ltr'><strong>tamen</strong></span> <span class='ocrx_word' id='word_1_881' title='bbox 585 5601 650 5641; x_wconf 87' lang='lat' dir='ltr'><strong>ea</strong></span> <span class='ocrx_word' id='word_1_882' title='bbox 697 5584 864 5640; x_wconf 91' lang='lat' dir='ltr'><strong>habet</strong></span> <span class='ocrx_word' id='word_1_883' title='bbox 895 5584 1152 5649; x_wconf 88' lang='lat' dir='ltr'><strong>Isidorus,</strong></span> <span class='ocrx_word' id='word_1_884' title='bbox 1187 5598 1304 5654; x_wconf 89' lang='lat' dir='ltr'><strong>cap.</strong></span> <span class='ocrx_word' id='word_1_885' title='bbox 1347 5584 1400 5639; x_wconf 90' lang='lat'><strong>2.</strong></span> <span class='ocrx_word' id='word_1_886' title='bbox 1444 5584 1498 5640; x_wconf 90' lang='lat' dir='ltr'><strong>in</strong></span> <span class='ocrx_word' id='word_1_887' title='bbox 1529 5585 1622 5642; x_wconf 88' lang='lat' dir='ltr'><strong>lib.</strong></span> <span class='ocrx_word' id='word_1_888' title='bbox 1675 5603 1694 5642; x_wconf 87' lang='grc' dir='ltr'><strong>ι</strong></span> 
     </span>
    </p>
   </div>
   <div class='ocr_carea' id='block_1_112' title="bbox 66 5654 1688 5730">
    <p class='ocr_par' dir='ltr' id='par_1_112' title="bbox 66 5654 1688 5730">
     <span class='ocr_line' id='line_1_113' title="bbox 66 5654 1688 5730; baseline -0.001 -16"><span class='ocrx_word' id='word_1_889' title='bbox 66 5662 345 5730; x_wconf 80' lang='lat' dir='ltr'><strong>Regum,</strong></span> <span class='ocrx_word' id='word_1_890' title='bbox 370 5672 546 5730; x_wconf 80' lang='lat' dir='ltr'><strong>quem</strong></span> <span class='ocrx_word' id='word_1_891' title='bbox 579 5656 987 5730; x_wconf 61' lang='lat' dir='ltr'><strong>proindeplane</strong></span> <span class='ocrx_word' id='word_1_892' title='bbox 1015 5655 1106 5711; x_wconf 90' lang='lat' dir='ltr'><strong>hic</strong></span> <span class='ocrx_word' id='word_1_893' title='bbox 1133 5656 1393 5730; x_wconf 78' lang='lat' dir='ltr'><strong>exscribit</strong></span> <span class='ocrx_word' id='word_1_894' title='bbox 1416 5654 1688 5730; x_wconf 86' lang='lat' dir='ltr'><strong>Claudius.</strong></span> 
     </span>
    </p>
   </div>
   <div class='ocr_carea' id='block_1_113' title="bbox 162 5726 1691 5795">
    <p class='ocr_par' dir='ltr' id='par_1_113' title="bbox 162 5726 1691 5795">
     <span class='ocr_line' id='line_1_114' title="bbox 162 5726 1691 5795; baseline 0.001 -14"><span class='ocrx_word' id='word_1_895' title='bbox 162 5726 214 5769; x_wconf 63' lang='grc' dir='ltr'><em>ἆ</em></span> <span class='ocrx_word' id='word_1_896' title='bbox 264 5726 465 5783; x_wconf 82' lang='lat' dir='ltr'><strong>Psalm.</strong></span> <span class='ocrx_word' id='word_1_897' title='bbox 493 5726 588 5795; x_wconf 82' lang='lat' dir='ltr'><strong>ll,</strong></span> <span class='ocrx_word' id='word_1_898' title='bbox 608 5727 660 5783; x_wconf 84' lang='lat'><strong>7.</strong></span> <span class='ocrx_word' id='word_1_899' title='bbox 707 5727 1006 5784; x_wconf 86' lang='lat' dir='ltr'><strong>Diversitas</strong></span> <span class='ocrx_word' id='word_1_900' title='bbox 1029 5727 1281 5782; x_wconf 88' lang='lat' dir='ltr'><strong>nonnulla</strong></span> <span class='ocrx_word' id='word_1_901' title='bbox 1321 5726 1412 5784; x_wconf 89' lang='lat' dir='ltr'><strong>hic</strong></span> <span class='ocrx_word' id='word_1_902' title='bbox 1437 5736 1546 5795; x_wconf 93' lang='lat' dir='ltr'><strong>est,</strong></span> <span class='ocrx_word' id='word_1_903' title='bbox 1574 5728 1691 5783; x_wconf 85' lang='lat' dir='ltr'><strong>edi-</strong></span> 
     </span>
    </p>
   </div>
   <div class='ocr_carea' id='block_1_114' title="bbox 60 5795 3370 5867">
    <p class='ocr_par' dir='ltr' id='par_1_114' title="bbox 60 5795 3370 5867">
     <span class='ocr_line' id='line_1_115' title="bbox 60 5795 3370 5867; baseline -0.002 -11"><span class='ocrx_word' id='word_1_904' title='bbox 60 5813 226 5860; x_wconf 77' lang='lat' dir='ltr'><strong>tum</strong></span> <span class='ocrx_word' id='word_1_905' title='bbox 258 5798 403 5852; x_wconf 87' lang='lat' dir='ltr'><strong>inter</strong></span> <span class='ocrx_word' id='word_1_906' title='bbox 444 5808 499 5867; x_wconf 86' lang='lat' dir='ltr'><strong>et</strong></span> <span class='ocrx_word' id='word_1_907' title='bbox 523 5806 773 5855; x_wconf 90' lang='lat' dir='ltr'><strong>nostrum</strong></span> <span class='ocrx_word' id='word_1_908' title='bbox 808 5797 1082 5854; x_wconf 90' lang='lat' dir='ltr'><strong>Codicem.</strong></span> <span class='ocrx_word' id='word_1_909' title='bbox 1794 5799 2049 5864; x_wconf 59' lang='lat' dir='ltr'><strong>datorum,</strong></span> <span class='ocrx_word' id='word_1_910' title='bbox 2078 5813 2185 5852; x_wconf 90' lang='lat' dir='ltr'><strong>non</strong></span> <span class='ocrx_word' id='word_1_911' title='bbox 2205 5795 2284 5853; x_wconf 83' lang='lat' dir='ltr'><strong>sic</strong></span> <span class='ocrx_word' id='word_1_912' title='bbox 2304 5797 2536 5867; x_wconf 88' lang='lat' dir='ltr'><strong>accipias</strong></span> <span class='ocrx_word' id='word_1_913' title='bbox 2555 5795 2733 5863; x_wconf 80' lang='lat' dir='ltr'><strong>velim,</strong></span> <span class='ocrx_word' id='word_1_914' title='bbox 2765 5807 2826 5853; x_wconf 94' lang='lat' dir='ltr'><strong>ut</strong></span> <span class='ocrx_word' id='word_1_915' title='bbox 2845 5813 3032 5854; x_wconf 85' lang='lat' dir='ltr'><strong>revera</strong></span> <span class='ocrx_word' id='word_1_916' title='bbox 3055 5805 3168 5852; x_wconf 89' lang='lat' dir='ltr'><strong>tum</strong></span> <span class='ocrx_word' id='word_1_917' title='bbox 3191 5797 3370 5867; x_wconf 81' lang='lat' dir='ltr'><strong>perie-</strong></span> 
     </span>
    </p>
   </div>
   <div class='ocr_carea' id='block_1_115' title="bbox 171 5865 3370 5941">
    <p class='ocr_par' dir='ltr' id='par_1_115' title="bbox 171 5865 3370 5941">
     <span class='ocr_line' id='line_1_116' title="bbox 171 5865 3370 5941; baseline 0.001 -17"><span class='ocrx_word' id='word_1_918' title='bbox 171 5884 206 5912; x_wconf 76' lang='lat' dir='ltr'><strong>e</strong></span> <span class='ocrx_word' id='word_1_919' title='bbox 238 5867 424 5941; x_wconf 77' lang='lat' dir='ltr'><strong>lReg.</strong></span> <span class='ocrx_word' id='word_1_920' title='bbox 457 5866 511 5922; x_wconf 76' lang='lat'><strong>5.</strong></span> <span class='ocrx_word' id='word_1_921' title='bbox 539 5871 596 5922; x_wconf 85' lang='lat'><strong>2.</strong></span> <span class='ocrx_word' id='word_1_922' title='bbox 629 5867 739 5925; x_wconf 85' lang='lat' dir='ltr'><strong>Sed</strong></span> <span class='ocrx_word' id='word_1_923' title='bbox 776 5883 901 5925; x_wconf 91' lang='lat' dir='ltr'><strong>cum</strong></span> <span class='ocrx_word' id='word_1_924' title='bbox 945 5867 1128 5940; x_wconf 91' lang='lat' dir='ltr'><strong>aliquo</strong></span> <span class='ocrx_word' id='word_1_925' title='bbox 1167 5868 1500 5938; x_wconf 89' lang='lat' dir='ltr'><strong>discrimine,</strong></span> <span class='ocrx_word' id='word_1_926' title='bbox 1547 5869 1690 5941; x_wconf 89' lang='lat' dir='ltr'><strong>quod</strong></span> <span class='ocrx_word' id='word_1_927' title='bbox 1795 5871 1900 5939; x_wconf 86' lang='lat' dir='ltr'><strong>rit;</strong></span> <span class='ocrx_word' id='word_1_928' title='bbox 1931 5885 2058 5926; x_wconf 91' lang='lat' dir='ltr'><strong>nam</strong></span> <span class='ocrx_word' id='word_1_929' title='bbox 2077 5883 2265 5925; x_wconf 87' lang='lat' dir='ltr'><strong>revera</strong></span> <span class='ocrx_word' id='word_1_930' title='bbox 2285 5865 2547 5928; x_wconf 76' lang='lat' dir='ltr'><strong>Abiathar</strong></span> <span class='ocrx_word' id='word_1_931' title='bbox 2573 5876 2627 5922; x_wconf 90' lang='lat' dir='ltr'><strong>et</strong></span> <span class='ocrx_word' id='word_1_932' title='bbox 2656 5868 2890 5935; x_wconf 85' lang='lat' dir='ltr'><strong>Sadoch,</strong></span> <span class='ocrx_word' id='word_1_933' title='bbox 2939 5869 3148 5937; x_wconf 80' lang='lat' dir='ltr'><strong>paucis&#39;</strong></span> <span class='ocrx_word' id='word_1_934' title='bbox 3172 5865 3370 5937; x_wconf 72' lang='lat' dir='ltr'><strong>elapsis</strong></span> 
     </span>
    </p>
   </div>
   <div class='ocr_carea' id='block_1_116' title="bbox 552 5957 1726 6021">
    <p class='ocr_par' dir='ltr' id='par_1_116' title="bbox 552 5957 1042 6021">
     <span class='ocr_line' id='line_1_117' title="bbox 552 5957 1042 6021; baseline -0.004 0"><span class='ocrx_word' id='word_1_935' title='bbox 552 5959 828 6021; x_wconf 77' lang='lat' dir='ltr'><strong>PATBOL.</strong></span> <span class='ocrx_word' id='word_1_936' title='bbox 883 5957 1042 6019; x_wconf 85' lang='lat' dir='ltr'><strong>CIV.</strong></span> 
     </span>
    </p>
   </div>
   <div class='ocr_carea' id='block_1_117' title="bbox 1824 5957 2968 6021">
    <p class='ocr_par' dir='ltr' id='par_1_117' title="bbox 2896 5960 2968 6020">
     <span class='ocr_line' id='line_1_118' title="bbox 2896 5960 2968 6020; baseline 0.028 -2"><span class='ocrx_word' id='word_1_937' title='bbox 2896 5960 2968 6020; x_wconf 77' lang='lat'><strong>21</strong></span> 
     </span>
    </p>
   </div>
   <div class='ocr_carea' id='block_1_118' title="bbox 1875 5369 3378 5444">
    <p class='ocr_par' dir='ltr' id='par_1_118' title="bbox 1875 5369 3378 5444">
     <span class='ocr_line' id='line_1_119' title="bbox 1875 5369 3378 5444; baseline -0.001 -16"><span class='ocrx_word' id='word_1_938' title='bbox 1875 5375 1895 5414; x_wconf 72' lang='grc' dir='ltr'>ί</span> <span class='ocrx_word' id='word_1_939' title='bbox 1927 5373 2228 5444; x_wconf 81' lang='lat' dir='ltr'><strong>Explicatio</strong></span> <span class='ocrx_word' id='word_1_940' title='bbox 2252 5372 2412 5442; x_wconf 88' lang='lat' dir='ltr'><strong>hujus</strong></span> <span class='ocrx_word' id='word_1_941' title='bbox 2435 5371 2540 5428; x_wconf 92' lang='lat' dir='ltr'><strong>loci</strong></span> <span class='ocrx_word' id='word_1_942' title='bbox 2567 5385 2636 5425; x_wconf 83' lang='lat' dir='ltr'><strong>ex</strong></span> <span class='ocrx_word' id='word_1_943' title='bbox 2661 5369 2960 5441; x_wconf 71' lang='lat' dir='ltr'><strong>qutestione</strong></span> <span class='ocrx_word' id='word_1_944' title='bbox 2991 5369 3037 5426; x_wconf 91' lang='lat' dir='ltr'><strong>ll</strong></span> <span class='ocrx_word' id='word_1_945' title='bbox 3073 5369 3234 5428; x_wconf 62' lang='lat' dir='ltr'><strong>Beda:</strong></span> <span class='ocrx_word' id='word_1_946' title='bbox 3264 5379 3378 5428; x_wconf 88' lang='lat' dir='ltr'><strong>tota</strong></span> 
     </span>
    </p>
   </div>
   <div class='ocr_carea' id='block_1_119' title="bbox 1799 5444 2881 5514">
    <p class='ocr_par' dir='ltr' id='par_1_119' title="bbox 1799 5444 2881 5514">
     <span class='ocr_line' id='line_1_120' title="bbox 1799 5444 2881 5514; baseline -0.007 -14"><span class='ocrx_word' id='word_1_947' title='bbox 1799 5444 2079 5514; x_wconf 86' lang='lat' dir='ltr'><strong>desumpta</strong></span> <span class='ocrx_word' id='word_1_948' title='bbox 2102 5453 2202 5500; x_wconf 91' lang='lat' dir='ltr'><strong>est.</strong></span> <span class='ocrx_word' id='word_1_949' title='bbox 2808 5511 2841 5514; x_wconf 75' lang='lat'><strong>__</strong></span> <span class='ocrx_word' id='word_1_950' title='bbox 2879 5490 2881 5492; x_wconf 80' lang='lat'><strong>.</strong></span> 
     </span>
    </p>
   </div>
   <div class='ocr_carea' id='block_1_120' title="bbox 1871 5511 3374 5582">
    <p class='ocr_par' dir='ltr' id='par_1_120' title="bbox 1871 5511 3374 5582">
     <span class='ocr_line' id='line_1_121' title="bbox 1871 5511 3374 5582; baseline -0.001 -11"><span class='ocrx_word' id='word_1_951' title='bbox 1871 5518 1896 5557; x_wconf 77' lang='grc' dir='ltr'>ε</span> <span class='ocrx_word' id='word_1_952' title='bbox 1927 5511 2316 5582; x_wconf 78' lang='lat' dir='ltr'><strong>subsequentia</strong></span> <span class='ocrx_word' id='word_1_953' title='bbox 2359 5527 2523 5582; x_wconf 91' lang='lat' dir='ltr'><strong>porro</strong></span> <span class='ocrx_word' id='word_1_954' title='bbox 2569 5519 2758 5569; x_wconf 90' lang='lat' dir='ltr'><strong>notata</strong></span> <span class='ocrx_word' id='word_1_955' title='bbox 2807 5511 3020 5570; x_wconf 81' lang='lat' dir='ltr'><strong>lineolis</strong></span> <span class='ocrx_word' id='word_1_956' title='bbox 3063 5513 3134 5569; x_wconf 74' lang='lat' dir='ltr'><strong>ab</strong></span> <span class='ocrx_word' id='word_1_957' title='bbox 3166 5512 3374 5570; x_wconf 81' lang='lat' dir='ltr'><strong>Isidoro</strong></span> 
     </span>
    </p>
   </div>
   <div class='ocr_carea' id='block_1_121' title="bbox 1799 5584 2584 5712">
    <p class='ocr_par' dir='ltr' id='par_1_121' title="bbox 1799 5584 2584 5712">
     <span class='ocr_line' id='line_1_122' title="bbox 1799 5584 2584 5712; baseline 0 0"><span class='ocrx_word' id='word_1_958' title='bbox 1799 5584 2067 5712; x_wconf 56' lang='lat' dir='ltr'><strong>[cipcfa‘</strong></span> <span class='ocrx_word' id='word_1_959' title='bbox 2086 5584 2584 5712; x_wconf 53' lang='grc' dir='ltr'><strong>ῗθὲὲθὲῗξῗιῗὲὲὲ</strong></span> 
     </span>
    </p>
   </div>
   <div class='ocr_carea' id='block_1_122' title="bbox 1871 5668 3371 5797">
    <p class='ocr_par' dir='ltr' id='par_1_122' title="bbox 1871 5668 3371 5797">
     <span class='ocr_line' id='line_1_123' title="bbox 1871 5668 2636 5727; baseline -0.005 -15"><span class='ocrx_word' id='word_1_960' title='bbox 1871 5668 1893 5697; x_wconf 78' lang='grc' dir='ltr'>ιι</span> <span class='ocrx_word' id='word_1_961' title='bbox 1923 5668 2052 5727; x_wconf 80' lang='lat' dir='ltr'><strong>Cap.</strong></span> <span class='ocrx_word' id='word_1_962' title='bbox 2086 5668 2140 5709; x_wconf 75' lang='grc'>4.</span> <span class='ocrx_word' id='word_1_963' title='bbox 2171 5673 2225 5710; x_wconf 87' lang='lat' dir='ltr'><strong>v.</strong></span> <span class='ocrx_word' id='word_1_964' title='bbox 2247 5668 2282 5709; x_wconf 80' lang='lat'><strong>2</strong></span> <span class='ocrx_word' id='word_1_965' title='bbox 2313 5668 2368 5710; x_wconf 90' lang='lat' dir='ltr'><strong>et</strong></span> <span class='ocrx_word' id='word_1_966' title='bbox 2389 5668 2603 5724; x_wconf 83' lang='lat' dir='ltr'><strong>subseq.</strong></span> <span class='ocrx_word' id='word_1_967' title='bbox 2623 5700 2636 5717; x_wconf 91' lang='grc'><em>,</em></span> 
     </span>
     <span class='ocr_line' id='line_1_124' title="bbox 1871 5723 3371 5797; baseline -0.003 -14"><span class='ocrx_word' id='word_1_968' title='bbox 1871 5729 1888 5769; x_wconf 77' lang='grc' dir='ltr'><strong><em>ὶ</em></strong></span> <span class='ocrx_word' id='word_1_969' title='bbox 1922 5727 2100 5783; x_wconf 78' lang='lat' dir='ltr'><strong>Verba</strong></span> <span class='ocrx_word' id='word_1_970' title='bbox 2124 5727 2241 5782; x_wconf 66' lang='lat' dir='ltr'><strong>haec</strong></span> <span class='ocrx_word' id='word_1_971' title='bbox 2269 5727 2444 5797; x_wconf 89' lang='lat' dir='ltr'><strong>periit,</strong></span> <span class='ocrx_word' id='word_1_972' title='bbox 2471 5734 2634 5797; x_wconf 79' lang='lat' dir='ltr'><strong>atque</strong></span> <span class='ocrx_word' id='word_1_973' title='bbox 2666 5726 2862 5782; x_wconf 90' lang='lat' dir='ltr'><strong>interiit</strong></span> <span class='ocrx_word' id='word_1_974' title='bbox 2893 5727 3241 5783; x_wconf 87' lang='lat' dir='ltr'><strong>sacerdotium</strong></span> <span class='ocrx_word' id='word_1_975' title='bbox 3266 5723 3371 5779; x_wconf 80' lang='lat' dir='ltr'><strong>Ju-</strong></span> 
     </span>
    </p>
   </div>
  </div>
