  <div class='ocr_page' id='page_1' title='image "/cluster/home/n/w/nwhite01/storage/ocr_20150623/104/hvd.32044015466824/343.png"; bbox 0 0 3940 6340; ppageno 0'>
   <div class='ocr_carea' id='block_1_1' title="bbox 507 289 613 370">
    <p class='ocr_par' dir='ltr' id='par_1_1' title="bbox 507 289 613 370">
     <span class='ocr_line' id='line_1_1' title="bbox 507 289 613 370; baseline 0 -24"><span class='ocrx_word' id='word_1_1' title='bbox 507 289 613 370; x_wconf 70' lang='lat' dir='ltr'><strong>e55</strong></span> 
     </span>
    </p>
   </div>
   <div class='ocr_carea' id='block_1_2' title="bbox 1566 285 2686 350">
    <p class='ocr_par' dir='ltr' id='par_1_2' title="bbox 1566 285 2686 350">
     <span class='ocr_line' id='line_1_2' title="bbox 1566 285 2686 350; baseline -0.008 -1"><span class='ocrx_word' id='word_1_2' title='bbox 1566 288 1839 350; x_wconf 81' lang='lat' dir='ltr'><strong>CLAUDII</strong></span> <span class='ocrx_word' id='word_1_3' title='bbox 1880 287 2343 348; x_wconf 77' lang='lat' dir='ltr'><strong>TAURINENSIS</strong></span> <span class='ocrx_word' id='word_1_4' title='bbox 2383 285 2686 346; x_wconf 85' lang='lat' dir='ltr'><strong>EPISCOPI</strong></span> 
     </span>
    </p>
   </div>
   <div class='ocr_carea' id='block_1_3' title="bbox 3674 286 3776 343">
    <p class='ocr_par' dir='ltr' id='par_1_3' title="bbox 3674 286 3776 343">
     <span class='ocr_line' id='line_1_3' title="bbox 3674 286 3776 343; baseline 0.01 -1"><span class='ocrx_word' id='word_1_5' title='bbox 3674 286 3776 343; x_wconf 73' lang='lat'><strong>656</strong></span> 
     </span>
    </p>
   </div>
   <div class='ocr_carea' id='block_1_4' title="bbox 503 395 3781 477">
    <p class='ocr_par' dir='ltr' id='par_1_4' title="bbox 503 395 3781 477">
     <span class='ocr_line' id='line_1_4' title="bbox 503 395 3781 477; baseline -0.002 -16"><span class='ocrx_word' id='word_1_6' title='bbox 503 406 676 472; x_wconf 99' lang='lat' dir='ltr'><strong>tione,</strong></span> <span class='ocrx_word' id='word_1_7' title='bbox 697 418 820 476; x_wconf 85' lang='lat' dir='ltr'><strong>quae</strong></span> <span class='ocrx_word' id='word_1_8' title='bbox 840 405 1333 477; x_wconf 81' lang='lat' dir='ltr'><strong>exspectabaturin</strong></span> <span class='ocrx_word' id='word_1_9' title='bbox 1353 406 1557 462; x_wconf 83' lang='lat' dir='ltr'><strong>carnali</strong></span> <span class='ocrx_word' id='word_1_10' title='bbox 1579 421 1766 477; x_wconf 88' lang='lat' dir='ltr'><strong>regno,</strong></span> <span class='ocrx_word' id='word_1_11' title='bbox 1795 407 1937 476; x_wconf 91' lang='lat' dir='ltr'><strong>quod</strong></span> <span class='ocrx_word' id='word_1_12' title='bbox 1965 415 2085 462; x_wconf 86' lang='lat' dir='ltr'><strong>erat</strong></span> <span class='ocrx_word' id='word_1_13' title='bbox 2110 416 2164 476; x_wconf 81' lang='grc' dir='ltr'><strong>Α</strong></span> <span class='ocrx_word' id='word_1_14' title='bbox 2185 406 2322 477; x_wconf 89' lang='lat' dir='ltr'><strong>prie,</strong></span> <span class='ocrx_word' id='word_1_15' title='bbox 2371 405 2464 460; x_wconf 87' lang='lat' dir='ltr'><strong>sed</strong></span> <span class='ocrx_word' id='word_1_16' title='bbox 2505 405 2680 460; x_wconf 84' lang='lat' dir='ltr'><strong>vicine</strong></span> <span class='ocrx_word' id='word_1_17' title='bbox 2706 421 2718 456; x_wconf 89' lang='lat'><strong>:</strong></span> <span class='ocrx_word' id='word_1_18' title='bbox 2746 409 2922 457; x_wconf 89' lang='lat' dir='ltr'><strong>tamen</strong></span> <span class='ocrx_word' id='word_1_19' title='bbox 2962 413 3084 456; x_wconf 90' lang='lat' dir='ltr'><strong>cum</strong></span> <span class='ocrx_word' id='word_1_20' title='bbox 3125 397 3187 455; x_wconf 86' lang='lat' dir='ltr'><strong>ﬁt</strong></span> <span class='ocrx_word' id='word_1_21' title='bbox 3217 396 3417 454; x_wconf 88' lang='lat' dir='ltr'><strong>mentis</strong></span> <span class='ocrx_word' id='word_1_22' title='bbox 3463 395 3730 454; x_wconf 74' lang='lat' dir='ltr'><strong>alienatio</strong></span> <span class='ocrx_word' id='word_1_23' title='bbox 3751 416 3781 454; x_wconf 87' lang='lat' dir='ltr'><strong>a</strong></span> 
     </span>
    </p>
   </div>
   <div class='ocr_carea' id='block_1_5' title="bbox 502 497 2079 568">
    <p class='ocr_par' dir='ltr' id='par_1_5' title="bbox 502 497 2079 568">
     <span class='ocr_line' id='line_1_5' title="bbox 502 497 2079 568; baseline 0.001 -16"><span class='ocrx_word' id='word_1_24' title='bbox 502 497 782 553; x_wconf 75' lang='lat' dir='ltr'><strong>beatitudo</strong></span> <span class='ocrx_word' id='word_1_25' title='bbox 834 497 988 564; x_wconf 88' lang='lat' dir='ltr'><strong>falsa,</strong></span> <span class='ocrx_word' id='word_1_26' title='bbox 1037 498 1529 564; x_wconf 89' lang='lat' dir='ltr'><strong>ad-intentionem,</strong></span> <span class='ocrx_word' id='word_1_27' title='bbox 1578 514 1697 568; x_wconf 67' lang='lat' dir='ltr'><strong>qua:</strong></span> <span class='ocrx_word' id='word_1_28' title='bbox 1735 513 1832 568; x_wconf 89' lang='lat' dir='ltr'><strong>per</strong></span> <span class='ocrx_word' id='word_1_29' title='bbox 1882 514 2079 554; x_wconf 90' lang='lat' dir='ltr'><strong>novum</strong></span> 
     </span>
    </p>
   </div>
   <div class='ocr_carea' id='block_1_6' title="bbox 500 590 2084 664">
    <p class='ocr_par' dir='ltr' id='par_1_6' title="bbox 500 590 2084 664">
     <span class='ocr_line' id='line_1_6' title="bbox 500 590 2084 664; baseline 0.001 -18"><span class='ocrx_word' id='word_1_30' title='bbox 500 598 887 646; x_wconf 84' lang='lat' dir='ltr'><strong>testamentum</strong></span> <span class='ocrx_word' id='word_1_31' title='bbox 917 599 1264 662; x_wconf 81' lang='lat' dir='ltr'><strong>exspectatur</strong></span> <span class='ocrx_word' id='word_1_32' title='bbox 1291 593 1344 647; x_wconf 94' lang='lat' dir='ltr'><strong>in</strong></span> <span class='ocrx_word' id='word_1_33' title='bbox 1375 608 1540 664; x_wconf 86' lang='lat' dir='ltr'><strong>regno</strong></span> <span class='ocrx_word' id='word_1_34' title='bbox 1577 590 1854 655; x_wconf 68' lang='lat' dir='ltr'><strong>caelorum,</strong></span> <span class='ocrx_word' id='word_1_35' title='bbox 1878 592 1969 646; x_wconf 84' lang='lat' dir='ltr'><strong>ubi</strong></span> <span class='ocrx_word' id='word_1_36' title='bbox 1998 600 2084 648; x_wconf 88' lang='lat' dir='ltr'><strong>est</strong></span> 
     </span>
    </p>
   </div>
   <div class='ocr_carea' id='block_1_7' title="bbox 498 681 2083 755">
    <p class='ocr_par' dir='ltr' id='par_1_7' title="bbox 498 681 2083 755">
     <span class='ocr_line' id='line_1_7' title="bbox 498 681 2083 755; baseline 0.001 -19"><span class='ocrx_word' id='word_1_37' title='bbox 498 682 780 737; x_wconf 85' lang='lat' dir='ltr'><strong>beatitudo</strong></span> <span class='ocrx_word' id='word_1_38' title='bbox 814 681 1101 737; x_wconf 91' lang='lat' dir='ltr'><strong>verissima</strong></span> <span class='ocrx_word' id='word_1_39' title='bbox 1135 694 1162 722; x_wconf 77' lang='grc' dir='ltr'><strong>ι</strong></span> <span class='ocrx_word' id='word_1_40' title='bbox 1201 697 1216 735; x_wconf 92' lang='lat'><strong>:</strong></span> <span class='ocrx_word' id='word_1_41' title='bbox 1253 681 1379 752; x_wconf 87' lang='lat' dir='ltr'><strong>quia</strong></span> <span class='ocrx_word' id='word_1_42' title='bbox 1415 682 1596 755; x_wconf 88' lang='lat' dir='ltr'><strong>(qua),</strong></span> <span class='ocrx_word' id='word_1_43' title='bbox 1643 683 1898 752; x_wconf 88' lang='lat' dir='ltr'><strong>quoniam</strong></span> <span class='ocrx_word' id='word_1_44' title='bbox 1947 683 2083 737; x_wconf 88' lang='lat' dir='ltr'><strong>nihil</strong></span> 
     </span>
    </p>
   </div>
   <div class='ocr_carea' id='block_1_8' title="bbox 497 772 2080 846">
    <p class='ocr_par' dir='ltr' id='par_1_8' title="bbox 497 772 2080 846">
     <span class='ocr_line' id='line_1_8' title="bbox 497 772 2080 846; baseline -0.002 -16"><span class='ocrx_word' id='word_1_45' title='bbox 497 783 584 830; x_wconf 88' lang='lat' dir='ltr'><strong>est</strong></span> <span class='ocrx_word' id='word_1_46' title='bbox 616 774 830 842; x_wconf 87' lang='lat' dir='ltr'><strong>melius,</strong></span> <span class='ocrx_word' id='word_1_47' title='bbox 866 790 1040 846; x_wconf 90' lang='lat' dir='ltr'><strong>usque</strong></span> <span class='ocrx_word' id='word_1_48' title='bbox 1075 774 1181 830; x_wconf 90' lang='lat' dir='ltr'><strong>huc</strong></span> <span class='ocrx_word' id='word_1_49' title='bbox 1217 775 1508 828; x_wconf 81' lang='lat' dir='ltr'><strong>auxiliatur</strong></span> <span class='ocrx_word' id='word_1_50' title='bbox 1544 776 1686 830; x_wconf 89' lang='lat' dir='ltr'><strong>Deus</strong></span> <span class='ocrx_word' id='word_1_51' title='bbox 1715 772 1864 846; x_wconf 88' lang='lat' dir='ltr'><strong>(Cap.</strong></span> <span class='ocrx_word' id='word_1_52' title='bbox 1894 773 1980 828; x_wconf 74' lang='lat' dir='ltr'><strong>l2.</strong></span> <span class='ocrx_word' id='word_1_53' title='bbox 2015 774 2080 828; x_wconf 84' lang='lat' dir='ltr'><strong>l7</strong></span> 
     </span>
    </p>
   </div>
   <div class='ocr_carea' id='block_1_9' title="bbox 495 867 2084 941">
    <p class='ocr_par' dir='ltr' id='par_1_9' title="bbox 495 867 2084 941">
     <span class='ocr_line' id='line_1_9' title="bbox 495 867 2084 941; baseline -0.001 -19"><span class='ocrx_word' id='word_1_54' title='bbox 495 875 546 922; x_wconf 83' lang='lat' dir='ltr'><strong>et</strong></span> <span class='ocrx_word' id='word_1_55' title='bbox 592 868 701 941; x_wconf 79' lang='lat' dir='ltr'><strong>l8).</strong></span> <span class='ocrx_word' id='word_1_56' title='bbox 752 869 858 924; x_wconf 88' lang='lat' dir='ltr'><strong>Iste</strong></span> <span class='ocrx_word' id='word_1_57' title='bbox 915 868 1134 923; x_wconf 79' lang='lat' dir='ltr'><strong>Samuel</strong></span> <span class='ocrx_word' id='word_1_58' title='bbox 1193 868 1463 922; x_wconf 84' lang='lat' dir='ltr'><strong>invocavit</strong></span> <span class='ocrx_word' id='word_1_59' title='bbox 1515 883 1713 922; x_wconf 89' lang='lat' dir='ltr'><strong>nomen</strong></span> <span class='ocrx_word' id='word_1_60' title='bbox 1764 867 1997 932; x_wconf 91' lang='lat' dir='ltr'><strong>Domini,</strong></span> <span class='ocrx_word' id='word_1_61' title='bbox 2029 875 2084 922; x_wconf 91' lang='lat' dir='ltr'><strong>et</strong></span> 
     </span>
    </p>
   </div>
   <div class='ocr_carea' id='block_1_10' title="bbox 497 958 2083 1028">
    <p class='ocr_par' dir='ltr' id='par_1_10' title="bbox 497 958 2083 1028">
     <span class='ocr_line' id='line_1_10' title="bbox 497 958 2083 1028; baseline 0.001 -16"><span class='ocrx_word' id='word_1_62' title='bbox 497 959 777 1012; x_wconf 83' lang='lat' dir='ltr'><strong>exaudivit</strong></span> <span class='ocrx_word' id='word_1_63' title='bbox 815 974 938 1012; x_wconf 89' lang='lat' dir='ltr'><strong>eum</strong></span> <span class='ocrx_word' id='word_1_64' title='bbox 989 959 1155 1022; x_wconf 87' lang='lat' dir='ltr'><strong>Deus,</strong></span> <span class='ocrx_word' id='word_1_65' title='bbox 1188 966 1242 1012; x_wconf 90' lang='lat' dir='ltr'><strong>et</strong></span> <span class='ocrx_word' id='word_1_66' title='bbox 1275 959 1328 1011; x_wconf 92' lang='lat' dir='ltr'><strong>in</strong></span> <span class='ocrx_word' id='word_1_67' title='bbox 1362 966 1603 1028; x_wconf 86' lang='lat' dir='ltr'><strong>tempore</strong></span> <span class='ocrx_word' id='word_1_68' title='bbox 1632 958 1824 1012; x_wconf 91' lang='lat' dir='ltr'><strong>messis</strong></span> <span class='ocrx_word' id='word_1_69' title='bbox 1849 958 2083 1028; x_wconf 86' lang='lat' dir='ltr'><strong>pluviam</strong></span> 
     </span>
    </p>
   </div>
   <div class='ocr_carea' id='block_1_11' title="bbox 496 1045 2083 1117">
    <p class='ocr_par' dir='ltr' id='par_1_11' title="bbox 496 1045 2083 1117">
     <span class='ocr_line' id='line_1_11' title="bbox 496 1045 2083 1117; baseline 0.001 -16"><span class='ocrx_word' id='word_1_70' title='bbox 496 1045 832 1116; x_wconf 85' lang='lat' dir='ltr'><strong>impetravit.</strong></span> <span class='ocrx_word' id='word_1_71' title='bbox 874 1047 1059 1102; x_wconf 89' lang='lat' dir='ltr'><strong>Pluvia</strong></span> <span class='ocrx_word' id='word_1_72' title='bbox 1087 1047 1230 1102; x_wconf 86' lang='lat' dir='ltr'><strong>enim</strong></span> <span class='ocrx_word' id='word_1_73' title='bbox 1260 1048 1313 1101; x_wconf 91' lang='lat' dir='ltr'><strong>in</strong></span> <span class='ocrx_word' id='word_1_74' title='bbox 1347 1048 1550 1102; x_wconf 88' lang='lat' dir='ltr'><strong>sanctis</strong></span> <span class='ocrx_word' id='word_1_75' title='bbox 1576 1046 1872 1117; x_wconf 85' lang='lat' dir='ltr'><strong>Scripturis</strong></span> <span class='ocrx_word' id='word_1_76' title='bbox 1917 1048 2083 1104; x_wconf 89' lang='lat' dir='ltr'><strong>verba</strong></span> 
     </span>
    </p>
   </div>
   <div class='ocr_carea' id='block_1_12' title="bbox 519 1137 2087 1212">
    <p class='ocr_par' dir='ltr' id='par_1_12' title="bbox 519 1137 2087 1212">
     <span class='ocr_line' id='line_1_12' title="bbox 519 1137 2087 1212; baseline 0.002 -19"><span class='ocrx_word' id='word_1_77' title='bbox 519 1145 621 1193; x_wconf 93' lang='lat' dir='ltr'><strong>unt</strong></span> <span class='ocrx_word' id='word_1_78' title='bbox 657 1137 955 1212; x_wconf 79' lang='lat' dir='ltr'><strong>Evangelii,</strong></span> <span class='ocrx_word' id='word_1_79' title='bbox 990 1143 1105 1198; x_wconf 86' lang='lat' dir='ltr'><strong>sive</strong></span> <span class='ocrx_word' id='word_1_80' title='bbox 1130 1143 1284 1212; x_wconf 81' lang='lat' dir='ltr'><strong>legis,</strong></span> <span class='ocrx_word' id='word_1_81' title='bbox 1317 1143 1460 1197; x_wconf 91' lang='lat' dir='ltr'><strong>sicut</strong></span> <span class='ocrx_word' id='word_1_82' title='bbox 1495 1142 1691 1198; x_wconf 85' lang='lat' dir='ltr'><strong>Moises</strong></span> <span class='ocrx_word' id='word_1_83' title='bbox 1713 1143 1844 1197; x_wconf 90' lang='lat' dir='ltr'><strong>dicit</strong></span> <span class='ocrx_word' id='word_1_84' title='bbox 1870 1143 1898 1182; x_wconf 74' lang='grc' dir='ltr'>δ</span> <span class='ocrx_word' id='word_1_85' title='bbox 1927 1160 1941 1196; x_wconf 92' lang='lat'>:</span> <span class='ocrx_word' id='word_1_86' title='bbox 1974 1142 2087 1197; x_wconf 79' lang='lat' dir='ltr'><strong>Ea:-</strong></span> 
     </span>
    </p>
   </div>
   <div class='ocr_carea' id='block_1_13' title="bbox 496 1232 2083 1304">
    <p class='ocr_par' dir='ltr' id='par_1_13' title="bbox 496 1232 2083 1304">
     <span class='ocr_line' id='line_1_13' title="bbox 496 1232 2083 1304; baseline 0.003 -22"><span class='ocrx_word' id='word_1_87' title='bbox 496 1238 756 1299; x_wconf 87' lang='lat' dir='ltr'><strong>spectetur</strong></span> <span class='ocrx_word' id='word_1_88' title='bbox 782 1233 917 1286; x_wconf 89' lang='lat' dir='ltr'><strong>sicut</strong></span> <span class='ocrx_word' id='word_1_89' title='bbox 940 1232 1116 1303; x_wconf 87' lang='lat' dir='ltr'><strong>pluvia</strong></span> <span class='ocrx_word' id='word_1_90' title='bbox 1145 1233 1413 1304; x_wconf 85' lang='lat' dir='ltr'><strong>eloquium</strong></span> <span class='ocrx_word' id='word_1_91' title='bbox 1438 1251 1642 1300; x_wconf 88' lang='lat' dir='ltr'><strong>meum;</strong></span> <span class='ocrx_word' id='word_1_92' title='bbox 1687 1243 1736 1288; x_wconf 88' lang='lat' dir='ltr'><strong>et</strong></span> <span class='ocrx_word' id='word_1_93' title='bbox 1765 1234 2083 1288; x_wconf 78' lang='lat' dir='ltr'><strong>descendant</strong></span> 
     </span>
    </p>
   </div>
   <div class='ocr_carea' id='block_1_14' title="bbox 496 1319 2088 1396">
    <p class='ocr_par' dir='ltr' id='par_1_14' title="bbox 496 1319 2088 1396">
     <span class='ocr_line' id='line_1_14' title="bbox 496 1319 2088 1396; baseline 0.001 -22"><span class='ocrx_word' id='word_1_94' title='bbox 496 1319 632 1374; x_wconf 88' lang='lat' dir='ltr'><strong>sicut</strong></span> <span class='ocrx_word' id='word_1_95' title='bbox 675 1338 760 1375; x_wconf 90' lang='lat' dir='ltr'><strong>ros</strong></span> <span class='ocrx_word' id='word_1_96' title='bbox 816 1322 970 1376; x_wconf 85' lang='lat' dir='ltr'><strong>verba</strong></span> <span class='ocrx_word' id='word_1_97' title='bbox 1029 1339 1166 1377; x_wconf 86' lang='lat' dir='ltr'><strong>mea.</strong></span> <span class='ocrx_word' id='word_1_98' title='bbox 1227 1323 1378 1379; x_wconf 90' lang='lat' dir='ltr'><strong>llanc</strong></span> <span class='ocrx_word' id='word_1_99' title='bbox 1440 1325 1604 1396; x_wconf 82' lang='lat' dir='ltr'><strong>igitur</strong></span> <span class='ocrx_word' id='word_1_100' title='bbox 1657 1325 1893 1395; x_wconf 84' lang='lat' dir='ltr'><strong>pluviam</strong></span> <span class='ocrx_word' id='word_1_101' title='bbox 1939 1323 2088 1378; x_wconf 89' lang='lat' dir='ltr'><strong>dedit</strong></span> 
     </span>
    </p>
   </div>
   <div class='ocr_carea' id='block_1_15' title="bbox 494 1412 2086 1489">
    <p class='ocr_par' dir='ltr' id='par_1_15' title="bbox 494 1412 2086 1489">
     <span class='ocr_line' id='line_1_15' title="bbox 494 1412 2086 1489; baseline 0.004 -24"><span class='ocrx_word' id='word_1_102' title='bbox 494 1412 700 1468; x_wconf 91' lang='lat' dir='ltr'><strong>mundo</strong></span> <span class='ocrx_word' id='word_1_103' title='bbox 745 1413 994 1470; x_wconf 86' lang='lat' dir='ltr'><strong>Christus</strong></span> <span class='ocrx_word' id='word_1_104' title='bbox 1036 1416 1089 1470; x_wconf 92' lang='lat' dir='ltr'><strong>in</strong></span> <span class='ocrx_word' id='word_1_105' title='bbox 1122 1424 1363 1488; x_wconf 88' lang='lat' dir='ltr'><strong>tempore</strong></span> <span class='ocrx_word' id='word_1_106' title='bbox 1411 1420 1620 1484; x_wconf 90' lang='lat' dir='ltr'><strong>messis,</strong></span> <span class='ocrx_word' id='word_1_107' title='bbox 1672 1419 1725 1475; x_wconf 92' lang='lat' dir='ltr'><strong>id</strong></span> <span class='ocrx_word' id='word_1_108' title='bbox 1755 1428 1836 1474; x_wconf 90' lang='lat' dir='ltr'><strong>est</strong></span> <span class='ocrx_word' id='word_1_109' title='bbox 1871 1418 2086 1489; x_wconf 89' lang='lat' dir='ltr'><strong>quando</strong></span> 
     </span>
    </p>
   </div>
   <div class='ocr_carea' id='block_1_16' title="bbox 494 1507 2084 1584">
    <p class='ocr_par' dir='ltr' id='par_1_16' title="bbox 494 1507 2084 1584">
     <span class='ocr_line' id='line_1_16' title="bbox 494 1507 2084 1584; baseline 0.003 -24"><span class='ocrx_word' id='word_1_110' title='bbox 494 1513 684 1573; x_wconf 85' lang='lat' dir='ltr'><strong>gentes</strong></span> <span class='ocrx_word' id='word_1_111' title='bbox 706 1507 882 1578; x_wconf 84' lang='lat' dir='ltr'><strong>colligi</strong></span> <span class='ocrx_word' id='word_1_112' title='bbox 913 1511 1200 1578; x_wconf 84' lang='lat' dir='ltr'><strong>oportebat</strong></span> <span class='ocrx_word' id='word_1_113' title='bbox 1239 1529 1252 1565; x_wconf 90' lang='lat'>:</span> <span class='ocrx_word' id='word_1_114' title='bbox 1294 1511 1393 1583; x_wconf 88' lang='lat' dir='ltr'><strong>(ut)</strong></span> <span class='ocrx_word' id='word_1_115' title='bbox 1445 1514 1586 1566; x_wconf 89' lang='lat' dir='ltr'><strong>unde</strong></span> <span class='ocrx_word' id='word_1_116' title='bbox 1625 1512 1840 1584; x_wconf 83' lang='lat' dir='ltr'><strong>(Matth.</strong></span> <span class='ocrx_word' id='word_1_117' title='bbox 1886 1511 1938 1565; x_wconf 81' lang='grc'><strong>5.</strong></span> <span class='ocrx_word' id='word_1_118' title='bbox 1995 1510 2084 1583; x_wconf 74' lang='lat' dir='ltr'><strong>l2)</strong></span> 
     </span>
    </p>
   </div>
   <div class='ocr_carea' id='block_1_17' title="bbox 493 1595 2085 1672">
    <p class='ocr_par' dir='ltr' id='par_1_17' title="bbox 493 1595 2085 1672">
     <span class='ocr_line' id='line_1_17' title="bbox 493 1595 2085 1672; baseline 0.005 -20"><span class='ocrx_word' id='word_1_119' title='bbox 493 1595 636 1652; x_wconf 86' lang='lat' dir='ltr'><strong>sicut</strong></span> <span class='ocrx_word' id='word_1_120' title='bbox 654 1596 986 1657; x_wconf 80' lang='lat' dir='ltr'><strong>frumentum</strong></span> <span class='ocrx_word' id='word_1_121' title='bbox 1013 1604 1069 1658; x_wconf 92' lang='lat' dir='ltr'><strong>in</strong></span> <span class='ocrx_word' id='word_1_122' title='bbox 1095 1605 1325 1672; x_wconf 85' lang='lat' dir='ltr'><strong>horreis,</strong></span> <span class='ocrx_word' id='word_1_123' title='bbox 1357 1607 1437 1661; x_wconf 91' lang='lat' dir='ltr'><strong>sic</strong></span> <span class='ocrx_word' id='word_1_124' title='bbox 1457 1607 1601 1662; x_wconf 92' lang='lat' dir='ltr'><strong>inter</strong></span> <span class='ocrx_word' id='word_1_125' title='bbox 1628 1606 1885 1662; x_wconf 69' lang='lat' dir='ltr'><strong>Ecclesiae</strong></span> <span class='ocrx_word' id='word_1_126' title='bbox 1906 1605 2085 1660; x_wconf 91' lang='lat' dir='ltr'><strong>sinum</strong></span> 
     </span>
    </p>
   </div>
   <div class='ocr_carea' id='block_1_18' title="bbox 491 1704 911 1767">
    <p class='ocr_par' dir='ltr' id='par_1_18' title="bbox 491 1704 911 1767">
     <span class='ocr_line' id='line_1_18' title="bbox 491 1704 911 1767; baseline 0.01 -20"><span class='ocrx_word' id='word_1_127' title='bbox 491 1704 911 1767; x_wconf 81' lang='lat' dir='ltr'><strong>congregemur.</strong></span> 
     </span>
    </p>
   </div>
   <div class='ocr_carea' id='block_1_19' title="bbox 2184 492 3784 570">
    <p class='ocr_par' dir='ltr' id='par_1_19' title="bbox 2184 492 3784 570">
     <span class='ocr_line' id='line_1_19' title="bbox 2184 492 3784 570; baseline -0.006 -14"><span class='ocrx_word' id='word_1_128' title='bbox 2184 500 2454 563; x_wconf 86' lang='lat' dir='ltr'><strong>sensibus,</strong></span> <span class='ocrx_word' id='word_1_129' title='bbox 2485 506 2544 554; x_wconf 89' lang='lat' dir='ltr'><strong>ut</strong></span> <span class='ocrx_word' id='word_1_130' title='bbox 2571 499 2791 570; x_wconf 75' lang='lat' dir='ltr'><strong>Spiritus</strong></span> <span class='ocrx_word' id='word_1_131' title='bbox 2832 496 3068 552; x_wconf 88' lang='lat' dir='ltr'><strong>hominis</strong></span> <span class='ocrx_word' id='word_1_132' title='bbox 3115 494 3295 550; x_wconf 84' lang='lat' dir='ltr'><strong>divino</strong></span> <span class='ocrx_word' id='word_1_133' title='bbox 3327 492 3523 564; x_wconf 87' lang='lat' dir='ltr'><strong>spiritu</strong></span> <span class='ocrx_word' id='word_1_134' title='bbox 3568 507 3784 548; x_wconf 86' lang='lat' dir='ltr'><strong>assum-</strong></span> 
     </span>
    </p>
   </div>
   <div class='ocr_carea' id='block_1_20' title="bbox 2182 585 3782 662">
    <p class='ocr_par' dir='ltr' id='par_1_20' title="bbox 2182 585 3782 662">
     <span class='ocr_line' id='line_1_20' title="bbox 2182 585 3782 662; baseline -0.004 -19"><span class='ocrx_word' id='word_1_135' title='bbox 2182 599 2327 662; x_wconf 88' lang='lat' dir='ltr'><strong>ptus,</strong></span> <span class='ocrx_word' id='word_1_136' title='bbox 2384 589 2660 662; x_wconf 87' lang='lat' dir='ltr'><strong>capiendis</strong></span> <span class='ocrx_word' id='word_1_137' title='bbox 2704 597 2865 658; x_wconf 88' lang='lat' dir='ltr'><strong>atque</strong></span> <span class='ocrx_word' id='word_1_138' title='bbox 2910 586 3181 641; x_wconf 90' lang='lat' dir='ltr'><strong>intuendis</strong></span> <span class='ocrx_word' id='word_1_139' title='bbox 3219 585 3552 656; x_wconf 81' lang='lat' dir='ltr'><strong>imaginibus</strong></span> <span class='ocrx_word' id='word_1_140' title='bbox 3601 593 3782 652; x_wconf 76' lang='lat' dir='ltr'><strong>vacet,</strong></span> 
     </span>
    </p>
   </div>
   <div class='ocr_carea' id='block_1_21' title="bbox 2183 678 3782 750">
    <p class='ocr_par' dir='ltr' id='par_1_21' title="bbox 2183 678 3782 750">
     <span class='ocr_line' id='line_1_21' title="bbox 2183 678 3782 750; baseline -0.003 -11"><span class='ocrx_word' id='word_1_141' title='bbox 2183 684 2322 740; x_wconf 87' lang='lat' dir='ltr'><strong>sicut</strong></span> <span class='ocrx_word' id='word_1_142' title='bbox 2345 682 2552 738; x_wconf 87' lang='lat' dir='ltr'><strong>Danieli</strong></span> <span class='ocrx_word' id='word_1_143' title='bbox 2575 682 3000 737; x_wconf 89' lang='lat' dir='ltr'><strong>demonstratum</strong></span> <span class='ocrx_word' id='word_1_144' title='bbox 3017 679 3255 750; x_wconf 91' lang='lat' dir='ltr'><strong>estquod</strong></span> <span class='ocrx_word' id='word_1_145' title='bbox 3267 694 3376 734; x_wconf 91' lang='lat' dir='ltr'><strong>non</strong></span> <span class='ocrx_word' id='word_1_146' title='bbox 3404 678 3782 750; x_wconf 85' lang='lat' dir='ltr'><strong>intelligebat,</strong></span> 
     </span>
    </p>
   </div>
   <div class='ocr_carea' id='block_1_22' title="bbox 2182 771 3784 842">
    <p class='ocr_par' dir='ltr' id='par_1_22' title="bbox 2182 771 3784 842">
     <span class='ocr_line' id='line_1_22' title="bbox 2182 771 3784 842; baseline -0.001 -13"><span class='ocrx_word' id='word_1_147' title='bbox 2182 782 2238 830; x_wconf 89' lang='lat' dir='ltr'><strong>et</strong></span> <span class='ocrx_word' id='word_1_148' title='bbox 2265 773 2427 829; x_wconf 88' lang='lat' dir='ltr'><strong>Petro</strong></span> <span class='ocrx_word' id='word_1_149' title='bbox 2458 773 2589 828; x_wconf 91' lang='lat' dir='ltr'><strong>illud</strong></span> <span class='ocrx_word' id='word_1_150' title='bbox 2613 788 2706 828; x_wconf 88' lang='lat' dir='ltr'><strong>vas</strong></span> <span class='ocrx_word' id='word_1_151' title='bbox 2735 771 3080 827; x_wconf 89' lang='lat' dir='ltr'><strong>summissum</strong></span> <span class='ocrx_word' id='word_1_152' title='bbox 3110 779 3194 827; x_wconf 88' lang='lat' dir='ltr'><strong>est</strong></span> <span class='ocrx_word' id='word_1_153' title='bbox 3237 771 3303 825; x_wconf 91' lang='lat' dir='ltr'><strong>de</strong></span> <span class='ocrx_word' id='word_1_154' title='bbox 3348 771 3492 827; x_wconf 69' lang='lat' dir='ltr'><strong>caelo</strong></span> <span class='ocrx_word' id='word_1_155' title='bbox 3547 779 3784 842; x_wconf 84' lang='lat' dir='ltr'><strong>quatuor</strong></span> 
     </span>
    </p>
   </div>
   <div class='ocr_carea' id='block_1_23' title="bbox 2183 861 3787 935">
    <p class='ocr_par' dir='ltr' id='par_1_23' title="bbox 2183 861 3787 935">
     <span class='ocr_line' id='line_1_23' title="bbox 2183 861 3787 935; baseline -0.001 -17"><span class='ocrx_word' id='word_1_156' title='bbox 2183 864 2342 920; x_wconf 91' lang='lat' dir='ltr'><strong>lineis</strong></span> <span class='ocrx_word' id='word_1_157' title='bbox 2368 884 2382 920; x_wconf 88' lang='lat'><strong>:</strong></span> <span class='ocrx_word' id='word_1_158' title='bbox 2445 865 2465 903; x_wconf 68' lang='grc' dir='ltr'>ί</span> <span class='ocrx_word' id='word_1_159' title='bbox 2519 879 2646 920; x_wconf 93' lang='lat' dir='ltr'><strong>nam</strong></span> <span class='ocrx_word' id='word_1_160' title='bbox 2670 872 2723 919; x_wconf 90' lang='lat' dir='ltr'><strong>et</strong></span> <span class='ocrx_word' id='word_1_161' title='bbox 2749 864 2886 935; x_wconf 88' lang='lat' dir='ltr'><strong>ipse,</strong></span> <span class='ocrx_word' id='word_1_162' title='bbox 2909 863 3037 934; x_wconf 91' lang='lat' dir='ltr'><strong>quid</strong></span> <span class='ocrx_word' id='word_1_163' title='bbox 3062 863 3151 918; x_wconf 93' lang='lat' dir='ltr'><strong>illa</strong></span> <span class='ocrx_word' id='word_1_164' title='bbox 3178 863 3582 918; x_wconf 86' lang='lat' dir='ltr'><strong>demonstratio</strong></span> <span class='ocrx_word' id='word_1_165' title='bbox 3597 861 3787 934; x_wconf 81' lang='lat' dir='ltr'><strong>ﬁgura-</strong></span> 
     </span>
    </p>
   </div>
   <div class='ocr_carea' id='block_1_24' title="bbox 2185 956 3786 1028">
    <p class='ocr_par' dir='ltr' id='par_1_24' title="bbox 2185 956 3786 1028">
     <span class='ocr_line' id='line_1_24' title="bbox 2185 956 3786 1028; baseline -0.001 -16"><span class='ocrx_word' id='word_1_166' title='bbox 2185 965 2290 1022; x_wconf 91' lang='lat' dir='ltr'><strong>ret,</strong></span> <span class='ocrx_word' id='word_1_167' title='bbox 2310 966 2494 1028; x_wconf 89' lang='lat' dir='ltr'><strong>postea</strong></span> <span class='ocrx_word' id='word_1_168' title='bbox 2517 958 2787 1028; x_wconf 81' lang='lat' dir='ltr'><strong>cognovit.</strong></span> <span class='ocrx_word' id='word_1_169' title='bbox 2811 957 2915 1011; x_wconf 91' lang='lat' dir='ltr'><strong>Per</strong></span> <span class='ocrx_word' id='word_1_170' title='bbox 2956 957 3192 1011; x_wconf 90' lang='lat' dir='ltr'><strong>fructum</strong></span> <span class='ocrx_word' id='word_1_171' title='bbox 3243 965 3424 1011; x_wconf 87' lang='lat' dir='ltr'><strong>autem</strong></span> <span class='ocrx_word' id='word_1_172' title='bbox 3475 956 3692 1011; x_wconf 82' lang='lat' dir='ltr'><strong>mentis</strong></span> <span class='ocrx_word' id='word_1_173' title='bbox 3725 957 3786 1010; x_wconf 85' lang='lat' dir='ltr'><strong>ad</strong></span> 
     </span>
    </p>
   </div>
   <div class='ocr_carea' id='block_1_25' title="bbox 2185 1047 3786 1120">
    <p class='ocr_par' dir='ltr' id='par_1_25' title="bbox 2185 1047 3786 1120">
     <span class='ocr_line' id='line_1_25' title="bbox 2185 1047 3786 1120; baseline -0.001 -17"><span class='ocrx_word' id='word_1_174' title='bbox 2185 1048 2595 1120; x_wconf 80' lang='lat' dir='ltr'><strong>intelligentiam</strong></span> <span class='ocrx_word' id='word_1_175' title='bbox 2617 1065 2725 1103; x_wconf 93' lang='lat' dir='ltr'><strong>uno</strong></span> <span class='ocrx_word' id='word_1_176' title='bbox 2754 1049 2913 1103; x_wconf 89' lang='lat' dir='ltr'><strong>modo</strong></span> <span class='ocrx_word' id='word_1_177' title='bbox 2943 1065 3065 1103; x_wconf 91' lang='lat' dir='ltr'><strong>cum</strong></span> <span class='ocrx_word' id='word_1_178' title='bbox 3097 1050 3212 1103; x_wconf 63' lang='lat' dir='ltr'><strong>hate</strong></span> <span class='ocrx_word' id='word_1_179' title='bbox 3247 1049 3385 1118; x_wconf 89' lang='lat' dir='ltr'><strong>ipsa,</strong></span> <span class='ocrx_word' id='word_1_180' title='bbox 3411 1064 3540 1117; x_wconf 71' lang='lat' dir='ltr'><strong>quae</strong></span> <span class='ocrx_word' id='word_1_181' title='bbox 3568 1047 3786 1102; x_wconf 50' lang='lat' dir='ltr'><strong>demon.</strong></span> 
     </span>
    </p>
   </div>
   <div class='ocr_carea' id='block_1_26' title="bbox 2187 1139 3786 1212">
    <p class='ocr_par' dir='ltr' id='par_1_26' title="bbox 2187 1139 3786 1212">
     <span class='ocr_line' id='line_1_26' title="bbox 2187 1139 3786 1212; baseline 0.001 -18"><span class='ocrx_word' id='word_1_182' title='bbox 2187 1146 2428 1194; x_wconf 88' lang='lat' dir='ltr'><strong>strantur</strong></span> <span class='ocrx_word' id='word_1_183' title='bbox 2455 1140 2507 1193; x_wconf 91' lang='lat' dir='ltr'><strong>in</strong></span> <span class='ocrx_word' id='word_1_184' title='bbox 2538 1140 2885 1210; x_wconf 76' lang='lat' dir='ltr'><strong>imaginibus,</strong></span> <span class='ocrx_word' id='word_1_185' title='bbox 2909 1139 3038 1210; x_wconf 88' lang='lat' dir='ltr'><strong>quid</strong></span> <span class='ocrx_word' id='word_1_186' title='bbox 3067 1139 3402 1211; x_wconf 83' lang='lat' dir='ltr'><strong>significent,</strong></span> <span class='ocrx_word' id='word_1_187' title='bbox 3439 1151 3496 1196; x_wconf 89' lang='lat' dir='ltr'><strong>et</strong></span> <span class='ocrx_word' id='word_1_188' title='bbox 3522 1157 3647 1212; x_wconf 88' lang='lat' dir='ltr'><strong>quo</strong></span> <span class='ocrx_word' id='word_1_189' title='bbox 3675 1157 3786 1211; x_wconf 85' lang='lat' dir='ltr'><strong>per-</strong></span> 
     </span>
    </p>
   </div>
   <div class='ocr_carea' id='block_1_27' title="bbox 2187 1231 3782 1302">
    <p class='ocr_par' dir='ltr' id='par_1_27' title="bbox 2187 1231 3782 1302">
     <span class='ocr_line' id='line_1_27' title="bbox 2187 1231 3782 1302; baseline -0.001 -16"><span class='ocrx_word' id='word_1_190' title='bbox 2187 1232 2396 1286; x_wconf 84' lang='lat' dir='ltr'><strong>tineant</strong></span> <span class='ocrx_word' id='word_1_191' title='bbox 2451 1233 2475 1270; x_wconf 73' lang='grc' dir='ltr'>ε</span> <span class='ocrx_word' id='word_1_192' title='bbox 2505 1272 2521 1297; x_wconf 92' lang='grc'><em>,</em></span> <span class='ocrx_word' id='word_1_193' title='bbox 2545 1231 2873 1297; x_wconf 89' lang='lat' dir='ltr'><strong>revelantur,</strong></span> <span class='ocrx_word' id='word_1_194' title='bbox 2909 1246 3029 1302; x_wconf 71' lang='lat' dir='ltr'><strong>qua:</strong></span> <span class='ocrx_word' id='word_1_195' title='bbox 3070 1234 3272 1287; x_wconf 89' lang='lat' dir='ltr'><strong>certior</strong></span> <span class='ocrx_word' id='word_1_196' title='bbox 3311 1233 3622 1302; x_wconf 86' lang='lat' dir='ltr'><strong>prophetia</strong></span> <span class='ocrx_word' id='word_1_197' title='bbox 3674 1243 3782 1287; x_wconf 83' lang='lat' dir='ltr'><strong>est:</strong></span> 
     </span>
    </p>
   </div>
   <div class='ocr_carea' id='block_1_28' title="bbox 2187 1323 3787 1398">
    <p class='ocr_par' dir='ltr' id='par_1_28' title="bbox 2187 1323 3787 1398">
     <span class='ocr_line' id='line_1_28' title="bbox 2187 1323 3787 1398; baseline 0.001 -20"><span class='ocrx_word' id='word_1_198' title='bbox 2187 1323 2322 1379; x_wconf 87' lang='lat' dir='ltr'><strong>Nam</strong></span> <span class='ocrx_word' id='word_1_199' title='bbox 2356 1324 2529 1395; x_wconf 89' lang='lat' dir='ltr'><strong>magis</strong></span> <span class='ocrx_word' id='word_1_200' title='bbox 2560 1325 2735 1395; x_wconf 89' lang='lat' dir='ltr'><strong>ipsam</strong></span> <span class='ocrx_word' id='word_1_201' title='bbox 2758 1334 2918 1381; x_wconf 90' lang='lat' dir='ltr'><strong>vocat</strong></span> <span class='ocrx_word' id='word_1_202' title='bbox 2939 1325 3229 1395; x_wconf 83' lang='lat' dir='ltr'><strong>Apostolus</strong></span> <span class='ocrx_word' id='word_1_203' title='bbox 3247 1325 3298 1398; x_wconf 87' lang='grc' dir='ltr'><strong>(Ι</strong></span> <span class='ocrx_word' id='word_1_204' title='bbox 3321 1325 3448 1380; x_wconf 89' lang='lat' dir='ltr'><strong>Cor.</strong></span> <span class='ocrx_word' id='word_1_205' title='bbox 3477 1342 3575 1389; x_wconf 86' lang='grc' dir='ltr'>ιιι,</span> <span class='ocrx_word' id='word_1_206' title='bbox 3606 1324 3787 1396; x_wconf 74' lang='lat' dir='ltr'><strong>2)pro-</strong></span> 
     </span>
    </p>
   </div>
   <div class='ocr_carea' id='block_1_29' title="bbox 2187 1416 3789 1489">
    <p class='ocr_par' dir='ltr' id='par_1_29' title="bbox 2187 1416 3789 1489">
     <span class='ocr_line' id='line_1_29' title="bbox 2187 1416 3789 1489; baseline 0.003 -20"><span class='ocrx_word' id='word_1_207' title='bbox 2187 1416 2436 1488; x_wconf 88' lang='lat' dir='ltr'><strong>phetiam,</strong></span> <span class='ocrx_word' id='word_1_208' title='bbox 2462 1417 2602 1472; x_wconf 90' lang='lat' dir='ltr'><strong>sicut</strong></span> <span class='ocrx_word' id='word_1_209' title='bbox 2628 1417 2824 1489; x_wconf 79' lang='lat' dir='ltr'><strong>Ioseph</strong></span> <span class='ocrx_word' id='word_1_210' title='bbox 2849 1419 3047 1474; x_wconf 88' lang='lat' dir='ltr'><strong>meruit</strong></span> <span class='ocrx_word' id='word_1_211' title='bbox 3074 1417 3392 1488; x_wconf 82' lang='lat' dir='ltr'><strong>intelligere,</strong></span> <span class='ocrx_word' id='word_1_212' title='bbox 3412 1419 3568 1489; x_wconf 84' lang='lat' dir='ltr'><strong>quod</strong></span> <span class='ocrx_word' id='word_1_213' title='bbox 3584 1417 3789 1474; x_wconf 78' lang='lat' dir='ltr'><strong>Pharao</strong></span> 
     </span>
    </p>
   </div>
   <div class='ocr_carea' id='block_1_30' title="bbox 2187 1509 3788 1581">
    <p class='ocr_par' dir='ltr' id='par_1_30' title="bbox 2187 1509 3788 1581">
     <span class='ocr_line' id='line_1_30' title="bbox 2187 1509 3788 1581; baseline 0.002 -18"><span class='ocrx_word' id='word_1_214' title='bbox 2187 1510 2402 1564; x_wconf 90' lang='lat' dir='ltr'><strong>nonnisi</strong></span> <span class='ocrx_word' id='word_1_215' title='bbox 2433 1509 2615 1566; x_wconf 87' lang='lat' dir='ltr'><strong>videre</strong></span> <span class='ocrx_word' id='word_1_216' title='bbox 2658 1528 2672 1576; x_wconf 91' lang='lat'><strong>;</strong></span> <span class='ocrx_word' id='word_1_217' title='bbox 2697 1519 2754 1565; x_wconf 90' lang='lat' dir='ltr'><strong>et</strong></span> <span class='ocrx_word' id='word_1_218' title='bbox 2773 1511 2959 1566; x_wconf 88' lang='lat' dir='ltr'><strong>Daniel</strong></span> <span class='ocrx_word' id='word_1_219' title='bbox 2979 1511 3203 1580; x_wconf 80' lang='lat' dir='ltr'><strong>exponit</strong></span> <span class='ocrx_word' id='word_1_220' title='bbox 3228 1511 3535 1581; x_wconf 82' lang='lat' dir='ltr'><strong>regi,quod</strong></span> <span class='ocrx_word' id='word_1_221' title='bbox 3563 1509 3666 1565; x_wconf 89' lang='lat' dir='ltr'><strong>ille</strong></span> <span class='ocrx_word' id='word_1_222' title='bbox 3681 1525 3788 1566; x_wconf 85' lang='lat' dir='ltr'><strong>cer-</strong></span> 
     </span>
    </p>
   </div>
   <div class='ocr_carea' id='block_1_31' title="bbox 2188 1599 3786 1674">
    <p class='ocr_par' dir='ltr' id='par_1_31' title="bbox 2188 1599 3786 1674">
     <span class='ocr_line' id='line_1_31' title="bbox 2188 1599 3786 1674; baseline 0.002 -20"><span class='ocrx_word' id='word_1_223' title='bbox 2188 1601 2269 1655; x_wconf 91' lang='lat' dir='ltr'><strong>nit</strong></span> <span class='ocrx_word' id='word_1_224' title='bbox 2308 1611 2364 1656; x_wconf 89' lang='lat' dir='ltr'><strong>et</strong></span> <span class='ocrx_word' id='word_1_225' title='bbox 2401 1601 2593 1658; x_wconf 89' lang='lat' dir='ltr'><strong>nescit.</strong></span> <span class='ocrx_word' id='word_1_226' title='bbox 2624 1601 2760 1657; x_wconf 89' lang='lat' dir='ltr'><strong>Cum</strong></span> <span class='ocrx_word' id='word_1_227' title='bbox 2789 1617 2918 1656; x_wconf 89' lang='lat' dir='ltr'><strong>vero</strong></span> <span class='ocrx_word' id='word_1_228' title='bbox 2956 1602 3032 1656; x_wconf 91' lang='lat' dir='ltr'><strong>ita</strong></span> <span class='ocrx_word' id='word_1_229' title='bbox 3082 1617 3236 1657; x_wconf 89' lang='lat' dir='ltr'><strong>mens</strong></span> <span class='ocrx_word' id='word_1_230' title='bbox 3276 1599 3539 1668; x_wconf 85' lang='lat' dir='ltr'><strong>ailicitur,</strong></span> <span class='ocrx_word' id='word_1_231' title='bbox 3577 1611 3648 1656; x_wconf 87' lang='lat' dir='ltr'><strong>ut</strong></span> <span class='ocrx_word' id='word_1_232' title='bbox 3692 1617 3786 1674; x_wconf 75' lang='lat' dir='ltr'><strong>non</strong></span> 
     </span>
    </p>
   </div>
   <div class='ocr_carea' id='block_1_32' title="bbox 2188 1690 3787 1764">
    <p class='ocr_par' dir='ltr' id='par_1_32' title="bbox 2188 1690 3787 1764">
     <span class='ocr_line' id='line_1_32' title="bbox 2188 1690 3787 1764; baseline 0 -18"><span class='ocrx_word' id='word_1_233' title='bbox 2188 1706 2370 1746; x_wconf 90' lang='lat' dir='ltr'><strong>rerum</strong></span> <span class='ocrx_word' id='word_1_234' title='bbox 2397 1692 2660 1764; x_wconf 87' lang='lat' dir='ltr'><strong>imagines</strong></span> <span class='ocrx_word' id='word_1_235' title='bbox 2695 1690 3044 1762; x_wconf 77' lang='lat' dir='ltr'><strong>coniecturali</strong></span> <span class='ocrx_word' id='word_1_236' title='bbox 3073 1691 3787 1764; x_wconf 81' lang='lat' dir='ltr'><strong>examinationeintelligat,</strong></span> 
     </span>
    </p>
   </div>
   <div class='ocr_carea' id='block_1_33' title="bbox 585 1783 2083 1855">
    <p class='ocr_par' dir='ltr' id='par_1_33' title="bbox 585 1786 2083 1850">
     <span class='ocr_line' id='line_1_33' title="bbox 585 1786 2083 1850; baseline 0.005 -11"><span class='ocrx_word' id='word_1_237' title='bbox 585 1797 607 1825; x_wconf 80' lang='grc' dir='ltr'><strong>ο</strong></span> <span class='ocrx_word' id='word_1_238' title='bbox 651 1805 670 1838; x_wconf 84' lang='grc'>‹</span> <span class='ocrx_word' id='word_1_239' title='bbox 692 1786 961 1846; x_wconf 78' lang='lat' dir='ltr'><strong>Judicarit</strong></span> <span class='ocrx_word' id='word_1_240' title='bbox 1007 1802 1181 1849; x_wconf 89' lang='lat' dir='ltr'><strong>autem</strong></span> <span class='ocrx_word' id='word_1_241' title='bbox 1221 1793 1436 1849; x_wconf 86' lang='lat' dir='ltr'><strong>Samuel</strong></span> <span class='ocrx_word' id='word_1_242' title='bbox 1463 1793 1632 1850; x_wconf 88' lang='lat' dir='ltr'><strong>Israel</strong></span> <span class='ocrx_word' id='word_1_243' title='bbox 1645 1794 1884 1849; x_wconf 81' lang='lat' dir='ltr'><strong>omnibus</strong></span> <span class='ocrx_word' id='word_1_244' title='bbox 1904 1793 2083 1848; x_wconf 87' lang='lat' dir='ltr'><strong>diebus</strong></span> 
     </span>
    </p>
   </div>
   <div class='ocr_carea' id='block_1_34' title="bbox 2192 1783 3786 1855">
    <p class='ocr_par' dir='ltr' id='par_1_34' title="bbox 2192 1783 3786 1855">
     <span class='ocr_line' id='line_1_34' title="bbox 2192 1783 3786 1855; baseline -0.002 -15"><span class='ocrx_word' id='word_1_245' title='bbox 2192 1786 2283 1841; x_wconf 91' lang='lat' dir='ltr'><strong>sed</strong></span> <span class='ocrx_word' id='word_1_246' title='bbox 2306 1800 2392 1840; x_wconf 92' lang='lat' dir='ltr'><strong>res</strong></span> <span class='ocrx_word' id='word_1_247' title='bbox 2424 1785 2567 1855; x_wconf 90' lang='lat' dir='ltr'><strong>ipsas</strong></span> <span class='ocrx_word' id='word_1_248' title='bbox 2598 1785 2894 1850; x_wconf 86' lang='lat' dir='ltr'><strong>intueatur,</strong></span> <span class='ocrx_word' id='word_1_249' title='bbox 2945 1784 3086 1838; x_wconf 91' lang='lat' dir='ltr'><strong>sicut</strong></span> <span class='ocrx_word' id='word_1_250' title='bbox 3126 1783 3446 1854; x_wconf 82' lang='lat' dir='ltr'><strong>intelligitur</strong></span> <span class='ocrx_word' id='word_1_251' title='bbox 3492 1785 3786 1855; x_wconf 83' lang='lat' dir='ltr'><strong>sapientia,</strong></span> 
     </span>
    </p>
   </div>
   <div class='ocr_carea' id='block_1_35' title="bbox 487 1875 2081 1956">
    <p class='ocr_par' dir='ltr' id='par_1_35' title="bbox 487 1875 2081 1956">
     <span class='ocr_line' id='line_1_35' title="bbox 487 1875 2081 1956; baseline 0.003 -23"><span class='ocrx_word' id='word_1_252' title='bbox 487 1875 608 1933; x_wconf 71' lang='lat' dir='ltr'><strong>vitta</strong></span> <span class='ocrx_word' id='word_1_253' title='bbox 629 1896 764 1946; x_wconf 64' lang='lat' dir='ltr'><strong>suae,</strong></span> <span class='ocrx_word' id='word_1_254' title='bbox 788 1880 1118 1954; x_wconf 83' lang='lat' dir='ltr'><strong>fueruntque</strong></span> <span class='ocrx_word' id='word_1_255' title='bbox 1146 1900 1319 1954; x_wconf 87' lang='lat' dir='ltr'><strong>usque</strong></span> <span class='ocrx_word' id='word_1_256' title='bbox 1350 1887 1415 1941; x_wconf 94' lang='lat' dir='ltr'><strong>ad</strong></span> <span class='ocrx_word' id='word_1_257' title='bbox 1443 1901 1565 1940; x_wconf 89' lang='lat' dir='ltr'><strong>eum</strong></span> <span class='ocrx_word' id='word_1_258' title='bbox 1589 1886 1803 1956; x_wconf 89' lang='lat' dir='ltr'><strong>judices</strong></span> <span class='ocrx_word' id='word_1_259' title='bbox 1840 1893 1894 1939; x_wconf 89' lang='lat' dir='ltr'><strong>et</strong></span> <span class='ocrx_word' id='word_1_260' title='bbox 1929 1884 2081 1954; x_wconf 89' lang='lat' dir='ltr'><strong>prin-</strong></span> 
     </span>
    </p>
   </div>
   <div class='ocr_carea' id='block_1_36' title="bbox 486 1970 2086 2048">
    <p class='ocr_par' dir='ltr' id='par_1_36' title="bbox 486 1970 2086 2048">
     <span class='ocr_line' id='line_1_36' title="bbox 486 1970 2086 2048; baseline 0.002 -23"><span class='ocrx_word' id='word_1_261' title='bbox 486 1970 637 2042; x_wconf 89' lang='lat' dir='ltr'><strong>cipes</strong></span> <span class='ocrx_word' id='word_1_262' title='bbox 662 1988 822 2044; x_wconf 87' lang='lat' dir='ltr'><strong>super</strong></span> <span class='ocrx_word' id='word_1_263' title='bbox 849 1974 1033 2032; x_wconf 84' lang='lat' dir='ltr'><strong>Israel.</strong></span> <span class='ocrx_word' id='word_1_264' title='bbox 1053 1975 1266 2048; x_wconf 79' lang='grc' dir='ltr'>(νιιι,5)</span> <span class='ocrx_word' id='word_1_265' title='bbox 1286 1975 1454 2030; x_wconf 89' lang='lat' dir='ltr'><strong>Porro</strong></span> <span class='ocrx_word' id='word_1_266' title='bbox 1479 1976 1579 2046; x_wconf 78' lang='lat' dir='ltr'><strong>filii</strong></span> <span class='ocrx_word' id='word_1_267' title='bbox 1611 1975 1826 2030; x_wconf 84' lang='lat' dir='ltr'><strong>Samuel</strong></span> <span class='ocrx_word' id='word_1_268' title='bbox 1851 1974 2086 2028; x_wconf 85' lang='lat' dir='ltr'><strong>declina-</strong></span> 
     </span>
    </p>
   </div>
   <div class='ocr_carea' id='block_1_37' title="bbox 485 2065 2084 2140">
    <p class='ocr_par' dir='ltr' id='par_1_37' title="bbox 485 2065 2084 2140">
     <span class='ocr_line' id='line_1_37' title="bbox 485 2065 2084 2140; baseline 0.001 -22"><span class='ocrx_word' id='word_1_269' title='bbox 485 2076 671 2120; x_wconf 77' lang='lat' dir='ltr'><strong>verunt</strong></span> <span class='ocrx_word' id='word_1_270' title='bbox 695 2076 809 2138; x_wconf 89' lang='lat' dir='ltr'><strong>post</strong></span> <span class='ocrx_word' id='word_1_271' title='bbox 840 2070 1136 2132; x_wconf 84' lang='lat' dir='ltr'><strong>avaritiam,</strong></span> <span class='ocrx_word' id='word_1_272' title='bbox 1176 2078 1225 2122; x_wconf 89' lang='lat' dir='ltr'><strong>et</strong></span> <span class='ocrx_word' id='word_1_273' title='bbox 1259 2067 1582 2138; x_wconf 82' lang='lat' dir='ltr'><strong>accipiebant</strong></span> <span class='ocrx_word' id='word_1_274' title='bbox 1620 2084 1838 2123; x_wconf 85' lang='lat' dir='ltr'><strong>munera</strong></span> <span class='ocrx_word' id='word_1_275' title='bbox 1869 2066 1937 2140; x_wconf 89' lang='lat' dir='ltr'><strong>(v.</strong></span> <span class='ocrx_word' id='word_1_276' title='bbox 1966 2065 2000 2119; x_wconf 71' lang='grc'>4</span> <span class='ocrx_word' id='word_1_277' title='bbox 2035 2075 2084 2120; x_wconf 88' lang='lat' dir='ltr'><strong>et</strong></span> 
     </span>
    </p>
   </div>
   <div class='ocr_carea' id='block_1_38' title="bbox 485 2146 2086 2228">
    <p class='ocr_par' dir='ltr' id='par_1_38' title="bbox 485 2146 2086 2228">
     <span class='ocr_line' id='line_1_38' title="bbox 485 2146 2086 2228; baseline 0.001 -20"><span class='ocrx_word' id='word_1_278' title='bbox 485 2146 722 2227; x_wconf 62' lang='lat' dir='ltr'><strong>subseq.)</strong></span> <span class='ocrx_word' id='word_1_279' title='bbox 748 2175 760 2210; x_wconf 89' lang='lat'>:</span> <span class='ocrx_word' id='word_1_280' title='bbox 787 2166 842 2211; x_wconf 90' lang='lat' dir='ltr'><strong>et</strong></span> <span class='ocrx_word' id='word_1_281' title='bbox 866 2167 976 2212; x_wconf 89' lang='lat' dir='ltr'><strong>tam</strong></span> <span class='ocrx_word' id='word_1_282' title='bbox 999 2158 1170 2228; x_wconf 90' lang='lat' dir='ltr'><strong>iniqui</strong></span> <span class='ocrx_word' id='word_1_283' title='bbox 1189 2157 1400 2226; x_wconf 75' lang='lat' dir='ltr'><strong>iudices</strong></span> <span class='ocrx_word' id='word_1_284' title='bbox 1420 2158 1766 2222; x_wconf 82' lang='lat' dir='ltr'><strong>exstiterunt,</strong></span> <span class='ocrx_word' id='word_1_285' title='bbox 1785 2155 2086 2226; x_wconf 89' lang='lat' dir='ltr'><strong>utpopulus</strong></span> 
     </span>
    </p>
   </div>
   <div class='ocr_carea' id='block_1_39' title="bbox 487 2247 2087 2319">
    <p class='ocr_par' dir='ltr' id='par_1_39' title="bbox 487 2247 2087 2319">
     <span class='ocr_line' id='line_1_39' title="bbox 487 2247 2087 2319; baseline 0.001 -19"><span class='ocrx_word' id='word_1_286' title='bbox 487 2259 830 2318; x_wconf 86' lang='lat' dir='ltr'><strong>nequaquam</strong></span> <span class='ocrx_word' id='word_1_287' title='bbox 856 2247 1060 2314; x_wconf 89' lang='lat' dir='ltr'><strong>ferens,</strong></span> <span class='ocrx_word' id='word_1_288' title='bbox 1088 2263 1269 2319; x_wconf 88' lang='lat' dir='ltr'><strong>regem</strong></span> <span class='ocrx_word' id='word_1_289' title='bbox 1298 2249 1399 2303; x_wconf 86' lang='lat' dir='ltr'><strong>sibi</strong></span> <span class='ocrx_word' id='word_1_290' title='bbox 1425 2249 1479 2302; x_wconf 93' lang='lat' dir='ltr'><strong>in</strong></span> <span class='ocrx_word' id='word_1_291' title='bbox 1501 2247 1910 2303; x_wconf 87' lang='lat' dir='ltr'><strong>similitudinem</strong></span> <span class='ocrx_word' id='word_1_292' title='bbox 1927 2255 2087 2302; x_wconf 61' lang='lat' dir='ltr'><strong>exste-</strong></span> 
     </span>
    </p>
   </div>
   <div class='ocr_carea' id='block_1_40' title="bbox 487 2338 2086 2411">
    <p class='ocr_par' dir='ltr' id='par_1_40' title="bbox 487 2338 2086 2411">
     <span class='ocr_line' id='line_1_40' title="bbox 487 2338 2086 2411; baseline 0.001 -20"><span class='ocrx_word' id='word_1_293' title='bbox 487 2352 677 2392; x_wconf 86' lang='lat' dir='ltr'><strong>rarum</strong></span> <span class='ocrx_word' id='word_1_294' title='bbox 735 2339 975 2411; x_wconf 88' lang='lat' dir='ltr'><strong>gentium</strong></span> <span class='ocrx_word' id='word_1_295' title='bbox 1022 2341 1340 2409; x_wconf 86' lang='lat' dir='ltr'><strong>postularet.</strong></span> <span class='ocrx_word' id='word_1_296' title='bbox 1391 2338 1597 2407; x_wconf 86' lang='lat' dir='ltr'><strong>Quibus</strong></span> <span class='ocrx_word' id='word_1_297' title='bbox 1643 2338 1788 2394; x_wconf 88' lang='lat' dir='ltr'><strong>dedit</strong></span> <span class='ocrx_word' id='word_1_298' title='bbox 1829 2339 2086 2394; x_wconf 91' lang='lat' dir='ltr'><strong>Dominus</strong></span> 
     </span>
    </p>
   </div>
   <div class='ocr_carea' id='block_1_41' title="bbox 490 2426 2083 2504">
    <p class='ocr_par' dir='ltr' id='par_1_41' title="bbox 490 2426 2083 2504">
     <span class='ocr_line' id='line_1_41' title="bbox 490 2426 2083 2504; baseline 0 -20"><span class='ocrx_word' id='word_1_299' title='bbox 490 2426 624 2484; x_wconf 89' lang='lat' dir='ltr'><strong>Saul</strong></span> <span class='ocrx_word' id='word_1_300' title='bbox 646 2444 824 2502; x_wconf 89' lang='lat' dir='ltr'><strong>regem</strong></span> <span class='ocrx_word' id='word_1_301' title='bbox 859 2450 870 2485; x_wconf 89' lang='lat'>:</span> <span class='ocrx_word' id='word_1_302' title='bbox 903 2453 922 2484; x_wconf 87' lang='grc'><strong>›</strong></span> <span class='ocrx_word' id='word_1_303' title='bbox 956 2428 1108 2502; x_wconf 88' lang='lat' dir='ltr'><strong>(Cap.</strong></span> <span class='ocrx_word' id='word_1_304' title='bbox 1139 2448 1196 2486; x_wconf 80' lang='lat' dir='ltr'><strong>ix</strong></span> <span class='ocrx_word' id='word_1_305' title='bbox 1227 2441 1277 2485; x_wconf 91' lang='lat' dir='ltr'><strong>et</strong></span> <span class='ocrx_word' id='word_1_306' title='bbox 1321 2431 1373 2504; x_wconf 71' lang='grc' dir='ltr'>ι)</span> <span class='ocrx_word' id='word_1_307' title='bbox 1399 2432 1491 2501; x_wconf 93' lang='lat' dir='ltr'><strong>qui</strong></span> <span class='ocrx_word' id='word_1_308' title='bbox 1517 2447 1640 2486; x_wconf 92' lang='lat' dir='ltr'><strong>cum</strong></span> <span class='ocrx_word' id='word_1_309' title='bbox 1663 2440 1931 2500; x_wconf 67' lang='lat' dir='ltr'><strong>quaereret</strong></span> <span class='ocrx_word' id='word_1_310' title='bbox 1973 2430 2083 2485; x_wconf 91' lang='lat' dir='ltr'><strong>asi-</strong></span> 
     </span>
    </p>
   </div>
   <div class='ocr_carea' id='block_1_42' title="bbox 487 2522 2086 2594">
    <p class='ocr_par' dir='ltr' id='par_1_42' title="bbox 487 2522 2086 2594">
     <span class='ocr_line' id='line_1_42' title="bbox 487 2522 2086 2594; baseline -0.001 -18"><span class='ocrx_word' id='word_1_311' title='bbox 487 2535 593 2578; x_wconf 85' lang='lat' dir='ltr'><strong>nas</strong></span> <span class='ocrx_word' id='word_1_312' title='bbox 612 2523 786 2594; x_wconf 87' lang='lat' dir='ltr'><strong>patris</strong></span> <span class='ocrx_word' id='word_1_313' title='bbox 805 2524 908 2588; x_wconf 90' lang='lat' dir='ltr'><strong>sui,</strong></span> <span class='ocrx_word' id='word_1_314' title='bbox 931 2533 987 2579; x_wconf 91' lang='lat' dir='ltr'><strong>et</strong></span> <span class='ocrx_word' id='word_1_315' title='bbox 1004 2523 1215 2579; x_wconf 89' lang='lat' dir='ltr'><strong>veniret</strong></span> <span class='ocrx_word' id='word_1_316' title='bbox 1242 2524 1309 2578; x_wconf 90' lang='lat' dir='ltr'><strong>ad</strong></span> <span class='ocrx_word' id='word_1_317' title='bbox 1343 2523 1562 2580; x_wconf 86' lang='lat' dir='ltr'><strong>Samuel</strong></span> <span class='ocrx_word' id='word_1_318' title='bbox 1598 2524 1649 2577; x_wconf 93' lang='lat' dir='ltr'><strong>in</strong></span> <span class='ocrx_word' id='word_1_319' title='bbox 1679 2522 1966 2588; x_wconf 83' lang='lat' dir='ltr'><strong>Ramatha,</strong></span> <span class='ocrx_word' id='word_1_320' title='bbox 1997 2522 2086 2576; x_wconf 91' lang='lat' dir='ltr'><strong>in-</strong></span> 
     </span>
    </p>
   </div>
   <div class='ocr_carea' id='block_1_43' title="bbox 487 2615 2085 2688">
    <p class='ocr_par' dir='ltr' id='par_1_43' title="bbox 487 2615 2085 2688">
     <span class='ocr_line' id='line_1_43' title="bbox 487 2615 2085 2688; baseline -0.001 -20"><span class='ocrx_word' id='word_1_321' title='bbox 487 2620 577 2669; x_wconf 90' lang='lat' dir='ltr'><strong>ter</strong></span> <span class='ocrx_word' id='word_1_322' title='bbox 605 2624 823 2682; x_wconf 70' lang='lat' dir='ltr'><strong>caetera,</strong></span> <span class='ocrx_word' id='word_1_323' title='bbox 857 2631 980 2686; x_wconf 65' lang='lat' dir='ltr'><strong>quae</strong></span> <span class='ocrx_word' id='word_1_324' title='bbox 1005 2616 1171 2672; x_wconf 92' lang='lat' dir='ltr'><strong>locuti</strong></span> <span class='ocrx_word' id='word_1_325' title='bbox 1204 2625 1331 2673; x_wconf 92' lang='lat' dir='ltr'><strong>sunt</strong></span> <span class='ocrx_word' id='word_1_326' title='bbox 1364 2617 1545 2683; x_wconf 90' lang='lat' dir='ltr'><strong>simul,</strong></span> <span class='ocrx_word' id='word_1_327' title='bbox 1574 2616 1829 2688; x_wconf 81' lang='lat' dir='ltr'><strong>praedixit</strong></span> <span class='ocrx_word' id='word_1_328' title='bbox 1855 2615 1906 2670; x_wconf 91' lang='lat' dir='ltr'><strong>ei</strong></span> <span class='ocrx_word' id='word_1_329' title='bbox 1931 2616 2085 2686; x_wconf 88' lang='lat' dir='ltr'><strong>signa</strong></span> 
     </span>
    </p>
   </div>
   <div class='ocr_carea' id='block_1_44' title="bbox 489 2704 2086 2778">
    <p class='ocr_par' dir='ltr' id='par_1_44' title="bbox 489 2704 2086 2778">
     <span class='ocr_line' id='line_1_44' title="bbox 489 2704 2086 2778; baseline -0.001 -16"><span class='ocrx_word' id='word_1_330' title='bbox 489 2704 730 2775; x_wconf 88' lang='lat' dir='ltr'><strong>Samuel,</strong></span> <span class='ocrx_word' id='word_1_331' title='bbox 747 2724 868 2778; x_wconf 80' lang='lat' dir='ltr'><strong>quae</strong></span> <span class='ocrx_word' id='word_1_332' title='bbox 899 2717 1126 2765; x_wconf 85' lang='lat' dir='ltr'><strong>ventura</strong></span> <span class='ocrx_word' id='word_1_333' title='bbox 1155 2718 1308 2765; x_wconf 91' lang='lat' dir='ltr'><strong>erant</strong></span> <span class='ocrx_word' id='word_1_334' title='bbox 1339 2711 1390 2766; x_wconf 91' lang='lat' dir='ltr'><strong>ei</strong></span> <span class='ocrx_word' id='word_1_335' title='bbox 1424 2725 1490 2766; x_wconf 92' lang='lat' dir='ltr'><strong>eo</strong></span> <span class='ocrx_word' id='word_1_336' title='bbox 1519 2709 1628 2776; x_wconf 89' lang='lat' dir='ltr'><strong>die,</strong></span> <span class='ocrx_word' id='word_1_337' title='bbox 1657 2724 1778 2764; x_wconf 91' lang='lat' dir='ltr'><strong>cum</strong></span> <span class='ocrx_word' id='word_1_338' title='bbox 1807 2709 2086 2763; x_wconf 87' lang='lat' dir='ltr'><strong>recederet</strong></span> 
     </span>
    </p>
   </div>
   <div class='ocr_carea' id='block_1_45' title="bbox 487 2799 680 2856">
    <p class='ocr_par' dir='ltr' id='par_1_45' title="bbox 487 2799 680 2856">
     <span class='ocr_line' id='line_1_45' title="bbox 487 2799 680 2856; baseline 0 -2"><span class='ocrx_word' id='word_1_339' title='bbox 487 2799 562 2854; x_wconf 87' lang='lat' dir='ltr'><strong>ab</strong></span> <span class='ocrx_word' id='word_1_340' title='bbox 591 2817 680 2856; x_wconf 87' lang='lat' dir='ltr'><strong>eo.</strong></span> 
     </span>
    </p>
   </div>
   <div class='ocr_carea' id='block_1_46' title="bbox 560 2887 2081 2964">
    <p class='ocr_par' dir='ltr' id='par_1_46' title="bbox 560 2887 2081 2964">
     <span class='ocr_line' id='line_1_46' title="bbox 560 2887 2081 2964; baseline 0.003 -21"><span class='ocrx_word' id='word_1_341' title='bbox 560 2887 713 2961; x_wconf 89' lang='lat' dir='ltr'><strong>(Cap.</strong></span> <span class='ocrx_word' id='word_1_342' title='bbox 751 2907 806 2953; x_wconf 83' lang='lat' dir='ltr'><strong>x,</strong></span> <span class='ocrx_word' id='word_1_343' title='bbox 848 2910 896 2946; x_wconf 89' lang='grc' dir='ltr'><strong>υ.</strong></span> <span class='ocrx_word' id='word_1_344' title='bbox 932 2892 966 2947; x_wconf 84' lang='lat'><strong>5</strong></span> <span class='ocrx_word' id='word_1_345' title='bbox 990 2903 1040 2948; x_wconf 91' lang='lat' dir='ltr'><strong>et</strong></span> <span class='ocrx_word' id='word_1_346' title='bbox 1075 2893 1186 2964; x_wconf 81' lang='grc'><strong>10.)</strong></span> <span class='ocrx_word' id='word_1_347' title='bbox 1209 2894 1452 2964; x_wconf 89' lang='lat' dir='ltr'><strong>Cumque</strong></span> <span class='ocrx_word' id='word_1_348' title='bbox 1493 2893 1562 2948; x_wconf 90' lang='lat' dir='ltr'><strong>ab</strong></span> <span class='ocrx_word' id='word_1_349' title='bbox 1609 2892 1700 2949; x_wconf 92' lang='lat' dir='ltr'><strong>illo</strong></span> <span class='ocrx_word' id='word_1_350' title='bbox 1744 2893 2081 2958; x_wconf 88' lang='lat' dir='ltr'><strong>recessisset,</strong></span> 
     </span>
    </p>
   </div>
   <div class='ocr_carea' id='block_1_47' title="bbox 486 2981 2080 3052">
    <p class='ocr_par' dir='ltr' id='par_1_47' title="bbox 486 2981 2080 3052">
     <span class='ocr_line' id='line_1_47' title="bbox 486 2981 2080 3052; baseline 0.003 -18"><span class='ocrx_word' id='word_1_351' title='bbox 486 2981 628 3034; x_wconf 74' lang='lat' dir='ltr'><strong>venit</strong></span> <span class='ocrx_word' id='word_1_352' title='bbox 653 2981 723 3035; x_wconf 83' lang='lat' dir='ltr'><strong>ad</strong></span> <span class='ocrx_word' id='word_1_353' title='bbox 750 2982 937 3037; x_wconf 89' lang='lat' dir='ltr'><strong>collem</strong></span> <span class='ocrx_word' id='word_1_354' title='bbox 963 2984 1196 3052; x_wconf 86' lang='lat' dir='ltr'><strong>Domini,</strong></span> <span class='ocrx_word' id='word_1_355' title='bbox 1226 2985 1316 3038; x_wconf 86' lang='lat' dir='ltr'><strong>ubi</strong></span> <span class='ocrx_word' id='word_1_356' title='bbox 1339 2995 1449 3039; x_wconf 91' lang='lat' dir='ltr'><strong>erat</strong></span> <span class='ocrx_word' id='word_1_357' title='bbox 1480 2983 1636 3039; x_wconf 84' lang='lat' dir='ltr'><strong>statio</strong></span> <span class='ocrx_word' id='word_1_358' title='bbox 1657 2982 2080 3038; x_wconf 87' lang='lat' dir='ltr'><strong>Philistinorum.</strong></span> 
     </span>
    </p>
   </div>
   <div class='ocr_carea' id='block_1_48' title="bbox 486 3068 2087 3146">
    <p class='ocr_par' dir='ltr' id='par_1_48' title="bbox 486 3068 2087 3146">
     <span class='ocr_line' id='line_1_48' title="bbox 486 3068 2087 3146; baseline 0.001 -19"><span class='ocrx_word' id='word_1_359' title='bbox 486 3068 610 3127; x_wconf 83' lang='lat' dir='ltr'><strong>Jam</strong></span> <span class='ocrx_word' id='word_1_360' title='bbox 636 3074 872 3144; x_wconf 91' lang='lat' dir='ltr'><strong>primum</strong></span> <span class='ocrx_word' id='word_1_361' title='bbox 904 3076 1115 3146; x_wconf 82' lang='lat' dir='ltr'><strong>signum</strong></span> <span class='ocrx_word' id='word_1_362' title='bbox 1144 3085 1448 3146; x_wconf 89' lang='lat' dir='ltr'><strong>peractum,</strong></span> <span class='ocrx_word' id='word_1_363' title='bbox 1492 3075 1634 3130; x_wconf 89' lang='lat' dir='ltr'><strong>sicut</strong></span> <span class='ocrx_word' id='word_1_364' title='bbox 1665 3074 1879 3129; x_wconf 91' lang='lat' dir='ltr'><strong>locutus</strong></span> <span class='ocrx_word' id='word_1_365' title='bbox 1906 3073 2087 3129; x_wconf 87' lang='lat' dir='ltr'><strong>fuerat</strong></span> 
     </span>
    </p>
   </div>
   <div class='ocr_carea' id='block_1_49' title="bbox 2189 1875 3787 1947">
    <p class='ocr_par' dir='ltr' id='par_1_49' title="bbox 2189 1875 3787 1947">
     <span class='ocr_line' id='line_1_49' title="bbox 2189 1875 3787 1947; baseline -0.001 -14"><span class='ocrx_word' id='word_1_366' title='bbox 2189 1886 2246 1933; x_wconf 89' lang='lat' dir='ltr'><strong>et</strong></span> <span class='ocrx_word' id='word_1_367' title='bbox 2267 1875 2499 1946; x_wconf 89' lang='lat' dir='ltr'><strong>justitia,</strong></span> <span class='ocrx_word' id='word_1_368' title='bbox 2525 1877 2811 1947; x_wconf 89' lang='lat' dir='ltr'><strong>omnisque</strong></span> <span class='ocrx_word' id='word_1_369' title='bbox 2854 1875 3333 1942; x_wconf 89' lang='lat' dir='ltr'><strong>incommutabilis,</strong></span> <span class='ocrx_word' id='word_1_370' title='bbox 3361 1884 3416 1930; x_wconf 91' lang='lat' dir='ltr'><strong>et</strong></span> <span class='ocrx_word' id='word_1_371' title='bbox 3449 1876 3656 1931; x_wconf 85' lang='lat' dir='ltr'><strong>divina</strong></span> <span class='ocrx_word' id='word_1_372' title='bbox 3679 1891 3787 1946; x_wconf 79' lang='lat' dir='ltr'><strong>spe-</strong></span> 
     </span>
    </p>
   </div>
   <div class='ocr_carea' id='block_1_50' title="bbox 2187 1967 3787 2039">
    <p class='ocr_par' dir='ltr' id='par_1_50' title="bbox 2187 1967 3787 2039">
     <span class='ocr_line' id='line_1_50' title="bbox 2187 1967 3787 2039; baseline -0.002 -15"><span class='ocrx_word' id='word_1_373' title='bbox 2187 1969 2322 2035; x_wconf 91' lang='lat' dir='ltr'><strong>cies,</strong></span> <span class='ocrx_word' id='word_1_374' title='bbox 2350 1969 2418 2024; x_wconf 90' lang='lat' dir='ltr'><strong>ad</strong></span> <span class='ocrx_word' id='word_1_375' title='bbox 2444 1968 2804 2039; x_wconf 88' lang='lat' dir='ltr'><strong>prophetiam,</strong></span> <span class='ocrx_word' id='word_1_376' title='bbox 2836 1967 2901 2023; x_wconf 91' lang='lat' dir='ltr'><strong>de</strong></span> <span class='ocrx_word' id='word_1_377' title='bbox 2925 1982 3031 2038; x_wconf 90' lang='lat' dir='ltr'><strong>qua</strong></span> <span class='ocrx_word' id='word_1_378' title='bbox 3061 1981 3206 2023; x_wconf 93' lang='lat' dir='ltr'><strong>nunc</strong></span> <span class='ocrx_word' id='word_1_379' title='bbox 3237 1967 3471 2038; x_wconf 87' lang='lat' dir='ltr'><strong>agimus,</strong></span> <span class='ocrx_word' id='word_1_380' title='bbox 3501 1982 3634 2022; x_wconf 89' lang='lat' dir='ltr'><strong>non</strong></span> <span class='ocrx_word' id='word_1_381' title='bbox 3680 1982 3787 2037; x_wconf 81' lang='lat' dir='ltr'><strong>per-</strong></span> 
     </span>
    </p>
   </div>
   <div class='ocr_carea' id='block_1_51' title="bbox 2189 2058 3785 2131">
    <p class='ocr_par' dir='ltr' id='par_1_51' title="bbox 2189 2058 3785 2131">
     <span class='ocr_line' id='line_1_51' title="bbox 2189 2058 3785 2131; baseline -0.001 -16"><span class='ocrx_word' id='word_1_382' title='bbox 2189 2060 2342 2115; x_wconf 85' lang='lat' dir='ltr'><strong>tinet.</strong></span> <span class='ocrx_word' id='word_1_383' title='bbox 2370 2058 2610 2129; x_wconf 90' lang='lat' dir='ltr'><strong>Utroque</strong></span> <span class='ocrx_word' id='word_1_384' title='bbox 2643 2067 2824 2114; x_wconf 89' lang='lat' dir='ltr'><strong>autem</strong></span> <span class='ocrx_word' id='word_1_385' title='bbox 2855 2074 3079 2116; x_wconf 89' lang='lat' dir='ltr'><strong>munere</strong></span> <span class='ocrx_word' id='word_1_386' title='bbox 3108 2060 3403 2131; x_wconf 70' lang='lat' dir='ltr'><strong>prophetiae</strong></span> <span class='ocrx_word' id='word_1_387' title='bbox 3434 2059 3785 2123; x_wconf 85' lang='lat' dir='ltr'><strong>donantnrii,</strong></span> 
     </span>
    </p>
   </div>
   <div class='ocr_carea' id='block_1_52' title="bbox 2187 2152 3790 2224">
    <p class='ocr_par' dir='ltr' id='par_1_52' title="bbox 2187 2152 3790 2224">
     <span class='ocr_line' id='line_1_52' title="bbox 2187 2152 3790 2224; baseline 0.001 -17"><span class='ocrx_word' id='word_1_388' title='bbox 2187 2153 2350 2222; x_wconf 90' lang='lat' dir='ltr'><strong>quiet</strong></span> <span class='ocrx_word' id='word_1_389' title='bbox 2369 2167 2552 2208; x_wconf 90' lang='lat' dir='ltr'><strong>rerum</strong></span> <span class='ocrx_word' id='word_1_390' title='bbox 2583 2152 2846 2222; x_wconf 84' lang='lat' dir='ltr'><strong>imagines</strong></span> <span class='ocrx_word' id='word_1_391' title='bbox 2877 2153 2934 2208; x_wconf 92' lang='lat' dir='ltr'><strong>in</strong></span> <span class='ocrx_word' id='word_1_392' title='bbox 2972 2153 3168 2224; x_wconf 89' lang='lat' dir='ltr'><strong>spiritu</strong></span> <span class='ocrx_word' id='word_1_393' title='bbox 3190 2153 3390 2220; x_wconf 89' lang='lat' dir='ltr'><strong>vident,</strong></span> <span class='ocrx_word' id='word_1_394' title='bbox 3425 2162 3483 2208; x_wconf 86' lang='lat' dir='ltr'><strong>et</strong></span> <span class='ocrx_word' id='word_1_395' title='bbox 3518 2154 3674 2224; x_wconf 88' lang='lat' dir='ltr'><strong>quid</strong></span> <span class='ocrx_word' id='word_1_396' title='bbox 3709 2169 3790 2207; x_wconf 73' lang='lat' dir='ltr'><strong>va-</strong></span> 
     </span>
    </p>
   </div>
   <div class='ocr_carea' id='block_1_53' title="bbox 2187 2243 3789 2317">
    <p class='ocr_par' dir='ltr' id='par_1_53' title="bbox 2187 2243 3789 2317">
     <span class='ocr_line' id='line_1_53' title="bbox 2187 2243 3789 2317; baseline -0.001 -16"><span class='ocrx_word' id='word_1_397' title='bbox 2187 2246 2354 2309; x_wconf 89' lang='lat' dir='ltr'><strong>leant,</strong></span> <span class='ocrx_word' id='word_1_398' title='bbox 2383 2244 2544 2300; x_wconf 91' lang='lat' dir='ltr'><strong>simul</strong></span> <span class='ocrx_word' id='word_1_399' title='bbox 2569 2245 2891 2317; x_wconf 85' lang='lat' dir='ltr'><strong>intelligunt,</strong></span> <span class='ocrx_word' id='word_1_400' title='bbox 2924 2254 3020 2300; x_wconf 91' lang='lat' dir='ltr'><strong>aut</strong></span> <span class='ocrx_word' id='word_1_401' title='bbox 3043 2254 3191 2301; x_wconf 90' lang='lat' dir='ltr'><strong>certe</strong></span> <span class='ocrx_word' id='word_1_402' title='bbox 3220 2243 3524 2300; x_wconf 80' lang='lat' dir='ltr'><strong>manifestis</strong></span> <span class='ocrx_word' id='word_1_403' title='bbox 3561 2244 3789 2301; x_wconf 87' lang='lat' dir='ltr'><strong>locutio-</strong></span> 
     </span>
    </p>
   </div>
   <div class='ocr_carea' id='block_1_54' title="bbox 2187 2336 3787 2408">
    <p class='ocr_par' dir='ltr' id='par_1_54' title="bbox 2187 2336 3787 2408">
     <span class='ocr_line' id='line_1_54' title="bbox 2187 2336 3787 2408; baseline 0 -16"><span class='ocrx_word' id='word_1_404' title='bbox 2187 2339 2348 2393; x_wconf 90' lang='lat' dir='ltr'><strong>nibus</strong></span> <span class='ocrx_word' id='word_1_405' title='bbox 2382 2339 2437 2392; x_wconf 93' lang='lat' dir='ltr'><strong>in</strong></span> <span class='ocrx_word' id='word_1_406' title='bbox 2471 2339 2588 2408; x_wconf 87' lang='lat' dir='ltr'><strong>ipsa</strong></span> <span class='ocrx_word' id='word_1_407' title='bbox 2609 2338 3072 2393; x_wconf 88' lang='lat' dir='ltr'><strong>demonstratione</strong></span> <span class='ocrx_word' id='word_1_408' title='bbox 3117 2336 3500 2403; x_wconf 90' lang='lat' dir='ltr'><strong>informantur,</strong></span> <span class='ocrx_word' id='word_1_409' title='bbox 3535 2339 3696 2393; x_wconf 86' lang='lat' dir='ltr'><strong>sicut</strong></span> <span class='ocrx_word' id='word_1_410' title='bbox 3743 2338 3787 2392; x_wconf 88' lang='lat' dir='ltr'><strong>in</strong></span> 
     </span>
    </p>
   </div>
   <div class='ocr_carea' id='block_1_55' title="bbox 2186 2428 3784 2503">
    <p class='ocr_par' dir='ltr' id='par_1_55' title="bbox 2186 2428 3784 2503">
     <span class='ocr_line' id='line_1_55' title="bbox 2186 2428 3784 2503; baseline -0.002 -17"><span class='ocrx_word' id='word_1_411' title='bbox 2186 2430 2506 2503; x_wconf 82' lang='lat' dir='ltr'><strong>Apocalypsi</strong></span> <span class='ocrx_word' id='word_1_412' title='bbox 2553 2429 2799 2500; x_wconf 72' lang='lat' dir='ltr'><strong>qumdam</strong></span> <span class='ocrx_word' id='word_1_413' title='bbox 2840 2437 3204 2501; x_wconf 80' lang='lat' dir='ltr'><strong>exponuntur.</strong></span> <span class='ocrx_word' id='word_1_414' title='bbox 3229 2428 3553 2485; x_wconf 86' lang='lat' dir='ltr'><strong>Nescientes</strong></span> <span class='ocrx_word' id='word_1_415' title='bbox 3615 2437 3784 2484; x_wconf 85' lang='lat' dir='ltr'><strong>ante</strong></span> 
     </span>
    </p>
   </div>
   <div class='ocr_carea' id='block_1_56' title="bbox 2189 2521 3788 2595">
    <p class='ocr_par' dir='ltr' id='par_1_56' title="bbox 2189 2521 3788 2595">
     <span class='ocr_line' id='line_1_56' title="bbox 2189 2521 3788 2595; baseline -0.001 -17"><span class='ocrx_word' id='word_1_416' title='bbox 2189 2523 2355 2580; x_wconf 83' lang='lat' dir='ltr'><strong>allicit</strong></span> <span class='ocrx_word' id='word_1_417' title='bbox 2404 2523 2702 2595; x_wconf 68' lang='lat' dir='ltr'><strong>prophetia:</strong></span> <span class='ocrx_word' id='word_1_418' title='bbox 2734 2523 2974 2593; x_wconf 89' lang='lat' dir='ltr'><strong>spiritus,</strong></span> <span class='ocrx_word' id='word_1_419' title='bbox 3023 2524 3165 2578; x_wconf 86' lang='lat' dir='ltr'><strong>sicut</strong></span> <span class='ocrx_word' id='word_1_420' title='bbox 3193 2521 3301 2594; x_wconf 83' lang='lat' dir='ltr'><strong>(Jo.</strong></span> <span class='ocrx_word' id='word_1_421' title='bbox 3327 2538 3400 2585; x_wconf 75' lang='grc' dir='ltr'>ιι,</span> <span class='ocrx_word' id='word_1_422' title='bbox 3430 2521 3526 2593; x_wconf 74' lang='grc'><strong>49)</strong></span> <span class='ocrx_word' id='word_1_423' title='bbox 3557 2522 3788 2593; x_wconf 75' lang='lat' dir='ltr'><strong>Caiphas</strong></span> 
     </span>
    </p>
   </div>
   <div class='ocr_carea' id='block_1_57' title="bbox 2189 2615 3788 2688">
    <p class='ocr_par' dir='ltr' id='par_1_57' title="bbox 2189 2615 3788 2688">
     <span class='ocr_line' id='line_1_57' title="bbox 2189 2615 3788 2688; baseline -0.004 -14"><span class='ocrx_word' id='word_1_424' title='bbox 2189 2634 2313 2675; x_wconf 90' lang='lat' dir='ltr'><strong>cum</strong></span> <span class='ocrx_word' id='word_1_425' title='bbox 2347 2627 2478 2672; x_wconf 84' lang='lat' dir='ltr'><strong>esset</strong></span> <span class='ocrx_word' id='word_1_426' title='bbox 2508 2615 2745 2688; x_wconf 77' lang='lat' dir='ltr'><strong>pontifex</strong></span> <span class='ocrx_word' id='word_1_427' title='bbox 2770 2615 3094 2688; x_wconf 78' lang='lat' dir='ltr'><strong>prophetarit</strong></span> <span class='ocrx_word' id='word_1_428' title='bbox 3135 2617 3202 2671; x_wconf 89' lang='lat' dir='ltr'><strong>de</strong></span> <span class='ocrx_word' id='word_1_429' title='bbox 3225 2615 3479 2681; x_wconf 90' lang='lat' dir='ltr'><strong>Domino,</strong></span> <span class='ocrx_word' id='word_1_430' title='bbox 3526 2617 3689 2686; x_wconf 82' lang='lat' dir='ltr'><strong>quod</strong></span> <span class='ocrx_word' id='word_1_431' title='bbox 3713 2632 3788 2668; x_wconf 71' lang='lat' dir='ltr'><strong>cx-</strong></span> 
     </span>
    </p>
   </div>
   <div class='ocr_carea' id='block_1_58' title="bbox 2186 2704 3788 2779">
    <p class='ocr_par' dir='ltr' id='par_1_58' title="bbox 2186 2704 3788 2779">
     <span class='ocr_line' id='line_1_58' title="bbox 2186 2704 3788 2779; baseline -0.001 -16"><span class='ocrx_word' id='word_1_432' title='bbox 2186 2709 2386 2779; x_wconf 88' lang='lat' dir='ltr'><strong>pediret</strong></span> <span class='ocrx_word' id='word_1_433' title='bbox 2417 2724 2579 2762; x_wconf 90' lang='lat' dir='ltr'><strong>unum</strong></span> <span class='ocrx_word' id='word_1_434' title='bbox 2607 2707 2742 2761; x_wconf 90' lang='lat' dir='ltr'><strong>mori</strong></span> <span class='ocrx_word' id='word_1_435' title='bbox 2764 2722 2858 2776; x_wconf 89' lang='lat' dir='ltr'><strong>pro</strong></span> <span class='ocrx_word' id='word_1_436' title='bbox 2886 2715 2994 2760; x_wconf 89' lang='lat' dir='ltr'><strong>tota</strong></span> <span class='ocrx_word' id='word_1_437' title='bbox 3015 2715 3182 2778; x_wconf 87' lang='lat' dir='ltr'><strong>gente,</strong></span> <span class='ocrx_word' id='word_1_438' title='bbox 3207 2722 3328 2761; x_wconf 91' lang='lat' dir='ltr'><strong>cum</strong></span> <span class='ocrx_word' id='word_1_439' title='bbox 3351 2704 3499 2761; x_wconf 90' lang='lat' dir='ltr'><strong>aliud</strong></span> <span class='ocrx_word' id='word_1_440' title='bbox 3522 2707 3589 2760; x_wconf 90' lang='lat' dir='ltr'><strong>in</strong></span> <span class='ocrx_word' id='word_1_441' title='bbox 3625 2708 3788 2762; x_wconf 77' lang='lat' dir='ltr'><strong>verbis</strong></span> 
     </span>
    </p>
   </div>
   <div class='ocr_carea' id='block_1_59' title="bbox 2187 2802 3787 2876">
    <p class='ocr_par' dir='ltr' id='par_1_59' title="bbox 2187 2802 3787 2876">
     <span class='ocr_line' id='line_1_59' title="bbox 2187 2802 3787 2876; baseline 0.001 -16"><span class='ocrx_word' id='word_1_442' title='bbox 2187 2821 2307 2876; x_wconf 74' lang='lat' dir='ltr'><strong>qua:</strong></span> <span class='ocrx_word' id='word_1_443' title='bbox 2336 2804 2568 2871; x_wconf 89' lang='lat' dir='ltr'><strong>dicebat,</strong></span> <span class='ocrx_word' id='word_1_444' title='bbox 2596 2802 2919 2871; x_wconf 86' lang='lat' dir='ltr'><strong>attenderet,</strong></span> <span class='ocrx_word' id='word_1_445' title='bbox 2951 2819 3070 2875; x_wconf 86' lang='lat' dir='ltr'><strong>quae</strong></span> <span class='ocrx_word' id='word_1_446' title='bbox 3097 2820 3204 2860; x_wconf 93' lang='lat' dir='ltr'><strong>non</strong></span> <span class='ocrx_word' id='word_1_447' title='bbox 3233 2819 3291 2860; x_wconf 91' lang='lat' dir='ltr'><strong>se</strong></span> <span class='ocrx_word' id='word_1_448' title='bbox 3319 2821 3349 2859; x_wconf 89' lang='lat' dir='ltr'><strong>a</strong></span> <span class='ocrx_word' id='word_1_449' title='bbox 3385 2805 3580 2876; x_wconf 87' lang='lat' dir='ltr'><strong>seipso</strong></span> <span class='ocrx_word' id='word_1_450' title='bbox 3617 2807 3787 2862; x_wconf 82' lang='lat' dir='ltr'><strong>dicere</strong></span> 
     </span>
    </p>
   </div>
   <div class='ocr_carea' id='block_1_60' title="bbox 2188 2895 3784 2968">
    <p class='ocr_par' dir='ltr' id='par_1_60' title="bbox 2188 2895 3784 2968">
     <span class='ocr_line' id='line_1_60' title="bbox 2188 2895 3784 2968; baseline -0.001 -16"><span class='ocrx_word' id='word_1_451' title='bbox 2188 2897 2487 2952; x_wconf 89' lang='lat' dir='ltr'><strong>nesciebat.</strong></span> <span class='ocrx_word' id='word_1_452' title='bbox 2553 2895 2846 2952; x_wconf 85' lang='lat' dir='ltr'><strong>Abundant</strong></span> <span class='ocrx_word' id='word_1_453' title='bbox 2906 2896 2962 2951; x_wconf 91' lang='lat' dir='ltr'><strong>in</strong></span> <span class='ocrx_word' id='word_1_454' title='bbox 3026 2896 3230 2951; x_wconf 89' lang='lat' dir='ltr'><strong>sanctis</strong></span> <span class='ocrx_word' id='word_1_455' title='bbox 3295 2895 3452 2952; x_wconf 91' lang='lat' dir='ltr'><strong>libris</strong></span> <span class='ocrx_word' id='word_1_456' title='bbox 3518 2897 3784 2968; x_wconf 75' lang='lat' dir='ltr'><strong>exempla.</strong></span> 
     </span>
    </p>
   </div>
   <div class='ocr_carea' id='block_1_61' title="bbox 2186 2987 3788 3060">
    <p class='ocr_par' dir='ltr' id='par_1_61' title="bbox 2186 2987 3788 3060">
     <span class='ocr_line' id='line_1_61' title="bbox 2186 2987 3788 3060; baseline 0.001 -17"><span class='ocrx_word' id='word_1_457' title='bbox 2186 2989 2214 3029; x_wconf 72' lang='grc' dir='ltr'><strong>ιι</strong></span> <span class='ocrx_word' id='word_1_458' title='bbox 2253 2987 2368 3044; x_wconf 85' lang='lat' dir='ltr'><strong>Hoc</strong></span> <span class='ocrx_word' id='word_1_459' title='bbox 2402 2996 2582 3043; x_wconf 91' lang='lat' dir='ltr'><strong>autem</strong></span> <span class='ocrx_word' id='word_1_460' title='bbox 2616 2991 2803 3054; x_wconf 90' lang='lat' dir='ltr'><strong>verbo,</strong></span> <span class='ocrx_word' id='word_1_461' title='bbox 2831 2987 2974 3057; x_wconf 92' lang='lat' dir='ltr'><strong>quod</strong></span> <span class='ocrx_word' id='word_1_462' title='bbox 3002 2988 3238 3060; x_wconf 88' lang='lat' dir='ltr'><strong>positum</strong></span> <span class='ocrx_word' id='word_1_463' title='bbox 3253 2989 3586 3054; x_wconf 82' lang='lat' dir='ltr'><strong>est,insilttit</strong></span> <span class='ocrx_word' id='word_1_464' title='bbox 3609 2993 3788 3045; x_wconf 66' lang='lat' dir='ltr'><strong>incita</strong></span> 
     </span>
    </p>
   </div>
   <div class='ocr_carea' id='block_1_62' title="bbox 2187 3081 3786 3153">
    <p class='ocr_par' dir='ltr' id='par_1_62' title="bbox 2187 3081 3786 3153">
     <span class='ocr_line' id='line_1_62' title="bbox 2187 3081 3786 3153; baseline 0.001 -16"><span class='ocrx_word' id='word_1_465' title='bbox 2187 3081 2421 3153; x_wconf 84' lang='lat' dir='ltr'><strong>spiritus,</strong></span> <span class='ocrx_word' id='word_1_466' title='bbox 2457 3090 2719 3153; x_wconf 87' lang='lat' dir='ltr'><strong>tanquam</strong></span> <span class='ocrx_word' id='word_1_467' title='bbox 2746 3096 2814 3135; x_wconf 85' lang='lat' dir='ltr'><strong>ex</strong></span> <span class='ocrx_word' id='word_1_468' title='bbox 2856 3081 3039 3136; x_wconf 91' lang='lat' dir='ltr'><strong>abdito</strong></span> <span class='ocrx_word' id='word_1_469' title='bbox 3085 3081 3383 3138; x_wconf 87' lang='lat' dir='ltr'><strong>divinitatis</strong></span> <span class='ocrx_word' id='word_1_470' title='bbox 3429 3093 3673 3148; x_wconf 81' lang='lat' dir='ltr'><strong>secreto,</strong></span> <span class='ocrx_word' id='word_1_471' title='bbox 3708 3099 3786 3137; x_wconf 89' lang='lat' dir='ltr'><strong>re-</strong></span> 
     </span>
    </p>
   </div>
   <div class='ocr_carea' id='block_1_63' title="bbox 484 3157 3789 3244">
    <p class='ocr_par' dir='ltr' id='par_1_63' title="bbox 484 3157 3789 3244">
     <span class='ocr_line' id='line_1_63' title="bbox 484 3157 3789 3244; baseline 0.002 -22"><span class='ocrx_word' id='word_1_472' title='bbox 484 3166 650 3223; x_wconf 91' lang='lat' dir='ltr'><strong>homo</strong></span> <span class='ocrx_word' id='word_1_473' title='bbox 684 3168 816 3224; x_wconf 91' lang='lat' dir='ltr'><strong>Dei:</strong></span> <span class='ocrx_word' id='word_1_474' title='bbox 845 3179 891 3223; x_wconf 90' lang='lat' dir='ltr'><strong>et</strong></span> <span class='ocrx_word' id='word_1_475' title='bbox 913 3187 1028 3224; x_wconf 85' lang='lat' dir='ltr'><strong>ecce</strong></span> <span class='ocrx_word' id='word_1_476' title='bbox 1069 3187 1264 3225; x_wconf 87' lang='lat' dir='ltr'><strong>cuneus</strong></span> <span class='ocrx_word' id='word_1_477' title='bbox 1313 3167 1699 3239; x_wconf 88' lang='lat' dir='ltr'><strong>Prophetarum</strong></span> <span class='ocrx_word' id='word_1_478' title='bbox 1733 3167 1909 3222; x_wconf 84' lang='lat' dir='ltr'><strong>obvius</strong></span> <span class='ocrx_word' id='word_1_479' title='bbox 1938 3167 2018 3233; x_wconf 89' lang='lat' dir='ltr'><strong>ei;</strong></span> <span class='ocrx_word' id='word_1_480' title='bbox 2040 3175 2088 3220; x_wconf 89' lang='lat' dir='ltr'><strong>et</strong></span> <span class='ocrx_word' id='word_1_481' title='bbox 2116 3157 2160 3220; x_wconf 90' lang='lat' dir='ltr'><strong><em>C</em></strong></span> <span class='ocrx_word' id='word_1_482' title='bbox 2192 3173 2448 3240; x_wconf 87' lang='lat' dir='ltr'><strong>pentinus</strong></span> <span class='ocrx_word' id='word_1_483' title='bbox 2475 3171 2814 3243; x_wconf 83' lang='lat' dir='ltr'><strong>signiﬁcatur</strong></span> <span class='ocrx_word' id='word_1_484' title='bbox 2828 3169 3280 3229; x_wconf 85' lang='lat' dir='ltr'><strong>afllatns.Horum</strong></span> <span class='ocrx_word' id='word_1_485' title='bbox 3296 3173 3468 3244; x_wconf 80' lang='lat' dir='ltr'><strong>igitur</strong></span> <span class='ocrx_word' id='word_1_486' title='bbox 3481 3176 3789 3238; x_wconf 89' lang='lat' dir='ltr'><strong>modorum,</strong></span> 
     </span>
    </p>
   </div>
   <div class='ocr_carea' id='block_1_64' title="bbox 483 3258 2085 3331">
    <p class='ocr_par' dir='ltr' id='par_1_64' title="bbox 483 3258 2085 3331">
     <span class='ocr_line' id='line_1_64' title="bbox 483 3258 2085 3331; baseline 0.001 -19"><span class='ocrx_word' id='word_1_487' title='bbox 483 3258 690 3312; x_wconf 86' lang='lat' dir='ltr'><strong>insiluit</strong></span> <span class='ocrx_word' id='word_1_488' title='bbox 713 3276 871 3330; x_wconf 86' lang='lat' dir='ltr'><strong>super</strong></span> <span class='ocrx_word' id='word_1_489' title='bbox 911 3277 1032 3315; x_wconf 88' lang='lat' dir='ltr'><strong>eum</strong></span> <span class='ocrx_word' id='word_1_490' title='bbox 1079 3261 1294 3331; x_wconf 88' lang='lat' dir='ltr'><strong>spiritus</strong></span> <span class='ocrx_word' id='word_1_491' title='bbox 1319 3259 1439 3326; x_wconf 89' lang='lat' dir='ltr'><strong>Dei,</strong></span> <span class='ocrx_word' id='word_1_492' title='bbox 1466 3270 1513 3314; x_wconf 90' lang='lat' dir='ltr'><strong>et</strong></span> <span class='ocrx_word' id='word_1_493' title='bbox 1535 3260 1859 3331; x_wconf 77' lang='lat' dir='ltr'><strong>prophetarit</strong></span> <span class='ocrx_word' id='word_1_494' title='bbox 1886 3259 1942 3312; x_wconf 87' lang='lat' dir='ltr'><strong>in</strong></span> <span class='ocrx_word' id='word_1_495' title='bbox 1978 3275 2085 3313; x_wconf 89' lang='lat' dir='ltr'><strong>me-</strong></span> 
     </span>
    </p>
   </div>
   <div class='ocr_carea' id='block_1_65' title="bbox 485 3347 2085 3424">
    <p class='ocr_par' dir='ltr' id='par_1_65' title="bbox 485 3347 2085 3424">
     <span class='ocr_line' id='line_1_65' title="bbox 485 3347 2085 3424; baseline 0 -22"><span class='ocrx_word' id='word_1_496' title='bbox 485 3347 574 3403; x_wconf 86' lang='lat' dir='ltr'><strong>dio</strong></span> <span class='ocrx_word' id='word_1_497' title='bbox 608 3367 807 3404; x_wconf 87' lang='lat' dir='ltr'><strong>eorum.</strong></span> <span class='ocrx_word' id='word_1_498' title='bbox 849 3351 943 3424; x_wconf 89' lang='lat' dir='ltr'><strong>(V.</strong></span> <span class='ocrx_word' id='word_1_499' title='bbox 984 3352 1074 3418; x_wconf 81' lang='lat' dir='ltr'><strong>ll,</strong></span> <span class='ocrx_word' id='word_1_500' title='bbox 1099 3353 1232 3423; x_wconf 88' lang='lat' dir='ltr'><strong>etc.)</strong></span> <span class='ocrx_word' id='word_1_501' title='bbox 1268 3351 1513 3407; x_wconf 84' lang='lat' dir='ltr'><strong>Videntes</strong></span> <span class='ocrx_word' id='word_1_502' title='bbox 1545 3361 1720 3406; x_wconf 90' lang='lat' dir='ltr'><strong>autem</strong></span> <span class='ocrx_word' id='word_1_503' title='bbox 1756 3369 1953 3417; x_wconf 88' lang='lat' dir='ltr'><strong>omnes,</strong></span> <span class='ocrx_word' id='word_1_504' title='bbox 1995 3350 2085 3422; x_wconf 85' lang='lat' dir='ltr'><strong>qui</strong></span> 
     </span>
    </p>
   </div>
   <div class='ocr_carea' id='block_1_66' title="bbox 2188 3263 3788 3337">
    <p class='ocr_par' dir='ltr' id='par_1_66' title="bbox 2188 3263 3788 3337">
     <span class='ocr_line' id='line_1_66' title="bbox 2188 3263 3788 3337; baseline 0.001 -18"><span class='ocrx_word' id='word_1_505' title='bbox 2188 3280 2422 3334; x_wconf 88' lang='lat' dir='ltr'><strong>quonam</strong></span> <span class='ocrx_word' id='word_1_506' title='bbox 2453 3265 2630 3336; x_wconf 91' lang='lat' dir='ltr'><strong>potius</strong></span> <span class='ocrx_word' id='word_1_507' title='bbox 2653 3263 2903 3320; x_wconf 70' lang='lat' dir='ltr'><strong>allectum</strong></span> <span class='ocrx_word' id='word_1_508' title='bbox 2939 3279 3060 3320; x_wconf 88' lang='lat' dir='ltr'><strong>esse</strong></span> <span class='ocrx_word' id='word_1_509' title='bbox 3088 3265 3455 3337; x_wconf 86' lang='lat' dir='ltr'><strong>intelligamus</strong></span> <span class='ocrx_word' id='word_1_510' title='bbox 3479 3265 3638 3332; x_wconf 84' lang='lat' dir='ltr'><strong>Saul,</strong></span> <span class='ocrx_word' id='word_1_511' title='bbox 3668 3268 3788 3322; x_wconf 83' lang='lat' dir='ltr'><strong>satis</strong></span> 
     </span>
    </p>
   </div>
   <div class='ocr_carea' id='block_1_67' title="bbox 2189 3355 3786 3430">
    <p class='ocr_par' dir='ltr' id='par_1_67' title="bbox 2189 3355 3786 3430">
     <span class='ocr_line' id='line_1_67' title="bbox 2189 3355 3786 3430; baseline -0.002 -20"><span class='ocrx_word' id='word_1_512' title='bbox 2189 3363 2412 3427; x_wconf 83' lang='lat' dir='ltr'><strong>apparet</strong></span> <span class='ocrx_word' id='word_1_513' title='bbox 2441 3371 2508 3411; x_wconf 83' lang='lat' dir='ltr'><strong>ex</strong></span> <span class='ocrx_word' id='word_1_514' title='bbox 2537 3371 2602 3411; x_wconf 91' lang='lat' dir='ltr'><strong>eo</strong></span> <span class='ocrx_word' id='word_1_515' title='bbox 2636 3356 2781 3426; x_wconf 90' lang='lat' dir='ltr'><strong>quod</strong></span> <span class='ocrx_word' id='word_1_516' title='bbox 2807 3355 2882 3410; x_wconf 89' lang='lat' dir='ltr'><strong>ibi</strong></span> <span class='ocrx_word' id='word_1_517' title='bbox 2927 3357 3186 3426; x_wconf 89' lang='lat' dir='ltr'><strong>scriptum</strong></span> <span class='ocrx_word' id='word_1_518' title='bbox 3226 3366 3311 3412; x_wconf 88' lang='lat' dir='ltr'><strong>est</strong></span> <span class='ocrx_word' id='word_1_519' title='bbox 3336 3375 3350 3412; x_wconf 92' lang='lat'><strong>:</strong></span> <span class='ocrx_word' id='word_1_520' title='bbox 3378 3357 3430 3430; x_wconf 92' lang='grc'><strong>(1</strong></span> <span class='ocrx_word' id='word_1_521' title='bbox 3470 3358 3606 3430; x_wconf 78' lang='lat' dir='ltr'><strong>Reg.</strong></span> <span class='ocrx_word' id='word_1_522' title='bbox 3638 3376 3693 3425; x_wconf 86' lang='lat' dir='ltr'><strong>x,</strong></span> <span class='ocrx_word' id='word_1_523' title='bbox 3737 3357 3786 3427; x_wconf 22' lang='lat'><strong>9.)</strong></span> 
     </span>
    </p>
   </div>
   <div class='ocr_carea' id='block_1_68' title="bbox 485 3442 3781 3514">
    <p class='ocr_par' dir='ltr' id='par_1_68' title="bbox 485 3442 3781 3514">
     <span class='ocr_line' id='line_1_68' title="bbox 485 3442 3781 3514; baseline -0.002 -20"><span class='ocrx_word' id='word_1_524' title='bbox 485 3450 738 3494; x_wconf 80' lang='lat' dir='ltr'><strong>noverant</strong></span> <span class='ocrx_word' id='word_1_525' title='bbox 769 3459 886 3495; x_wconf 90' lang='lat' dir='ltr'><strong>eum</strong></span> <span class='ocrx_word' id='word_1_526' title='bbox 912 3444 1046 3508; x_wconf 89' lang='lat' dir='ltr'><strong>heri,</strong></span> <span class='ocrx_word' id='word_1_527' title='bbox 1077 3453 1124 3496; x_wconf 92' lang='lat' dir='ltr'><strong>et</strong></span> <span class='ocrx_word' id='word_1_528' title='bbox 1155 3443 1346 3498; x_wconf 87' lang='lat' dir='ltr'><strong>nudius</strong></span> <span class='ocrx_word' id='word_1_529' title='bbox 1387 3445 1592 3508; x_wconf 90' lang='lat' dir='ltr'><strong>tertius,</strong></span> <span class='ocrx_word' id='word_1_530' title='bbox 1629 3442 1768 3514; x_wconf 87' lang='lat' dir='ltr'><strong>quod</strong></span> <span class='ocrx_word' id='word_1_531' title='bbox 1807 3451 1938 3496; x_wconf 88' lang='lat' dir='ltr'><strong>esset</strong></span> <span class='ocrx_word' id='word_1_532' title='bbox 1965 3459 2084 3496; x_wconf 88' lang='lat' dir='ltr'><strong>cum</strong></span> <span class='ocrx_word' id='word_1_533' title='bbox 2187 3451 2447 3506; x_wconf 71' lang='grc' dir='ltr'><strong>σοηυειιιίι</strong></span> <span class='ocrx_word' id='word_1_534' title='bbox 2466 3450 2608 3504; x_wconf 67' lang='lat' dir='ltr'><strong>Deus</strong></span> <span class='ocrx_word' id='word_1_535' title='bbox 2636 3451 2692 3504; x_wconf 67' lang='lat' dir='ltr'><strong>in</strong></span> <span class='ocrx_word' id='word_1_536' title='bbox 2715 3448 2849 3505; x_wconf 75' lang='lat' dir='ltr'><strong>Saul</strong></span> <span class='ocrx_word' id='word_1_537' title='bbox 2875 3466 2966 3503; x_wconf 73' lang='grc' dir='ltr'><strong>εον</strong></span> <span class='ocrx_word' id='word_1_538' title='bbox 2992 3449 3159 3503; x_wconf 70' lang='lat' dir='ltr'><strong>aliud,</strong></span> <span class='ocrx_word' id='word_1_539' title='bbox 3180 3447 3273 3504; x_wconf 78' lang='lat' dir='ltr'><strong>Sic</strong></span> <span class='ocrx_word' id='word_1_540' title='bbox 3295 3449 3441 3503; x_wconf 76' lang='lat' dir='ltr'><strong>enim</strong></span> <span class='ocrx_word' id='word_1_541' title='bbox 3477 3449 3648 3504; x_wconf 64' lang='lat' dir='ltr'><strong>aliam</strong></span> <span class='ocrx_word' id='word_1_542' title='bbox 3677 3465 3781 3502; x_wconf 60' lang='grc' dir='ltr'><strong>τοι-</strong></span> 
     </span>
    </p>
   </div>
   <div class='ocr_carea' id='block_1_69' title="bbox 483 3529 2083 3612">
    <p class='ocr_par' dir='ltr' id='par_1_69' title="bbox 483 3529 2083 3603">
     <span class='ocr_line' id='line_1_69' title="bbox 483 3529 2083 3603; baseline 0.002 -19"><span class='ocrx_word' id='word_1_543' title='bbox 483 3529 773 3602; x_wconf 80' lang='lat' dir='ltr'><strong>prophetis,</strong></span> <span class='ocrx_word' id='word_1_544' title='bbox 801 3541 849 3586; x_wconf 88' lang='lat' dir='ltr'><strong>et</strong></span> <span class='ocrx_word' id='word_1_545' title='bbox 871 3535 1224 3603; x_wconf 88' lang='lat' dir='ltr'><strong>prophetaret,</strong></span> <span class='ocrx_word' id='word_1_546' title='bbox 1268 3534 1512 3588; x_wconf 71' lang='lat' dir='ltr'><strong>dixerunt</strong></span> <span class='ocrx_word' id='word_1_547' title='bbox 1534 3535 1601 3588; x_wconf 89' lang='lat' dir='ltr'><strong>ad</strong></span> <span class='ocrx_word' id='word_1_548' title='bbox 1629 3535 1847 3588; x_wconf 86' lang='lat' dir='ltr'><strong>invicem</strong></span> <span class='ocrx_word' id='word_1_549' title='bbox 1873 3547 1890 3585; x_wconf 91' lang='lat'><em>:</em></span> <span class='ocrx_word' id='word_1_550' title='bbox 1921 3532 2083 3599; x_wconf 69' lang='lat' dir='ltr'><strong>Qua-</strong></span> 
     </span>
    </p>
   </div>
   <div class='ocr_carea' id='block_1_70' title="bbox 2192 3529 3785 3612">
    <p class='ocr_par' dir='ltr' id='par_1_70' title="bbox 2192 3540 3785 3612">
     <span class='ocr_line' id='line_1_70' title="bbox 2192 3540 3785 3612; baseline 0 -16"><span class='ocrx_word' id='word_1_551' title='bbox 2192 3541 2270 3596; x_wconf 88' lang='lat' dir='ltr'><strong>dis</strong></span> <span class='ocrx_word' id='word_1_552' title='bbox 2315 3540 2588 3612; x_wconf 82' lang='lat' dir='ltr'><strong>signiﬁcat</strong></span> <span class='ocrx_word' id='word_1_553' title='bbox 2631 3540 2990 3608; x_wconf 79' lang='lat' dir='ltr'><strong>alfectionem,</strong></span> <span class='ocrx_word' id='word_1_554' title='bbox 3034 3556 3198 3612; x_wconf 90' lang='lat' dir='ltr'><strong>quam</strong></span> <span class='ocrx_word' id='word_1_555' title='bbox 3239 3543 3622 3598; x_wconf 79' lang='lat' dir='ltr'><strong>convertenda</strong></span> <span class='ocrx_word' id='word_1_556' title='bbox 3671 3542 3785 3599; x_wconf 83' lang='lat' dir='ltr'><strong>fecit</strong></span> 
     </span>
    </p>
   </div>
   <div class='ocr_carea' id='block_1_71' title="bbox 486 3623 3782 3704">
    <p class='ocr_par' dir='ltr' id='par_1_71' title="bbox 486 3623 3782 3704">
     <span class='ocr_line' id='line_1_71' title="bbox 486 3623 3782 3704; baseline 0.003 -27"><span class='ocrx_word' id='word_1_557' title='bbox 486 3637 613 3677; x_wconf 82' lang='lat' dir='ltr'><strong>nam</strong></span> <span class='ocrx_word' id='word_1_558' title='bbox 643 3628 723 3678; x_wconf 78' lang='lat' dir='ltr'><strong>res</strong></span> <span class='ocrx_word' id='word_1_559' title='bbox 754 3625 943 3678; x_wconf 86' lang='lat' dir='ltr'><strong>accidit</strong></span> <span class='ocrx_word' id='word_1_560' title='bbox 965 3624 1078 3694; x_wconf 82' lang='lat' dir='ltr'><strong>ﬁlio</strong></span> <span class='ocrx_word' id='word_1_561' title='bbox 1101 3624 1228 3679; x_wconf 82' lang='lat' dir='ltr'><strong>Cis?</strong></span> <span class='ocrx_word' id='word_1_562' title='bbox 1258 3625 1402 3680; x_wconf 87' lang='lat' dir='ltr'><strong>Num</strong></span> <span class='ocrx_word' id='word_1_563' title='bbox 1426 3636 1472 3680; x_wconf 90' lang='lat' dir='ltr'><strong>et</strong></span> <span class='ocrx_word' id='word_1_564' title='bbox 1502 3624 1634 3681; x_wconf 88' lang='lat' dir='ltr'><strong>Saul</strong></span> <span class='ocrx_word' id='word_1_565' title='bbox 1667 3627 1722 3680; x_wconf 89' lang='lat' dir='ltr'><strong>in</strong></span> <span class='ocrx_word' id='word_1_566' title='bbox 1758 3623 2087 3701; x_wconf 30' lang='lat' dir='ltr'><strong>Prop/ictis“?</strong></span> <span class='ocrx_word' id='word_1_567' title='bbox 2187 3629 2350 3697; x_wconf 91' lang='lat' dir='ltr'><strong>Deus,</strong></span> <span class='ocrx_word' id='word_1_568' title='bbox 2375 3639 2436 3686; x_wconf 83' lang='lat' dir='ltr'><strong>ut</strong></span> <span class='ocrx_word' id='word_1_569' title='bbox 2457 3631 2752 3702; x_wconf 89' lang='lat' dir='ltr'><strong>imaginum</strong></span> <span class='ocrx_word' id='word_1_570' title='bbox 2783 3633 3297 3703; x_wconf 83' lang='lat' dir='ltr'><strong>significantium,et</strong></span> <span class='ocrx_word' id='word_1_571' title='bbox 3323 3632 3782 3704; x_wconf 72' lang='lat' dir='ltr'><strong>praeﬁgurantium</strong></span> 
     </span>
    </p>
   </div>
   <div class='ocr_carea' id='block_1_72' title="bbox 485 3714 3784 3796">
    <p class='ocr_par' dir='ltr' id='par_1_72' title="bbox 485 3714 3784 3796">
     <span class='ocr_line' id='line_1_72' title="bbox 485 3714 3784 3796; baseline 0.004 -29"><span class='ocrx_word' id='word_1_572' title='bbox 485 3714 514 3754; x_wconf 72' lang='grc' dir='ltr'>ἀ</span> <span class='ocrx_word' id='word_1_573' title='bbox 555 3734 574 3767; x_wconf 72' lang='grc' dir='ltr'><strong>α</strong></span> <span class='ocrx_word' id='word_1_574' title='bbox 619 3715 689 3771; x_wconf 88' lang='lat' dir='ltr'><strong>Et</strong></span> <span class='ocrx_word' id='word_1_575' title='bbox 722 3717 824 3771; x_wconf 91' lang='lat' dir='ltr'><strong>hoc</strong></span> <span class='ocrx_word' id='word_1_576' title='bbox 861 3717 1079 3786; x_wconf 88' lang='lat' dir='ltr'><strong>quidem</strong></span> <span class='ocrx_word' id='word_1_577' title='bbox 1133 3733 1240 3772; x_wconf 92' lang='lat' dir='ltr'><strong>non</strong></span> <span class='ocrx_word' id='word_1_578' title='bbox 1283 3727 1412 3789; x_wconf 91' lang='lat' dir='ltr'><strong>puto</strong></span> <span class='ocrx_word' id='word_1_579' title='bbox 1454 3719 1656 3774; x_wconf 88' lang='lat' dir='ltr'><strong>habere</strong></span> <span class='ocrx_word' id='word_1_580' title='bbox 1697 3718 1900 3788; x_wconf 91' lang='lat' dir='ltr'><strong>aliquid</strong></span> <span class='ocrx_word' id='word_1_581' title='bbox 1945 3732 2087 3787; x_wconf 64' lang='grc' dir='ltr'>(ιιιξῐιο</span> <span class='ocrx_word' id='word_1_582' title='bbox 2187 3737 2358 3793; x_wconf 85' lang='lat' dir='ltr'><strong>capax</strong></span> <span class='ocrx_word' id='word_1_583' title='bbox 2382 3723 2537 3779; x_wconf 84' lang='lat' dir='ltr'><strong>fieret</strong></span> <span class='ocrx_word' id='word_1_584' title='bbox 2553 3725 2617 3779; x_wconf 90' lang='lat' dir='ltr'><strong>ad</strong></span> <span class='ocrx_word' id='word_1_585' title='bbox 2633 3726 3003 3796; x_wconf 77' lang='lat' dir='ltr'><strong>propheticum</strong></span> <span class='ocrx_word' id='word_1_586' title='bbox 3027 3725 3442 3781; x_wconf 87' lang='lat' dir='ltr'><strong>divinationem.</strong></span> <span class='ocrx_word' id='word_1_587' title='bbox 3475 3729 3491 3766; x_wconf 83' lang='lat' dir='ltr'><strong>i</strong></span> <span class='ocrx_word' id='word_1_588' title='bbox 3521 3726 3784 3793; x_wconf 76' lang='lat' dir='ltr'><strong>Quantum</strong></span> 
     </span>
    </p>
   </div>
   <div class='ocr_carea' id='block_1_73' title="bbox 484 3805 2083 3889">
    <p class='ocr_par' dir='ltr' id='par_1_73' title="bbox 484 3805 2083 3880">
     <span class='ocr_line' id='line_1_73' title="bbox 484 3805 2083 3880; baseline 0.001 -20"><span class='ocrx_word' id='word_1_589' title='bbox 484 3805 711 3861; x_wconf 81' lang='lat' dir='ltr'><strong>stionis;</strong></span> <span class='ocrx_word' id='word_1_590' title='bbox 741 3805 850 3878; x_wconf 79' lang='lat' dir='ltr'><strong>(J0.</strong></span> <span class='ocrx_word' id='word_1_591' title='bbox 882 3823 963 3873; x_wconf 87' lang='grc' dir='ltr'>ιιι,</span> <span class='ocrx_word' id='word_1_592' title='bbox 987 3809 1041 3880; x_wconf 90' lang='lat'><strong>8)</strong></span> <span class='ocrx_word' id='word_1_593' title='bbox 1058 3806 1290 3878; x_wconf 88' lang='lat' dir='ltr'><strong>Spiritus</strong></span> <span class='ocrx_word' id='word_1_594' title='bbox 1313 3809 1472 3873; x_wconf 88' lang='lat' dir='ltr'><strong>enim,</strong></span> <span class='ocrx_word' id='word_1_595' title='bbox 1499 3809 1588 3862; x_wconf 89' lang='lat' dir='ltr'><strong>ubi</strong></span> <span class='ocrx_word' id='word_1_596' title='bbox 1634 3809 1758 3874; x_wconf 86' lang='lat' dir='ltr'><strong>vult,</strong></span> <span class='ocrx_word' id='word_1_597' title='bbox 1800 3809 1986 3879; x_wconf 90' lang='lat' dir='ltr'><strong>spirat.</strong></span> <span class='ocrx_word' id='word_1_598' title='bbox 2019 3809 2083 3862; x_wconf 86' lang='lat' dir='ltr'><strong>Et</strong></span> 
     </span>
    </p>
   </div>
   <div class='ocr_carea' id='block_1_74' title="bbox 2192 3805 3786 3889">
    <p class='ocr_par' dir='ltr' id='par_1_74' title="bbox 2192 3816 3786 3889">
     <span class='ocr_line' id='line_1_74' title="bbox 2192 3816 3786 3889; baseline 0 -19"><span class='ocrx_word' id='word_1_599' title='bbox 2192 3824 2369 3871; x_wconf 86' lang='lat' dir='ltr'><strong>autem</strong></span> <span class='ocrx_word' id='word_1_600' title='bbox 2385 3816 2551 3872; x_wconf 91' lang='lat' dir='ltr'><strong>distat</strong></span> <span class='ocrx_word' id='word_1_601' title='bbox 2572 3820 2856 3888; x_wconf 85' lang='lat' dir='ltr'><strong>prophetia</strong></span> <span class='ocrx_word' id='word_1_602' title='bbox 2881 3818 3007 3873; x_wconf 91' lang='lat' dir='ltr'><strong>Saul</strong></span> <span class='ocrx_word' id='word_1_603' title='bbox 3021 3835 3048 3874; x_wconf 89' lang='lat' dir='ltr'><strong>a</strong></span> <span class='ocrx_word' id='word_1_604' title='bbox 3063 3819 3383 3889; x_wconf 87' lang='lat' dir='ltr'><strong>prophetis?</strong></span> <span class='ocrx_word' id='word_1_605' title='bbox 3400 3828 3618 3874; x_wconf 90' lang='lat' dir='ltr'><strong>tantum</strong></span> <span class='ocrx_word' id='word_1_606' title='bbox 3638 3821 3786 3874; x_wconf 77' lang='lat' dir='ltr'><strong>distat</strong></span> 
     </span>
    </p>
   </div>
   <div class='ocr_carea' id='block_1_75' title="bbox 485 3897 3788 3978">
    <p class='ocr_par' dir='ltr' id='par_1_75' title="bbox 485 3897 3788 3978">
     <span class='ocr_line' id='line_1_75' title="bbox 485 3897 3788 3978; baseline 0.004 -27"><span class='ocrx_word' id='word_1_607' title='bbox 485 3897 735 3969; x_wconf 89' lang='lat' dir='ltr'><strong>spiritum</strong></span> <span class='ocrx_word' id='word_1_608' title='bbox 759 3901 1054 3970; x_wconf 66' lang='lat' dir='ltr'><strong>prophetiae</strong></span> <span class='ocrx_word' id='word_1_609' title='bbox 1089 3902 1358 3957; x_wconf 89' lang='lat' dir='ltr'><strong>nullarum</strong></span> <span class='ocrx_word' id='word_1_610' title='bbox 1395 3903 1699 3958; x_wconf 89' lang='lat' dir='ltr'><strong>animarum</strong></span> <span class='ocrx_word' id='word_1_611' title='bbox 1735 3910 1914 3972; x_wconf 90' lang='lat' dir='ltr'><strong>potest</strong></span> <span class='ocrx_word' id='word_1_612' title='bbox 1963 3916 2081 3955; x_wconf 87' lang='lat' dir='ltr'><strong>ma-</strong></span> <span class='ocrx_word' id='word_1_613' title='bbox 2187 3905 2332 3963; x_wconf 87' lang='lat' dir='ltr'><strong>inter</strong></span> <span class='ocrx_word' id='word_1_614' title='bbox 2361 3907 2702 3976; x_wconf 86' lang='lat' dir='ltr'><strong>prophetiam</strong></span> <span class='ocrx_word' id='word_1_615' title='bbox 2727 3910 3136 3978; x_wconf 88' lang='lat' dir='ltr'><strong>prophetarum,</strong></span> <span class='ocrx_word' id='word_1_616' title='bbox 3174 3909 3314 3964; x_wconf 90' lang='lat' dir='ltr'><strong>sicut</strong></span> <span class='ocrx_word' id='word_1_617' title='bbox 3335 3909 3533 3974; x_wconf 86' lang='lat' dir='ltr'><strong>Isaias,</strong></span> <span class='ocrx_word' id='word_1_618' title='bbox 3557 3907 3788 3965; x_wconf 64' lang='lat' dir='ltr'><strong>sicutis-</strong></span> 
     </span>
    </p>
   </div>
   <div class='ocr_carea' id='block_1_76' title="bbox 487 3986 3788 4071">
    <p class='ocr_par' dir='ltr' id='par_1_76' title="bbox 487 3986 3788 4071">
     <span class='ocr_line' id='line_1_76' title="bbox 487 3986 3788 4071; baseline 0.003 -29"><span class='ocrx_word' id='word_1_619' title='bbox 487 3986 670 4044; x_wconf 86' lang='lat' dir='ltr'><strong>culare</strong></span> <span class='ocrx_word' id='word_1_620' title='bbox 683 3999 985 4056; x_wconf 88' lang='lat' dir='ltr'><strong>contactus,</strong></span> <span class='ocrx_word' id='word_1_621' title='bbox 1005 3991 1588 4065; x_wconf 65' lang='lat' dir='ltr'><strong>(Sap.vu,24)attingit</strong></span> <span class='ocrx_word' id='word_1_622' title='bbox 1605 3996 1748 4049; x_wconf 89' lang='lat' dir='ltr'><strong>enim</strong></span> <span class='ocrx_word' id='word_1_623' title='bbox 1772 3993 1959 4064; x_wconf 85' lang='lat' dir='ltr'><strong>ubique</strong></span> <span class='ocrx_word' id='word_1_624' title='bbox 1968 4009 2086 4064; x_wconf 87' lang='lat' dir='ltr'><strong>pro-</strong></span> <span class='ocrx_word' id='word_1_625' title='bbox 2186 4000 2991 4070; x_wconf 61' lang='lat' dir='ltr'><strong>remias,etcaaterihujusmodi</strong></span> <span class='ocrx_word' id='word_1_626' title='bbox 3013 3999 3436 4071; x_wconf 83' lang='lat' dir='ltr'><strong>fuerunt,atque</strong></span> <span class='ocrx_word' id='word_1_627' title='bbox 3449 4003 3612 4058; x_wconf 78' lang='lat' dir='ltr'><strong>istam</strong></span> <span class='ocrx_word' id='word_1_628' title='bbox 3628 4012 3788 4058; x_wconf 77' lang='lat' dir='ltr'><strong>trans-</strong></span> 
     </span>
    </p>
   </div>
   <div class='ocr_carea' id='block_1_77' title="bbox 483 4083 3788 4162">
    <p class='ocr_par' dir='ltr' id='par_1_77' title="bbox 483 4083 3788 4162">
     <span class='ocr_line' id='line_1_77' title="bbox 483 4083 3788 4162; baseline 0.004 -31"><span class='ocrx_word' id='word_1_629' title='bbox 483 4086 602 4148; x_wconf 85' lang='lat' dir='ltr'><strong>pter</strong></span> <span class='ocrx_word' id='word_1_630' title='bbox 628 4095 779 4134; x_wconf 88' lang='lat' dir='ltr'><strong>suam</strong></span> <span class='ocrx_word' id='word_1_631' title='bbox 816 4083 1166 4149; x_wconf 76' lang='lat' dir='ltr'><strong>munditiam,-</strong></span> <span class='ocrx_word' id='word_1_632' title='bbox 1193 4084 1360 4140; x_wconf 86' lang='lat' dir='ltr'><strong>allicit</strong></span> <span class='ocrx_word' id='word_1_633' title='bbox 1388 4095 1568 4140; x_wconf 90' lang='lat' dir='ltr'><strong>autem</strong></span> <span class='ocrx_word' id='word_1_634' title='bbox 1591 4100 1782 4140; x_wconf 87' lang='lat' dir='ltr'><strong>omnes</strong></span> <span class='ocrx_word' id='word_1_635' title='bbox 1829 4099 1937 4138; x_wconf 90' lang='lat' dir='ltr'><strong>non</strong></span> <span class='ocrx_word' id='word_1_636' title='bbox 1988 4098 2083 4138; x_wconf 86' lang='lat' dir='ltr'><strong>eo-</strong></span> <span class='ocrx_word' id='word_1_637' title='bbox 2187 4090 2428 4157; x_wconf 68' lang='lat' dir='ltr'><strong>impiam,</strong></span> <span class='ocrx_word' id='word_1_638' title='bbox 2461 4106 2582 4161; x_wconf 58' lang='lat' dir='ltr'><strong>qua;</strong></span> <span class='ocrx_word' id='word_1_639' title='bbox 2611 4093 2666 4146; x_wconf 80' lang='lat' dir='ltr'><strong>in</strong></span> <span class='ocrx_word' id='word_1_640' title='bbox 2697 4091 2825 4146; x_wconf 78' lang='lat' dir='ltr'><strong>Saul</strong></span> <span class='ocrx_word' id='word_1_641' title='bbox 2851 4092 3122 4162; x_wconf 82' lang='lat' dir='ltr'><strong>apparuit,</strong></span> <span class='ocrx_word' id='word_1_642' title='bbox 3153 4103 3423 4162; x_wconf 84' lang='lat' dir='ltr'><strong>quantum</strong></span> <span class='ocrx_word' id='word_1_643' title='bbox 3449 4095 3620 4149; x_wconf 76' lang='lat' dir='ltr'><strong>distat</strong></span> <span class='ocrx_word' id='word_1_644' title='bbox 3659 4095 3788 4147; x_wconf 78' lang='lat' dir='ltr'><strong>inter</strong></span> 
     </span>
    </p>
   </div>
   <div class='ocr_carea' id='block_1_78' title="bbox 489 4172 3786 4252">
    <p class='ocr_par' dir='ltr' id='par_1_78' title="bbox 489 4172 3786 4252">
     <span class='ocr_line' id='line_1_78' title="bbox 489 4172 3786 4252; baseline 0.003 -25"><span class='ocrx_word' id='word_1_645' title='bbox 489 4172 616 4229; x_wconf 88' lang='lat' dir='ltr'><strong>dem</strong></span> <span class='ocrx_word' id='word_1_646' title='bbox 674 4177 853 4244; x_wconf 75' lang='lat' dir='ltr'><strong>modo,</strong></span> <span class='ocrx_word' id='word_1_647' title='bbox 905 4180 1001 4234; x_wconf 87' lang='lat' dir='ltr'><strong>sed</strong></span> <span class='ocrx_word' id='word_1_648' title='bbox 1050 4180 1185 4235; x_wconf 88' lang='lat' dir='ltr'><strong>alios</strong></span> <span class='ocrx_word' id='word_1_649' title='bbox 1219 4196 1318 4250; x_wconf 90' lang='lat' dir='ltr'><strong>per</strong></span> <span class='ocrx_word' id='word_1_650' title='bbox 1363 4179 1796 4233; x_wconf 90' lang='lat' dir='ltr'><strong>informationem</strong></span> <span class='ocrx_word' id='word_1_651' title='bbox 1861 4177 2084 4246; x_wconf 86' lang='lat' dir='ltr'><strong>spiritus</strong></span> <span class='ocrx_word' id='word_1_652' title='bbox 2185 4181 2455 4252; x_wconf 89' lang='lat' dir='ltr'><strong>loquelam</strong></span> <span class='ocrx_word' id='word_1_653' title='bbox 2492 4184 2784 4238; x_wconf 88' lang='lat' dir='ltr'><strong>humanam</strong></span> <span class='ocrx_word' id='word_1_654' title='bbox 2812 4199 2936 4238; x_wconf 91' lang='lat' dir='ltr'><strong>cum</strong></span> <span class='ocrx_word' id='word_1_655' title='bbox 2956 4184 3250 4252; x_wconf 92' lang='lat' dir='ltr'><strong>loquuntur</strong></span> <span class='ocrx_word' id='word_1_656' title='bbox 3275 4185 3556 4251; x_wconf 89' lang='lat' dir='ltr'><strong>homines,</strong></span> <span class='ocrx_word' id='word_1_657' title='bbox 3586 4195 3639 4240; x_wconf 86' lang='lat' dir='ltr'><strong>et</strong></span> <span class='ocrx_word' id='word_1_658' title='bbox 3675 4200 3786 4238; x_wconf 79' lang='lat' dir='ltr'><strong>cura</strong></span> 
     </span>
    </p>
   </div>
   <div class='ocr_carea' id='block_1_79' title="bbox 485 4270 3783 4356">
    <p class='ocr_par' dir='ltr' id='par_1_79' title="bbox 485 4270 3783 4356">
     <span class='ocr_line' id='line_1_79' title="bbox 485 4270 3783 4356; baseline 0.004 -39"><span class='ocrx_word' id='word_1_659' title='bbox 485 4270 801 4356; x_wconf 66' lang='lat' dir='ltr'><strong>earumdem</strong></span> <span class='ocrx_word' id='word_1_660' title='bbox 877 4271 1178 4336; x_wconf 87' lang='lat' dir='ltr'><strong>hominum,</strong></span> <span class='ocrx_word' id='word_1_661' title='bbox 1231 4271 1323 4324; x_wconf 90' lang='lat' dir='ltr'><strong>ubi</strong></span> <span class='ocrx_word' id='word_1_662' title='bbox 1395 4285 1573 4323; x_wconf 87' lang='lat' dir='ltr'><strong>rerum</strong></span> <span class='ocrx_word' id='word_1_663' title='bbox 1645 4270 2083 4324; x_wconf 89' lang='lat' dir='ltr'><strong>demonstrantur</strong></span> <span class='ocrx_word' id='word_1_664' title='bbox 2185 4275 2374 4328; x_wconf 90' lang='lat' dir='ltr'><strong>eadem</strong></span> <span class='ocrx_word' id='word_1_665' title='bbox 2407 4273 2619 4342; x_wconf 89' lang='lat' dir='ltr'><strong>loquela</strong></span> <span class='ocrx_word' id='word_1_666' title='bbox 2657 4283 2877 4344; x_wconf 87' lang='lat' dir='ltr'><strong>propter</strong></span> <span class='ocrx_word' id='word_1_667' title='bbox 2911 4276 3281 4329; x_wconf 89' lang='lat' dir='ltr'><strong>necessarium</strong></span> <span class='ocrx_word' id='word_1_668' title='bbox 3312 4277 3783 4349; x_wconf 75' lang='lat' dir='ltr'><strong>prodigiumasina</strong></span> 
     </span>
    </p>
   </div>
   <div class='ocr_carea' id='block_1_80' title="bbox 487 4358 3783 4436">
    <p class='ocr_par' dir='ltr' id='par_1_80' title="bbox 487 4358 3783 4436">
     <span class='ocr_line' id='line_1_80' title="bbox 487 4358 3783 4436; baseline -0 -17"><span class='ocrx_word' id='word_1_669' title='bbox 487 4363 786 4435; x_wconf 87' lang='lat' dir='ltr'><strong>imagines;</strong></span> <span class='ocrx_word' id='word_1_670' title='bbox 845 4363 979 4417; x_wconf 89' lang='lat' dir='ltr'><strong>alios</strong></span> <span class='ocrx_word' id='word_1_671' title='bbox 1029 4379 1126 4432; x_wconf 90' lang='lat' dir='ltr'><strong>per</strong></span> <span class='ocrx_word' id='word_1_672' title='bbox 1186 4359 1425 4414; x_wconf 85' lang='lat' dir='ltr'><strong>fructum</strong></span> <span class='ocrx_word' id='word_1_673' title='bbox 1488 4359 1688 4414; x_wconf 89' lang='lat' dir='ltr'><strong>mentis</strong></span> <span class='ocrx_word' id='word_1_674' title='bbox 1756 4359 1822 4414; x_wconf 90' lang='lat' dir='ltr'><strong>ad</strong></span> <span class='ocrx_word' id='word_1_675' title='bbox 1885 4358 2082 4415; x_wconf 88' lang='lat' dir='ltr'><strong>intelli-</strong></span> <span class='ocrx_word' id='word_1_676' title='bbox 2184 4362 2363 4418; x_wconf 90' lang='lat' dir='ltr'><strong>locuta</strong></span> <span class='ocrx_word' id='word_1_677' title='bbox 2416 4372 2519 4429; x_wconf 89' lang='lat' dir='ltr'><strong>est,</strong></span> <span class='ocrx_word' id='word_1_678' title='bbox 2549 4364 2737 4436; x_wconf 81' lang='lat' dir='ltr'><strong>(Num.</strong></span> <span class='ocrx_word' id='word_1_679' title='bbox 2764 4381 2852 4430; x_wconf 87' lang='lat' dir='ltr'><strong>xx,</strong></span> <span class='ocrx_word' id='word_1_680' title='bbox 2879 4362 2972 4435; x_wconf 75' lang='lat'><strong>28)</strong></span> <span class='ocrx_word' id='word_1_681' title='bbox 3019 4365 3074 4420; x_wconf 89' lang='lat' dir='ltr'><strong>in</strong></span> <span class='ocrx_word' id='word_1_682' title='bbox 3131 4381 3238 4436; x_wconf 86' lang='lat' dir='ltr'><strong>qua</strong></span> <span class='ocrx_word' id='word_1_683' title='bbox 3295 4366 3529 4423; x_wconf 85' lang='lat' dir='ltr'><strong>sedebat</strong></span> <span class='ocrx_word' id='word_1_684' title='bbox 3581 4367 3783 4420; x_wconf 75' lang='lat' dir='ltr'><strong>Baalam</strong></span> 
     </span>
    </p>
   </div>
   <div class='ocr_carea' id='block_1_81' title="bbox 487 4451 3785 4530">
    <p class='ocr_par' dir='ltr' id='par_1_81' title="bbox 487 4451 3785 4530">
     <span class='ocr_line' id='line_1_81' title="bbox 487 4451 3785 4530; baseline 0.001 -20"><span class='ocrx_word' id='word_1_685' title='bbox 487 4455 745 4526; x_wconf 87' lang='lat' dir='ltr'><strong>gentiam,</strong></span> <span class='ocrx_word' id='word_1_686' title='bbox 801 4453 937 4508; x_wconf 90' lang='lat' dir='ltr'><strong>alios</strong></span> <span class='ocrx_word' id='word_1_687' title='bbox 985 4461 1213 4520; x_wconf 89' lang='lat' dir='ltr'><strong>utraque</strong></span> <span class='ocrx_word' id='word_1_688' title='bbox 1277 4451 1652 4521; x_wconf 85' lang='lat' dir='ltr'><strong>inspiratione,</strong></span> <span class='ocrx_word' id='word_1_689' title='bbox 1711 4451 1845 4506; x_wconf 89' lang='lat' dir='ltr'><strong>alios</strong></span> <span class='ocrx_word' id='word_1_690' title='bbox 1895 4460 2080 4506; x_wconf 88' lang='lat' dir='ltr'><strong>autem</strong></span> <span class='ocrx_word' id='word_1_691' title='bbox 2108 4517 2156 4530; x_wconf 41' lang='lat' dir='ltr'><strong>ﬁ</strong></span> <span class='ocrx_word' id='word_1_692' title='bbox 2185 4457 2498 4528; x_wconf 90' lang='lat' dir='ltr'><strong>propheta:</strong></span> <span class='ocrx_word' id='word_1_693' title='bbox 2537 4458 2744 4528; x_wconf 91' lang='lat' dir='ltr'><strong>accepit</strong></span> <span class='ocrx_word' id='word_1_694' title='bbox 2783 4459 2928 4513; x_wconf 90' lang='lat' dir='ltr'><strong>enim</strong></span> <span class='ocrx_word' id='word_1_695' title='bbox 2965 4459 3071 4515; x_wconf 91' lang='lat' dir='ltr'><strong>hoc</strong></span> <span class='ocrx_word' id='word_1_696' title='bbox 3127 4459 3198 4514; x_wconf 89' lang='lat' dir='ltr'><strong>ad</strong></span> <span class='ocrx_word' id='word_1_697' title='bbox 3261 4467 3481 4530; x_wconf 89' lang='lat' dir='ltr'><strong>tempus</strong></span> <span class='ocrx_word' id='word_1_698' title='bbox 3529 4461 3658 4516; x_wconf 91' lang='lat' dir='ltr'><strong>illud</strong></span> <span class='ocrx_word' id='word_1_699' title='bbox 3712 4458 3785 4528; x_wconf 78' lang='lat' dir='ltr'><strong>ju-</strong></span> 
     </span>
    </p>
   </div>
   <div class='ocr_carea' id='block_1_82' title="bbox 485 4517 3786 4618">
    <p class='ocr_par' dir='ltr' id='par_1_82' title="bbox 485 4517 3786 4618">
     <span class='ocr_line' id='line_1_82' title="bbox 485 4517 3786 4618; baseline 0 -16"><span class='ocrx_word' id='word_1_700' title='bbox 485 4548 814 4602; x_wconf 86' lang='lat' dir='ltr'><strong>nescientes.</strong></span> <span class='ocrx_word' id='word_1_701' title='bbox 887 4545 992 4599; x_wconf 90' lang='lat' dir='ltr'><strong>Per</strong></span> <span class='ocrx_word' id='word_1_702' title='bbox 1054 4543 1487 4598; x_wconf 88' lang='lat' dir='ltr'><strong>informationem</strong></span> <span class='ocrx_word' id='word_1_703' title='bbox 1568 4543 1809 4613; x_wconf 79' lang='lat' dir='ltr'><strong>Spiritus,</strong></span> <span class='ocrx_word' id='word_1_704' title='bbox 1875 4543 2084 4598; x_wconf 90' lang='lat' dir='ltr'><strong>duobus</strong></span> <span class='ocrx_word' id='word_1_705' title='bbox 2108 4517 2162 4576; x_wconf 84' lang='lat' dir='ltr'><strong>D</strong></span> <span class='ocrx_word' id='word_1_706' title='bbox 2197 4557 2460 4614; x_wconf 92' lang='lat' dir='ltr'><strong>mentum,</strong></span> <span class='ocrx_word' id='word_1_707' title='bbox 2498 4556 2556 4602; x_wconf 93' lang='lat' dir='ltr'><strong>ut</strong></span> <span class='ocrx_word' id='word_1_708' title='bbox 2584 4550 2726 4604; x_wconf 85' lang='lat' dir='ltr'><strong>Deus</strong></span> <span class='ocrx_word' id='word_1_709' title='bbox 2751 4549 2896 4618; x_wconf 93' lang='lat' dir='ltr'><strong>quod</strong></span> <span class='ocrx_word' id='word_1_710' title='bbox 2926 4558 3209 4614; x_wconf 86' lang='lat' dir='ltr'><strong>statuerat,</strong></span> <span class='ocrx_word' id='word_1_711' title='bbox 3245 4517 3786 4607; x_wconf 57' lang='lat' dir='ltr'><strong>demonstraretu-</strong></span> 
     </span>
    </p>
   </div>
   <div class='ocr_carea' id='block_1_83' title="bbox 484 4634 2084 4707">
    <p class='ocr_par' dir='ltr' id='par_1_83' title="bbox 484 4634 2084 4707">
     <span class='ocr_line' id='line_1_83' title="bbox 484 4634 2084 4707; baseline -0.003 -14"><span class='ocrx_word' id='word_1_712' title='bbox 484 4638 684 4703; x_wconf 89' lang='lat' dir='ltr'><strong>modis,</strong></span> <span class='ocrx_word' id='word_1_713' title='bbox 735 4645 830 4691; x_wconf 90' lang='lat' dir='ltr'><strong>aut</strong></span> <span class='ocrx_word' id='word_1_714' title='bbox 886 4651 984 4707; x_wconf 89' lang='lat' dir='ltr'><strong>per</strong></span> <span class='ocrx_word' id='word_1_715' title='bbox 1047 4635 1278 4700; x_wconf 87' lang='lat' dir='ltr'><strong>sonmia,</strong></span> <span class='ocrx_word' id='word_1_716' title='bbox 1339 4635 1478 4689; x_wconf 90' lang='lat' dir='ltr'><strong>sicut</strong></span> <span class='ocrx_word' id='word_1_717' title='bbox 1549 4650 1657 4688; x_wconf 89' lang='lat' dir='ltr'><strong>non</strong></span> <span class='ocrx_word' id='word_1_718' title='bbox 1740 4634 1914 4688; x_wconf 90' lang='lat' dir='ltr'><strong>solum</strong></span> <span class='ocrx_word' id='word_1_719' title='bbox 1971 4634 2084 4704; x_wconf 87' lang='lat' dir='ltr'><strong>ple—</strong></span> 
     </span>
    </p>
   </div>
   <div class='ocr_carea' id='block_1_84' title="bbox 485 4725 2080 4800">
    <p class='ocr_par' dir='ltr' id='par_1_84' title="bbox 485 4725 2080 4800">
     <span class='ocr_line' id='line_1_84' title="bbox 485 4725 2080 4800; baseline -0.003 -15"><span class='ocrx_word' id='word_1_720' title='bbox 485 4729 644 4800; x_wconf 84' lang='lat' dir='ltr'><strong>rique</strong></span> <span class='ocrx_word' id='word_1_721' title='bbox 667 4730 866 4796; x_wconf 89' lang='lat' dir='ltr'><strong>sancti,</strong></span> <span class='ocrx_word' id='word_1_722' title='bbox 893 4729 987 4784; x_wconf 90' lang='lat' dir='ltr'><strong>sed</strong></span> <span class='ocrx_word' id='word_1_723' title='bbox 1013 4736 1068 4782; x_wconf 91' lang='lat' dir='ltr'><strong>et</strong></span> <span class='ocrx_word' id='word_1_724' title='bbox 1093 4727 1246 4800; x_wconf 86' lang='lat' dir='ltr'><strong>(Gen.</strong></span> <span class='ocrx_word' id='word_1_725' title='bbox 1267 4742 1388 4792; x_wconf 78' lang='lat' dir='ltr'><strong>va,</strong></span> <span class='ocrx_word' id='word_1_726' title='bbox 1415 4727 1472 4798; x_wconf 73' lang='lat'><strong>2)</strong></span> <span class='ocrx_word' id='word_1_727' title='bbox 1502 4725 1736 4792; x_wconf 89' lang='lat' dir='ltr'><strong>Pharao,</strong></span> <span class='ocrx_word' id='word_1_728' title='bbox 1755 4733 1809 4780; x_wconf 90' lang='lat' dir='ltr'><strong>et</strong></span> <span class='ocrx_word' id='word_1_729' title='bbox 1837 4725 1998 4798; x_wconf 89' lang='lat' dir='ltr'><strong>(Dan.</strong></span> <span class='ocrx_word' id='word_1_730' title='bbox 2017 4743 2080 4793; x_wconf 75' lang='grc' dir='ltr'>ιι,</span> 
     </span>
    </p>
   </div>
   <div class='ocr_carea' id='block_1_85' title="bbox 398 4820 2082 4896">
    <p class='ocr_par' dir='ltr' id='par_1_85' title="bbox 398 4820 2082 4896">
     <span class='ocr_line' id='line_1_85' title="bbox 398 4820 2082 4896; baseline -0.005 -12"><span class='ocrx_word' id='word_1_731' title='bbox 398 4832 416 4884; x_wconf 58' lang='grc' dir='ltr'><strong>ι</strong></span> <span class='ocrx_word' id='word_1_732' title='bbox 485 4823 541 4889; x_wconf 77' lang='grc'><strong>1,</strong></span> <span class='ocrx_word' id='word_1_733' title='bbox 573 4833 621 4878; x_wconf 90' lang='lat' dir='ltr'><strong>et</strong></span> <span class='ocrx_word' id='word_1_734' title='bbox 652 4839 728 4891; x_wconf 82' lang='lat' dir='ltr'><strong>tv,</strong></span> <span class='ocrx_word' id='word_1_735' title='bbox 768 4823 822 4896; x_wconf 85' lang='grc'><strong>1)</strong></span> <span class='ocrx_word' id='word_1_736' title='bbox 851 4823 1350 4879; x_wconf 83' lang='lat' dir='ltr'><strong>Nabuchodonosor</strong></span> <span class='ocrx_word' id='word_1_737' title='bbox 1378 4838 1473 4878; x_wconf 84' lang='lat' dir='ltr'><strong>rex</strong></span> <span class='ocrx_word' id='word_1_738' title='bbox 1526 4821 1682 4887; x_wconf 85' lang='lat' dir='ltr'><strong>vidit,</strong></span> <span class='ocrx_word' id='word_1_739' title='bbox 1726 4820 1870 4891; x_wconf 88' lang='lat' dir='ltr'><strong>quod</strong></span> <span class='ocrx_word' id='word_1_740' title='bbox 1925 4837 2082 4876; x_wconf 89' lang='lat' dir='ltr'><strong>nemo</strong></span> 
     </span>
    </p>
   </div>
   <div class='ocr_carea' id='block_1_86' title="bbox 404 4914 2083 4988">
    <p class='ocr_par' dir='ltr' id='par_1_86' title="bbox 404 4914 2083 4988">
     <span class='ocr_line' id='line_1_86' title="bbox 404 4914 2083 4988; baseline 0 -18"><span class='ocrx_word' id='word_1_741' title='bbox 404 4943 414 4977; x_wconf 80' lang='grc'><strong>-,</strong></span> <span class='ocrx_word' id='word_1_742' title='bbox 483 4929 674 4970; x_wconf 89' lang='lat' dir='ltr'><strong>eorum</strong></span> <span class='ocrx_word' id='word_1_743' title='bbox 702 4917 1000 4988; x_wconf 88' lang='lat' dir='ltr'><strong>intelligere</strong></span> <span class='ocrx_word' id='word_1_744' title='bbox 1028 4915 1216 4982; x_wconf 89' lang='lat' dir='ltr'><strong>valuit,</strong></span> <span class='ocrx_word' id='word_1_745' title='bbox 1239 4915 1332 4971; x_wconf 91' lang='lat' dir='ltr'><strong>sed</strong></span> <span class='ocrx_word' id='word_1_746' title='bbox 1361 4924 1540 4970; x_wconf 91' lang='lat' dir='ltr'><strong>tamen</strong></span> <span class='ocrx_word' id='word_1_747' title='bbox 1565 4914 1749 4969; x_wconf 89' lang='lat' dir='ltr'><strong>videre</strong></span> <span class='ocrx_word' id='word_1_748' title='bbox 1786 4914 1972 4984; x_wconf 86' lang='lat' dir='ltr'><strong>utique</strong></span> <span class='ocrx_word' id='word_1_749' title='bbox 1986 4931 2083 4985; x_wconf 90' lang='lat' dir='ltr'><strong>po-</strong></span> 
     </span>
    </p>
   </div>
   <div class='ocr_carea' id='block_1_87' title="bbox 483 5009 2080 5079">
    <p class='ocr_par' dir='ltr' id='par_1_87' title="bbox 483 5009 2080 5079">
     <span class='ocr_line' id='line_1_87' title="bbox 483 5009 2080 5079; baseline 0.003 -19"><span class='ocrx_word' id='word_1_750' title='bbox 483 5015 859 5066; x_wconf 84' lang='lat' dir='ltr'><strong>tuerantzaut</strong></span> <span class='ocrx_word' id='word_1_751' title='bbox 903 5011 1364 5067; x_wconf 90' lang='lat' dir='ltr'><strong>demonstratione</strong></span> <span class='ocrx_word' id='word_1_752' title='bbox 1390 5011 1445 5064; x_wconf 90' lang='lat' dir='ltr'><strong>in</strong></span> <span class='ocrx_word' id='word_1_753' title='bbox 1475 5010 1671 5076; x_wconf 78' lang='lat' dir='ltr'><strong>extasi,</strong></span> <span class='ocrx_word' id='word_1_754' title='bbox 1728 5010 1872 5079; x_wconf 90' lang='lat' dir='ltr'><strong>quod</strong></span> <span class='ocrx_word' id='word_1_755' title='bbox 1900 5009 2080 5064; x_wconf 88' lang='lat' dir='ltr'><strong>Latini</strong></span> 
     </span>
    </p>
   </div>
   <div class='ocr_carea' id='block_1_88' title="bbox 482 5100 2080 5172">
    <p class='ocr_par' dir='ltr' id='par_1_88' title="bbox 482 5100 2080 5172">
     <span class='ocr_line' id='line_1_88' title="bbox 482 5100 2080 5172; baseline 0.001 -18"><span class='ocrx_word' id='word_1_756' title='bbox 482 5100 728 5156; x_wconf 89' lang='lat' dir='ltr'><strong>nonnulli</strong></span> <span class='ocrx_word' id='word_1_757' title='bbox 781 5113 804 5141; x_wconf 80' lang='grc' dir='ltr'><strong>ο</strong></span> <span class='ocrx_word' id='word_1_758' title='bbox 856 5119 1099 5172; x_wconf 80' lang='lat' dir='ltr'><strong>pavorem</strong></span> <span class='ocrx_word' id='word_1_759' title='bbox 1127 5105 1572 5172; x_wconf 87' lang='lat' dir='ltr'><strong>interpretantur.</strong></span> <span class='ocrx_word' id='word_1_760' title='bbox 1621 5100 1817 5155; x_wconf 84' lang='lat' dir='ltr'><strong>Mirum</strong></span> <span class='ocrx_word' id='word_1_761' title='bbox 1866 5101 1911 5156; x_wconf 90' lang='lat' dir='ltr'><strong>si</strong></span> <span class='ocrx_word' id='word_1_762' title='bbox 1953 5116 2080 5171; x_wconf 91' lang='lat' dir='ltr'><strong>pro-</strong></span> 
     </span>
    </p>
   </div>
   <div class='ocr_carea' id='block_1_89' title="bbox 553 5285 1180 5356">
    <p class='ocr_par' dir='ltr' id='par_1_89' title="bbox 553 5285 1180 5356">
     <span class='ocr_line' id='line_1_89' title="bbox 553 5285 1180 5356; baseline -0.003 -16"><span class='ocrx_word' id='word_1_763' title='bbox 553 5300 580 5328; x_wconf 76' lang='grc' dir='ltr'>ει</span> <span class='ocrx_word' id='word_1_764' title='bbox 604 5285 834 5341; x_wconf 82' lang='lat' dir='ltr'><strong>Additur</strong></span> <span class='ocrx_word' id='word_1_765' title='bbox 863 5285 1180 5356; x_wconf 87' lang='lat' dir='ltr'><strong>spiritualis.</strong></span> 
     </span>
    </p>
   </div>
   <div class='ocr_carea' id='block_1_90' title="bbox 550 5353 2082 5426">
    <p class='ocr_par' dir='ltr' id='par_1_90' title="bbox 550 5353 2082 5426">
     <span class='ocr_line' id='line_1_90' title="bbox 550 5353 2082 5426; baseline -0.001 -13"><span class='ocrx_word' id='word_1_766' title='bbox 550 5359 581 5398; x_wconf 72' lang='grc' dir='ltr'>ι)</span> <span class='ocrx_word' id='word_1_767' title='bbox 607 5359 739 5413; x_wconf 92' lang='lat' dir='ltr'><strong>Deu.</strong></span> <span class='ocrx_word' id='word_1_768' title='bbox 772 5357 860 5414; x_wconf 70' lang='grc'><strong>52.</strong></span> <span class='ocrx_word' id='word_1_769' title='bbox 889 5353 979 5420; x_wconf 76' lang='lat' dir='ltr'><strong>Il,</strong></span> <span class='ocrx_word' id='word_1_770' title='bbox 1018 5358 1151 5426; x_wconf 77' lang='lat' dir='ltr'><strong>[luat</strong></span> <span class='ocrx_word' id='word_1_771' title='bbox 1189 5364 1246 5410; x_wconf 90' lang='lat' dir='ltr'><strong>ut</strong></span> <span class='ocrx_word' id='word_1_772' title='bbox 1278 5371 1362 5410; x_wconf 90' lang='lat' dir='ltr'><strong>ros</strong></span> <span class='ocrx_word' id='word_1_773' title='bbox 1387 5353 1650 5426; x_wconf 84' lang='lat' dir='ltr'><strong>eloquium</strong></span> <span class='ocrx_word' id='word_1_774' title='bbox 1680 5368 1854 5408; x_wconf 88' lang='lat' dir='ltr'><strong>meum</strong></span> <span class='ocrx_word' id='word_1_775' title='bbox 1877 5370 1898 5421; x_wconf 78' lang='lat'><strong>,&#39;</strong></span> <span class='ocrx_word' id='word_1_776' title='bbox 1926 5355 2082 5426; x_wconf 88' lang='lat' dir='ltr'><strong>quasi</strong></span> 
     </span>
    </p>
   </div>
   <div class='ocr_carea' id='block_1_91' title="bbox 476 5427 1220 5498">
    <p class='ocr_par' dir='ltr' id='par_1_91' title="bbox 476 5427 1220 5498">
     <span class='ocr_line' id='line_1_91' title="bbox 476 5427 1220 5498; baseline -0.005 -13"><span class='ocrx_word' id='word_1_777' title='bbox 476 5429 645 5485; x_wconf 84' lang='lat' dir='ltr'><strong>imber</strong></span> <span class='ocrx_word' id='word_1_778' title='bbox 669 5444 824 5498; x_wconf 80' lang='lat' dir='ltr'><strong>super</strong></span> <span class='ocrx_word' id='word_1_779' title='bbox 848 5427 1085 5492; x_wconf 85' lang='lat' dir='ltr'><strong>herbam,</strong></span> <span class='ocrx_word' id='word_1_780' title='bbox 1111 5436 1220 5482; x_wconf 89' lang='lat' dir='ltr'><strong>etc.</strong></span> 
     </span>
    </p>
   </div>
   <div class='ocr_carea' id='block_1_92' title="bbox 551 5497 1733 5569">
    <p class='ocr_par' dir='ltr' id='par_1_92' title="bbox 551 5497 1733 5569">
     <span class='ocr_line' id='line_1_92' title="bbox 551 5497 1733 5569; baseline 0.013 -16"><span class='ocrx_word' id='word_1_781' title='bbox 551 5512 574 5541; x_wconf 78' lang='grc' dir='ltr'><strong>ο</strong></span> <span class='ocrx_word' id='word_1_782' title='bbox 601 5502 652 5555; x_wconf 89' lang='grc'><strong>7.</strong></span> <span class='ocrx_word' id='word_1_783' title='bbox 684 5497 768 5554; x_wconf 81' lang='grc'><strong>15.</strong></span> <span class='ocrx_word' id='word_1_784' title='bbox 795 5497 1151 5569; x_wconf 86' lang='lat' dir='ltr'><strong>Prosequitur</strong></span> <span class='ocrx_word' id='word_1_785' title='bbox 1176 5498 1337 5553; x_wconf 87' lang='lat' dir='ltr'><strong>Beda.</strong></span> <span class='ocrx_word' id='word_1_786' title='bbox 1537 5568 1540 5569; x_wconf 21' lang='grc' dir='ltr'><em>ν</em></span> <span class='ocrx_word' id='word_1_787' title='bbox 1609 5567 1651 5569; x_wconf 50' lang='lat'><strong>_,</strong></span> <span class='ocrx_word' id='word_1_788' title='bbox 1729 5564 1733 5568; x_wconf 88' lang='lat'><strong>.</strong></span> 
     </span>
    </p>
   </div>
   <div class='ocr_carea' id='block_1_93' title="bbox 546 5567 2080 5640">
    <p class='ocr_par' dir='ltr' id='par_1_93' title="bbox 546 5567 2080 5640">
     <span class='ocr_line' id='line_1_93' title="bbox 546 5567 2080 5640; baseline -0.001 -13"><span class='ocrx_word' id='word_1_789' title='bbox 546 5572 576 5612; x_wconf 77' lang='grc' dir='ltr'>ά</span> <span class='ocrx_word' id='word_1_790' title='bbox 599 5573 743 5635; x_wconf 66' lang='lat' dir='ltr'><strong>Haec,</strong></span> <span class='ocrx_word' id='word_1_791' title='bbox 777 5586 897 5640; x_wconf 81' lang='lat' dir='ltr'><strong>quae</strong></span> <span class='ocrx_word' id='word_1_792' title='bbox 929 5567 1253 5640; x_wconf 79' lang='lat' dir='ltr'><strong>sequuntur,</strong></span> <span class='ocrx_word' id='word_1_793' title='bbox 1275 5568 1575 5640; x_wconf 88' lang='lat' dir='ltr'><strong>desumpsit</strong></span> <span class='ocrx_word' id='word_1_794' title='bbox 1595 5567 1854 5624; x_wconf 90' lang='lat' dir='ltr'><strong>Claudius</strong></span> <span class='ocrx_word' id='word_1_795' title='bbox 1880 5583 1947 5625; x_wconf 81' lang='lat' dir='ltr'><strong>ex</strong></span> <span class='ocrx_word' id='word_1_796' title='bbox 1969 5568 2080 5625; x_wconf 84' lang='lat' dir='ltr'><strong>Au-</strong></span> 
     </span>
    </p>
   </div>
   <div class='ocr_carea' id='block_1_94' title="bbox 474 5641 2075 5716">
    <p class='ocr_par' dir='ltr' id='par_1_94' title="bbox 474 5641 2075 5716">
     <span class='ocr_line' id='line_1_94' title="bbox 474 5641 2075 5716; baseline -0.002 -16"><span class='ocrx_word' id='word_1_797' title='bbox 474 5645 691 5716; x_wconf 80' lang='lat' dir='ltr'><strong>gustino</strong></span> <span class='ocrx_word' id='word_1_798' title='bbox 726 5644 863 5698; x_wconf 91' lang='lat' dir='ltr'><strong>libro</strong></span> <span class='ocrx_word' id='word_1_799' title='bbox 887 5658 940 5716; x_wconf 82' lang='grc' dir='ltr'><strong>ιι</strong></span> <span class='ocrx_word' id='word_1_800' title='bbox 972 5642 1336 5716; x_wconf 59' lang='lat' dir='ltr'><strong>Quaestionum</strong></span> <span class='ocrx_word' id='word_1_801' title='bbox 1364 5642 1431 5696; x_wconf 91' lang='lat' dir='ltr'><strong>ad</strong></span> <span class='ocrx_word' id='word_1_802' title='bbox 1461 5641 1894 5710; x_wconf 80' lang='lat' dir='ltr'><strong>Simplicianum,</strong></span> <span class='ocrx_word' id='word_1_803' title='bbox 1925 5658 2075 5713; x_wconf 69' lang='lat' dir='ltr'><strong>quae-</strong></span> 
     </span>
    </p>
   </div>
   <div class='ocr_carea' id='block_1_95' title="bbox 473 5714 1434 5786">
    <p class='ocr_par' dir='ltr' id='par_1_95' title="bbox 473 5714 1434 5786">
     <span class='ocr_line' id='line_1_95' title="bbox 473 5714 1434 5786; baseline -0.006 -14"><span class='ocrx_word' id='word_1_804' title='bbox 473 5714 652 5772; x_wconf 71' lang='lat' dir='ltr'><strong>stione</strong></span> <span class='ocrx_word' id='word_1_805' title='bbox 674 5718 790 5786; x_wconf 87' lang='lat' dir='ltr'><strong>ipsa</strong></span> <span class='ocrx_word' id='word_1_806' title='bbox 816 5715 990 5785; x_wconf 90' lang='lat' dir='ltr'><strong>prima</strong></span> <span class='ocrx_word' id='word_1_807' title='bbox 1026 5715 1141 5769; x_wconf 67' lang='lat' dir='ltr'><strong>haec</strong></span> <span class='ocrx_word' id='word_1_808' title='bbox 1169 5714 1434 5786; x_wconf 63' lang='lat' dir='ltr'><strong>tradente.</strong></span> 
     </span>
    </p>
   </div>
   <div class='ocr_carea' id='block_1_96' title="bbox 551 5782 1998 5863">
    <p class='ocr_par' dir='ltr' id='par_1_96' title="bbox 551 5782 1998 5863">
     <span class='ocr_line' id='line_1_96' title="bbox 551 5782 1998 5863; baseline -0.001 -20"><span class='ocrx_word' id='word_1_809' title='bbox 551 5798 577 5830; x_wconf 76' lang='grc' dir='ltr'><strong><em>ο</em></strong></span> <span class='ocrx_word' id='word_1_810' title='bbox 605 5782 938 5863; x_wconf 78' lang='lat' dir='ltr'><strong>Augustinus</strong></span> <span class='ocrx_word' id='word_1_811' title='bbox 967 5785 1144 5840; x_wconf 87' lang='lat' dir='ltr'><strong>editus</strong></span> <span class='ocrx_word' id='word_1_812' title='bbox 1179 5801 1209 5839; x_wconf 91' lang='lat' dir='ltr'><strong>a</strong></span> <span class='ocrx_word' id='word_1_813' title='bbox 1237 5784 1296 5837; x_wconf 87' lang='lat' dir='ltr'><strong>P.</strong></span> <span class='ocrx_word' id='word_1_814' title='bbox 1326 5783 1385 5836; x_wconf 80' lang='grc' dir='ltr'><strong>Ρ.</strong></span> <span class='ocrx_word' id='word_1_815' title='bbox 1413 5782 1469 5838; x_wconf 89' lang='lat' dir='ltr'><strong>S.</strong></span> <span class='ocrx_word' id='word_1_816' title='bbox 1493 5783 1684 5849; x_wconf 82' lang='lat' dir='ltr'><strong>Mauri,</strong></span> <span class='ocrx_word' id='word_1_817' title='bbox 1716 5792 1998 5856; x_wconf 86' lang='lat' dir='ltr'><strong>stuporem.</strong></span> 
     </span>
    </p>
   </div>
   <div class='ocr_carea' id='block_1_97' title="bbox 2195 4641 3784 4713">
    <p class='ocr_par' dir='ltr' id='par_1_97' title="bbox 2195 4641 3784 4713">
     <span class='ocr_line' id='line_1_97' title="bbox 2195 4641 3784 4713; baseline 0.001 -18"><span class='ocrx_word' id='word_1_818' title='bbox 2195 4641 2263 4696; x_wconf 89' lang='lat' dir='ltr'><strong>de</strong></span> <span class='ocrx_word' id='word_1_819' title='bbox 2287 4656 2393 4696; x_wconf 93' lang='lat' dir='ltr'><strong>non</strong></span> <span class='ocrx_word' id='word_1_820' title='bbox 2427 4642 2612 4695; x_wconf 83' lang='lat' dir='ltr'><strong>habitu</strong></span> <span class='ocrx_word' id='word_1_821' title='bbox 2638 4649 2900 4712; x_wconf 88' lang='lat' dir='ltr'><strong>perpetuo</strong></span> <span class='ocrx_word' id='word_1_822' title='bbox 2938 4642 3082 4696; x_wconf 91' lang='lat' dir='ltr'><strong>inter</strong></span> <span class='ocrx_word' id='word_1_823' title='bbox 3118 4643 3368 4699; x_wconf 82' lang='lat' dir='ltr'><strong>homines</strong></span> <span class='ocrx_word' id='word_1_824' title='bbox 3408 4643 3587 4699; x_wconf 84' lang='lat' dir='ltr'><strong>bestia</strong></span> <span class='ocrx_word' id='word_1_825' title='bbox 3610 4642 3784 4713; x_wconf 72' lang='lat' dir='ltr'><strong>loque-</strong></span> 
     </span>
    </p>
   </div>
   <div class='ocr_carea' id='block_1_98' title="bbox 2193 4734 3788 4806">
    <p class='ocr_par' dir='ltr' id='par_1_98' title="bbox 2193 4734 3788 4806">
     <span class='ocr_line' id='line_1_98' title="bbox 2193 4734 3788 4806; baseline -0.001 -17"><span class='ocrx_word' id='word_1_826' title='bbox 2193 4741 2380 4789; x_wconf 91' lang='lat' dir='ltr'><strong>retur:</strong></span> <span class='ocrx_word' id='word_1_827' title='bbox 2410 4743 2503 4788; x_wconf 88' lang='lat' dir='ltr'><strong>aut</strong></span> <span class='ocrx_word' id='word_1_828' title='bbox 2543 4734 2588 4788; x_wconf 88' lang='lat' dir='ltr'><strong>si</strong></span> <span class='ocrx_word' id='word_1_829' title='bbox 2628 4735 2731 4790; x_wconf 90' lang='lat' dir='ltr'><strong>hoc</strong></span> <span class='ocrx_word' id='word_1_830' title='bbox 2764 4734 3072 4806; x_wconf 83' lang='lat' dir='ltr'><strong>exemplum</strong></span> <span class='ocrx_word' id='word_1_831' title='bbox 3113 4735 3321 4806; x_wconf 83' lang='lat' dir='ltr'><strong>majore</strong></span> <span class='ocrx_word' id='word_1_832' title='bbox 3357 4737 3671 4792; x_wconf 75' lang='lat' dir='ltr'><strong>differentia</strong></span> <span class='ocrx_word' id='word_1_833' title='bbox 3713 4750 3788 4788; x_wconf 76' lang='lat' dir='ltr'><strong>re-</strong></span> 
     </span>
    </p>
   </div>
   <div class='ocr_carea' id='block_1_99' title="bbox 2191 4826 3787 4894">
    <p class='ocr_par' dir='ltr' id='par_1_99' title="bbox 2191 4826 3787 4894">
     <span class='ocr_line' id='line_1_99' title="bbox 2191 4826 3787 4894; baseline -0.001 -14"><span class='ocrx_word' id='word_1_834' title='bbox 2191 4835 2396 4881; x_wconf 90' lang='lat' dir='ltr'><strong>motum</strong></span> <span class='ocrx_word' id='word_1_835' title='bbox 2427 4834 2530 4894; x_wconf 89' lang='lat' dir='ltr'><strong>est,</strong></span> <span class='ocrx_word' id='word_1_836' title='bbox 2561 4826 2729 4881; x_wconf 91' lang='lat' dir='ltr'><strong>multo</strong></span> <span class='ocrx_word' id='word_1_837' title='bbox 2755 4827 2938 4882; x_wconf 90' lang='lat' dir='ltr'><strong>minus</strong></span> <span class='ocrx_word' id='word_1_838' title='bbox 2977 4828 3288 4884; x_wconf 88' lang='lat' dir='ltr'><strong>mirandum</strong></span> <span class='ocrx_word' id='word_1_839' title='bbox 3333 4838 3423 4884; x_wconf 91' lang='lat' dir='ltr'><strong>est</strong></span> <span class='ocrx_word' id='word_1_840' title='bbox 3467 4829 3680 4883; x_wconf 88' lang='lat' dir='ltr'><strong>homini</strong></span> <span class='ocrx_word' id='word_1_841' title='bbox 3711 4840 3787 4878; x_wconf 79' lang='lat' dir='ltr'><strong>re-</strong></span> 
     </span>
    </p>
   </div>
   <div class='ocr_carea' id='block_1_100' title="bbox 2189 4915 3788 4990">
    <p class='ocr_par' dir='ltr' id='par_1_100' title="bbox 2189 4915 3788 4990">
     <span class='ocr_line' id='line_1_100' title="bbox 2189 4915 3788 4990; baseline -0.001 -20"><span class='ocrx_word' id='word_1_842' title='bbox 2189 4917 2360 4985; x_wconf 89' lang='lat' dir='ltr'><strong>probo</strong></span> <span class='ocrx_word' id='word_1_843' title='bbox 2395 4918 2576 4972; x_wconf 90' lang='lat' dir='ltr'><strong>datam</strong></span> <span class='ocrx_word' id='word_1_844' title='bbox 2615 4917 2781 4973; x_wconf 86' lang='lat' dir='ltr'><strong>fuisse</strong></span> <span class='ocrx_word' id='word_1_845' title='bbox 2815 4919 2883 4974; x_wconf 88' lang='lat' dir='ltr'><strong>ad</strong></span> <span class='ocrx_word' id='word_1_846' title='bbox 2911 4929 3245 4974; x_wconf 89' lang='lat' dir='ltr'><strong>momentum</strong></span> <span class='ocrx_word' id='word_1_847' title='bbox 3279 4920 3568 4990; x_wconf 88' lang='lat' dir='ltr'><strong>temporis,</strong></span> <span class='ocrx_word' id='word_1_848' title='bbox 3600 4915 3788 4970; x_wconf 71' lang='lat' dir='ltr'><strong>aﬂectu</strong></span> 
     </span>
    </p>
   </div>
   <div class='ocr_carea' id='block_1_101' title="bbox 2191 5008 3784 5082">
    <p class='ocr_par' dir='ltr' id='par_1_101' title="bbox 2191 5008 3784 5082">
     <span class='ocr_line' id='line_1_101' title="bbox 2191 5008 3784 5082; baseline 0.003 -21"><span class='ocrx_word' id='word_1_849' title='bbox 2191 5009 2508 5066; x_wconf 90' lang='lat' dir='ltr'><strong>transitorio</strong></span> <span class='ocrx_word' id='word_1_850' title='bbox 2564 5011 2926 5081; x_wconf 89' lang='lat' dir='ltr'><strong>prophetiam,</strong></span> <span class='ocrx_word' id='word_1_851' title='bbox 2960 5013 3217 5082; x_wconf 90' lang='lat' dir='ltr'><strong>quoniam</strong></span> <span class='ocrx_word' id='word_1_852' title='bbox 3278 5011 3366 5067; x_wconf 90' lang='lat' dir='ltr'><strong>ille</strong></span> <span class='ocrx_word' id='word_1_853' title='bbox 3416 5013 3664 5074; x_wconf 84' lang='lat' dir='ltr'><strong>dederat,</strong></span> <span class='ocrx_word' id='word_1_854' title='bbox 3701 5008 3784 5077; x_wconf 79' lang='lat' dir='ltr'><strong>qni</strong></span> 
     </span>
    </p>
   </div>
   <div class='ocr_carea' id='block_1_102' title="bbox 2187 5099 3790 5176">
    <p class='ocr_par' dir='ltr' id='par_1_102' title="bbox 2187 5099 3790 5176">
     <span class='ocr_line' id='line_1_102' title="bbox 2187 5099 3790 5176; baseline -0.001 -21"><span class='ocrx_word' id='word_1_855' title='bbox 2187 5107 2242 5155; x_wconf 91' lang='lat' dir='ltr'><strong>et</strong></span> <span class='ocrx_word' id='word_1_856' title='bbox 2276 5101 2508 5170; x_wconf 88' lang='lat' dir='ltr'><strong>asinam,</strong></span> <span class='ocrx_word' id='word_1_857' title='bbox 2542 5118 2664 5159; x_wconf 91' lang='lat' dir='ltr'><strong>cum</strong></span> <span class='ocrx_word' id='word_1_858' title='bbox 2702 5103 2892 5171; x_wconf 89' lang='lat' dir='ltr'><strong>voluit,</strong></span> <span class='ocrx_word' id='word_1_859' title='bbox 2920 5103 3068 5175; x_wconf 90' lang='lat' dir='ltr'><strong>loqui</strong></span> <span class='ocrx_word' id='word_1_860' title='bbox 3101 5103 3248 5161; x_wconf 88' lang='lat' dir='ltr'><strong>fecit.</strong></span> <span class='ocrx_word' id='word_1_861' title='bbox 3300 5103 3474 5176; x_wconf 81' lang='lat' dir='ltr'><strong>Magis</strong></span> <span class='ocrx_word' id='word_1_862' title='bbox 3526 5105 3675 5160; x_wconf 82' lang='lat' dir='ltr'><strong>enim</strong></span> <span class='ocrx_word' id='word_1_863' title='bbox 3715 5099 3790 5154; x_wconf 86' lang='lat' dir='ltr'><strong>di—</strong></span> 
     </span>
    </p>
   </div>
   <div class='ocr_carea' id='block_1_103' title="bbox 2266 5283 3464 5356">
    <p class='ocr_par' dir='ltr' id='par_1_103' title="bbox 2266 5283 3464 5356">
     <span class='ocr_line' id='line_1_103' title="bbox 2266 5283 3464 5356; baseline 0.002 -18"><span class='ocrx_word' id='word_1_864' title='bbox 2266 5285 2285 5323; x_wconf 71' lang='lat' dir='ltr'><strong>f</strong></span> <span class='ocrx_word' id='word_1_865' title='bbox 2320 5283 2476 5340; x_wconf 82' lang='lat' dir='ltr'><strong>Acto.</strong></span> <span class='ocrx_word' id='word_1_866' title='bbox 2516 5285 2600 5340; x_wconf 79' lang='grc'><strong>10.</strong></span> <span class='ocrx_word' id='word_1_867' title='bbox 2629 5285 2840 5356; x_wconf 83' lang='lat' dir='ltr'><strong>ll.sed</strong></span> <span class='ocrx_word' id='word_1_868' title='bbox 2864 5283 3089 5356; x_wconf 76' lang='lat' dir='ltr'><strong>Vulgata</strong></span> <span class='ocrx_word' id='word_1_869' title='bbox 3117 5285 3246 5356; x_wconf 89' lang='lat' dir='ltr'><strong>legit</strong></span> <span class='ocrx_word' id='word_1_870' title='bbox 3273 5285 3464 5341; x_wconf 84' lang='lat' dir='ltr'><strong>initiis.</strong></span> 
     </span>
    </p>
   </div>
   <div class='ocr_carea' id='block_1_104' title="bbox 2261 5355 3788 5428">
    <p class='ocr_par' dir='ltr' id='par_1_104' title="bbox 2261 5355 3788 5428">
     <span class='ocr_line' id='line_1_104' title="bbox 2261 5355 3788 5428; baseline 0.001 -18"><span class='ocrx_word' id='word_1_871' title='bbox 2261 5357 2641 5428; x_wconf 0' lang='lat' dir='ltr'><strong>“(Augustinus</strong></span> <span class='ocrx_word' id='word_1_872' title='bbox 2674 5355 2849 5410; x_wconf 89' lang='lat' dir='ltr'><strong>editus</strong></span> <span class='ocrx_word' id='word_1_873' title='bbox 2875 5372 2887 5408; x_wconf 90' lang='lat'><strong>:</strong></span> <span class='ocrx_word' id='word_1_874' title='bbox 2936 5355 3215 5422; x_wconf 78' lang='lat' dir='ltr'><strong>revelatur,</strong></span> <span class='ocrx_word' id='word_1_875' title='bbox 3247 5357 3344 5412; x_wconf 88' lang='lat' dir='ltr'><strong>sed</strong></span> <span class='ocrx_word' id='word_1_876' title='bbox 3364 5357 3545 5413; x_wconf 85' lang='lat' dir='ltr'><strong>nostri</strong></span> <span class='ocrx_word' id='word_1_877' title='bbox 3566 5356 3788 5414; x_wconf 83' lang='lat' dir='ltr'><strong>Codicis</strong></span> 
     </span>
    </p>
   </div>
   <div class='ocr_carea' id='block_1_105' title="bbox 2183 5427 2743 5496">
    <p class='ocr_par' dir='ltr' id='par_1_105' title="bbox 2183 5427 2743 5496">
     <span class='ocr_line' id='line_1_105' title="bbox 2183 5427 2743 5496; baseline -0.004 -15"><span class='ocrx_word' id='word_1_878' title='bbox 2183 5427 2469 5484; x_wconf 84' lang='lat' dir='ltr'><strong>lectionem</strong></span> <span class='ocrx_word' id='word_1_879' title='bbox 2497 5427 2743 5496; x_wconf 65' lang='lat' dir='ltr'><strong>praefero.</strong></span> 
     </span>
    </p>
   </div>
   <div class='ocr_carea' id='block_1_106' title="bbox 2253 5497 3786 5572">
    <p class='ocr_par' dir='ltr' id='par_1_106' title="bbox 2253 5497 3786 5572">
     <span class='ocr_line' id='line_1_106' title="bbox 2253 5497 3786 5572; baseline 0.002 -19"><span class='ocrx_word' id='word_1_880' title='bbox 2253 5501 2282 5540; x_wconf 77' lang='lat' dir='ltr'><strong>h</strong></span> <span class='ocrx_word' id='word_1_881' title='bbox 2308 5500 2406 5554; x_wconf 86' lang='lat' dir='ltr'><strong>llic</strong></span> <span class='ocrx_word' id='word_1_882' title='bbox 2431 5499 2532 5553; x_wconf 68' lang='lat' dir='ltr'><strong>alii</strong></span> <span class='ocrx_word' id='word_1_883' title='bbox 2561 5497 2841 5553; x_wconf 89' lang='lat' dir='ltr'><strong>interserit</strong></span> <span class='ocrx_word' id='word_1_884' title='bbox 2858 5497 3214 5568; x_wconf 84' lang='lat' dir='ltr'><strong>Augustinus,</strong></span> <span class='ocrx_word' id='word_1_885' title='bbox 3229 5514 3351 5570; x_wconf 74' lang='lat' dir='ltr'><strong>qua:</strong></span> <span class='ocrx_word' id='word_1_886' title='bbox 3364 5499 3621 5558; x_wconf 87' lang='lat' dir='ltr'><strong>Claudius</strong></span> <span class='ocrx_word' id='word_1_887' title='bbox 3635 5516 3786 5572; x_wconf 61' lang='lat' dir='ltr'><strong>pra-</strong></span> 
     </span>
    </p>
   </div>
   <div class='ocr_carea' id='block_1_107' title="bbox 2182 5573 2327 5626">
    <p class='ocr_par' dir='ltr' id='par_1_107' title="bbox 2182 5573 2327 5626">
     <span class='ocr_line' id='line_1_107' title="bbox 2182 5573 2327 5626; baseline -0.014 0"><span class='ocrx_word' id='word_1_888' title='bbox 2182 5573 2327 5626; x_wconf 90' lang='lat' dir='ltr'><strong>terit.</strong></span> 
     </span>
    </p>
   </div>
   <div class='ocr_carea' id='block_1_108' title="bbox 2261 5642 3788 5716">
    <p class='ocr_par' dir='ltr' id='par_1_108' title="bbox 2261 5642 3788 5716">
     <span class='ocr_line' id='line_1_108' title="bbox 2261 5642 3788 5716; baseline 0.001 -20"><span class='ocrx_word' id='word_1_889' title='bbox 2261 5646 2275 5684; x_wconf 84' lang='grc' dir='ltr'><strong>ί</strong></span> <span class='ocrx_word' id='word_1_890' title='bbox 2309 5642 2478 5716; x_wconf 87' lang='lat' dir='ltr'><strong>Verba</strong></span> <span class='ocrx_word' id='word_1_891' title='bbox 2508 5643 2656 5716; x_wconf 47' lang='lat' dir='ltr'><strong>haec:</strong></span> <span class='ocrx_word' id='word_1_892' title='bbox 2690 5644 3125 5716; x_wconf 81' lang='lat' dir='ltr'><strong>quantumdistat</strong></span> <span class='ocrx_word' id='word_1_893' title='bbox 3153 5644 3424 5714; x_wconf 86' lang='lat' dir='ltr'><strong>prophetia</strong></span> <span class='ocrx_word' id='word_1_894' title='bbox 3447 5643 3578 5699; x_wconf 77' lang='lat' dir='ltr'><strong>Saul</strong></span> <span class='ocrx_word' id='word_1_895' title='bbox 3596 5664 3628 5698; x_wconf 78' lang='grc' dir='ltr'>α</span> <span class='ocrx_word' id='word_1_896' title='bbox 3659 5663 3788 5716; x_wconf 76' lang='lat' dir='ltr'><strong>pro-</strong></span> 
     </span>
    </p>
   </div>
   <div class='ocr_carea' id='block_1_109' title="bbox 2179 5713 3618 5785">
    <p class='ocr_par' dir='ltr' id='par_1_109' title="bbox 2179 5713 3618 5785">
     <span class='ocr_line' id='line_1_109' title="bbox 2179 5713 3618 5785; baseline 0.005 -19"><span class='ocrx_word' id='word_1_897' title='bbox 2179 5713 2347 5782; x_wconf 81' lang='lat' dir='ltr'><strong>pltelis</strong></span> <span class='ocrx_word' id='word_1_898' title='bbox 2374 5729 2390 5766; x_wconf 93' lang='lat'><em>:</em></span> <span class='ocrx_word' id='word_1_899' title='bbox 2419 5715 2473 5771; x_wconf 71' lang='lat' dir='ltr'><strong>ira</strong></span> <span class='ocrx_word' id='word_1_900' title='bbox 2501 5713 2647 5769; x_wconf 80' lang='lat' dir='ltr'><strong>edito</strong></span> <span class='ocrx_word' id='word_1_901' title='bbox 2676 5715 2958 5785; x_wconf 84' lang='lat' dir='ltr'><strong>Augustini</strong></span> <span class='ocrx_word' id='word_1_902' title='bbox 2985 5715 3124 5770; x_wconf 91' lang='lat' dir='ltr'><strong>libro</strong></span> <span class='ocrx_word' id='word_1_903' title='bbox 3153 5713 3261 5771; x_wconf 86' lang='lat' dir='ltr'><strong>non</strong></span> <span class='ocrx_word' id='word_1_904' title='bbox 3288 5725 3526 5772; x_wconf 76' lang='lat' dir='ltr'><strong>exstant.</strong></span> <span class='ocrx_word' id='word_1_905' title='bbox 3609 5726 3618 5731; x_wconf 74' lang='lat'><strong>‘</strong></span> 
     </span>
    </p>
   </div>
  </div>
