  <div class='ocr_page' id='page_1' title='image "/cluster/home/n/w/nwhite01/storage/ocr_20150623/104/hvd.32044015466824/344.png"; bbox 0 0 3940 6340; ppageno 0'>
   <div class='ocr_carea' id='block_1_1' title="bbox 131 385 247 440">
    <p class='ocr_par' dir='ltr' id='par_1_1' title="bbox 131 385 247 440">
     <span class='ocr_line' id='line_1_1' title="bbox 131 385 247 440; baseline 0 0"><span class='ocrx_word' id='word_1_1' title='bbox 131 385 247 440; x_wconf 80' lang='lat'><strong>657</strong></span> 
     </span>
    </p>
   </div>
   <div class='ocr_carea' id='block_1_2' title="bbox 1013 375 2511 447">
    <p class='ocr_par' dir='ltr' id='par_1_2' title="bbox 1013 375 2511 447">
     <span class='ocr_line' id='line_1_2' title="bbox 1013 375 2511 447; baseline -0.005 -11"><span class='ocrx_word' id='word_1_2' title='bbox 1013 377 1476 447; x_wconf 68' lang='lat' dir='ltr'><strong>QUALSTIONES</strong></span> <span class='ocrx_word' id='word_1_3' title='bbox 1511 375 1662 432; x_wconf 75' lang='lat' dir='ltr'><strong>XXX</strong></span> <span class='ocrx_word' id='word_1_4' title='bbox 1701 375 1928 432; x_wconf 80' lang='lat' dir='ltr'><strong>SUPER</strong></span> <span class='ocrx_word' id='word_1_5' title='bbox 1966 375 2210 434; x_wconf 78' lang='lat' dir='ltr'><strong>LIBROS</strong></span> <span class='ocrx_word' id='word_1_6' title='bbox 2247 375 2511 433; x_wconf 83' lang='lat' dir='ltr'><strong>REGUM.</strong></span> 
     </span>
    </p>
   </div>
   <div class='ocr_carea' id='block_1_3' title="bbox 3291 383 3392 438">
    <p class='ocr_par' dir='ltr' id='par_1_3' title="bbox 3291 383 3392 438">
     <span class='ocr_line' id='line_1_3' title="bbox 3291 383 3392 438; baseline 0.02 -2"><span class='ocrx_word' id='word_1_7' title='bbox 3291 383 3392 438; x_wconf 78' lang='grc'><strong>658</strong></span> 
     </span>
    </p>
   </div>
   <div class='ocr_carea' id='block_1_4' title="bbox 131 487 3388 569">
    <p class='ocr_par' dir='ltr' id='par_1_4' title="bbox 131 487 3388 569">
     <span class='ocr_line' id='line_1_4' title="bbox 131 487 3388 569; baseline -0.002 -13"><span class='ocrx_word' id='word_1_8' title='bbox 131 508 254 557; x_wconf 94' lang='lat' dir='ltr'><strong>stat</strong></span> <span class='ocrx_word' id='word_1_9' title='bbox 285 511 450 569; x_wconf 90' lang='lat' dir='ltr'><strong>pecus</strong></span> <span class='ocrx_word' id='word_1_10' title='bbox 473 495 543 550; x_wconf 92' lang='lat' dir='ltr'><strong>ab</strong></span> <span class='ocrx_word' id='word_1_11' title='bbox 567 492 809 558; x_wconf 77' lang='lat' dir='ltr'><strong>homine,</strong></span> <span class='ocrx_word' id='word_1_12' title='bbox 833 507 995 563; x_wconf 92' lang='lat' dir='ltr'><strong>quam</strong></span> <span class='ocrx_word' id='word_1_13' title='bbox 1024 493 1185 547; x_wconf 88' lang='lat' dir='ltr'><strong>homo</strong></span> <span class='ocrx_word' id='word_1_14' title='bbox 1209 492 1470 560; x_wconf 86' lang='lat' dir='ltr'><strong>reprobus</strong></span> <span class='ocrx_word' id='word_1_15' title='bbox 1497 491 1564 544; x_wconf 91' lang='lat' dir='ltr'><strong>ab</strong></span> <span class='ocrx_word' id='word_1_16' title='bbox 1605 489 1714 545; x_wconf 88' lang='lat' dir='ltr'><strong>ele—</strong></span> <span class='ocrx_word' id='word_1_17' title='bbox 1745 497 1798 556; x_wconf 80' lang='grc' dir='ltr'><strong>Α</strong></span> <span class='ocrx_word' id='word_1_18' title='bbox 1822 488 1980 543; x_wconf 90' lang='lat' dir='ltr'><strong>domo</strong></span> <span class='ocrx_word' id='word_1_19' title='bbox 1994 489 2184 543; x_wconf 82' lang='lat' dir='ltr'><strong>sedens</strong></span> <span class='ocrx_word' id='word_1_20' title='bbox 2198 487 2552 543; x_wconf 78' lang='lat' dir='ltr'><strong>dissimulavit</strong></span> <span class='ocrx_word' id='word_1_21' title='bbox 2577 502 2634 544; x_wconf 88' lang='lat' dir='ltr'><strong>se</strong></span> <span class='ocrx_word' id='word_1_22' title='bbox 2665 501 2786 545; x_wconf 92' lang='lat' dir='ltr'><strong>esse</strong></span> <span class='ocrx_word' id='word_1_23' title='bbox 2815 491 3100 566; x_wconf 88' lang='lat' dir='ltr'><strong>regem:(I</strong></span> <span class='ocrx_word' id='word_1_24' title='bbox 3122 491 3388 566; x_wconf 79' lang='lat' dir='ltr'><strong>Reg.xut,</strong></span> 
     </span>
    </p>
   </div>
   <div class='ocr_carea' id='block_1_5' title="bbox 133 582 1721 652">
    <p class='ocr_par' dir='ltr' id='par_1_5' title="bbox 133 582 1721 652">
     <span class='ocr_line' id='line_1_5' title="bbox 133 582 1721 652; baseline -0.009 -3"><span class='ocrx_word' id='word_1_25' title='bbox 133 593 249 649; x_wconf 89' lang='lat' dir='ltr'><strong>ctis</strong></span> <span class='ocrx_word' id='word_1_26' title='bbox 285 591 450 645; x_wconf 90' lang='lat' dir='ltr'><strong>etiam</strong></span> <span class='ocrx_word' id='word_1_27' title='bbox 488 586 825 648; x_wconf 89' lang='lat' dir='ltr'><strong>hominibus;</strong></span> <span class='ocrx_word' id='word_1_28' title='bbox 855 600 960 639; x_wconf 90' lang='lat' dir='ltr'><strong>non</strong></span> <span class='ocrx_word' id='word_1_29' title='bbox 1000 584 1144 638; x_wconf 90' lang='lat' dir='ltr'><strong>enim</strong></span> <span class='ocrx_word' id='word_1_30' title='bbox 1169 583 1212 637; x_wconf 92' lang='lat' dir='ltr'><strong>si</strong></span> <span class='ocrx_word' id='word_1_31' title='bbox 1250 583 1535 652; x_wconf 81' lang='lat' dir='ltr'><strong>quisquam</strong></span> <span class='ocrx_word' id='word_1_32' title='bbox 1569 582 1721 636; x_wconf 79' lang='lat' dir='ltr'><strong>dixe-</strong></span> 
     </span>
    </p>
   </div>
   <div class='ocr_carea' id='block_1_6' title="bbox 131 672 1721 752">
    <p class='ocr_par' dir='ltr' id='par_1_6' title="bbox 131 672 1721 752">
     <span class='ocr_line' id='line_1_6' title="bbox 131 672 1721 752; baseline -0.009 -12"><span class='ocrx_word' id='word_1_33' title='bbox 131 685 215 740; x_wconf 87' lang='lat' dir='ltr'><strong>rit</strong></span> <span class='ocrx_word' id='word_1_34' title='bbox 248 678 476 752; x_wconf 89' lang='lat' dir='ltr'><strong>aliquid,</strong></span> <span class='ocrx_word' id='word_1_35' title='bbox 515 677 659 748; x_wconf 91' lang='lat' dir='ltr'><strong>quod</strong></span> <span class='ocrx_word' id='word_1_36' title='bbox 709 678 778 731; x_wconf 91' lang='lat' dir='ltr'><strong>ad</strong></span> <span class='ocrx_word' id='word_1_37' title='bbox 815 675 1132 745; x_wconf 76' lang='lat' dir='ltr'><strong>sapientiam</strong></span> <span class='ocrx_word' id='word_1_38' title='bbox 1168 674 1422 744; x_wconf 79' lang='lat' dir='ltr'><strong>pertinet,</strong></span> <span class='ocrx_word' id='word_1_39' title='bbox 1467 672 1721 727; x_wconf 91' lang='lat' dir='ltr'><strong>continuo</strong></span> 
     </span>
    </p>
   </div>
   <div class='ocr_carea' id='block_1_7' title="bbox 135 761 1722 846">
    <p class='ocr_par' dir='ltr' id='par_1_7' title="bbox 135 761 1722 846">
     <span class='ocr_line' id='line_1_7' title="bbox 135 761 1722 846; baseline -0.009 -15"><span class='ocrx_word' id='word_1_40' title='bbox 135 775 362 846; x_wconf 86' lang='lat' dir='ltr'><strong>sapiens</strong></span> <span class='ocrx_word' id='word_1_41' title='bbox 391 768 782 825; x_wconf 80' lang='lat' dir='ltr'><strong>existimandus</strong></span> <span class='ocrx_word' id='word_1_42' title='bbox 811 773 914 821; x_wconf 91' lang='lat' dir='ltr'><strong>est.</strong></span> <span class='ocrx_word' id='word_1_43' title='bbox 939 764 1032 821; x_wconf 88' lang='lat' dir='ltr'><strong>Sic</strong></span> <span class='ocrx_word' id='word_1_44' title='bbox 1063 780 1162 820; x_wconf 91' lang='lat' dir='ltr'><strong>nec</strong></span> <span class='ocrx_word' id='word_1_45' title='bbox 1204 764 1492 834; x_wconf 88' lang='lat' dir='ltr'><strong>quisquam</strong></span> <span class='ocrx_word' id='word_1_46' title='bbox 1537 763 1584 817; x_wconf 96' lang='lat' dir='ltr'><strong>si</strong></span> <span class='ocrx_word' id='word_1_47' title='bbox 1627 761 1722 816; x_wconf 86' lang='lat' dir='ltr'><strong>ali-</strong></span> 
     </span>
    </p>
   </div>
   <div class='ocr_carea' id='block_1_8' title="bbox 135 857 1724 936">
    <p class='ocr_par' dir='ltr' id='par_1_8' title="bbox 135 857 1724 936">
     <span class='ocr_line' id='line_1_8' title="bbox 135 857 1724 936; baseline -0.009 -15"><span class='ocrx_word' id='word_1_48' title='bbox 135 865 366 936; x_wconf 90' lang='lat' dir='ltr'><strong>quando</strong></span> <span class='ocrx_word' id='word_1_49' title='bbox 388 859 812 933; x_wconf 88' lang='lat' dir='ltr'><strong>prophetaverit,</strong></span> <span class='ocrx_word' id='word_1_50' title='bbox 827 859 940 929; x_wconf 87' lang='lat' dir='ltr'><strong>jam</strong></span> <span class='ocrx_word' id='word_1_51' title='bbox 967 859 1106 913; x_wconf 91' lang='lat' dir='ltr'><strong>inter</strong></span> <span class='ocrx_word' id='word_1_52' title='bbox 1145 857 1436 928; x_wconf 81' lang='lat' dir='ltr'><strong>prophetas</strong></span> <span class='ocrx_word' id='word_1_53' title='bbox 1470 868 1724 909; x_wconf 85' lang='lat' dir='ltr'><strong>numera-</strong></span> 
     </span>
    </p>
   </div>
   <div class='ocr_carea' id='block_1_9' title="bbox 135 947 1724 1023">
    <p class='ocr_par' dir='ltr' id='par_1_9' title="bbox 135 947 1724 1023">
     <span class='ocr_line' id='line_1_9' title="bbox 135 947 1724 1023; baseline -0.006 -11"><span class='ocrx_word' id='word_1_54' title='bbox 135 958 314 1023; x_wconf 83' lang='lat' dir='ltr'><strong>bitur,</strong></span> <span class='ocrx_word' id='word_1_55' title='bbox 339 970 460 1010; x_wconf 90' lang='lat' dir='ltr'><strong>cum</strong></span> <span class='ocrx_word' id='word_1_56' title='bbox 487 961 543 1010; x_wconf 90' lang='lat' dir='ltr'><strong>et</strong></span> <span class='ocrx_word' id='word_1_57' title='bbox 576 952 835 1008; x_wconf 86' lang='lat' dir='ltr'><strong>Dominus</strong></span> <span class='ocrx_word' id='word_1_58' title='bbox 855 950 1066 1022; x_wconf 79' lang='lat' dir='ltr'><strong>(Matth.</strong></span> <span class='ocrx_word' id='word_1_59' title='bbox 1098 966 1219 1015; x_wconf 87' lang='lat' dir='ltr'><strong>xm,</strong></span> <span class='ocrx_word' id='word_1_60' title='bbox 1243 949 1334 1021; x_wconf 73' lang='lat'><strong>20)</strong></span> <span class='ocrx_word' id='word_1_61' title='bbox 1357 950 1412 1004; x_wconf 90' lang='lat' dir='ltr'><strong>in</strong></span> <span class='ocrx_word' id='word_1_62' title='bbox 1435 947 1724 1019; x_wconf 81' lang='lat' dir='ltr'><strong>Evangelia</strong></span> 
     </span>
    </p>
   </div>
   <div class='ocr_carea' id='block_1_10' title="bbox 139 1042 1726 1117">
    <p class='ocr_par' dir='ltr' id='par_1_10' title="bbox 139 1042 1726 1117">
     <span class='ocr_line' id='line_1_10' title="bbox 139 1042 1726 1117; baseline -0.006 -13"><span class='ocrx_word' id='word_1_63' title='bbox 139 1049 296 1104; x_wconf 87' lang='lat' dir='ltr'><strong>dicat</strong></span> <span class='ocrx_word' id='word_1_64' title='bbox 319 1066 332 1099; x_wconf 91' lang='lat'><strong>:</strong></span> <span class='ocrx_word' id='word_1_65' title='bbox 355 1046 616 1117; x_wconf 90' lang='lat' dir='ltr'><strong>quosdam</strong></span> <span class='ocrx_word' id='word_1_66' title='bbox 642 1060 766 1100; x_wconf 91' lang='lat' dir='ltr'><strong>cum</strong></span> <span class='ocrx_word' id='word_1_67' title='bbox 797 1044 990 1114; x_wconf 89' lang='lat' dir='ltr'><strong>gaudio</strong></span> <span class='ocrx_word' id='word_1_68' title='bbox 1023 1044 1249 1098; x_wconf 84' lang='lat' dir='ltr'><strong>verbum</strong></span> <span class='ocrx_word' id='word_1_69' title='bbox 1273 1042 1544 1112; x_wconf 81' lang='lat' dir='ltr'><strong>excipere,</strong></span> <span class='ocrx_word' id='word_1_70' title='bbox 1573 1048 1627 1096; x_wconf 86' lang='lat' dir='ltr'><strong>et</strong></span> <span class='ocrx_word' id='word_1_71' title='bbox 1640 1055 1726 1095; x_wconf 91' lang='lat' dir='ltr'><strong>ra-</strong></span> 
     </span>
    </p>
   </div>
   <div class='ocr_carea' id='block_1_11' title="bbox 141 1130 1721 1202">
    <p class='ocr_par' dir='ltr' id='par_1_11' title="bbox 141 1130 1721 1202">
     <span class='ocr_line' id='line_1_11' title="bbox 141 1130 1721 1202; baseline -0.006 -9"><span class='ocrx_word' id='word_1_72' title='bbox 141 1139 289 1194; x_wconf 87' lang='lat' dir='ltr'><strong>dicis</strong></span> <span class='ocrx_word' id='word_1_73' title='bbox 318 1136 660 1192; x_wconf 84' lang='lat' dir='ltr'><strong>altitudinem</strong></span> <span class='ocrx_word' id='word_1_74' title='bbox 701 1149 810 1190; x_wconf 90' lang='lat' dir='ltr'><strong>non</strong></span> <span class='ocrx_word' id='word_1_75' title='bbox 845 1133 1067 1198; x_wconf 87' lang='lat' dir='ltr'><strong>habere,</strong></span> <span class='ocrx_word' id='word_1_76' title='bbox 1097 1134 1192 1189; x_wconf 89' lang='lat' dir='ltr'><strong>sed</strong></span> <span class='ocrx_word' id='word_1_77' title='bbox 1232 1148 1350 1188; x_wconf 86' lang='lat' dir='ltr'><strong>esse</strong></span> <span class='ocrx_word' id='word_1_78' title='bbox 1381 1130 1721 1202; x_wconf 89' lang='lat' dir='ltr'><strong>temporales.</strong></span> 
     </span>
    </p>
   </div>
   <div class='ocr_carea' id='block_1_12' title="bbox 139 1224 1728 1302">
    <p class='ocr_par' dir='ltr' id='par_1_12' title="bbox 139 1224 1728 1302">
     <span class='ocr_line' id='line_1_12' title="bbox 139 1224 1728 1302; baseline -0.005 -16"><span class='ocrx_word' id='word_1_79' title='bbox 139 1231 403 1302; x_wconf 88' lang='lat' dir='ltr'><strong>Ideoque,</strong></span> <span class='ocrx_word' id='word_1_80' title='bbox 440 1229 582 1284; x_wconf 85' lang='lat' dir='ltr'><strong>sicut</strong></span> <span class='ocrx_word' id='word_1_81' title='bbox 605 1241 943 1297; x_wconf 89' lang='lat' dir='ltr'><strong>consequens</strong></span> <span class='ocrx_word' id='word_1_82' title='bbox 981 1226 1185 1281; x_wconf 86' lang='lat' dir='ltr'><strong>indicat</strong></span> <span class='ocrx_word' id='word_1_83' title='bbox 1221 1225 1400 1291; x_wconf 89' lang='lat' dir='ltr'><strong>lectio,</strong></span> <span class='ocrx_word' id='word_1_84' title='bbox 1424 1224 1625 1280; x_wconf 89' lang='lat' dir='ltr'><strong>factum</strong></span> <span class='ocrx_word' id='word_1_85' title='bbox 1643 1229 1728 1279; x_wconf 90' lang='lat' dir='ltr'><strong>est</strong></span> 
     </span>
    </p>
   </div>
   <div class='ocr_carea' id='block_1_13' title="bbox 140 1317 1723 1392">
    <p class='ocr_par' dir='ltr' id='par_1_13' title="bbox 140 1317 1723 1392">
     <span class='ocr_line' id='line_1_13' title="bbox 140 1317 1723 1392; baseline -0.006 -15"><span class='ocrx_word' id='word_1_86' title='bbox 140 1323 202 1377; x_wconf 88' lang='lat' dir='ltr'><strong>in</strong></span> <span class='ocrx_word' id='word_1_87' title='bbox 232 1321 548 1392; x_wconf 88' lang='lat' dir='ltr'><strong>parabolam</strong></span> <span class='ocrx_word' id='word_1_88' title='bbox 571 1338 583 1374; x_wconf 90' lang='lat'><strong>:</strong></span> <span class='ocrx_word' id='word_1_89' title='bbox 611 1319 660 1392; x_wconf 94' lang='lat' dir='ltr'><strong>(I</strong></span> <span class='ocrx_word' id='word_1_90' title='bbox 709 1318 837 1390; x_wconf 85' lang='lat' dir='ltr'><strong>Reg.</strong></span> <span class='ocrx_word' id='word_1_91' title='bbox 863 1334 918 1384; x_wconf 92' lang='lat' dir='ltr'><strong>x,</strong></span> <span class='ocrx_word' id='word_1_92' title='bbox 947 1318 1034 1391; x_wconf 69' lang='lat'><strong>12)</strong></span> <span class='ocrx_word' id='word_1_93' title='bbox 1047 1327 1096 1372; x_wconf 91' lang='lat' dir='ltr'><strong>et</strong></span> <span class='ocrx_word' id='word_1_94' title='bbox 1117 1317 1253 1374; x_wconf 90' lang='lat' dir='ltr'><strong>Saul</strong></span> <span class='ocrx_word' id='word_1_95' title='bbox 1274 1317 1408 1372; x_wconf 91' lang='lat' dir='ltr'><strong>inter</strong></span> <span class='ocrx_word' id='word_1_96' title='bbox 1427 1317 1723 1388; x_wconf 73' lang='lat' dir='ltr'><strong>prophetas.</strong></span> 
     </span>
    </p>
   </div>
   <div class='ocr_carea' id='block_1_14' title="bbox 142 1409 1730 1485">
    <p class='ocr_par' dir='ltr' id='par_1_14' title="bbox 142 1409 1730 1485">
     <span class='ocr_line' id='line_1_14' title="bbox 142 1409 1730 1485; baseline -0.004 -16"><span class='ocrx_word' id='word_1_97' title='bbox 142 1413 266 1469; x_wconf 80' lang='lat' dir='ltr'><strong>Hoc</strong></span> <span class='ocrx_word' id='word_1_98' title='bbox 291 1413 454 1485; x_wconf 80' lang='lat' dir='ltr'><strong>igitur</strong></span> <span class='ocrx_word' id='word_1_99' title='bbox 479 1412 667 1466; x_wconf 89' lang='lat' dir='ltr'><strong>mirari</strong></span> <span class='ocrx_word' id='word_1_100' title='bbox 689 1411 1021 1475; x_wconf 89' lang='lat' dir='ltr'><strong>desinamus,</strong></span> <span class='ocrx_word' id='word_1_101' title='bbox 1048 1425 1172 1465; x_wconf 91' lang='lat' dir='ltr'><strong>cum</strong></span> <span class='ocrx_word' id='word_1_102' title='bbox 1193 1409 1249 1463; x_wconf 91' lang='lat' dir='ltr'><strong>in</strong></span> <span class='ocrx_word' id='word_1_103' title='bbox 1285 1409 1591 1464; x_wconf 88' lang='lat' dir='ltr'><strong>hominibus</strong></span> <span class='ocrx_word' id='word_1_104' title='bbox 1635 1424 1730 1478; x_wconf 62' lang='lat' dir='ltr'><strong>ap«</strong></span> 
     </span>
    </p>
   </div>
   <div class='ocr_carea' id='block_1_15' title="bbox 142 1497 1728 1574">
    <p class='ocr_par' dir='ltr' id='par_1_15' title="bbox 142 1497 1728 1574">
     <span class='ocr_line' id='line_1_15' title="bbox 142 1497 1728 1574; baseline -0.003 -18"><span class='ocrx_word' id='word_1_105' title='bbox 142 1511 308 1574; x_wconf 87' lang='lat' dir='ltr'><strong>paret</strong></span> <span class='ocrx_word' id='word_1_106' title='bbox 353 1501 606 1556; x_wconf 87' lang='lat' dir='ltr'><strong>divinitus</strong></span> <span class='ocrx_word' id='word_1_107' title='bbox 650 1500 874 1570; x_wconf 86' lang='lat' dir='ltr'><strong>aliquid,</strong></span> <span class='ocrx_word' id='word_1_108' title='bbox 917 1515 1146 1570; x_wconf 88' lang='lat' dir='ltr'><strong>quorum</strong></span> <span class='ocrx_word' id='word_1_109' title='bbox 1201 1499 1287 1554; x_wconf 86' lang='lat' dir='ltr'><strong>vel</strong></span> <span class='ocrx_word' id='word_1_110' title='bbox 1332 1499 1602 1563; x_wconf 89' lang='lat' dir='ltr'><strong>meritum,</strong></span> <span class='ocrx_word' id='word_1_111' title='bbox 1644 1497 1728 1552; x_wconf 86' lang='lat' dir='ltr'><strong>vel</strong></span> 
     </span>
    </p>
   </div>
   <div class='ocr_carea' id='block_1_16' title="bbox 143 1588 1731 1657">
    <p class='ocr_par' dir='ltr' id='par_1_16' title="bbox 143 1588 1731 1657">
     <span class='ocr_line' id='line_1_16' title="bbox 143 1588 1731 1657; baseline -0.005 -7"><span class='ocrx_word' id='word_1_112' title='bbox 143 1593 396 1650; x_wconf 81' lang='lat' dir='ltr'><strong>habitum</strong></span> <span class='ocrx_word' id='word_1_113' title='bbox 425 1591 659 1656; x_wconf 79' lang='lat' dir='ltr'><strong>excedit,</strong></span> <span class='ocrx_word' id='word_1_114' title='bbox 687 1605 808 1645; x_wconf 90' lang='lat' dir='ltr'><strong>cum</strong></span> <span class='ocrx_word' id='word_1_115' title='bbox 837 1588 977 1645; x_wconf 86' lang='lat' dir='ltr'><strong>forte</strong></span> <span class='ocrx_word' id='word_1_116' title='bbox 1004 1589 1120 1644; x_wconf 91' lang='lat' dir='ltr'><strong>vult</strong></span> <span class='ocrx_word' id='word_1_117' title='bbox 1154 1589 1296 1644; x_wconf 88' lang='lat' dir='ltr'><strong>Deus</strong></span> <span class='ocrx_word' id='word_1_118' title='bbox 1335 1589 1609 1657; x_wconf 87' lang='lat' dir='ltr'><strong>cujusdam</strong></span> <span class='ocrx_word' id='word_1_119' title='bbox 1657 1588 1731 1643; x_wconf 88' lang='lat' dir='ltr'><strong>si-</strong></span> 
     </span>
    </p>
   </div>
   <div class='ocr_carea' id='block_1_17' title="bbox 142 1679 1731 1757">
    <p class='ocr_par' dir='ltr' id='par_1_17' title="bbox 142 1679 1731 1757">
     <span class='ocr_line' id='line_1_17' title="bbox 142 1679 1731 1757; baseline -0.003 -19"><span class='ocrx_word' id='word_1_120' title='bbox 142 1682 510 1757; x_wconf 83' lang='lat' dir='ltr'><strong>gniﬁcationis</strong></span> <span class='ocrx_word' id='word_1_121' title='bbox 537 1682 711 1753; x_wconf 88' lang='lat' dir='ltr'><strong>gratia</strong></span> <span class='ocrx_word' id='word_1_122' title='bbox 750 1681 857 1734; x_wconf 88' lang='lat' dir='ltr'><strong>tale</strong></span> <span class='ocrx_word' id='word_1_123' title='bbox 896 1681 1098 1751; x_wconf 90' lang='lat' dir='ltr'><strong>aliquid</strong></span> <span class='ocrx_word' id='word_1_124' title='bbox 1126 1681 1503 1735; x_wconf 89' lang='lat' dir='ltr'><strong>demonstrari.</strong></span> <span class='ocrx_word' id='word_1_125' title='bbox 1549 1679 1606 1734; x_wconf 89' lang='lat' dir='ltr'><strong>Si</strong></span> <span class='ocrx_word' id='word_1_126' title='bbox 1636 1695 1731 1733; x_wconf 82' lang='lat' dir='ltr'><strong>au-</strong></span> 
     </span>
    </p>
   </div>
   <div class='ocr_carea' id='block_1_18' title="bbox 145 1769 1732 1842">
    <p class='ocr_par' dir='ltr' id='par_1_18' title="bbox 145 1769 1732 1842">
     <span class='ocr_line' id='line_1_18' title="bbox 145 1769 1732 1842; baseline -0.004 -12"><span class='ocrx_word' id='word_1_127' title='bbox 145 1784 264 1830; x_wconf 86' lang='lat' dir='ltr'><strong>tem</strong></span> <span class='ocrx_word' id='word_1_128' title='bbox 301 1775 400 1828; x_wconf 90' lang='lat' dir='ltr'><strong>hoc</strong></span> <span class='ocrx_word' id='word_1_129' title='bbox 434 1780 634 1838; x_wconf 87' lang='lat' dir='ltr'><strong>movet,</strong></span> <span class='ocrx_word' id='word_1_130' title='bbox 683 1771 829 1842; x_wconf 91' lang='lat' dir='ltr'><strong>quod</strong></span> <span class='ocrx_word' id='word_1_131' title='bbox 851 1780 1042 1841; x_wconf 90' lang='lat' dir='ltr'><strong>postea</strong></span> <span class='ocrx_word' id='word_1_132' title='bbox 1079 1769 1208 1826; x_wconf 90' lang='lat' dir='ltr'><strong>Saul</strong></span> <span class='ocrx_word' id='word_1_133' title='bbox 1237 1770 1378 1826; x_wconf 90' lang='lat' dir='ltr'><strong>malo</strong></span> <span class='ocrx_word' id='word_1_134' title='bbox 1412 1771 1606 1840; x_wconf 91' lang='lat' dir='ltr'><strong>spiritu</strong></span> <span class='ocrx_word' id='word_1_135' title='bbox 1643 1770 1732 1824; x_wconf 82' lang='lat' dir='ltr'><strong>in-</strong></span> 
     </span>
    </p>
   </div>
   <div class='ocr_carea' id='block_1_19' title="bbox 1822 577 3392 650">
    <p class='ocr_par' dir='ltr' id='par_1_19' title="bbox 1822 577 3392 650">
     <span class='ocr_line' id='line_1_19' title="bbox 1822 577 3392 650; baseline 0.006 -19"><span class='ocrx_word' id='word_1_136' title='bbox 1822 577 1874 648; x_wconf 84' lang='lat' dir='ltr'><strong>I)</strong></span> <span class='ocrx_word' id='word_1_137' title='bbox 1907 578 2128 646; x_wconf 90' lang='lat' dir='ltr'><strong>reliquis</strong></span> <span class='ocrx_word' id='word_1_138' title='bbox 2161 579 2368 634; x_wconf 91' lang='lat' dir='ltr'><strong>duobus</strong></span> <span class='ocrx_word' id='word_1_139' title='bbox 2403 579 2560 634; x_wconf 90' lang='lat' dir='ltr'><strong>annis</strong></span> <span class='ocrx_word' id='word_1_140' title='bbox 2605 580 2821 650; x_wconf 88' lang='lat' dir='ltr'><strong>publice</strong></span> <span class='ocrx_word' id='word_1_141' title='bbox 2863 579 3129 650; x_wconf 87' lang='lat' dir='ltr'><strong>judicavit</strong></span> <span class='ocrx_word' id='word_1_142' title='bbox 3173 599 3392 640; x_wconf 90' lang='lat' dir='ltr'><strong>omnem</strong></span> 
     </span>
    </p>
   </div>
   <div class='ocr_carea' id='block_1_20' title="bbox 1820 673 3397 738">
    <p class='ocr_par' dir='ltr' id='par_1_20' title="bbox 1820 673 3397 738">
     <span class='ocr_line' id='line_1_20' title="bbox 1820 673 3397 738; baseline 0.004 -10"><span class='ocrx_word' id='word_1_143' title='bbox 1820 673 2006 738; x_wconf 87' lang='lat' dir='ltr'><strong>Israel,</strong></span> <span class='ocrx_word' id='word_1_144' title='bbox 2039 683 2225 728; x_wconf 89' lang='lat' dir='ltr'><strong>tenens</strong></span> <span class='ocrx_word' id='word_1_145' title='bbox 2251 675 2610 730; x_wconf 88' lang='lat' dir='ltr'><strong>obedientiam</strong></span> <span class='ocrx_word' id='word_1_146' title='bbox 2652 690 2776 730; x_wconf 91' lang='lat' dir='ltr'><strong>cum</strong></span> <span class='ocrx_word' id='word_1_147' title='bbox 2826 675 3129 731; x_wconf 89' lang='lat' dir='ltr'><strong>humilitate</strong></span> <span class='ocrx_word' id='word_1_148' title='bbox 3155 691 3169 730; x_wconf 88' lang='lat'><strong>:</strong></span> <span class='ocrx_word' id='word_1_149' title='bbox 3195 687 3252 733; x_wconf 91' lang='lat' dir='ltr'><strong>et</strong></span> <span class='ocrx_word' id='word_1_150' title='bbox 3291 679 3397 734; x_wconf 87' lang='lat' dir='ltr'><strong>hoc</strong></span> 
     </span>
    </p>
   </div>
   <div class='ocr_carea' id='block_1_21' title="bbox 1822 764 3399 835">
    <p class='ocr_par' dir='ltr' id='par_1_21' title="bbox 1822 764 3399 835">
     <span class='ocr_line' id='line_1_21' title="bbox 1822 764 3399 835; baseline 0.004 -17"><span class='ocrx_word' id='word_1_151' title='bbox 1822 764 1922 818; x_wconf 82' lang='lat' dir='ltr'><strong>fuit</strong></span> <span class='ocrx_word' id='word_1_152' title='bbox 1942 764 2070 818; x_wconf 91' lang='lat' dir='ltr'><strong>illud</strong></span> <span class='ocrx_word' id='word_1_153' title='bbox 2092 773 2323 835; x_wconf 91' lang='lat' dir='ltr'><strong>tempus,</strong></span> <span class='ocrx_word' id='word_1_154' title='bbox 2342 774 2629 835; x_wconf 89' lang='lat' dir='ltr'><strong>antequam</strong></span> <span class='ocrx_word' id='word_1_155' title='bbox 2653 766 2965 821; x_wconf 89' lang='lat' dir='ltr'><strong>mandatum</strong></span> <span class='ocrx_word' id='word_1_156' title='bbox 2995 767 3204 823; x_wconf 91' lang='lat' dir='ltr'><strong>Domini</strong></span> <span class='ocrx_word' id='word_1_157' title='bbox 3222 779 3399 827; x_wconf 86' lang='lat' dir='ltr'><strong>trans-</strong></span> 
     </span>
    </p>
   </div>
   <div class='ocr_carea' id='block_1_22' title="bbox 1823 855 3400 932">
    <p class='ocr_par' dir='ltr' id='par_1_22' title="bbox 1823 855 3400 932">
     <span class='ocr_line' id='line_1_22' title="bbox 1823 855 3400 932; baseline 0.004 -22"><span class='ocrx_word' id='word_1_158' title='bbox 1823 855 2138 927; x_wconf 89' lang='lat' dir='ltr'><strong>grederetur</strong></span> <span class='ocrx_word' id='word_1_159' title='bbox 2166 856 2221 909; x_wconf 93' lang='lat' dir='ltr'><strong>in</strong></span> <span class='ocrx_word' id='word_1_160' title='bbox 2252 856 2510 912; x_wconf 86' lang='lat' dir='ltr'><strong>Amalech</strong></span> <span class='ocrx_word' id='word_1_161' title='bbox 2536 872 2550 911; x_wconf 90' lang='lat'><strong>:</strong></span> <span class='ocrx_word' id='word_1_162' title='bbox 2582 857 2788 927; x_wconf 88' lang='lat' dir='ltr'><strong>reliquo</strong></span> <span class='ocrx_word' id='word_1_163' title='bbox 2821 873 2953 913; x_wconf 89' lang='lat' dir='ltr'><strong>vero</strong></span> <span class='ocrx_word' id='word_1_164' title='bbox 2991 867 3400 932; x_wconf 44' lang='lat' dir='ltr'><strong>temporeﬁquo</strong></span> 
     </span>
    </p>
   </div>
   <div class='ocr_carea' id='block_1_23' title="bbox 1823 939 3401 1014">
    <p class='ocr_par' dir='ltr' id='par_1_23' title="bbox 1823 939 3401 1014">
     <span class='ocr_line' id='line_1_23' title="bbox 1823 939 3401 1014; baseline 0.006 -20"><span class='ocrx_word' id='word_1_165' title='bbox 1823 939 1975 1003; x_wconf 82' lang='lat' dir='ltr'><strong>vixit,</strong></span> <span class='ocrx_word' id='word_1_166' title='bbox 2013 948 2068 995; x_wconf 91' lang='lat' dir='ltr'><strong>et</strong></span> <span class='ocrx_word' id='word_1_167' title='bbox 2107 939 2410 1012; x_wconf 87' lang='lat' dir='ltr'><strong>imperavit,</strong></span> <span class='ocrx_word' id='word_1_168' title='bbox 2468 949 2834 1014; x_wconf 90' lang='lat' dir='ltr'><strong>transgressor</strong></span> <span class='ocrx_word' id='word_1_169' title='bbox 2889 944 3127 1000; x_wconf 88' lang='lat' dir='ltr'><strong>mandati</strong></span> <span class='ocrx_word' id='word_1_170' title='bbox 3186 947 3401 1003; x_wconf 85' lang='lat' dir='ltr'><strong>Domini</strong></span> 
     </span>
    </p>
   </div>
   <div class='ocr_carea' id='block_1_24' title="bbox 1824 1030 3403 1110">
    <p class='ocr_par' dir='ltr' id='par_1_24' title="bbox 1824 1030 3403 1110">
     <span class='ocr_line' id='line_1_24' title="bbox 1824 1030 3403 1110; baseline 0.005 -24"><span class='ocrx_word' id='word_1_171' title='bbox 1824 1032 2050 1086; x_wconf 82' lang='lat' dir='ltr'><strong>exstitit.</strong></span> <span class='ocrx_word' id='word_1_172' title='bbox 2085 1030 2138 1102; x_wconf 91' lang='lat' dir='ltr'><strong>(I</strong></span> <span class='ocrx_word' id='word_1_173' title='bbox 2164 1031 2288 1102; x_wconf 76' lang='lat' dir='ltr'><strong>Reg.</strong></span> <span class='ocrx_word' id='word_1_174' title='bbox 2315 1049 2371 1098; x_wconf 78' lang='grc' dir='ltr'><strong>χ,</strong></span> <span class='ocrx_word' id='word_1_175' title='bbox 2395 1033 2484 1099; x_wconf 74' lang='lat'><strong>26,</strong></span> <span class='ocrx_word' id='word_1_176' title='bbox 2509 1043 2556 1088; x_wconf 89' lang='lat' dir='ltr'><strong>et</strong></span> <span class='ocrx_word' id='word_1_177' title='bbox 2577 1052 2692 1105; x_wconf 86' lang='lat' dir='ltr'><strong>cap.</strong></span> <span class='ocrx_word' id='word_1_178' title='bbox 2710 1036 2788 1108; x_wconf 77' lang='grc' dir='ltr'>χι)</span> <span class='ocrx_word' id='word_1_179' title='bbox 2812 1035 2940 1090; x_wconf 87' lang='lat' dir='ltr'><strong>Post</strong></span> <span class='ocrx_word' id='word_1_180' title='bbox 2958 1037 3062 1091; x_wconf 90' lang='lat' dir='ltr'><strong>hoc</strong></span> <span class='ocrx_word' id='word_1_181' title='bbox 3080 1045 3403 1110; x_wconf 89' lang='lat' dir='ltr'><strong>exspectans</strong></span> 
     </span>
    </p>
   </div>
   <div class='ocr_carea' id='block_1_25' title="bbox 1827 1124 3398 1200">
    <p class='ocr_par' dir='ltr' id='par_1_25' title="bbox 1827 1124 3398 1200">
     <span class='ocr_line' id='line_1_25' title="bbox 1827 1124 3398 1200; baseline 0.004 -20"><span class='ocrx_word' id='word_1_182' title='bbox 1827 1124 1956 1180; x_wconf 92' lang='lat' dir='ltr'><strong>Saul</strong></span> <span class='ocrx_word' id='word_1_183' title='bbox 1988 1125 2292 1181; x_wconf 84' lang='lat' dir='ltr'><strong>Samuelem</strong></span> <span class='ocrx_word' id='word_1_184' title='bbox 2333 1127 2387 1181; x_wconf 92' lang='lat' dir='ltr'><strong>in</strong></span> <span class='ocrx_word' id='word_1_185' title='bbox 2435 1127 2672 1198; x_wconf 86' lang='lat' dir='ltr'><strong>Galgala,</strong></span> <span class='ocrx_word' id='word_1_186' title='bbox 2717 1129 2904 1184; x_wconf 90' lang='lat' dir='ltr'><strong>videns</strong></span> <span class='ocrx_word' id='word_1_187' title='bbox 2952 1131 3094 1200; x_wconf 94' lang='lat' dir='ltr'><strong>quod</strong></span> <span class='ocrx_word' id='word_1_188' title='bbox 3138 1132 3398 1197; x_wconf 88' lang='lat' dir='ltr'><strong>tardaret,</strong></span> 
     </span>
    </p>
   </div>
   <div class='ocr_carea' id='block_1_26' title="bbox 1826 1215 3402 1288">
    <p class='ocr_par' dir='ltr' id='par_1_26' title="bbox 1826 1215 3402 1288">
     <span class='ocr_line' id='line_1_26' title="bbox 1826 1215 3402 1288; baseline 0.004 -19"><span class='ocrx_word' id='word_1_189' title='bbox 1826 1215 2019 1270; x_wconf 86' lang='lat' dir='ltr'><strong>obtulit</strong></span> <span class='ocrx_word' id='word_1_190' title='bbox 2042 1215 2431 1283; x_wconf 87' lang='lat' dir='ltr'><strong>holocaustum,</strong></span> <span class='ocrx_word' id='word_1_191' title='bbox 2454 1219 2781 1288; x_wconf 87' lang='lat' dir='ltr'><strong>veniensque</strong></span> <span class='ocrx_word' id='word_1_192' title='bbox 2807 1219 3022 1276; x_wconf 86' lang='lat' dir='ltr'><strong>Samuel</strong></span> <span class='ocrx_word' id='word_1_193' title='bbox 3045 1223 3186 1276; x_wconf 87' lang='lat' dir='ltr'><strong>inter</strong></span> <span class='ocrx_word' id='word_1_194' title='bbox 3205 1231 3402 1278; x_wconf 64' lang='lat' dir='ltr'><strong>cratera</strong></span> 
     </span>
    </p>
   </div>
   <div class='ocr_carea' id='block_1_27' title="bbox 1827 1306 3407 1382">
    <p class='ocr_par' dir='ltr' id='par_1_27' title="bbox 1827 1306 3407 1382">
     <span class='ocr_line' id='line_1_27' title="bbox 1827 1306 3407 1382; baseline 0.004 -22"><span class='ocrx_word' id='word_1_195' title='bbox 1827 1307 1904 1360; x_wconf 87' lang='lat' dir='ltr'><strong>ait</strong></span> <span class='ocrx_word' id='word_1_196' title='bbox 1922 1307 1988 1361; x_wconf 88' lang='lat' dir='ltr'><strong>ad</strong></span> <span class='ocrx_word' id='word_1_197' title='bbox 2018 1306 2146 1361; x_wconf 91' lang='lat' dir='ltr'><strong>Saul</strong></span> <span class='ocrx_word' id='word_1_198' title='bbox 2172 1326 2184 1360; x_wconf 88' lang='lat'><strong>:</strong></span> <span class='ocrx_word' id='word_1_199' title='bbox 2211 1306 2259 1379; x_wconf 93' lang='lat' dir='ltr'><strong>(I</strong></span> <span class='ocrx_word' id='word_1_200' title='bbox 2291 1306 2417 1377; x_wconf 84' lang='lat' dir='ltr'><strong>Reg.</strong></span> <span class='ocrx_word' id='word_1_201' title='bbox 2443 1325 2512 1362; x_wconf 83' lang='lat' dir='ltr'><strong>xv</strong></span> <span class='ocrx_word' id='word_1_202' title='bbox 2533 1318 2580 1362; x_wconf 91' lang='lat' dir='ltr'><strong>et</strong></span> <span class='ocrx_word' id='word_1_203' title='bbox 2607 1310 2718 1379; x_wconf 84' lang='lat' dir='ltr'><strong>xvt)</strong></span> <span class='ocrx_word' id='word_1_204' title='bbox 2742 1308 2911 1366; x_wconf 80' lang='lat' dir='ltr'><strong>Stulte</strong></span> <span class='ocrx_word' id='word_1_205' title='bbox 2933 1313 3100 1382; x_wconf 78' lang='lat' dir='ltr'><strong>egisti,</strong></span> <span class='ocrx_word' id='word_1_206' title='bbox 3134 1329 3224 1367; x_wconf 88' lang='lat' dir='ltr'><strong>nec</strong></span> <span class='ocrx_word' id='word_1_207' title='bbox 3237 1323 3407 1367; x_wconf 82' lang='lat' dir='ltr'><strong>custo—</strong></span> 
     </span>
    </p>
   </div>
   <div class='ocr_carea' id='block_1_28' title="bbox 1827 1398 3405 1474">
    <p class='ocr_par' dir='ltr' id='par_1_28' title="bbox 1827 1398 3405 1474">
     <span class='ocr_line' id='line_1_28' title="bbox 1827 1398 3405 1474; baseline 0.004 -23"><span class='ocrx_word' id='word_1_208' title='bbox 1827 1398 2215 1452; x_wconf 87' lang='lat' dir='ltr'><strong>distimandata</strong></span> <span class='ocrx_word' id='word_1_209' title='bbox 2238 1398 2448 1452; x_wconf 81' lang='lat' dir='ltr'><strong>Domini</strong></span> <span class='ocrx_word' id='word_1_210' title='bbox 2467 1399 2565 1453; x_wconf 88' lang='lat' dir='ltr'><strong>Dei</strong></span> <span class='ocrx_word' id='word_1_211' title='bbox 2585 1401 2685 1466; x_wconf 87' lang='lat' dir='ltr'><strong>tui,</strong></span> <span class='ocrx_word' id='word_1_212' title='bbox 2711 1418 2828 1471; x_wconf 78' lang='lat' dir='ltr'><strong>qua:</strong></span> <span class='ocrx_word' id='word_1_213' title='bbox 2851 1405 3091 1474; x_wconf 80' lang='lat' dir='ltr'><strong>prwcepit</strong></span> <span class='ocrx_word' id='word_1_214' title='bbox 3118 1404 3229 1457; x_wconf 88' lang='lat' dir='ltr'><strong>tibi.</strong></span> <span class='ocrx_word' id='word_1_215' title='bbox 3252 1403 3405 1470; x_wconf 85' lang='lat' dir='ltr'><strong>Quod</strong></span> 
     </span>
    </p>
   </div>
   <div class='ocr_carea' id='block_1_29' title="bbox 1828 1492 3407 1566">
    <p class='ocr_par' dir='ltr' id='par_1_29' title="bbox 1828 1492 3407 1566">
     <span class='ocr_line' id='line_1_29' title="bbox 1828 1492 3407 1566; baseline 0.004 -21"><span class='ocrx_word' id='word_1_216' title='bbox 1828 1492 1874 1546; x_wconf 88' lang='lat' dir='ltr'><strong>si</strong></span> <span class='ocrx_word' id='word_1_217' title='bbox 1916 1508 2019 1546; x_wconf 89' lang='lat' dir='ltr'><strong>non</strong></span> <span class='ocrx_word' id='word_1_218' title='bbox 2060 1492 2288 1562; x_wconf 76' lang='lat' dir='ltr'><strong>fecisses,</strong></span> <span class='ocrx_word' id='word_1_219' title='bbox 2321 1492 2436 1562; x_wconf 87' lang='lat' dir='ltr'><strong>jam</strong></span> <span class='ocrx_word' id='word_1_220' title='bbox 2482 1510 2617 1546; x_wconf 86' lang='lat' dir='ltr'><strong>nunc</strong></span> <span class='ocrx_word' id='word_1_221' title='bbox 2655 1505 2998 1566; x_wconf 76' lang='lat' dir='ltr'><strong>prazparasset</strong></span> <span class='ocrx_word' id='word_1_222' title='bbox 3035 1496 3290 1552; x_wconf 76' lang='lat' dir='ltr'><strong>Dominus</strong></span> <span class='ocrx_word' id='word_1_223' title='bbox 3327 1515 3407 1552; x_wconf 85' lang='lat' dir='ltr'><strong>re-</strong></span> 
     </span>
    </p>
   </div>
   <div class='ocr_carea' id='block_1_30' title="bbox 1829 1583 3406 1658">
    <p class='ocr_par' dir='ltr' id='par_1_30' title="bbox 1829 1583 3406 1658">
     <span class='ocr_line' id='line_1_30' title="bbox 1829 1583 3406 1658; baseline 0.004 -23"><span class='ocrx_word' id='word_1_224' title='bbox 1829 1599 1987 1653; x_wconf 85' lang='lat' dir='ltr'><strong>gnum</strong></span> <span class='ocrx_word' id='word_1_225' title='bbox 2013 1592 2160 1636; x_wconf 89' lang='lat' dir='ltr'><strong>tuum</strong></span> <span class='ocrx_word' id='word_1_226' title='bbox 2183 1599 2338 1653; x_wconf 84' lang='lat' dir='ltr'><strong>super</strong></span> <span class='ocrx_word' id='word_1_227' title='bbox 2364 1583 2533 1637; x_wconf 84' lang='lat' dir='ltr'><strong>Israel</strong></span> <span class='ocrx_word' id='word_1_228' title='bbox 2561 1585 2616 1637; x_wconf 91' lang='lat' dir='ltr'><strong>in</strong></span> <span class='ocrx_word' id='word_1_229' title='bbox 2641 1585 3009 1655; x_wconf 86' lang='lat' dir='ltr'><strong>sempiternum</strong></span> <span class='ocrx_word' id='word_1_230' title='bbox 3035 1603 3050 1638; x_wconf 86' lang='lat'><strong>:</strong></span> <span class='ocrx_word' id='word_1_231' title='bbox 3077 1587 3165 1640; x_wconf 87' lang='lat' dir='ltr'><strong>sed</strong></span> <span class='ocrx_word' id='word_1_232' title='bbox 3208 1604 3406 1658; x_wconf 83' lang='lat' dir='ltr'><strong>nequa-</strong></span> 
     </span>
    </p>
   </div>
   <div class='ocr_carea' id='block_1_31' title="bbox 1827 1675 3408 1748">
    <p class='ocr_par' dir='ltr' id='par_1_31' title="bbox 1827 1675 3408 1748">
     <span class='ocr_line' id='line_1_31' title="bbox 1827 1675 3408 1748; baseline 0.004 -20"><span class='ocrx_word' id='word_1_233' title='bbox 1827 1692 1982 1747; x_wconf 89' lang='lat' dir='ltr'><strong>quam</strong></span> <span class='ocrx_word' id='word_1_234' title='bbox 2011 1691 2224 1745; x_wconf 84' lang='lat' dir='ltr'><strong>regnum</strong></span> <span class='ocrx_word' id='word_1_235' title='bbox 2245 1686 2392 1730; x_wconf 89' lang='lat' dir='ltr'><strong>tuum</strong></span> <span class='ocrx_word' id='word_1_236' title='bbox 2422 1675 2561 1730; x_wconf 86' lang='lat' dir='ltr'><strong>ultra</strong></span> <span class='ocrx_word' id='word_1_237' title='bbox 2588 1688 2879 1748; x_wconf 81' lang='lat' dir='ltr'><strong>consurget.</strong></span> <span class='ocrx_word' id='word_1_238' title='bbox 2907 1677 3154 1744; x_wconf 71' lang='lat' dir='ltr'><strong>Qua’sivit</strong></span> <span class='ocrx_word' id='word_1_239' title='bbox 3176 1681 3273 1734; x_wconf 83' lang='lat' dir='ltr'><strong>sibi</strong></span> <span class='ocrx_word' id='word_1_240' title='bbox 3293 1681 3408 1735; x_wconf 91' lang='lat' dir='ltr'><strong>Do-</strong></span> 
     </span>
    </p>
   </div>
   <div class='ocr_carea' id='block_1_32' title="bbox 1829 1761 3408 1840">
    <p class='ocr_par' dir='ltr' id='par_1_32' title="bbox 1829 1761 3408 1840">
     <span class='ocr_line' id='line_1_32' title="bbox 1829 1761 3408 1840; baseline 0.003 -20"><span class='ocrx_word' id='word_1_241' title='bbox 1829 1768 2002 1821; x_wconf 86' lang='lat' dir='ltr'><strong>minus</strong></span> <span class='ocrx_word' id='word_1_242' title='bbox 2030 1767 2197 1822; x_wconf 83' lang='lat' dir='ltr'><strong>virum</strong></span> <span class='ocrx_word' id='word_1_243' title='bbox 2217 1768 2376 1838; x_wconf 76' lang='lat' dir='ltr'><strong>juxta</strong></span> <span class='ocrx_word' id='word_1_244' title='bbox 2403 1785 2494 1823; x_wconf 92' lang='lat' dir='ltr'><strong>cor</strong></span> <span class='ocrx_word' id='word_1_245' title='bbox 2513 1761 2765 1832; x_wconf 45' lang='lat' dir='ltr'><strong>suum,&#39;et</strong></span> <span class='ocrx_word' id='word_1_246' title='bbox 2787 1770 3030 1840; x_wconf 74' lang='lat' dir='ltr'><strong>prwcepit</strong></span> <span class='ocrx_word' id='word_1_247' title='bbox 3053 1770 3102 1823; x_wconf 89' lang='lat' dir='ltr'><strong>ei</strong></span> <span class='ocrx_word' id='word_1_248' title='bbox 3129 1769 3408 1836; x_wconf 88' lang='lat' dir='ltr'><strong>Dominus,</strong></span> 
     </span>
    </p>
   </div>
   <div class='ocr_carea' id='block_1_33' title="bbox 141 1856 3409 1943">
    <p class='ocr_par' dir='ltr' id='par_1_33' title="bbox 141 1856 3409 1943">
     <span class='ocr_line' id='line_1_33' title="bbox 141 1856 3409 1943; baseline -0.001 -24"><span class='ocrx_word' id='word_1_249' title='bbox 141 1866 380 1921; x_wconf 83' lang='lat' dir='ltr'><strong>vadente</strong></span> <span class='ocrx_word' id='word_1_250' title='bbox 413 1862 822 1934; x_wconf 66' lang='lat' dir='ltr'><strong>praefocabatur,</strong></span> <span class='ocrx_word' id='word_1_251' title='bbox 851 1862 902 1935; x_wconf 91' lang='lat' dir='ltr'><strong>(I</strong></span> <span class='ocrx_word' id='word_1_252' title='bbox 947 1862 1076 1934; x_wconf 88' lang='lat' dir='ltr'><strong>Reg.</strong></span> <span class='ocrx_word' id='word_1_253' title='bbox 1111 1879 1220 1927; x_wconf 80' lang='lat' dir='ltr'><strong>xvi,</strong></span> <span class='ocrx_word' id='word_1_254' title='bbox 1252 1863 1337 1935; x_wconf 71' lang='grc'><strong>14)</strong></span> <span class='ocrx_word' id='word_1_255' title='bbox 1373 1863 1463 1932; x_wconf 93' lang='lat' dir='ltr'><strong>qui</strong></span> <span class='ocrx_word' id='word_1_256' title='bbox 1497 1861 1730 1932; x_wconf 86' lang='lat' dir='ltr'><strong>prophe—</strong></span> <span class='ocrx_word' id='word_1_257' title='bbox 1757 1856 1805 1916; x_wconf 88' lang='lat' dir='ltr'><strong>B</strong></span> <span class='ocrx_word' id='word_1_258' title='bbox 1832 1869 1890 1914; x_wconf 86' lang='lat' dir='ltr'><strong>ut</strong></span> <span class='ocrx_word' id='word_1_259' title='bbox 1919 1869 2051 1915; x_wconf 82' lang='lat' dir='ltr'><strong>esset</strong></span> <span class='ocrx_word' id='word_1_260' title='bbox 2073 1860 2184 1914; x_wconf 82' lang='lat' dir='ltr'><strong>dua:</strong></span> <span class='ocrx_word' id='word_1_261' title='bbox 2212 1877 2369 1943; x_wconf 86' lang='lat' dir='ltr'><strong>super</strong></span> <span class='ocrx_word' id='word_1_262' title='bbox 2396 1862 2644 1932; x_wconf 87' lang='lat' dir='ltr'><strong>populum</strong></span> <span class='ocrx_word' id='word_1_263' title='bbox 2669 1879 2823 1915; x_wconf 88' lang='lat' dir='ltr'><strong>suum</strong></span> <span class='ocrx_word' id='word_1_264' title='bbox 2850 1869 2864 1927; x_wconf 88' lang='lat'><strong>,</strong></span> <span class='ocrx_word' id='word_1_265' title='bbox 2891 1879 2951 1916; x_wconf 92' lang='lat' dir='ltr'><strong>eo</strong></span> <span class='ocrx_word' id='word_1_266' title='bbox 2976 1863 3116 1933; x_wconf 89' lang='lat' dir='ltr'><strong>quod</strong></span> <span class='ocrx_word' id='word_1_267' title='bbox 3159 1880 3263 1918; x_wconf 89' lang='lat' dir='ltr'><strong>non</strong></span> <span class='ocrx_word' id='word_1_268' title='bbox 3296 1880 3409 1918; x_wconf 89' lang='lat' dir='ltr'><strong>ser-</strong></span> 
     </span>
    </p>
   </div>
   <div class='ocr_carea' id='block_1_34' title="bbox 147 1953 1732 2027">
    <p class='ocr_par' dir='ltr' id='par_1_34' title="bbox 147 1953 1732 2027">
     <span class='ocr_line' id='line_1_34' title="bbox 147 1953 1732 2027; baseline -0.003 -16"><span class='ocrx_word' id='word_1_269' title='bbox 147 1957 240 2011; x_wconf 83' lang='lat' dir='ltr'><strong>ti:e</strong></span> <span class='ocrx_word' id='word_1_270' title='bbox 271 1955 516 2027; x_wconf 89' lang='lat' dir='ltr'><strong>spiritum</strong></span> <span class='ocrx_word' id='word_1_271' title='bbox 552 1955 702 2025; x_wconf 88' lang='lat' dir='ltr'><strong>prius</strong></span> <span class='ocrx_word' id='word_1_272' title='bbox 742 1961 1044 2024; x_wconf 91' lang='lat' dir='ltr'><strong>acceperat,</strong></span> <span class='ocrx_word' id='word_1_273' title='bbox 1074 1969 1248 2024; x_wconf 88' lang='lat' dir='ltr'><strong>neque</strong></span> <span class='ocrx_word' id='word_1_274' title='bbox 1287 1955 1391 2010; x_wconf 92' lang='lat' dir='ltr'><strong>hoc</strong></span> <span class='ocrx_word' id='word_1_275' title='bbox 1421 1953 1732 2009; x_wconf 88' lang='lat' dir='ltr'><strong>mirandum</strong></span> 
     </span>
    </p>
   </div>
   <div class='ocr_carea' id='block_1_35' title="bbox 143 2045 1732 2118">
    <p class='ocr_par' dir='ltr' id='par_1_35' title="bbox 143 2045 1732 2118">
     <span class='ocr_line' id='line_1_35' title="bbox 143 2045 1732 2118; baseline -0.003 -14"><span class='ocrx_word' id='word_1_276' title='bbox 143 2058 256 2104; x_wconf 83' lang='lat' dir='ltr'><strong>est.</strong></span> <span class='ocrx_word' id='word_1_277' title='bbox 285 2047 417 2102; x_wconf 89' lang='lat' dir='ltr'><strong>Illud</strong></span> <span class='ocrx_word' id='word_1_278' title='bbox 442 2049 585 2103; x_wconf 92' lang='lat' dir='ltr'><strong>enim</strong></span> <span class='ocrx_word' id='word_1_279' title='bbox 622 2047 826 2102; x_wconf 87' lang='lat' dir='ltr'><strong>factum</strong></span> <span class='ocrx_word' id='word_1_280' title='bbox 871 2055 957 2103; x_wconf 90' lang='lat' dir='ltr'><strong>est</strong></span> <span class='ocrx_word' id='word_1_281' title='bbox 983 2062 1051 2102; x_wconf 84' lang='lat' dir='ltr'><strong>ex</strong></span> <span class='ocrx_word' id='word_1_282' title='bbox 1077 2047 1476 2118; x_wconf 88' lang='lat' dir='ltr'><strong>dispensatione</strong></span> <span class='ocrx_word' id='word_1_283' title='bbox 1530 2045 1732 2116; x_wconf 90' lang='lat' dir='ltr'><strong>aliquid</strong></span> 
     </span>
    </p>
   </div>
   <div class='ocr_carea' id='block_1_36' title="bbox 149 2137 1732 2210">
    <p class='ocr_par' dir='ltr' id='par_1_36' title="bbox 149 2137 1732 2210">
     <span class='ocr_line' id='line_1_36' title="bbox 149 2137 1732 2210; baseline -0.001 -17"><span class='ocrx_word' id='word_1_284' title='bbox 149 2137 516 2210; x_wconf 87' lang='lat' dir='ltr'><strong>signiﬁcandi,</strong></span> <span class='ocrx_word' id='word_1_285' title='bbox 549 2139 654 2194; x_wconf 87' lang='lat' dir='ltr'><strong>hoc</strong></span> <span class='ocrx_word' id='word_1_286' title='bbox 690 2147 774 2194; x_wconf 91' lang='lat' dir='ltr'><strong>est</strong></span> <span class='ocrx_word' id='word_1_287' title='bbox 798 2155 865 2195; x_wconf 84' lang='lat' dir='ltr'><strong>ex</strong></span> <span class='ocrx_word' id='word_1_288' title='bbox 894 2140 1089 2194; x_wconf 88' lang='lat' dir='ltr'><strong>merito</strong></span> <span class='ocrx_word' id='word_1_289' title='bbox 1107 2139 1403 2210; x_wconf 90' lang='lat' dir='ltr'><strong>judicandi.</strong></span> <span class='ocrx_word' id='word_1_290' title='bbox 1454 2138 1564 2194; x_wconf 81' lang='lat' dir='ltr'><strong>Nec</strong></span> <span class='ocrx_word' id='word_1_291' title='bbox 1611 2153 1732 2193; x_wconf 90' lang='lat' dir='ltr'><strong>mo-</strong></span> 
     </span>
    </p>
   </div>
   <div class='ocr_carea' id='block_1_37' title="bbox 146 2231 1728 2300">
    <p class='ocr_par' dir='ltr' id='par_1_37' title="bbox 146 2231 1728 2300">
     <span class='ocr_line' id='line_1_37' title="bbox 146 2231 1728 2300; baseline 0.001 -16"><span class='ocrx_word' id='word_1_292' title='bbox 146 2245 285 2286; x_wconf 79' lang='lat' dir='ltr'><strong>vere</strong></span> <span class='ocrx_word' id='word_1_293' title='bbox 308 2247 404 2286; x_wconf 91' lang='lat' dir='ltr'><strong>nos</strong></span> <span class='ocrx_word' id='word_1_294' title='bbox 438 2231 634 2287; x_wconf 90' lang='lat' dir='ltr'><strong>debent</strong></span> <span class='ocrx_word' id='word_1_295' title='bbox 673 2232 789 2288; x_wconf 60' lang='lat' dir='ltr'><strong>haec</strong></span> <span class='ocrx_word' id='word_1_296' title='bbox 815 2231 1138 2288; x_wconf 85' lang='lat' dir='ltr'><strong>alternantia</strong></span> <span class='ocrx_word' id='word_1_297' title='bbox 1187 2234 1240 2287; x_wconf 90' lang='lat' dir='ltr'><strong>in</strong></span> <span class='ocrx_word' id='word_1_298' title='bbox 1269 2233 1450 2288; x_wconf 90' lang='lat' dir='ltr'><strong>animo</strong></span> <span class='ocrx_word' id='word_1_299' title='bbox 1473 2233 1728 2300; x_wconf 89' lang='lat' dir='ltr'><strong>humano,</strong></span> 
     </span>
    </p>
   </div>
   <div class='ocr_carea' id='block_1_38' title="bbox 152 2321 1731 2397">
    <p class='ocr_par' dir='ltr' id='par_1_38' title="bbox 152 2321 1731 2397">
     <span class='ocr_line' id='line_1_38' title="bbox 152 2321 1731 2397; baseline 0.002 -20"><span class='ocrx_word' id='word_1_300' title='bbox 152 2322 261 2377; x_wconf 85' lang='lat' dir='ltr'><strong>hoc</strong></span> <span class='ocrx_word' id='word_1_301' title='bbox 291 2330 372 2377; x_wconf 90' lang='lat' dir='ltr'><strong>est</strong></span> <span class='ocrx_word' id='word_1_302' title='bbox 393 2321 446 2376; x_wconf 94' lang='lat' dir='ltr'><strong>in</strong></span> <span class='ocrx_word' id='word_1_303' title='bbox 476 2330 724 2378; x_wconf 88' lang='lat' dir='ltr'><strong>creatura</strong></span> <span class='ocrx_word' id='word_1_304' title='bbox 751 2325 1016 2391; x_wconf 89' lang='lat' dir='ltr'><strong>mutabili,</strong></span> <span class='ocrx_word' id='word_1_305' title='bbox 1044 2326 1342 2397; x_wconf 78' lang='lat' dir='ltr'><strong>praesertim</strong></span> <span class='ocrx_word' id='word_1_306' title='bbox 1377 2326 1566 2380; x_wconf 91' lang='lat' dir='ltr'><strong>eodem</strong></span> <span class='ocrx_word' id='word_1_307' title='bbox 1591 2333 1731 2380; x_wconf 91' lang='lat' dir='ltr'><strong>tem-</strong></span> 
     </span>
    </p>
   </div>
   <div class='ocr_carea' id='block_1_39' title="bbox 151 2415 1729 2492">
    <p class='ocr_par' dir='ltr' id='par_1_39' title="bbox 151 2415 1729 2492">
     <span class='ocr_line' id='line_1_39' title="bbox 151 2415 1729 2492; baseline 0.002 -26"><span class='ocrx_word' id='word_1_308' title='bbox 151 2426 308 2484; x_wconf 83' lang='lat' dir='ltr'><strong>pore,</strong></span> <span class='ocrx_word' id='word_1_309' title='bbox 338 2427 444 2484; x_wconf 87' lang='lat' dir='ltr'><strong>quo</strong></span> <span class='ocrx_word' id='word_1_310' title='bbox 465 2429 594 2469; x_wconf 91' lang='lat' dir='ltr'><strong>caro</strong></span> <span class='ocrx_word' id='word_1_311' title='bbox 640 2415 1028 2486; x_wconf 88' lang='lat' dir='ltr'><strong>corruptibilis,</strong></span> <span class='ocrx_word' id='word_1_312' title='bbox 1076 2415 1426 2492; x_wconf 85' lang='lat' dir='ltr'><strong>mortalisque</strong></span> <span class='ocrx_word' id='word_1_313' title='bbox 1463 2423 1729 2488; x_wconf 87' lang='lat' dir='ltr'><strong>portatur.</strong></span> 
     </span>
    </p>
   </div>
   <div class='ocr_carea' id='block_1_40' title="bbox 149 2506 1733 2578">
    <p class='ocr_par' dir='ltr' id='par_1_40' title="bbox 149 2506 1733 2578">
     <span class='ocr_line' id='line_1_40' title="bbox 149 2506 1733 2578; baseline 0 -18"><span class='ocrx_word' id='word_1_314' title='bbox 149 2506 265 2560; x_wconf 81' lang='lat' dir='ltr'><strong>Aut</strong></span> <span class='ocrx_word' id='word_1_315' title='bbox 290 2520 395 2561; x_wconf 92' lang='lat' dir='ltr'><strong>non</strong></span> <span class='ocrx_word' id='word_1_316' title='bbox 426 2506 670 2562; x_wconf 85' lang='lat' dir='ltr'><strong>videmus</strong></span> <span class='ocrx_word' id='word_1_317' title='bbox 716 2507 771 2560; x_wconf 90' lang='lat' dir='ltr'><strong>in</strong></span> <span class='ocrx_word' id='word_1_318' title='bbox 823 2508 939 2578; x_wconf 88' lang='lat' dir='ltr'><strong>ipso</strong></span> <span class='ocrx_word' id='word_1_319' title='bbox 982 2506 1162 2573; x_wconf 87' lang='lat' dir='ltr'><strong>Petro,</strong></span> <span class='ocrx_word' id='word_1_320' title='bbox 1213 2516 1473 2577; x_wconf 90' lang='lat' dir='ltr'><strong>quantum</strong></span> <span class='ocrx_word' id='word_1_321' title='bbox 1531 2507 1733 2562; x_wconf 89' lang='lat' dir='ltr'><strong>indicat</strong></span> 
     </span>
    </p>
   </div>
   <div class='ocr_carea' id='block_1_41' title="bbox 156 2597 1735 2668">
    <p class='ocr_par' dir='ltr' id='par_1_41' title="bbox 156 2597 1735 2668">
     <span class='ocr_line' id='line_1_41' title="bbox 156 2597 1735 2668; baseline 0 -17"><span class='ocrx_word' id='word_1_322' title='bbox 156 2597 528 2668; x_wconf 84' lang='lat' dir='ltr'><strong>Evangelium,</strong></span> <span class='ocrx_word' id='word_1_323' title='bbox 555 2598 827 2654; x_wconf 77' lang='lat' dir='ltr'><strong>exstitisse</strong></span> <span class='ocrx_word' id='word_1_324' title='bbox 856 2607 1062 2653; x_wconf 89' lang='lat' dir='ltr'><strong>tantam</strong></span> <span class='ocrx_word' id='word_1_325' title='bbox 1097 2597 1509 2662; x_wconf 87' lang='lat' dir='ltr'><strong>confessionem,</strong></span> <span class='ocrx_word' id='word_1_326' title='bbox 1552 2607 1612 2652; x_wconf 95' lang='lat' dir='ltr'><strong>ut</strong></span> <span class='ocrx_word' id='word_1_327' title='bbox 1639 2614 1735 2652; x_wconf 83' lang='lat' dir='ltr'><strong>au-</strong></span> 
     </span>
    </p>
   </div>
   <div class='ocr_carea' id='block_1_42' title="bbox 152 2689 1735 2762">
    <p class='ocr_par' dir='ltr' id='par_1_42' title="bbox 152 2689 1735 2762">
     <span class='ocr_line' id='line_1_42' title="bbox 152 2689 1735 2762; baseline -0.002 -18"><span class='ocrx_word' id='word_1_328' title='bbox 152 2689 278 2744; x_wconf 85' lang='lat' dir='ltr'><strong>dire</strong></span> <span class='ocrx_word' id='word_1_329' title='bbox 306 2691 582 2754; x_wconf 89' lang='lat' dir='ltr'><strong>meruerit,</strong></span> <span class='ocrx_word' id='word_1_330' title='bbox 611 2689 824 2762; x_wconf 82' lang='lat' dir='ltr'><strong>(Matth.</strong></span> <span class='ocrx_word' id='word_1_331' title='bbox 851 2707 964 2756; x_wconf 71' lang='lat' dir='ltr'><strong>xvn,</strong></span> <span class='ocrx_word' id='word_1_332' title='bbox 983 2690 1070 2762; x_wconf 86' lang='grc'><strong>17)</strong></span> <span class='ocrx_word' id='word_1_333' title='bbox 1092 2690 1285 2745; x_wconf 84' lang='lat' dir='ltr'><strong>Beatus</strong></span> <span class='ocrx_word' id='word_1_334' title='bbox 1309 2707 1361 2744; x_wconf 87' lang='lat' dir='ltr'><strong>es</strong></span> <span class='ocrx_word' id='word_1_335' title='bbox 1386 2689 1570 2745; x_wconf 87' lang='lat' dir='ltr'><strong>Simon</strong></span> <span class='ocrx_word' id='word_1_336' title='bbox 1601 2689 1735 2742; x_wconf 87' lang='lat' dir='ltr'><strong>Bar-</strong></span> 
     </span>
    </p>
   </div>
   <div class='ocr_carea' id='block_1_43' title="bbox 141 2777 1736 2849">
    <p class='ocr_par' dir='ltr' id='par_1_43' title="bbox 141 2777 1736 2849">
     <span class='ocr_line' id='line_1_43' title="bbox 141 2777 1736 2849; baseline -0.001 -18"><span class='ocrx_word' id='word_1_337' title='bbox 141 2778 310 2848; x_wconf 86' lang='lat' dir='ltr'><strong>jona,</strong></span> <span class='ocrx_word' id='word_1_338' title='bbox 329 2779 449 2848; x_wconf 83' lang='lat' dir='ltr'><strong>quia</strong></span> <span class='ocrx_word' id='word_1_339' title='bbox 485 2795 589 2832; x_wconf 90' lang='lat' dir='ltr'><strong>non</strong></span> <span class='ocrx_word' id='word_1_340' title='bbox 610 2778 703 2832; x_wconf 86' lang='lat' dir='ltr'><strong>tibi</strong></span> <span class='ocrx_word' id='word_1_341' title='bbox 733 2778 968 2833; x_wconf 72' lang='lat' dir='ltr'><strong>reuelauit</strong></span> <span class='ocrx_word' id='word_1_342' title='bbox 995 2795 1117 2833; x_wconf 89' lang='lat' dir='ltr'><strong>caro</strong></span> <span class='ocrx_word' id='word_1_343' title='bbox 1140 2788 1188 2832; x_wconf 88' lang='lat' dir='ltr'><strong>et</strong></span> <span class='ocrx_word' id='word_1_344' title='bbox 1214 2779 1448 2849; x_wconf 84' lang='lat' dir='ltr'><strong>sanguis,</strong></span> <span class='ocrx_word' id='word_1_345' title='bbox 1471 2777 1562 2831; x_wconf 84' lang='lat' dir='ltr'><strong>sed</strong></span> <span class='ocrx_word' id='word_1_346' title='bbox 1585 2787 1736 2847; x_wconf 85' lang='lat' dir='ltr'><strong>pater</strong></span> 
     </span>
    </p>
   </div>
   <div class='ocr_carea' id='block_1_44' title="bbox 152 2866 1732 2939">
    <p class='ocr_par' dir='ltr' id='par_1_44' title="bbox 152 2866 1732 2939">
     <span class='ocr_line' id='line_1_44' title="bbox 152 2866 1732 2939; baseline 0.001 -19"><span class='ocrx_word' id='word_1_347' title='bbox 152 2884 327 2933; x_wconf 85' lang='lat' dir='ltr'><strong>meus,</strong></span> <span class='ocrx_word' id='word_1_348' title='bbox 370 2870 458 2938; x_wconf 86' lang='lat' dir='ltr'><strong>qui</strong></span> <span class='ocrx_word' id='word_1_349' title='bbox 493 2869 546 2922; x_wconf 92' lang='lat' dir='ltr'><strong>in</strong></span> <span class='ocrx_word' id='word_1_350' title='bbox 584 2866 724 2922; x_wconf 77' lang='lat' dir='ltr'><strong>caelis</strong></span> <span class='ocrx_word' id='word_1_351' title='bbox 771 2871 889 2923; x_wconf 84' lang='lat' dir='ltr'><strong>est?</strong></span> <span class='ocrx_word' id='word_1_352' title='bbox 931 2869 999 2924; x_wconf 85' lang='lat' dir='ltr'><strong>Et</strong></span> <span class='ocrx_word' id='word_1_353' title='bbox 1049 2869 1206 2938; x_wconf 91' lang='lat' dir='ltr'><strong>paulo</strong></span> <span class='ocrx_word' id='word_1_354' title='bbox 1255 2877 1376 2939; x_wconf 87' lang='lat' dir='ltr'><strong>post</strong></span> <span class='ocrx_word' id='word_1_355' title='bbox 1423 2867 1586 2939; x_wconf 85' lang='lat' dir='ltr'><strong>(Ibid.</strong></span> <span class='ocrx_word' id='word_1_356' title='bbox 1619 2869 1732 2939; x_wconf 72' lang='grc'><strong>25)</strong></span> 
     </span>
    </p>
   </div>
   <div class='ocr_carea' id='block_1_45' title="bbox 153 2958 1737 3030">
    <p class='ocr_par' dir='ltr' id='par_1_45' title="bbox 153 2958 1737 3030">
     <span class='ocr_line' id='line_1_45' title="bbox 153 2958 1737 3030; baseline 0.002 -19"><span class='ocrx_word' id='word_1_357' title='bbox 153 2966 271 3011; x_wconf 84' lang='lat' dir='ltr'><strong>tam</strong></span> <span class='ocrx_word' id='word_1_358' title='bbox 299 2958 588 3013; x_wconf 88' lang='lat' dir='ltr'><strong>carnaliter</strong></span> <span class='ocrx_word' id='word_1_359' title='bbox 610 2973 735 3014; x_wconf 90' lang='lat' dir='ltr'><strong>eum</strong></span> <span class='ocrx_word' id='word_1_360' title='bbox 769 2959 834 3014; x_wconf 91' lang='lat' dir='ltr'><strong>de</strong></span> <span class='ocrx_word' id='word_1_361' title='bbox 860 2958 1072 3015; x_wconf 91' lang='lat' dir='ltr'><strong>Domini</strong></span> <span class='ocrx_word' id='word_1_362' title='bbox 1104 2960 1354 3030; x_wconf 88' lang='lat' dir='ltr'><strong>passione</strong></span> <span class='ocrx_word' id='word_1_363' title='bbox 1388 2959 1646 3025; x_wconf 89' lang='lat' dir='ltr'><strong>sensisse,</strong></span> <span class='ocrx_word' id='word_1_364' title='bbox 1676 2968 1737 3014; x_wconf 93' lang='lat' dir='ltr'><strong>ut</strong></span> 
     </span>
    </p>
   </div>
   <div class='ocr_carea' id='block_1_46' title="bbox 154 3049 1736 3123">
    <p class='ocr_par' dir='ltr' id='par_1_46' title="bbox 154 3049 1736 3123">
     <span class='ocr_line' id='line_1_46' title="bbox 154 3049 1736 3123; baseline 0.003 -20"><span class='ocrx_word' id='word_1_365' title='bbox 154 3049 345 3103; x_wconf 88' lang='lat' dir='ltr'><strong>statim</strong></span> <span class='ocrx_word' id='word_1_366' title='bbox 386 3051 598 3106; x_wconf 87' lang='lat' dir='ltr'><strong>audiret</strong></span> <span class='ocrx_word' id='word_1_367' title='bbox 639 3069 651 3104; x_wconf 88' lang='lat'>:</span> <span class='ocrx_word' id='word_1_368' title='bbox 687 3049 829 3105; x_wconf 84' lang='lat' dir='ltr'><strong>Vade</strong></span> <span class='ocrx_word' id='word_1_369' title='bbox 877 3060 992 3123; x_wconf 87' lang='lat' dir='ltr'><strong>post</strong></span> <span class='ocrx_word' id='word_1_370' title='bbox 1032 3069 1133 3119; x_wconf 91' lang='lat' dir='ltr'><strong>me,</strong></span> <span class='ocrx_word' id='word_1_371' title='bbox 1167 3051 1395 3119; x_wconf 89' lang='lat' dir='ltr'><strong>Satana,</strong></span> <span class='ocrx_word' id='word_1_372' title='bbox 1424 3052 1736 3108; x_wconf 86' lang='lat' dir='ltr'><strong>scandalum</strong></span> 
     </span>
    </p>
   </div>
   <div class='ocr_carea' id='block_1_47' title="bbox 155 3141 1732 3216">
    <p class='ocr_par' dir='ltr' id='par_1_47' title="bbox 155 3141 1732 3216">
     <span class='ocr_line' id='line_1_47' title="bbox 155 3141 1732 3216; baseline 0.004 -22"><span class='ocrx_word' id='word_1_373' title='bbox 155 3141 287 3195; x_wconf 86' lang='lat' dir='ltr'><strong>mihi</strong></span> <span class='ocrx_word' id='word_1_374' title='bbox 312 3159 384 3206; x_wconf 90' lang='lat' dir='ltr'><strong>es,</strong></span> <span class='ocrx_word' id='word_1_375' title='bbox 417 3160 520 3198; x_wconf 89' lang='lat' dir='ltr'><strong>non</strong></span> <span class='ocrx_word' id='word_1_376' title='bbox 543 3143 679 3197; x_wconf 89' lang='lat' dir='ltr'><strong>enim</strong></span> <span class='ocrx_word' id='word_1_377' title='bbox 700 3145 840 3215; x_wconf 86' lang='lat' dir='ltr'><strong>sapis</strong></span> <span class='ocrx_word' id='word_1_378' title='bbox 865 3161 981 3212; x_wconf 67' lang='lat' dir='ltr'><strong>qua:</strong></span> <span class='ocrx_word' id='word_1_379' title='bbox 1000 3145 1099 3199; x_wconf 87' lang='lat' dir='ltr'><strong>Dei</strong></span> <span class='ocrx_word' id='word_1_380' title='bbox 1122 3156 1261 3212; x_wconf 90' lang='lat' dir='ltr'><strong>sunt,</strong></span> <span class='ocrx_word' id='word_1_381' title='bbox 1285 3147 1375 3200; x_wconf 90' lang='lat' dir='ltr'><strong>sed</strong></span> <span class='ocrx_word' id='word_1_382' title='bbox 1415 3163 1531 3216; x_wconf 79' lang='lat' dir='ltr'><strong>qua:</strong></span> <span class='ocrx_word' id='word_1_383' title='bbox 1560 3146 1732 3201; x_wconf 83' lang='lat' dir='ltr'><strong>homi-</strong></span> 
     </span>
    </p>
   </div>
   <div class='ocr_carea' id='block_1_48' title="bbox 1836 1951 3414 2026">
    <p class='ocr_par' dir='ltr' id='par_1_48' title="bbox 1836 1951 3414 2026">
     <span class='ocr_line' id='line_1_48' title="bbox 1836 1951 3414 2026; baseline 0.003 -20"><span class='ocrx_word' id='word_1_384' title='bbox 1836 1951 2032 2006; x_wconf 80' lang='lat' dir='ltr'><strong>vaveris</strong></span> <span class='ocrx_word' id='word_1_385' title='bbox 2054 1968 2171 2022; x_wconf 75' lang='lat' dir='ltr'><strong>qua:</strong></span> <span class='ocrx_word' id='word_1_386' title='bbox 2183 1953 2426 2023; x_wconf 67' lang='lat' dir='ltr'><strong>pracepit</strong></span> <span class='ocrx_word' id='word_1_387' title='bbox 2448 1952 2726 2008; x_wconf 80' lang='lat' dir='ltr'><strong>Dominus.</strong></span> <span class='ocrx_word' id='word_1_388' title='bbox 2742 1953 2853 2010; x_wconf 84' lang='lat' dir='ltr'><strong>Nec</strong></span> <span class='ocrx_word' id='word_1_389' title='bbox 2866 1955 2944 2009; x_wconf 89' lang='lat' dir='ltr'><strong>sic</strong></span> <span class='ocrx_word' id='word_1_390' title='bbox 2965 1955 3019 2010; x_wconf 89' lang='lat' dir='ltr'><strong>id</strong></span> <span class='ocrx_word' id='word_1_391' title='bbox 3039 1955 3414 2026; x_wconf 91' lang='lat' dir='ltr'><strong>accipiendum</strong></span> 
     </span>
    </p>
   </div>
   <div class='ocr_carea' id='block_1_49' title="bbox 1833 2046 3414 2120">
    <p class='ocr_par' dir='ltr' id='par_1_49' title="bbox 1833 2046 3414 2120">
     <span class='ocr_line' id='line_1_49' title="bbox 1833 2046 3414 2120; baseline 0.002 -19"><span class='ocrx_word' id='word_1_392' title='bbox 1833 2054 1936 2111; x_wconf 90' lang='lat' dir='ltr'><strong>est,</strong></span> <span class='ocrx_word' id='word_1_393' title='bbox 1965 2062 2029 2101; x_wconf 89' lang='lat' dir='ltr'><strong>ac</strong></span> <span class='ocrx_word' id='word_1_394' title='bbox 2053 2047 2098 2101; x_wconf 92' lang='lat' dir='ltr'><strong>si</strong></span> <span class='ocrx_word' id='word_1_395' title='bbox 2130 2047 2307 2117; x_wconf 90' lang='lat' dir='ltr'><strong>ipsum</strong></span> <span class='ocrx_word' id='word_1_396' title='bbox 2331 2046 2547 2101; x_wconf 90' lang='lat' dir='ltr'><strong>Saulem</strong></span> <span class='ocrx_word' id='word_1_397' title='bbox 2582 2047 2724 2102; x_wconf 92' lang='lat' dir='ltr'><strong>Deus</strong></span> <span class='ocrx_word' id='word_1_398' title='bbox 2750 2047 2806 2102; x_wconf 91' lang='lat' dir='ltr'><strong>in</strong></span> <span class='ocrx_word' id='word_1_399' title='bbox 2835 2057 3096 2103; x_wconf 66' lang='lat' dir='ltr'><strong>aeternum</strong></span> <span class='ocrx_word' id='word_1_400' title='bbox 3141 2064 3414 2120; x_wconf 66' lang='lat' dir='ltr'><strong>pracpara—</strong></span> 
     </span>
    </p>
   </div>
   <div class='ocr_carea' id='block_1_50' title="bbox 1833 2139 3417 2212">
    <p class='ocr_par' dir='ltr' id='par_1_50' title="bbox 1833 2139 3417 2212">
     <span class='ocr_line' id='line_1_50' title="bbox 1833 2139 3417 2212; baseline 0.002 -19"><span class='ocrx_word' id='word_1_401' title='bbox 1833 2140 1974 2195; x_wconf 90' lang='lat' dir='ltr'><strong>verit</strong></span> <span class='ocrx_word' id='word_1_402' title='bbox 1997 2148 2366 2210; x_wconf 89' lang='lat' dir='ltr'><strong>regnaturum,</strong></span> <span class='ocrx_word' id='word_1_403' title='bbox 2383 2147 2440 2194; x_wconf 85' lang='lat' dir='ltr'><strong>et</strong></span> <span class='ocrx_word' id='word_1_404' title='bbox 2466 2140 2568 2194; x_wconf 89' lang='lat' dir='ltr'><strong>hoc</strong></span> <span class='ocrx_word' id='word_1_405' title='bbox 2596 2147 2782 2209; x_wconf 88' lang='lat' dir='ltr'><strong>postea</strong></span> <span class='ocrx_word' id='word_1_406' title='bbox 2802 2139 3270 2196; x_wconf 89' lang='lat' dir='ltr'><strong>nolueritservare</strong></span> <span class='ocrx_word' id='word_1_407' title='bbox 3295 2155 3417 2212; x_wconf 86' lang='lat' dir='ltr'><strong>pec-</strong></span> 
     </span>
    </p>
   </div>
   <div class='ocr_carea' id='block_1_51' title="bbox 1833 2229 3416 2301">
    <p class='ocr_par' dir='ltr' id='par_1_51' title="bbox 1833 2229 3416 2301">
     <span class='ocr_line' id='line_1_51' title="bbox 1833 2229 3416 2301; baseline -0.001 -13"><span class='ocrx_word' id='word_1_408' title='bbox 1833 2231 1975 2288; x_wconf 89' lang='lat' dir='ltr'><strong>canti</strong></span> <span class='ocrx_word' id='word_1_409' title='bbox 2003 2245 2017 2284; x_wconf 92' lang='lat'><strong>:</strong></span> <span class='ocrx_word' id='word_1_410' title='bbox 2044 2246 2218 2300; x_wconf 91' lang='lat' dir='ltr'><strong>neque</strong></span> <span class='ocrx_word' id='word_1_411' title='bbox 2239 2231 2382 2286; x_wconf 90' lang='lat' dir='ltr'><strong>enim</strong></span> <span class='ocrx_word' id='word_1_412' title='bbox 2413 2240 2761 2300; x_wconf 86' lang='lat' dir='ltr'><strong>peccaturum</strong></span> <span class='ocrx_word' id='word_1_413' title='bbox 2806 2231 3121 2286; x_wconf 89' lang='lat' dir='ltr'><strong>nesciebat:</strong></span> <span class='ocrx_word' id='word_1_414' title='bbox 3155 2229 3249 2286; x_wconf 88' lang='lat' dir='ltr'><strong>sed</strong></span> <span class='ocrx_word' id='word_1_415' title='bbox 3278 2246 3416 2301; x_wconf 78' lang='lat' dir='ltr'><strong>prae-</strong></span> 
     </span>
    </p>
   </div>
   <div class='ocr_carea' id='block_1_52' title="bbox 1833 2323 3417 2397">
    <p class='ocr_par' dir='ltr' id='par_1_52' title="bbox 1833 2323 3417 2397">
     <span class='ocr_line' id='line_1_52' title="bbox 1833 2323 3417 2397; baseline -0.001 -18"><span class='ocrx_word' id='word_1_416' title='bbox 1833 2326 2108 2397; x_wconf 84' lang='lat' dir='ltr'><strong>paraverit</strong></span> <span class='ocrx_word' id='word_1_417' title='bbox 2135 2340 2360 2395; x_wconf 83' lang='lat' dir='ltr'><strong>regnum</strong></span> <span class='ocrx_word' id='word_1_418' title='bbox 2402 2323 2537 2394; x_wconf 88' lang='lat' dir='ltr'><strong>ejus,</strong></span> <span class='ocrx_word' id='word_1_419' title='bbox 2582 2325 2637 2378; x_wconf 93' lang='lat' dir='ltr'><strong>in</strong></span> <span class='ocrx_word' id='word_1_420' title='bbox 2684 2339 2790 2394; x_wconf 88' lang='lat' dir='ltr'><strong>quo</strong></span> <span class='ocrx_word' id='word_1_421' title='bbox 2843 2323 3013 2393; x_wconf 86' lang='lat' dir='ltr'><strong>ﬁgura</strong></span> <span class='ocrx_word' id='word_1_422' title='bbox 3072 2331 3214 2378; x_wconf 90' lang='lat' dir='ltr'><strong>esset</strong></span> <span class='ocrx_word' id='word_1_423' title='bbox 3266 2324 3417 2396; x_wconf 81' lang='lat' dir='ltr'><strong>regni</strong></span> 
     </span>
    </p>
   </div>
   <div class='ocr_carea' id='block_1_53' title="bbox 1834 2415 3519 2487">
    <p class='ocr_par' dir='ltr' id='par_1_53' title="bbox 1834 2415 3519 2487">
     <span class='ocr_line' id='line_1_53' title="bbox 1834 2415 3519 2487; baseline -0.004 -14"><span class='ocrx_word' id='word_1_424' title='bbox 1834 2419 2043 2473; x_wconf 62' lang='lat' dir='ltr'><strong>salerni.</strong></span> <span class='ocrx_word' id='word_1_425' title='bbox 2094 2417 2219 2472; x_wconf 88' lang='lat' dir='ltr'><strong>Ideo</strong></span> <span class='ocrx_word' id='word_1_426' title='bbox 2276 2417 2478 2472; x_wconf 88' lang='lat' dir='ltr'><strong>addidit</strong></span> <span class='ocrx_word' id='word_1_427' title='bbox 2510 2435 2522 2469; x_wconf 89' lang='lat'><strong>:</strong></span> <span class='ocrx_word' id='word_1_428' title='bbox 2552 2415 2605 2487; x_wconf 91' lang='grc' dir='ltr'><strong>(Ι</strong></span> <span class='ocrx_word' id='word_1_429' title='bbox 2637 2415 2762 2487; x_wconf 84' lang='lat' dir='ltr'><strong>Reg.</strong></span> <span class='ocrx_word' id='word_1_430' title='bbox 2797 2431 2916 2482; x_wconf 85' lang='lat' dir='ltr'><strong>xm,</strong></span> <span class='ocrx_word' id='word_1_431' title='bbox 2943 2415 3031 2486; x_wconf 80' lang='grc'><strong>15)</strong></span> <span class='ocrx_word' id='word_1_432' title='bbox 3053 2425 3100 2469; x_wconf 88' lang='lat' dir='ltr'><strong>et</strong></span> <span class='ocrx_word' id='word_1_433' title='bbox 3165 2431 3300 2468; x_wconf 88' lang='lat' dir='ltr'><strong>nunc</strong></span> <span class='ocrx_word' id='word_1_434' title='bbox 3339 2430 3421 2467; x_wconf 89' lang='lat' dir='ltr'><strong>re-</strong></span> <span class='ocrx_word' id='word_1_435' title='bbox 3503 2427 3519 2438; x_wconf 74' lang='grc'>⁶</span> 
     </span>
    </p>
   </div>
   <div class='ocr_carea' id='block_1_54' title="bbox 1833 2503 3419 2578">
    <p class='ocr_par' dir='ltr' id='par_1_54' title="bbox 1833 2503 3419 2578">
     <span class='ocr_line' id='line_1_54' title="bbox 1833 2503 3419 2578; baseline -0.002 -17"><span class='ocrx_word' id='word_1_436' title='bbox 1833 2523 1991 2578; x_wconf 88' lang='lat' dir='ltr'><strong>gnum</strong></span> <span class='ocrx_word' id='word_1_437' title='bbox 2016 2516 2163 2560; x_wconf 89' lang='lat' dir='ltr'><strong>tuum</strong></span> <span class='ocrx_word' id='word_1_438' title='bbox 2187 2524 2288 2561; x_wconf 89' lang='lat' dir='ltr'><strong>non</strong></span> <span class='ocrx_word' id='word_1_439' title='bbox 2305 2506 2461 2560; x_wconf 86' lang='lat' dir='ltr'><strong>stabit</strong></span> <span class='ocrx_word' id='word_1_440' title='bbox 2482 2505 2594 2558; x_wconf 86' lang='lat' dir='ltr'><strong>tibi.</strong></span> <span class='ocrx_word' id='word_1_441' title='bbox 2612 2503 3340 2575; x_wconf 88' lang='lat' dir='ltr'><strong>Stetitergo,etstabitquod</strong></span> <span class='ocrx_word' id='word_1_442' title='bbox 3363 2503 3419 2558; x_wconf 90' lang='lat' dir='ltr'><strong>in</strong></span> 
     </span>
    </p>
   </div>
   <div class='ocr_carea' id='block_1_55' title="bbox 1836 2597 3424 2670">
    <p class='ocr_par' dir='ltr' id='par_1_55' title="bbox 1836 2597 3424 2670">
     <span class='ocr_line' id='line_1_55' title="bbox 1836 2597 3424 2670; baseline -0.002 -17"><span class='ocrx_word' id='word_1_443' title='bbox 1836 2599 1927 2654; x_wconf 92' lang='lat' dir='ltr'><strong>illo</strong></span> <span class='ocrx_word' id='word_1_444' title='bbox 1953 2598 2316 2670; x_wconf 90' lang='lat' dir='ltr'><strong>signiﬁcatum</strong></span> <span class='ocrx_word' id='word_1_445' title='bbox 2337 2606 2444 2664; x_wconf 90' lang='lat' dir='ltr'><strong>est,</strong></span> <span class='ocrx_word' id='word_1_446' title='bbox 2471 2597 2565 2652; x_wconf 91' lang='lat' dir='ltr'><strong>sed</strong></span> <span class='ocrx_word' id='word_1_447' title='bbox 2587 2613 2694 2653; x_wconf 88' lang='lat' dir='ltr'><strong>non</strong></span> <span class='ocrx_word' id='word_1_448' title='bbox 2726 2598 2852 2652; x_wconf 90' lang='lat' dir='ltr'><strong>huic</strong></span> <span class='ocrx_word' id='word_1_449' title='bbox 2877 2615 2888 2650; x_wconf 95' lang='lat'>:</span> <span class='ocrx_word' id='word_1_450' title='bbox 2919 2598 3047 2668; x_wconf 86' lang='lat' dir='ltr'><strong>quia</strong></span> <span class='ocrx_word' id='word_1_451' title='bbox 3073 2597 3247 2652; x_wconf 87' lang='lat' dir='ltr'><strong>nonin</strong></span> <span class='ocrx_word' id='word_1_452' title='bbox 3261 2605 3424 2652; x_wconf 71' lang='lat' dir='ltr'><strong>mter-</strong></span> 
     </span>
    </p>
   </div>
   <div class='ocr_carea' id='block_1_56' title="bbox 1835 2688 3421 2762">
    <p class='ocr_par' dir='ltr' id='par_1_56' title="bbox 1835 2688 3421 2762">
     <span class='ocr_line' id='line_1_56' title="bbox 1835 2688 3421 2762; baseline -0.001 -16"><span class='ocrx_word' id='word_1_453' title='bbox 1835 2708 1964 2746; x_wconf 91' lang='lat' dir='ltr'><strong>num</strong></span> <span class='ocrx_word' id='word_1_454' title='bbox 2008 2693 2124 2762; x_wconf 87' lang='lat' dir='ltr'><strong>ipse</strong></span> <span class='ocrx_word' id='word_1_455' title='bbox 2176 2690 2351 2745; x_wconf 78' lang='lat' dir='ltr'><strong>fuerat</strong></span> <span class='ocrx_word' id='word_1_456' title='bbox 2414 2699 2692 2762; x_wconf 90' lang='lat' dir='ltr'><strong>regnatus,</strong></span> <span class='ocrx_word' id='word_1_457' title='bbox 2724 2705 2825 2744; x_wconf 89' lang='lat' dir='ltr'><strong>nec</strong></span> <span class='ocrx_word' id='word_1_458' title='bbox 2871 2691 3156 2761; x_wconf 86' lang='lat' dir='ltr'><strong>progenies</strong></span> <span class='ocrx_word' id='word_1_459' title='bbox 3189 2688 3327 2759; x_wconf 86' lang='lat' dir='ltr'><strong>ejus,</strong></span> <span class='ocrx_word' id='word_1_460' title='bbox 3360 2697 3421 2745; x_wconf 91' lang='lat' dir='ltr'><strong>ut</strong></span> 
     </span>
    </p>
   </div>
   <div class='ocr_carea' id='block_1_57' title="bbox 1836 2785 3416 2856">
    <p class='ocr_par' dir='ltr' id='par_1_57' title="bbox 1836 2785 3416 2856">
     <span class='ocr_line' id='line_1_57' title="bbox 1836 2785 3416 2856; baseline 0 -15"><span class='ocrx_word' id='word_1_461' title='bbox 1836 2787 2015 2842; x_wconf 89' lang='lat' dir='ltr'><strong>saltim</strong></span> <span class='ocrx_word' id='word_1_462' title='bbox 2036 2801 2133 2856; x_wconf 91' lang='lat' dir='ltr'><strong>per</strong></span> <span class='ocrx_word' id='word_1_463' title='bbox 2160 2794 2406 2856; x_wconf 90' lang='lat' dir='ltr'><strong>posteros</strong></span> <span class='ocrx_word' id='word_1_464' title='bbox 2427 2785 2658 2842; x_wconf 89' lang='lat' dir='ltr'><strong>alterum</strong></span> <span class='ocrx_word' id='word_1_465' title='bbox 2689 2786 2843 2841; x_wconf 88' lang='lat' dir='ltr'><strong>alteri</strong></span> <span class='ocrx_word' id='word_1_466' title='bbox 2879 2787 3247 2853; x_wconf 88' lang='lat' dir='ltr'><strong>succedentes,</strong></span> <span class='ocrx_word' id='word_1_467' title='bbox 3266 2786 3416 2841; x_wconf 88' lang='lat' dir='ltr'><strong>vide-</strong></span> 
     </span>
    </p>
   </div>
   <div class='ocr_carea' id='block_1_58' title="bbox 1836 2876 3416 2949">
    <p class='ocr_par' dir='ltr' id='par_1_58' title="bbox 1836 2876 3416 2949">
     <span class='ocr_line' id='line_1_58' title="bbox 1836 2876 3416 2949; baseline -0.002 -17"><span class='ocrx_word' id='word_1_468' title='bbox 1836 2885 1986 2932; x_wconf 86' lang='lat' dir='ltr'><strong>retur</strong></span> <span class='ocrx_word' id='word_1_469' title='bbox 2008 2877 2234 2948; x_wconf 90' lang='lat' dir='ltr'><strong>impleri,</strong></span> <span class='ocrx_word' id='word_1_470' title='bbox 2266 2877 2408 2946; x_wconf 89' lang='lat' dir='ltr'><strong>quod</strong></span> <span class='ocrx_word' id='word_1_471' title='bbox 2435 2877 2636 2932; x_wconf 89' lang='lat' dir='ltr'><strong>dictutn</strong></span> <span class='ocrx_word' id='word_1_472' title='bbox 2657 2886 2742 2932; x_wconf 90' lang='lat' dir='ltr'><strong>est</strong></span> <span class='ocrx_word' id='word_1_473' title='bbox 2768 2878 2822 2932; x_wconf 91' lang='lat' dir='ltr'><strong>in</strong></span> <span class='ocrx_word' id='word_1_474' title='bbox 2870 2887 3151 2933; x_wconf 58' lang='lat' dir='ltr'><strong>aeternum.</strong></span> <span class='ocrx_word' id='word_1_475' title='bbox 3183 2877 3236 2949; x_wconf 83' lang='lat' dir='ltr'><strong>(’I</strong></span> <span class='ocrx_word' id='word_1_476' title='bbox 3284 2876 3416 2948; x_wconf 84' lang='lat' dir='ltr'><strong>Reg.</strong></span> 
     </span>
    </p>
   </div>
   <div class='ocr_carea' id='block_1_59' title="bbox 1838 2966 3418 3039">
    <p class='ocr_par' dir='ltr' id='par_1_59' title="bbox 1838 2966 3418 3039">
     <span class='ocr_line' id='line_1_59' title="bbox 1838 2966 3418 3039; baseline -0.001 -18"><span class='ocrx_word' id='word_1_477' title='bbox 1838 2983 1899 3032; x_wconf 89' lang='grc' dir='ltr'>ιι,</span> <span class='ocrx_word' id='word_1_478' title='bbox 1953 2966 2041 3039; x_wconf 68' lang='grc'><strong>14)</strong></span> <span class='ocrx_word' id='word_1_479' title='bbox 2086 2967 2154 3020; x_wconf 83' lang='lat' dir='ltr'><strong>Et</strong></span> <span class='ocrx_word' id='word_1_480' title='bbox 2197 2976 2424 3038; x_wconf 70' lang='lat' dir='ltr'><strong>qureret,</strong></span> <span class='ocrx_word' id='word_1_481' title='bbox 2462 2967 2655 3036; x_wconf 87' lang='lat' dir='ltr'><strong>inquit,</strong></span> <span class='ocrx_word' id='word_1_482' title='bbox 2699 2966 2797 3020; x_wconf 86' lang='lat' dir='ltr'><strong>sibi</strong></span> <span class='ocrx_word' id='word_1_483' title='bbox 2840 2966 3095 3022; x_wconf 87' lang='lat' dir='ltr'><strong>Dominus</strong></span> <span class='ocrx_word' id='word_1_484' title='bbox 3135 2966 3418 3029; x_wconf 87' lang='lat' dir='ltr'><strong>hominem,</strong></span> 
     </span>
    </p>
   </div>
   <div class='ocr_carea' id='block_1_60' title="bbox 1834 3057 3425 3130">
    <p class='ocr_par' dir='ltr' id='par_1_60' title="bbox 1834 3057 3425 3130">
     <span class='ocr_line' id='line_1_60' title="bbox 1834 3057 3425 3130; baseline 0.001 -17"><span class='ocrx_word' id='word_1_485' title='bbox 1834 3057 2120 3113; x_wconf 88' lang='lat' dir='ltr'><strong>secundum</strong></span> <span class='ocrx_word' id='word_1_486' title='bbox 2145 3075 2237 3112; x_wconf 90' lang='lat' dir='ltr'><strong>cor</strong></span> <span class='ocrx_word' id='word_1_487' title='bbox 2257 3075 2430 3124; x_wconf 89' lang='lat' dir='ltr'><strong>suum,</strong></span> <span class='ocrx_word' id='word_1_488' title='bbox 2457 3059 2570 3113; x_wconf 87' lang='lat' dir='ltr'><strong>sive</strong></span> <span class='ocrx_word' id='word_1_489' title='bbox 2598 3058 2784 3122; x_wconf 90' lang='lat' dir='ltr'><strong>David,</strong></span> <span class='ocrx_word' id='word_1_490' title='bbox 2808 3059 2921 3114; x_wconf 88' lang='lat' dir='ltr'><strong>sive</strong></span> <span class='ocrx_word' id='word_1_491' title='bbox 2951 3060 3125 3130; x_wconf 89' lang='lat' dir='ltr'><strong>ipsum</strong></span> <span class='ocrx_word' id='word_1_492' title='bbox 3160 3058 3425 3115; x_wconf 90' lang='lat' dir='ltr'><strong>mediato-</strong></span> 
     </span>
    </p>
   </div>
   <div class='ocr_carea' id='block_1_61' title="bbox 1839 3152 3423 3225">
    <p class='ocr_par' dir='ltr' id='par_1_61' title="bbox 1839 3152 3423 3225">
     <span class='ocr_line' id='line_1_61' title="bbox 1839 3152 3423 3225; baseline 0.002 -20"><span class='ocrx_word' id='word_1_493' title='bbox 1839 3165 1954 3206; x_wconf 88' lang='lat' dir='ltr'><strong>rem</strong></span> <span class='ocrx_word' id='word_1_494' title='bbox 1979 3152 2289 3222; x_wconf 90' lang='lat' dir='ltr'><strong>signiﬁcans</strong></span> <span class='ocrx_word' id='word_1_495' title='bbox 2309 3152 2618 3208; x_wconf 90' lang='lat' dir='ltr'><strong>testamenti</strong></span> <span class='ocrx_word' id='word_1_496' title='bbox 2648 3152 2790 3216; x_wconf 91' lang='lat' dir='ltr'><strong>novi,</strong></span> <span class='ocrx_word' id='word_1_497' title='bbox 2840 3154 2932 3223; x_wconf 89' lang='lat' dir='ltr'><strong>qui</strong></span> <span class='ocrx_word' id='word_1_498' title='bbox 2973 3152 3423 3225; x_wconf 83' lang='lat' dir='ltr'><strong>praeﬁgurabatur</strong></span> 
     </span>
    </p>
   </div>
   <div class='ocr_carea' id='block_1_62' title="bbox 155 3221 3426 3315">
    <p class='ocr_par' dir='ltr' id='par_1_62' title="bbox 155 3221 3426 3315">
     <span class='ocr_line' id='line_1_62' title="bbox 155 3221 3426 3315; baseline 0.004 -30"><span class='ocrx_word' id='word_1_499' title='bbox 155 3233 408 3288; x_wconf 75' lang='lat' dir='ltr'><strong>num.‘Et</strong></span> <span class='ocrx_word' id='word_1_500' title='bbox 445 3235 675 3291; x_wconf 83' lang='lat' dir='ltr'><strong>fortasse</strong></span> <span class='ocrx_word' id='word_1_501' title='bbox 711 3237 985 3307; x_wconf 87' lang='lat' dir='ltr'><strong>aliquanto</strong></span> <span class='ocrx_word' id='word_1_502' title='bbox 1041 3239 1266 3296; x_wconf 89' lang='lat' dir='ltr'><strong>interius</strong></span> <span class='ocrx_word' id='word_1_503' title='bbox 1316 3240 1735 3309; x_wconf 84' lang='lat' dir='ltr'><strong>intelligentibus</strong></span> <span class='ocrx_word' id='word_1_504' title='bbox 1762 3221 1805 3283; x_wconf 63' lang='grc' dir='ltr'><strong>(ἶ</strong></span> <span class='ocrx_word' id='word_1_505' title='bbox 1838 3243 1893 3296; x_wconf 90' lang='lat' dir='ltr'><strong>in</strong></span> <span class='ocrx_word' id='word_1_506' title='bbox 1919 3221 2212 3297; x_wconf 82' lang='lat' dir='ltr'><strong>chrismate</strong></span> <span class='ocrx_word' id='word_1_507' title='bbox 2260 3242 2441 3306; x_wconf 90' lang='lat' dir='ltr'><strong>etiam,</strong></span> <span class='ocrx_word' id='word_1_508' title='bbox 2473 3258 2579 3313; x_wconf 91' lang='lat' dir='ltr'><strong>quo</strong></span> <span class='ocrx_word' id='word_1_509' title='bbox 2613 3251 2808 3298; x_wconf 89' lang='lat' dir='ltr'><strong>unctus</strong></span> <span class='ocrx_word' id='word_1_510' title='bbox 2855 3221 2941 3298; x_wconf 77' lang='lat' dir='ltr'><strong>est</strong></span> <span class='ocrx_word' id='word_1_511' title='bbox 2974 3221 3101 3315; x_wconf 75' lang='lat' dir='ltr'><strong>ipse</strong></span> <span class='ocrx_word' id='word_1_512' title='bbox 3129 3221 3333 3310; x_wconf 40' lang='lat' dir='ltr'><strong>&#39;David,</strong></span> <span class='ocrx_word' id='word_1_513' title='bbox 3367 3252 3426 3299; x_wconf 91' lang='lat' dir='ltr'><strong>et</strong></span> 
     </span>
    </p>
   </div>
   <div class='ocr_carea' id='block_1_63' title="bbox 155 3325 1735 3402">
    <p class='ocr_par' dir='ltr' id='par_1_63' title="bbox 155 3325 1735 3402">
     <span class='ocr_line' id='line_1_63' title="bbox 155 3325 1735 3402; baseline 0.005 -24"><span class='ocrx_word' id='word_1_514' title='bbox 155 3331 377 3378; x_wconf 84' lang='lat' dir='ltr'><strong>tantum</strong></span> <span class='ocrx_word' id='word_1_515' title='bbox 397 3325 537 3382; x_wconf 86' lang='lat' dir='ltr'><strong>valet</strong></span> <span class='ocrx_word' id='word_1_516' title='bbox 557 3327 624 3382; x_wconf 88' lang='lat' dir='ltr'><strong>ad</strong></span> <span class='ocrx_word' id='word_1_517' title='bbox 644 3327 760 3382; x_wconf 91' lang='lat' dir='ltr'><strong>visa</strong></span> <span class='ocrx_word' id='word_1_518' title='bbox 787 3329 879 3383; x_wconf 91' lang='lat' dir='ltr'><strong>illa</strong></span> <span class='ocrx_word' id='word_1_519' title='bbox 907 3331 1124 3395; x_wconf 90' lang='lat' dir='ltr'><strong>mentis,</strong></span> <span class='ocrx_word' id='word_1_520' title='bbox 1150 3331 1265 3386; x_wconf 63' lang='lat' dir='ltr'><strong>haec</strong></span> <span class='ocrx_word' id='word_1_521' title='bbox 1289 3330 1613 3398; x_wconf 75' lang='lat' dir='ltr'><strong>diﬁ‘erentia,</strong></span> <span class='ocrx_word' id='word_1_522' title='bbox 1628 3348 1735 3402; x_wconf 90' lang='lat' dir='ltr'><strong>qua</strong></span> 
     </span>
    </p>
   </div>
   <div class='ocr_carea' id='block_1_64' title="bbox 154 3416 1738 3494">
    <p class='ocr_par' dir='ltr' id='par_1_64' title="bbox 154 3416 1738 3494">
     <span class='ocr_line' id='line_1_64' title="bbox 154 3416 1738 3494; baseline 0.005 -22"><span class='ocrx_word' id='word_1_523' title='bbox 154 3416 359 3472; x_wconf 89' lang='lat' dir='ltr'><strong>Petrus</strong></span> <span class='ocrx_word' id='word_1_524' title='bbox 383 3419 558 3488; x_wconf 86' lang='lat' dir='ltr'><strong>primo</strong></span> <span class='ocrx_word' id='word_1_525' title='bbox 586 3421 870 3487; x_wconf 83' lang='lat' dir='ltr'><strong>intellexit,</strong></span> <span class='ocrx_word' id='word_1_526' title='bbox 911 3421 1022 3478; x_wconf 91' lang='lat' dir='ltr'><strong>Deo</strong></span> <span class='ocrx_word' id='word_1_527' title='bbox 1064 3431 1218 3492; x_wconf 90' lang='lat' dir='ltr'><strong>patre</strong></span> <span class='ocrx_word' id='word_1_528' title='bbox 1256 3423 1550 3489; x_wconf 89' lang='lat' dir='ltr'><strong>revelaute,</strong></span> <span class='ocrx_word' id='word_1_529' title='bbox 1595 3425 1738 3494; x_wconf 92' lang='lat' dir='ltr'><strong>quod</strong></span> 
     </span>
    </p>
   </div>
   <div class='ocr_carea' id='block_1_65' title="bbox 155 3505 1737 3582">
    <p class='ocr_par' dir='ltr' id='par_1_65' title="bbox 155 3505 1737 3582">
     <span class='ocr_line' id='line_1_65' title="bbox 155 3505 1737 3582; baseline 0.008 -24"><span class='ocrx_word' id='word_1_530' title='bbox 155 3505 307 3574; x_wconf 82' lang='lat' dir='ltr'><strong>ﬁlius</strong></span> <span class='ocrx_word' id='word_1_531' title='bbox 334 3506 432 3561; x_wconf 88' lang='lat' dir='ltr'><strong>Dei</strong></span> <span class='ocrx_word' id='word_1_532' title='bbox 459 3518 588 3564; x_wconf 81' lang='lat' dir='ltr'><strong>esset</strong></span> <span class='ocrx_word' id='word_1_533' title='bbox 615 3507 872 3575; x_wconf 86' lang='lat' dir='ltr'><strong>Christus,</strong></span> <span class='ocrx_word' id='word_1_534' title='bbox 899 3520 954 3566; x_wconf 90' lang='lat' dir='ltr'><strong>et</strong></span> <span class='ocrx_word' id='word_1_535' title='bbox 979 3521 1188 3582; x_wconf 89' lang='lat' dir='ltr'><strong>postea,</strong></span> <span class='ocrx_word' id='word_1_536' title='bbox 1213 3529 1280 3568; x_wconf 88' lang='lat' dir='ltr'><strong>ne</strong></span> <span class='ocrx_word' id='word_1_537' title='bbox 1306 3522 1737 3580; x_wconf 80' lang='lat' dir='ltr'><strong>moreretur,ex-</strong></span> 
     </span>
    </p>
   </div>
   <div class='ocr_carea' id='block_1_66' title="bbox 154 3597 1736 3676">
    <p class='ocr_par' dir='ltr' id='par_1_66' title="bbox 154 3597 1736 3676">
     <span class='ocr_line' id='line_1_66' title="bbox 154 3597 1736 3676; baseline 0.007 -26"><span class='ocrx_word' id='word_1_538' title='bbox 154 3597 365 3663; x_wconf 81' lang='lat' dir='ltr'><strong>timuit,</strong></span> <span class='ocrx_word' id='word_1_539' title='bbox 387 3608 650 3668; x_wconf 88' lang='lat' dir='ltr'><strong>quantum</strong></span> <span class='ocrx_word' id='word_1_540' title='bbox 677 3600 819 3655; x_wconf 88' lang='lat' dir='ltr'><strong>valet</strong></span> <span class='ocrx_word' id='word_1_541' title='bbox 848 3602 915 3657; x_wconf 90' lang='lat' dir='ltr'><strong>ad</strong></span> <span class='ocrx_word' id='word_1_542' title='bbox 937 3603 1312 3676; x_wconf 88' lang='lat' dir='ltr'><strong>distinguenda</strong></span> <span class='ocrx_word' id='word_1_543' title='bbox 1348 3605 1483 3670; x_wconf 89' lang='lat' dir='ltr'><strong>visa,</strong></span> <span class='ocrx_word' id='word_1_544' title='bbox 1522 3621 1642 3676; x_wconf 78' lang='lat' dir='ltr'><strong>qua:</strong></span> <span class='ocrx_word' id='word_1_545' title='bbox 1683 3606 1736 3661; x_wconf 90' lang='lat' dir='ltr'><strong>in</strong></span> 
     </span>
    </p>
   </div>
   <div class='ocr_carea' id='block_1_67' title="bbox 155 3688 1740 3766">
    <p class='ocr_par' dir='ltr' id='par_1_67' title="bbox 155 3688 1740 3766">
     <span class='ocr_line' id='line_1_67' title="bbox 155 3688 1740 3766; baseline 0.006 -22"><span class='ocrx_word' id='word_1_546' title='bbox 155 3688 353 3758; x_wconf 86' lang='lat' dir='ltr'><strong>spiritu</strong></span> <span class='ocrx_word' id='word_1_547' title='bbox 377 3690 612 3746; x_wconf 87' lang='lat' dir='ltr'><strong>hominis</strong></span> <span class='ocrx_word' id='word_1_548' title='bbox 641 3692 870 3749; x_wconf 86' lang='lat' dir='ltr'><strong>alienata</strong></span> <span class='ocrx_word' id='word_1_549' title='bbox 898 3703 1078 3750; x_wconf 90' lang='lat' dir='ltr'><strong>mente</strong></span> <span class='ocrx_word' id='word_1_550' title='bbox 1101 3695 1416 3766; x_wconf 88' lang='lat' dir='ltr'><strong>imaginarie</strong></span> <span class='ocrx_word' id='word_1_551' title='bbox 1456 3698 1612 3764; x_wconf 89' lang='lat' dir='ltr'><strong>ﬁunt,</strong></span> <span class='ocrx_word' id='word_1_552' title='bbox 1653 3714 1740 3753; x_wconf 87' lang='lat' dir='ltr'><strong>re-</strong></span> 
     </span>
    </p>
   </div>
   <div class='ocr_carea' id='block_1_68' title="bbox 156 3781 1742 3858">
    <p class='ocr_par' dir='ltr' id='par_1_68' title="bbox 156 3781 1742 3858">
     <span class='ocr_line' id='line_1_68' title="bbox 156 3781 1742 3858; baseline 0.008 -24"><span class='ocrx_word' id='word_1_553' title='bbox 156 3781 357 3838; x_wconf 87' lang='lat' dir='ltr'><strong>velatio</strong></span> <span class='ocrx_word' id='word_1_554' title='bbox 405 3784 719 3854; x_wconf 72' lang='lat' dir='ltr'><strong>prophetiae,</strong></span> <span class='ocrx_word' id='word_1_555' title='bbox 763 3803 868 3857; x_wconf 91' lang='lat' dir='ltr'><strong>qua</strong></span> <span class='ocrx_word' id='word_1_556' title='bbox 910 3789 1086 3858; x_wconf 91' lang='lat' dir='ltr'><strong>primo</strong></span> <span class='ocrx_word' id='word_1_557' title='bbox 1131 3789 1341 3845; x_wconf 82' lang='lat' dir='ltr'><strong>alllatus</strong></span> <span class='ocrx_word' id='word_1_558' title='bbox 1379 3799 1463 3847; x_wconf 92' lang='lat' dir='ltr'><strong>est</strong></span> <span class='ocrx_word' id='word_1_559' title='bbox 1501 3791 1652 3856; x_wconf 90' lang='lat' dir='ltr'><strong>Saul,</strong></span> <span class='ocrx_word' id='word_1_560' title='bbox 1687 3799 1742 3846; x_wconf 91' lang='lat' dir='ltr'><strong>et</strong></span> 
     </span>
    </p>
   </div>
   <div class='ocr_carea' id='block_1_69' title="bbox 154 3876 1736 3955">
    <p class='ocr_par' dir='ltr' id='par_1_69' title="bbox 154 3876 1736 3955">
     <span class='ocr_line' id='line_1_69' title="bbox 154 3876 1736 3955; baseline 0.004 -25"><span class='ocrx_word' id='word_1_561' title='bbox 154 3876 473 3932; x_wconf 87' lang='lat' dir='ltr'><strong>commixtio</strong></span> <span class='ocrx_word' id='word_1_562' title='bbox 507 3879 720 3950; x_wconf 87' lang='lat' dir='ltr'><strong>spiritus</strong></span> <span class='ocrx_word' id='word_1_563' title='bbox 771 3881 920 3947; x_wconf 80' lang='lat' dir='ltr'><strong>ntali,</strong></span> <span class='ocrx_word' id='word_1_564' title='bbox 953 3899 1053 3953; x_wconf 88' lang='lat' dir='ltr'><strong>quo</strong></span> <span class='ocrx_word' id='word_1_565' title='bbox 1093 3893 1274 3954; x_wconf 88' lang='lat' dir='ltr'><strong>postea</strong></span> <span class='ocrx_word' id='word_1_566' title='bbox 1322 3885 1652 3955; x_wconf 87' lang='lat' dir='ltr'><strong>premebatur</strong></span> <span class='ocrx_word' id='word_1_567' title='bbox 1688 3896 1736 3937; x_wconf 78' lang='grc' dir='ltr'><strong>ει.</strong></span> 
     </span>
    </p>
   </div>
   <div class='ocr_carea' id='block_1_70' title="bbox 239 3964 1739 4046">
    <p class='ocr_par' dir='ltr' id='par_1_70' title="bbox 239 3964 1739 4046">
     <span class='ocr_line' id='line_1_70' title="bbox 239 3964 1739 4046; baseline 0.007 -27"><span class='ocrx_word' id='word_1_568' title='bbox 239 3981 258 4014; x_wconf 73' lang='grc' dir='ltr'><strong>ι</strong></span> <span class='ocrx_word' id='word_1_569' title='bbox 299 3964 524 4036; x_wconf 85' lang='lat' dir='ltr'><strong>Ungitur</strong></span> <span class='ocrx_word' id='word_1_570' title='bbox 554 3978 678 4040; x_wconf 89' lang='lat' dir='ltr'><strong>post</strong></span> <span class='ocrx_word' id='word_1_571' title='bbox 715 3971 818 4026; x_wconf 86' lang='lat' dir='ltr'><strong>hoc</strong></span> <span class='ocrx_word' id='word_1_572' title='bbox 858 3971 1081 4041; x_wconf 90' lang='lat' dir='ltr'><strong>jubente</strong></span> <span class='ocrx_word' id='word_1_573' title='bbox 1125 3973 1351 4029; x_wconf 90' lang='lat' dir='ltr'><strong>Domino</strong></span> <span class='ocrx_word' id='word_1_574' title='bbox 1405 3991 1500 4031; x_wconf 86' lang='lat' dir='ltr'><strong>rex</strong></span> <span class='ocrx_word' id='word_1_575' title='bbox 1524 3975 1674 4046; x_wconf 91' lang='lat' dir='ltr'><strong>prior</strong></span> <span class='ocrx_word' id='word_1_576' title='bbox 1707 3991 1739 4030; x_wconf 94' lang='lat' dir='ltr'><strong>a</strong></span> 
     </span>
    </p>
   </div>
   <div class='ocr_carea' id='block_1_71' title="bbox 152 4057 1742 4138">
    <p class='ocr_par' dir='ltr' id='par_1_71' title="bbox 152 4057 1742 4138">
     <span class='ocr_line' id='line_1_71' title="bbox 152 4057 1742 4138; baseline 0.008 -28"><span class='ocrx_word' id='word_1_577' title='bbox 152 4057 432 4128; x_wconf 80' lang='lat' dir='ltr'><strong>Propheta</strong></span> <span class='ocrx_word' id='word_1_578' title='bbox 462 4061 516 4115; x_wconf 93' lang='lat' dir='ltr'><strong>in</strong></span> <span class='ocrx_word' id='word_1_579' title='bbox 552 4078 797 4133; x_wconf 86' lang='lat' dir='ltr'><strong>regnum,</strong></span> <span class='ocrx_word' id='word_1_580' title='bbox 827 4065 918 4136; x_wconf 93' lang='lat' dir='ltr'><strong>qui</strong></span> <span class='ocrx_word' id='word_1_581' title='bbox 955 4074 1010 4121; x_wconf 91' lang='lat' dir='ltr'><strong>et</strong></span> <span class='ocrx_word' id='word_1_582' title='bbox 1038 4067 1152 4136; x_wconf 92' lang='lat' dir='ltr'><strong>ipse</strong></span> <span class='ocrx_word' id='word_1_583' title='bbox 1187 4067 1427 4137; x_wconf 88' lang='lat' dir='ltr'><strong>quidem,</strong></span> <span class='ocrx_word' id='word_1_584' title='bbox 1446 4068 1499 4121; x_wconf 93' lang='lat' dir='ltr'><strong>in</strong></span> <span class='ocrx_word' id='word_1_585' title='bbox 1526 4069 1579 4122; x_wconf 90' lang='lat' dir='ltr'><strong>id</strong></span> <span class='ocrx_word' id='word_1_586' title='bbox 1597 4067 1742 4138; x_wconf 87' lang='lat' dir='ltr'><strong>quod</strong></span> 
     </span>
    </p>
   </div>
   <div class='ocr_carea' id='block_1_72' title="bbox 153 4153 1744 4226">
    <p class='ocr_par' dir='ltr' id='par_1_72' title="bbox 153 4153 1744 4226">
     <span class='ocr_line' id='line_1_72' title="bbox 153 4153 1744 4226; baseline 0.01 -27"><span class='ocrx_word' id='word_1_587' title='bbox 153 4158 360 4203; x_wconf 90' lang='lat' dir='ltr'><strong>unctus</strong></span> <span class='ocrx_word' id='word_1_588' title='bbox 383 4160 485 4218; x_wconf 91' lang='lat' dir='ltr'><strong>est,</strong></span> <span class='ocrx_word' id='word_1_589' title='bbox 517 4153 804 4224; x_wconf 87' lang='lat' dir='ltr'><strong>imaginem</strong></span> <span class='ocrx_word' id='word_1_590' title='bbox 834 4154 1035 4210; x_wconf 90' lang='lat' dir='ltr'><strong>Christi</strong></span> <span class='ocrx_word' id='word_1_591' title='bbox 1061 4158 1296 4226; x_wconf 88' lang='lat' dir='ltr'><strong>portavit</strong></span> <span class='ocrx_word' id='word_1_592' title='bbox 1321 4173 1336 4211; x_wconf 91' lang='lat'><strong>:</strong></span> <span class='ocrx_word' id='word_1_593' title='bbox 1360 4158 1501 4214; x_wconf 90' lang='lat' dir='ltr'><strong>unde</strong></span> <span class='ocrx_word' id='word_1_594' title='bbox 1523 4167 1578 4214; x_wconf 89' lang='lat' dir='ltr'><strong>et</strong></span> <span class='ocrx_word' id='word_1_595' title='bbox 1614 4159 1744 4215; x_wconf 88' lang='lat' dir='ltr'><strong>Bea-</strong></span> 
     </span>
    </p>
   </div>
   <div class='ocr_carea' id='block_1_73' title="bbox 154 4240 1739 4319">
    <p class='ocr_par' dir='ltr' id='par_1_73' title="bbox 154 4240 1739 4319">
     <span class='ocr_line' id='line_1_73' title="bbox 154 4240 1739 4319; baseline 0.008 -25"><span class='ocrx_word' id='word_1_596' title='bbox 154 4247 249 4294; x_wconf 90' lang='lat' dir='ltr'><strong>tus</strong></span> <span class='ocrx_word' id='word_1_597' title='bbox 304 4240 492 4307; x_wconf 87' lang='lat' dir='ltr'><strong>David,</strong></span> <span class='ocrx_word' id='word_1_598' title='bbox 516 4252 572 4298; x_wconf 91' lang='lat' dir='ltr'><strong>ct</strong></span> <span class='ocrx_word' id='word_1_599' title='bbox 605 4245 717 4314; x_wconf 89' lang='lat' dir='ltr'><strong>ipse</strong></span> <span class='ocrx_word' id='word_1_600' title='bbox 741 4245 977 4300; x_wconf 85' lang='lat' dir='ltr'><strong>Christus</strong></span> <span class='ocrx_word' id='word_1_601' title='bbox 1007 4256 1366 4319; x_wconf 86' lang='lat' dir='ltr'><strong>nuncupatus,</strong></span> <span class='ocrx_word' id='word_1_602' title='bbox 1397 4251 1472 4304; x_wconf 92' lang='lat' dir='ltr'><strong>ait</strong></span> <span class='ocrx_word' id='word_1_603' title='bbox 1509 4251 1576 4304; x_wconf 89' lang='lat' dir='ltr'><strong>ad</strong></span> <span class='ocrx_word' id='word_1_604' title='bbox 1597 4267 1739 4317; x_wconf 88' lang='lat' dir='ltr'><strong>cum,</strong></span> 
     </span>
    </p>
   </div>
   <div class='ocr_carea' id='block_1_74' title="bbox 152 4332 1746 4413">
    <p class='ocr_par' dir='ltr' id='par_1_74' title="bbox 152 4332 1746 4413">
     <span class='ocr_line' id='line_1_74' title="bbox 152 4332 1746 4413; baseline 0.006 -29"><span class='ocrx_word' id='word_1_605' title='bbox 152 4333 251 4402; x_wconf 91' lang='lat' dir='ltr'><strong>qui</strong></span> <span class='ocrx_word' id='word_1_606' title='bbox 292 4347 350 4387; x_wconf 92' lang='lat' dir='ltr'><strong>se</strong></span> <span class='ocrx_word' id='word_1_607' title='bbox 372 4332 834 4393; x_wconf 85' lang='lat' dir='ltr'><strong>ﬁnxeratSaulem</strong></span> <span class='ocrx_word' id='word_1_608' title='bbox 871 4339 1160 4406; x_wconf 91' lang='lat' dir='ltr'><strong>occidisse;</strong></span> <span class='ocrx_word' id='word_1_609' title='bbox 1195 4339 1281 4411; x_wconf 86' lang='lat' dir='ltr'><strong>(II</strong></span> <span class='ocrx_word' id='word_1_610' title='bbox 1304 4341 1430 4411; x_wconf 78' lang='lat' dir='ltr'><strong>Reg.</strong></span> <span class='ocrx_word' id='word_1_611' title='bbox 1458 4341 1746 4413; x_wconf 64' lang='lat' dir='ltr'><strong>t,ll)quo-</strong></span> 
     </span>
    </p>
   </div>
   <div class='ocr_carea' id='block_1_75' title="bbox 153 4424 1743 4500">
    <p class='ocr_par' dir='ltr' id='par_1_75' title="bbox 153 4424 1743 4500">
     <span class='ocr_line' id='line_1_75' title="bbox 153 4424 1743 4500; baseline 0.006 -24"><span class='ocrx_word' id='word_1_612' title='bbox 153 4424 318 4477; x_wconf 87' lang='lat' dir='ltr'><strong>modo</strong></span> <span class='ocrx_word' id='word_1_613' title='bbox 345 4442 448 4480; x_wconf 89' lang='lat' dir='ltr'><strong>non</strong></span> <span class='ocrx_word' id='word_1_614' title='bbox 480 4429 697 4483; x_wconf 89' lang='lat' dir='ltr'><strong>timuisti</strong></span> <span class='ocrx_word' id='word_1_615' title='bbox 729 4430 943 4500; x_wconf 84' lang='lat' dir='ltr'><strong>injicere</strong></span> <span class='ocrx_word' id='word_1_616' title='bbox 977 4449 1189 4485; x_wconf 88' lang='lat' dir='ltr'><strong>manum</strong></span> <span class='ocrx_word' id='word_1_617' title='bbox 1231 4441 1376 4484; x_wconf 88' lang='lat' dir='ltr'><strong>tuam</strong></span> <span class='ocrx_word' id='word_1_618' title='bbox 1400 4433 1454 4486; x_wconf 88' lang='lat' dir='ltr'><strong>in</strong></span> <span class='ocrx_word' id='word_1_619' title='bbox 1477 4432 1743 4486; x_wconf 87' lang='lat' dir='ltr'><strong>Christum</strong></span> 
     </span>
    </p>
   </div>
   <div class='ocr_carea' id='block_1_76' title="bbox 151 4512 1740 4591">
    <p class='ocr_par' dir='ltr' id='par_1_76' title="bbox 151 4512 1740 4591">
     <span class='ocr_line' id='line_1_76' title="bbox 151 4512 1740 4591; baseline 0.006 -25"><span class='ocrx_word' id='word_1_620' title='bbox 151 4512 417 4568; x_wconf 85' lang='lat' dir='ltr'><strong>Domini?</strong></span> <span class='ocrx_word' id='word_1_621' title='bbox 454 4516 506 4588; x_wconf 89' lang='grc'><strong>(1</strong></span> <span class='ocrx_word' id='word_1_622' title='bbox 549 4517 844 4591; x_wconf 74' lang='lat' dir='ltr'><strong>Reg.tx,2)</strong></span> <span class='ocrx_word' id='word_1_623' title='bbox 869 4521 994 4575; x_wconf 88' lang='lat' dir='ltr'><strong>hinc</strong></span> <span class='ocrx_word' id='word_1_624' title='bbox 1046 4529 1148 4587; x_wconf 91' lang='lat' dir='ltr'><strong>est,</strong></span> <span class='ocrx_word' id='word_1_625' title='bbox 1208 4522 1345 4591; x_wconf 88' lang='lat' dir='ltr'><strong>quod</strong></span> <span class='ocrx_word' id='word_1_626' title='bbox 1412 4521 1476 4575; x_wconf 90' lang='lat' dir='ltr'><strong>ab</strong></span> <span class='ocrx_word' id='word_1_627' title='bbox 1525 4523 1740 4576; x_wconf 88' lang='lat' dir='ltr'><strong>humero</strong></span> 
     </span>
    </p>
   </div>
   <div class='ocr_carea' id='block_1_77' title="bbox 151 4584 1819 4685">
    <p class='ocr_par' dir='ltr' id='par_1_77' title="bbox 151 4584 1819 4685">
     <span class='ocr_line' id='line_1_77' title="bbox 151 4584 1819 4685; baseline 0.005 -25"><span class='ocrx_word' id='word_1_628' title='bbox 151 4622 370 4660; x_wconf 84' lang='lat' dir='ltr'><strong>sursum</strong></span> <span class='ocrx_word' id='word_1_629' title='bbox 394 4609 802 4678; x_wconf 85' lang='lat' dir='ltr'><strong>supereminebat</strong></span> <span class='ocrx_word' id='word_1_630' title='bbox 832 4612 1104 4677; x_wconf 88' lang='lat' dir='ltr'><strong>omnibus;</strong></span> <span class='ocrx_word' id='word_1_631' title='bbox 1133 4613 1259 4682; x_wconf 87' lang='lat' dir='ltr'><strong>quia</strong></span> <span class='ocrx_word' id='word_1_632' title='bbox 1290 4621 1452 4682; x_wconf 88' lang='lat' dir='ltr'><strong>caput</strong></span> <span class='ocrx_word' id='word_1_633' title='bbox 1489 4623 1737 4685; x_wconf 88' lang='lat' dir='ltr'><strong>nostrum</strong></span> <span class='ocrx_word' id='word_1_634' title='bbox 1766 4584 1819 4644; x_wconf 79' lang='lat' dir='ltr'><strong>D</strong></span> 
     </span>
    </p>
   </div>
   <div class='ocr_carea' id='block_1_78' title="bbox 152 4704 1762 4774">
    <p class='ocr_par' dir='ltr' id='par_1_78' title="bbox 152 4704 1762 4774">
     <span class='ocr_line' id='line_1_78' title="bbox 152 4704 1762 4774; baseline 0.004 -22"><span class='ocrx_word' id='word_1_635' title='bbox 152 4713 375 4752; x_wconf 89' lang='lat' dir='ltr'><strong>sursum</strong></span> <span class='ocrx_word' id='word_1_636' title='bbox 415 4707 497 4754; x_wconf 89' lang='lat' dir='ltr'><strong>est</strong></span> <span class='ocrx_word' id='word_1_637' title='bbox 518 4715 682 4771; x_wconf 90' lang='lat' dir='ltr'><strong>super</strong></span> <span class='ocrx_word' id='word_1_638' title='bbox 704 4718 821 4768; x_wconf 92' lang='lat' dir='ltr'><strong>nos,</strong></span> <span class='ocrx_word' id='word_1_639' title='bbox 851 4704 944 4774; x_wconf 93' lang='lat' dir='ltr'><strong>qui</strong></span> <span class='ocrx_word' id='word_1_640' title='bbox 981 4713 1064 4759; x_wconf 90' lang='lat' dir='ltr'><strong>est</strong></span> <span class='ocrx_word' id='word_1_641' title='bbox 1088 4704 1338 4759; x_wconf 85' lang='lat' dir='ltr'><strong>Christus</strong></span> <span class='ocrx_word' id='word_1_642' title='bbox 1363 4723 1374 4758; x_wconf 91' lang='lat'>:</span> <span class='ocrx_word' id='word_1_643' title='bbox 1400 4705 1454 4759; x_wconf 90' lang='lat' dir='ltr'><strong>in</strong></span> <span class='ocrx_word' id='word_1_644' title='bbox 1479 4705 1532 4758; x_wconf 91' lang='lat' dir='ltr'><strong>id</strong></span> <span class='ocrx_word' id='word_1_645' title='bbox 1556 4714 1762 4761; x_wconf 89' lang='lat' dir='ltr'><strong>autem.</strong></span> 
     </span>
    </p>
   </div>
   <div class='ocr_carea' id='block_1_79' title="bbox 152 4789 1740 4864">
    <p class='ocr_par' dir='ltr' id='par_1_79' title="bbox 152 4789 1740 4864">
     <span class='ocr_line' id='line_1_79' title="bbox 152 4789 1740 4864; baseline 0.006 -23"><span class='ocrx_word' id='word_1_646' title='bbox 152 4789 305 4858; x_wconf 89' lang='lat' dir='ltr'><strong>quod</strong></span> <span class='ocrx_word' id='word_1_647' title='bbox 331 4791 645 4860; x_wconf 85' lang='lat' dir='ltr'><strong>reprobatus</strong></span> <span class='ocrx_word' id='word_1_648' title='bbox 660 4802 870 4863; x_wconf 86' lang='lat' dir='ltr'><strong>postea,</strong></span> <span class='ocrx_word' id='word_1_649' title='bbox 900 4803 955 4850; x_wconf 91' lang='lat' dir='ltr'><strong>et</strong></span> <span class='ocrx_word' id='word_1_650' title='bbox 992 4795 1226 4864; x_wconf 85' lang='lat' dir='ltr'><strong>rejectus</strong></span> <span class='ocrx_word' id='word_1_651' title='bbox 1269 4804 1370 4861; x_wconf 90' lang='lat' dir='ltr'><strong>est,</strong></span> <span class='ocrx_word' id='word_1_652' title='bbox 1419 4797 1740 4852; x_wconf 89' lang='lat' dir='ltr'><strong>succedente</strong></span> 
     </span>
    </p>
   </div>
   <div class='ocr_carea' id='block_1_80' title="bbox 152 4881 1744 4958">
    <p class='ocr_par' dir='ltr' id='par_1_80' title="bbox 152 4881 1744 4958">
     <span class='ocr_line' id='line_1_80' title="bbox 152 4881 1744 4958; baseline 0.007 -24"><span class='ocrx_word' id='word_1_653' title='bbox 152 4881 213 4935; x_wconf 91' lang='lat' dir='ltr'><strong>in</strong></span> <span class='ocrx_word' id='word_1_654' title='bbox 244 4896 470 4953; x_wconf 85' lang='lat' dir='ltr'><strong>regnum</strong></span> <span class='ocrx_word' id='word_1_655' title='bbox 521 4883 707 4949; x_wconf 90' lang='lat' dir='ltr'><strong>David,</strong></span> <span class='ocrx_word' id='word_1_656' title='bbox 749 4887 953 4957; x_wconf 92' lang='lat' dir='ltr'><strong>populi,</strong></span> <span class='ocrx_word' id='word_1_657' title='bbox 994 4896 1054 4941; x_wconf 92' lang='lat' dir='ltr'><strong>ut</strong></span> <span class='ocrx_word' id='word_1_658' title='bbox 1094 4888 1406 4958; x_wconf 65' lang='lat' dir='ltr'><strong>praedictum</strong></span> <span class='ocrx_word' id='word_1_659' title='bbox 1445 4897 1546 4954; x_wconf 88' lang='lat' dir='ltr'><strong>est,</strong></span> <span class='ocrx_word' id='word_1_660' title='bbox 1578 4889 1744 4945; x_wconf 90' lang='lat' dir='ltr'><strong>Israel</strong></span> 
     </span>
    </p>
   </div>
   <div class='ocr_carea' id='block_1_81' title="bbox 149 4978 1742 5052">
    <p class='ocr_par' dir='ltr' id='par_1_81' title="bbox 149 4978 1742 5052">
     <span class='ocr_line' id='line_1_81' title="bbox 149 4978 1742 5052; baseline 0.006 -26"><span class='ocrx_word' id='word_1_661' title='bbox 149 4987 447 5041; x_wconf 86' lang='lat' dir='ltr'><strong>personam</strong></span> <span class='ocrx_word' id='word_1_662' title='bbox 490 4978 764 5048; x_wconf 90' lang='lat' dir='ltr'><strong>gestavit:</strong></span> <span class='ocrx_word' id='word_1_663' title='bbox 811 4980 902 5049; x_wconf 91' lang='lat' dir='ltr'><strong>qui</strong></span> <span class='ocrx_word' id='word_1_664' title='bbox 939 4980 1166 5050; x_wconf 91' lang='lat' dir='ltr'><strong>populus</strong></span> <span class='ocrx_word' id='word_1_665' title='bbox 1219 4997 1443 5052; x_wconf 87' lang='lat' dir='ltr'><strong>regnum</strong></span> <span class='ocrx_word' id='word_1_666' title='bbox 1491 4982 1742 5051; x_wconf 85' lang='lat' dir='ltr'><strong>adeptum</strong></span> 
     </span>
    </p>
   </div>
   <div class='ocr_carea' id='block_1_82' title="bbox 150 5061 1746 5141">
    <p class='ocr_par' dir='ltr' id='par_1_82' title="bbox 150 5061 1746 5141">
     <span class='ocr_line' id='line_1_82' title="bbox 150 5061 1746 5141; baseline 0.006 -24"><span class='ocrx_word' id='word_1_667' title='bbox 150 5061 339 5118; x_wconf 80' lang='lat' dir='ltr'><strong>fuerat</strong></span> <span class='ocrx_word' id='word_1_668' title='bbox 376 5066 692 5134; x_wconf 88' lang='lat' dir='ltr'><strong>amissurus,</strong></span> <span class='ocrx_word' id='word_1_669' title='bbox 730 5068 948 5124; x_wconf 86' lang='lat' dir='ltr'><strong>Christo</strong></span> <span class='ocrx_word' id='word_1_670' title='bbox 973 5070 1199 5125; x_wconf 89' lang='lat' dir='ltr'><strong>Domino</strong></span> <span class='ocrx_word' id='word_1_671' title='bbox 1220 5080 1406 5126; x_wconf 91' lang='lat' dir='ltr'><strong>nostro</strong></span> <span class='ocrx_word' id='word_1_672' title='bbox 1427 5087 1524 5141; x_wconf 90' lang='lat' dir='ltr'><strong>per</strong></span> <span class='ocrx_word' id='word_1_673' title='bbox 1545 5086 1746 5127; x_wconf 89' lang='lat' dir='ltr'><strong>novum</strong></span> 
     </span>
    </p>
   </div>
   <div class='ocr_carea' id='block_1_83' title="bbox 152 5162 1753 5235">
    <p class='ocr_par' dir='ltr' id='par_1_83' title="bbox 152 5162 1753 5235">
     <span class='ocr_line' id='line_1_83' title="bbox 152 5162 1753 5235; baseline 0.004 -23"><span class='ocrx_word' id='word_1_674' title='bbox 152 5166 547 5214; x_wconf 89' lang='lat' dir='ltr'><strong>testamentum</strong></span> <span class='ocrx_word' id='word_1_675' title='bbox 575 5177 681 5216; x_wconf 91' lang='lat' dir='ltr'><strong>non</strong></span> <span class='ocrx_word' id='word_1_676' title='bbox 719 5162 1030 5230; x_wconf 89' lang='lat' dir='ltr'><strong>carnaliter,</strong></span> <span class='ocrx_word' id='word_1_677' title='bbox 1050 5164 1143 5220; x_wconf 89' lang='lat' dir='ltr'><strong>sed</strong></span> <span class='ocrx_word' id='word_1_678' title='bbox 1173 5164 1530 5235; x_wconf 90' lang='lat' dir='ltr'><strong>spiritualiter</strong></span> <span class='ocrx_word' id='word_1_679' title='bbox 1558 5179 1753 5235; x_wconf 89' lang='lat' dir='ltr'><strong>regna-</strong></span> 
     </span>
    </p>
   </div>
   <div class='ocr_carea' id='block_1_84' title="bbox 153 5260 340 5306">
    <p class='ocr_par' dir='ltr' id='par_1_84' title="bbox 153 5260 340 5306">
     <span class='ocr_line' id='line_1_84' title="bbox 153 5260 340 5306; baseline -0.021 0"><span class='ocrx_word' id='word_1_680' title='bbox 153 5260 304 5306; x_wconf 90' lang='lat' dir='ltr'><strong>turo.</strong></span> <span class='ocrx_word' id='word_1_681' title='bbox 321 5270 340 5302; x_wconf 75' lang='grc' dir='ltr'><strong>ι</strong></span> 
     </span>
    </p>
   </div>
   <div class='ocr_carea' id='block_1_85' title="bbox 230 5343 1751 5418">
    <p class='ocr_par' dir='ltr' id='par_1_85' title="bbox 230 5343 1751 5418">
     <span class='ocr_line' id='line_1_85' title="bbox 230 5343 1751 5418; baseline 0.003 -22"><span class='ocrx_word' id='word_1_682' title='bbox 230 5343 410 5399; x_wconf 84' lang='lat' dir='ltr'><strong>Filius</strong></span> <span class='ocrx_word' id='word_1_683' title='bbox 440 5346 596 5402; x_wconf 90' lang='lat' dir='ltr'><strong>unius</strong></span> <span class='ocrx_word' id='word_1_684' title='bbox 625 5346 750 5401; x_wconf 87' lang='lat' dir='ltr'><strong>anni</strong></span> <span class='ocrx_word' id='word_1_685' title='bbox 773 5355 887 5401; x_wconf 88' lang='lat' dir='ltr'><strong>erat</strong></span> <span class='ocrx_word' id='word_1_686' title='bbox 916 5346 1051 5402; x_wconf 92' lang='lat' dir='ltr'><strong>Saul</strong></span> <span class='ocrx_word' id='word_1_687' title='bbox 1076 5364 1193 5402; x_wconf 88' lang='lat' dir='ltr'><strong>cum</strong></span> <span class='ocrx_word' id='word_1_688' title='bbox 1223 5365 1440 5418; x_wconf 88' lang='lat' dir='ltr'><strong>regnare</strong></span> <span class='ocrx_word' id='word_1_689' title='bbox 1474 5347 1708 5418; x_wconf 75' lang='lat' dir='ltr'><strong>cwpisset</strong></span> <span class='ocrx_word' id='word_1_690' title='bbox 1733 5362 1751 5400; x_wconf 93' lang='lat'><strong><em>:</em></strong></span> 
     </span>
    </p>
   </div>
   <div class='ocr_carea' id='block_1_86' title="bbox 148 5436 1742 5512">
    <p class='ocr_par' dir='ltr' id='par_1_86' title="bbox 148 5436 1742 5512">
     <span class='ocr_line' id='line_1_86' title="bbox 148 5436 1742 5512; baseline 0.004 -23"><span class='ocrx_word' id='word_1_691' title='bbox 148 5436 365 5490; x_wconf 84' lang='lat' dir='ltr'><strong>duobus</strong></span> <span class='ocrx_word' id='word_1_692' title='bbox 395 5446 569 5492; x_wconf 89' lang='lat' dir='ltr'><strong>autem</strong></span> <span class='ocrx_word' id='word_1_693' title='bbox 595 5440 746 5494; x_wconf 87' lang='lat' dir='ltr'><strong>annis</strong></span> <span class='ocrx_word' id='word_1_694' title='bbox 778 5440 1006 5510; x_wconf 83' lang='lat' dir='ltr'><strong>regnavit</strong></span> <span class='ocrx_word' id='word_1_695' title='bbox 1027 5457 1181 5512; x_wconf 89' lang='lat' dir='ltr'><strong>super</strong></span> <span class='ocrx_word' id='word_1_696' title='bbox 1211 5439 1399 5495; x_wconf 89' lang='lat' dir='ltr'><strong>Israel.</strong></span> <span class='ocrx_word' id='word_1_697' title='bbox 1437 5439 1556 5496; x_wconf 88' lang='lat' dir='ltr'><strong>Uno</strong></span> <span class='ocrx_word' id='word_1_698' title='bbox 1600 5455 1742 5496; x_wconf 90' lang='lat' dir='ltr'><strong>anno</strong></span> 
     </span>
    </p>
   </div>
   <div class='ocr_carea' id='block_1_87' title="bbox 146 5529 1739 5600">
    <p class='ocr_par' dir='ltr' id='par_1_87' title="bbox 146 5529 1739 5600">
     <span class='ocr_line' id='line_1_87' title="bbox 146 5529 1739 5600; baseline 0.001 -16"><span class='ocrx_word' id='word_1_699' title='bbox 146 5536 448 5600; x_wconf 87' lang='lat' dir='ltr'><strong>postquam</strong></span> <span class='ocrx_word' id='word_1_700' title='bbox 473 5544 569 5585; x_wconf 87' lang='lat' dir='ltr'><strong>rex</strong></span> <span class='ocrx_word' id='word_1_701' title='bbox 592 5529 796 5586; x_wconf 89' lang='lat' dir='ltr'><strong>electus</strong></span> <span class='ocrx_word' id='word_1_702' title='bbox 823 5538 907 5586; x_wconf 89' lang='lat' dir='ltr'><strong>est</strong></span> <span class='ocrx_word' id='word_1_703' title='bbox 952 5547 983 5585; x_wconf 91' lang='lat' dir='ltr'><strong>a</strong></span> <span class='ocrx_word' id='word_1_704' title='bbox 1037 5530 1303 5596; x_wconf 87' lang='lat' dir='ltr'><strong>Samuele,</strong></span> <span class='ocrx_word' id='word_1_705' title='bbox 1355 5530 1408 5584; x_wconf 89' lang='lat' dir='ltr'><strong>in</strong></span> <span class='ocrx_word' id='word_1_706' title='bbox 1445 5529 1739 5586; x_wconf 88' lang='lat' dir='ltr'><strong>domestica</strong></span> 
     </span>
    </p>
   </div>
   <div class='ocr_carea' id='block_1_88' title="bbox 229 5684 1744 5756">
    <p class='ocr_par' dir='ltr' id='par_1_88' title="bbox 229 5684 1744 5756">
     <span class='ocr_line' id='line_1_88' title="bbox 229 5684 1744 5756; baseline 0 -16"><span class='ocrx_word' id='word_1_707' title='bbox 229 5701 256 5730; x_wconf 73' lang='grc' dir='ltr'>ι</span> <span class='ocrx_word' id='word_1_708' title='bbox 282 5687 555 5744; x_wconf 85' lang='lat' dir='ltr'><strong>Hactenus</strong></span> <span class='ocrx_word' id='word_1_709' title='bbox 583 5689 867 5756; x_wconf 83' lang='lat' dir='ltr'><strong>Augustini</strong></span> <span class='ocrx_word' id='word_1_710' title='bbox 896 5689 1080 5744; x_wconf 89' lang='lat' dir='ltr'><strong>verba.</strong></span> <span class='ocrx_word' id='word_1_711' title='bbox 1108 5689 1236 5756; x_wconf 73' lang='lat' dir='ltr'><strong>Qua:</strong></span> <span class='ocrx_word' id='word_1_712' title='bbox 1255 5693 1553 5756; x_wconf 86' lang='lat' dir='ltr'><strong>sequuntur</strong></span> <span class='ocrx_word' id='word_1_713' title='bbox 1579 5684 1744 5741; x_wconf 88' lang='lat' dir='ltr'><strong>tradi-</strong></span> 
     </span>
    </p>
   </div>
   <div class='ocr_carea' id='block_1_89' title="bbox 145 5759 1746 5831">
    <p class='ocr_par' dir='ltr' id='par_1_89' title="bbox 145 5759 1746 5831">
     <span class='ocr_line' id='line_1_89' title="bbox 145 5759 1746 5831; baseline 0.003 -15"><span class='ocrx_word' id='word_1_714' title='bbox 145 5759 240 5831; x_wconf 77' lang='lat' dir='ltr'><strong>dit</strong></span> <span class='ocrx_word' id='word_1_715' title='bbox 264 5759 505 5831; x_wconf 69' lang='lat' dir='ltr'><strong>Isidorus</strong></span> <span class='ocrx_word' id='word_1_716' title='bbox 535 5776 652 5830; x_wconf 91' lang='lat' dir='ltr'><strong>cap.</strong></span> <span class='ocrx_word' id='word_1_717' title='bbox 675 5759 712 5815; x_wconf 69' lang='grc' dir='ltr'>Β</span> <span class='ocrx_word' id='word_1_718' title='bbox 735 5762 787 5816; x_wconf 90' lang='lat' dir='ltr'><strong>in</strong></span> <span class='ocrx_word' id='word_1_719' title='bbox 813 5761 904 5814; x_wconf 88' lang='lat' dir='ltr'><strong>lib.</strong></span> <span class='ocrx_word' id='word_1_720' title='bbox 943 5777 958 5813; x_wconf 93' lang='grc' dir='ltr'><strong>ι</strong></span> <span class='ocrx_word' id='word_1_721' title='bbox 987 5760 1119 5831; x_wconf 79' lang='lat' dir='ltr'><strong>Reg.</strong></span> <span class='ocrx_word' id='word_1_722' title='bbox 1622 5829 1630 5831; x_wconf 97' lang='lat'><em>_</em></span> <span class='ocrx_word' id='word_1_723' title='bbox 1661 5827 1671 5831; x_wconf 30' lang='grc' dir='ltr'><strong>λ</strong></span> <span class='ocrx_word' id='word_1_724' title='bbox 1744 5819 1746 5821; x_wconf 71' lang='grc'><strong>,</strong></span> 
     </span>
    </p>
   </div>
   <div class='ocr_carea' id='block_1_90' title="bbox 229 5827 1742 5902">
    <p class='ocr_par' dir='ltr' id='par_1_90' title="bbox 229 5827 1742 5902">
     <span class='ocr_line' id='line_1_90' title="bbox 229 5827 1742 5902; baseline -0.003 -16"><span class='ocrx_word' id='word_1_725' title='bbox 229 5829 260 5886; x_wconf 57' lang='grc' dir='ltr'><strong>ι</strong></span> <span class='ocrx_word' id='word_1_726' title='bbox 297 5827 412 5886; x_wconf 85' lang='lat' dir='ltr'><strong>Nec</strong></span> <span class='ocrx_word' id='word_1_727' title='bbox 431 5827 693 5888; x_wconf 42' lang='lat' dir='ltr'><strong>minor—est</strong></span> <span class='ocrx_word' id='word_1_728' title='bbox 715 5827 1312 5902; x_wconf 71' lang='lat' dir='ltr'><strong>virtus,quamgua&#39;rere</strong></span> <span class='ocrx_word' id='word_1_729' title='bbox 1332 5829 1631 5900; x_wconf 88' lang='lat' dir='ltr'><strong>portatueri</strong></span> <span class='ocrx_word' id='word_1_730' title='bbox 1659 5827 1742 5883; x_wconf 91' lang='lat' dir='ltr'><strong>in-</strong></span> 
     </span>
    </p>
   </div>
   <div class='ocr_carea' id='block_1_91' title="bbox 1835 3333 3422 3407">
    <p class='ocr_par' dir='ltr' id='par_1_91' title="bbox 1835 3333 3422 3407">
     <span class='ocr_line' id='line_1_91' title="bbox 1835 3333 3422 3407; baseline -0.001 -16"><span class='ocrx_word' id='word_1_731' title='bbox 1835 3337 2118 3407; x_wconf 88' lang='lat' dir='ltr'><strong>progenies</strong></span> <span class='ocrx_word' id='word_1_732' title='bbox 2141 3335 2278 3405; x_wconf 90' lang='lat' dir='ltr'><strong>ejus.</strong></span> <span class='ocrx_word' id='word_1_733' title='bbox 2331 3333 2446 3391; x_wconf 87' lang='lat' dir='ltr'><strong>Non</strong></span> <span class='ocrx_word' id='word_1_734' title='bbox 2505 3343 2686 3390; x_wconf 89' lang='lat' dir='ltr'><strong>autem</strong></span> <span class='ocrx_word' id='word_1_735' title='bbox 2742 3335 2894 3404; x_wconf 91' lang='lat' dir='ltr'><strong>quasi</strong></span> <span class='ocrx_word' id='word_1_736' title='bbox 2957 3337 3160 3391; x_wconf 85' lang='lat' dir='ltr'><strong>nesciat</strong></span> <span class='ocrx_word' id='word_1_737' title='bbox 3197 3336 3288 3391; x_wconf 92' lang='lat' dir='ltr'><strong>ubi</strong></span> <span class='ocrx_word' id='word_1_738' title='bbox 3329 3336 3422 3402; x_wconf 90' lang='lat' dir='ltr'><strong>sit,</strong></span> 
     </span>
    </p>
   </div>
   <div class='ocr_carea' id='block_1_92' title="bbox 1839 3428 3421 3500">
    <p class='ocr_par' dir='ltr' id='par_1_92' title="bbox 1839 3428 3421 3500">
     <span class='ocr_line' id='line_1_92' title="bbox 1839 3428 3421 3500; baseline -0.003 -14"><span class='ocrx_word' id='word_1_739' title='bbox 1839 3432 1914 3486; x_wconf 92' lang='lat' dir='ltr'><strong>ita</strong></span> <span class='ocrx_word' id='word_1_740' title='bbox 1962 3430 2064 3486; x_wconf 90' lang='lat' dir='ltr'><strong>sibi</strong></span> <span class='ocrx_word' id='word_1_741' title='bbox 2110 3430 2384 3486; x_wconf 92' lang='lat' dir='ltr'><strong>hominem</strong></span> <span class='ocrx_word' id='word_1_742' title='bbox 2438 3429 2580 3485; x_wconf 89' lang='lat' dir='ltr'><strong>Deus</strong></span> <span class='ocrx_word' id='word_1_743' title='bbox 2626 3429 2842 3499; x_wconf 64' lang='lat' dir='ltr'><strong>quierit,</strong></span> <span class='ocrx_word' id='word_1_744' title='bbox 2882 3429 2976 3484; x_wconf 90' lang='lat' dir='ltr'><strong>sed</strong></span> <span class='ocrx_word' id='word_1_745' title='bbox 3012 3445 3111 3500; x_wconf 89' lang='lat' dir='ltr'><strong>per</strong></span> <span class='ocrx_word' id='word_1_746' title='bbox 3143 3428 3421 3483; x_wconf 88' lang='lat' dir='ltr'><strong>hominem</strong></span> 
     </span>
    </p>
   </div>
   <div class='ocr_carea' id='block_1_93' title="bbox 1838 3521 3423 3592">
    <p class='ocr_par' dir='ltr' id='par_1_93' title="bbox 1838 3521 3423 3592">
     <span class='ocr_line' id='line_1_93' title="bbox 1838 3521 3423 3592; baseline -0.001 -16"><span class='ocrx_word' id='word_1_747' title='bbox 1838 3538 1990 3579; x_wconf 90' lang='lat' dir='ltr'><strong>more</strong></span> <span class='ocrx_word' id='word_1_748' title='bbox 2032 3523 2308 3578; x_wconf 87' lang='lat' dir='ltr'><strong>hominum</strong></span> <span class='ocrx_word' id='word_1_749' title='bbox 2369 3522 2624 3592; x_wconf 90' lang='lat' dir='ltr'><strong>loquitur,</strong></span> <span class='ocrx_word' id='word_1_750' title='bbox 2684 3523 2809 3592; x_wconf 90' lang='lat' dir='ltr'><strong>quia</strong></span> <span class='ocrx_word' id='word_1_751' title='bbox 2867 3522 2945 3577; x_wconf 88' lang='lat' dir='ltr'><strong>sic</strong></span> <span class='ocrx_word' id='word_1_752' title='bbox 3004 3521 3269 3592; x_wconf 90' lang='lat' dir='ltr'><strong>loquendo</strong></span> <span class='ocrx_word' id='word_1_753' title='bbox 3323 3535 3423 3576; x_wconf 89' lang='lat' dir='ltr'><strong>nos</strong></span> 
     </span>
    </p>
   </div>
   <div class='ocr_carea' id='block_1_94' title="bbox 1840 3612 3422 3686">
    <p class='ocr_par' dir='ltr' id='par_1_94' title="bbox 1840 3612 3422 3686">
     <span class='ocr_line' id='line_1_94' title="bbox 1840 3612 3422 3686; baseline -0.003 -16"><span class='ocrx_word' id='word_1_754' title='bbox 1840 3617 2032 3686; x_wconf 59' lang='lat' dir='ltr'><strong>quwrit</strong></span> <span class='ocrx_word' id='word_1_755' title='bbox 2058 3635 2070 3670; x_wconf 90' lang='lat'><strong>:</strong></span> <span class='ocrx_word' id='word_1_756' title='bbox 2097 3632 2203 3671; x_wconf 89' lang='lat' dir='ltr'><strong>non</strong></span> <span class='ocrx_word' id='word_1_757' title='bbox 2235 3615 2405 3671; x_wconf 90' lang='lat' dir='ltr'><strong>solum</strong></span> <span class='ocrx_word' id='word_1_758' title='bbox 2433 3615 2578 3668; x_wconf 86' lang='lat' dir='ltr'><strong>enim</strong></span> <span class='ocrx_word' id='word_1_759' title='bbox 2609 3613 2718 3669; x_wconf 91' lang='lat' dir='ltr'><strong>Deo</strong></span> <span class='ocrx_word' id='word_1_760' title='bbox 2741 3613 2906 3677; x_wconf 91' lang='lat' dir='ltr'><strong>Patri,</strong></span> <span class='ocrx_word' id='word_1_761' title='bbox 2939 3627 3130 3668; x_wconf 89' lang='lat' dir='ltr'><strong>verum</strong></span> <span class='ocrx_word' id='word_1_762' title='bbox 3165 3612 3267 3683; x_wconf 90' lang='lat' dir='ltr'><strong>ipsi</strong></span> <span class='ocrx_word' id='word_1_763' title='bbox 3290 3627 3422 3682; x_wconf 86' lang='lat' dir='ltr'><strong>quo-</strong></span> 
     </span>
    </p>
   </div>
   <div class='ocr_carea' id='block_1_95' title="bbox 1840 3701 3420 3780">
    <p class='ocr_par' dir='ltr' id='par_1_95' title="bbox 1840 3701 3420 3780">
     <span class='ocr_line' id='line_1_95' title="bbox 1840 3701 3420 3780; baseline -0.003 -18"><span class='ocrx_word' id='word_1_764' title='bbox 1840 3701 1944 3778; x_wconf 69' lang='lat' dir='ltr'><strong>q&#39;ue</strong></span> <span class='ocrx_word' id='word_1_765' title='bbox 1980 3707 2271 3780; x_wconf 87' lang='lat' dir='ltr'><strong>Unigenito</strong></span> <span class='ocrx_word' id='word_1_766' title='bbox 2319 3707 2456 3776; x_wconf 83' lang='lat' dir='ltr'><strong>ejus,</strong></span> <span class='ocrx_word' id='word_1_767' title='bbox 2507 3706 2599 3775; x_wconf 92' lang='lat' dir='ltr'><strong>qui</strong></span> <span class='ocrx_word' id='word_1_768' title='bbox 2647 3706 2798 3759; x_wconf 87' lang='lat' dir='ltr'><strong>venit</strong></span> <span class='ocrx_word' id='word_1_769' title='bbox 2842 3719 3086 3773; x_wconf 60' lang='lat' dir='ltr'><strong>quaerere</strong></span> <span class='ocrx_word' id='word_1_770' title='bbox 3125 3703 3269 3772; x_wconf 88' lang='lat' dir='ltr'><strong>quod</strong></span> <span class='ocrx_word' id='word_1_771' title='bbox 3323 3717 3420 3772; x_wconf 88' lang='lat' dir='ltr'><strong>pe-</strong></span> 
     </span>
    </p>
   </div>
   <div class='ocr_carea' id='block_1_96' title="bbox 1840 3793 3425 3866">
    <p class='ocr_par' dir='ltr' id='par_1_96' title="bbox 1840 3793 3425 3866">
     <span class='ocr_line' id='line_1_96' title="bbox 1840 3793 3425 3866; baseline -0.004 -15"><span class='ocrx_word' id='word_1_772' title='bbox 1840 3798 2025 3862; x_wconf 87' lang='lat' dir='ltr'><strong>rierat,</strong></span> <span class='ocrx_word' id='word_1_773' title='bbox 2053 3811 2223 3866; x_wconf 88' lang='lat' dir='ltr'><strong>usque</strong></span> <span class='ocrx_word' id='word_1_774' title='bbox 2259 3796 2392 3850; x_wconf 89' lang='lat' dir='ltr'><strong>adeo</strong></span> <span class='ocrx_word' id='word_1_775' title='bbox 2421 3793 2535 3862; x_wconf 87' lang='lat' dir='ltr'><strong>jam</strong></span> <span class='ocrx_word' id='word_1_776' title='bbox 2565 3809 2782 3848; x_wconf 89' lang='lat' dir='ltr'><strong>eramus</strong></span> <span class='ocrx_word' id='word_1_777' title='bbox 2809 3794 2941 3857; x_wconf 90' lang='lat' dir='ltr'><strong>noti,</strong></span> <span class='ocrx_word' id='word_1_778' title='bbox 2969 3800 3029 3846; x_wconf 90' lang='lat' dir='ltr'><strong>ut</strong></span> <span class='ocrx_word' id='word_1_779' title='bbox 3053 3793 3105 3846; x_wconf 90' lang='lat' dir='ltr'><strong>in</strong></span> <span class='ocrx_word' id='word_1_780' title='bbox 3134 3793 3248 3860; x_wconf 90' lang='lat' dir='ltr'><strong>ipso</strong></span> <span class='ocrx_word' id='word_1_781' title='bbox 3273 3806 3425 3845; x_wconf 87' lang='lat' dir='ltr'><strong>esse-</strong></span> 
     </span>
    </p>
   </div>
   <div class='ocr_carea' id='block_1_97' title="bbox 1842 3881 3424 3948">
    <p class='ocr_par' dir='ltr' id='par_1_97' title="bbox 1842 3881 3424 3948">
     <span class='ocr_line' id='line_1_97' title="bbox 1842 3881 3424 3948; baseline -0.006 -4"><span class='ocrx_word' id='word_1_782' title='bbox 1842 3906 1962 3945; x_wconf 90' lang='lat' dir='ltr'><strong>mus</strong></span> <span class='ocrx_word' id='word_1_783' title='bbox 1985 3889 2133 3943; x_wconf 89' lang='lat' dir='ltr'><strong>electi</strong></span> <span class='ocrx_word' id='word_1_784' title='bbox 2165 3897 2285 3942; x_wconf 89' lang='lat' dir='ltr'><strong>ante</strong></span> <span class='ocrx_word' id='word_1_785' title='bbox 2329 3886 2513 3940; x_wconf 89' lang='lat' dir='ltr'><strong>mundi</strong></span> <span class='ocrx_word' id='word_1_786' title='bbox 2559 3885 2999 3939; x_wconf 87' lang='lat' dir='ltr'><strong>constitutionem.</strong></span> <span class='ocrx_word' id='word_1_787' title='bbox 3054 3882 3269 3948; x_wconf 64' lang='lat' dir='ltr'><strong>Quaeret</strong></span> <span class='ocrx_word' id='word_1_788' title='bbox 3319 3881 3424 3936; x_wconf 86' lang='lat' dir='ltr'><strong>sibi</strong></span> 
     </span>
    </p>
   </div>
   <div class='ocr_carea' id='block_1_98' title="bbox 1843 3971 3427 4051">
    <p class='ocr_par' dir='ltr' id='par_1_98' title="bbox 1843 3971 3427 4051">
     <span class='ocr_line' id='line_1_98' title="bbox 1843 3971 3427 4051; baseline -0.005 -17"><span class='ocrx_word' id='word_1_789' title='bbox 1843 3995 1972 4051; x_wconf 88' lang='lat' dir='ltr'><strong>ergo</strong></span> <span class='ocrx_word' id='word_1_790' title='bbox 1995 3979 2129 4033; x_wconf 80' lang='lat' dir='ltr'><strong>dixit</strong></span> <span class='ocrx_word' id='word_1_791' title='bbox 2154 3993 2167 4031; x_wconf 90' lang='lat'>:</span> <span class='ocrx_word' id='word_1_792' title='bbox 2195 3979 2336 4031; x_wconf 86' lang='lat' dir='ltr'><strong>idest</strong></span> <span class='ocrx_word' id='word_1_793' title='bbox 2358 3993 2510 4030; x_wconf 91' lang='lat' dir='ltr'><strong>suum</strong></span> <span class='ocrx_word' id='word_1_794' title='bbox 2541 3975 2762 4030; x_wconf 87' lang='lat' dir='ltr'><strong>habebit.</strong></span> <span class='ocrx_word' id='word_1_795' title='bbox 2783 3973 2934 4029; x_wconf 88' lang='lat' dir='ltr'><strong>Unde</strong></span> <span class='ocrx_word' id='word_1_796' title='bbox 2965 3975 3018 4028; x_wconf 93' lang='lat' dir='ltr'><strong>in</strong></span> <span class='ocrx_word' id='word_1_797' title='bbox 3050 3973 3219 4027; x_wconf 89' lang='lat' dir='ltr'><strong>latina</strong></span> <span class='ocrx_word' id='word_1_798' title='bbox 3242 3971 3427 4042; x_wconf 89' lang='lat' dir='ltr'><strong>lingua</strong></span> 
     </span>
    </p>
   </div>
   <div class='ocr_carea' id='block_1_99' title="bbox 1843 4064 3424 4140">
    <p class='ocr_par' dir='ltr' id='par_1_99' title="bbox 1843 4064 3424 4140">
     <span class='ocr_line' id='line_1_99' title="bbox 1843 4064 3424 4140; baseline -0.004 -14"><span class='ocrx_word' id='word_1_799' title='bbox 1843 4073 1946 4126; x_wconf 91' lang='lat' dir='ltr'><strong>hoc</strong></span> <span class='ocrx_word' id='word_1_800' title='bbox 1968 4071 2191 4125; x_wconf 88' lang='lat' dir='ltr'><strong>verbum</strong></span> <span class='ocrx_word' id='word_1_801' title='bbox 2214 4069 2409 4140; x_wconf 92' lang='lat' dir='ltr'><strong>accipit</strong></span> <span class='ocrx_word' id='word_1_802' title='bbox 2430 4069 2882 4139; x_wconf 62' lang='lat' dir='ltr'><strong>praepositionem,</strong></span> <span class='ocrx_word' id='word_1_803' title='bbox 2899 4074 2956 4121; x_wconf 91' lang='lat' dir='ltr'><strong>et</strong></span> <span class='ocrx_word' id='word_1_804' title='bbox 2975 4065 3185 4138; x_wconf 86' lang='lat' dir='ltr'><strong>adquiri</strong></span> <span class='ocrx_word' id='word_1_805' title='bbox 3205 4064 3424 4129; x_wconf 88' lang='lat' dir='ltr'><strong>dicitur,</strong></span> 
     </span>
    </p>
   </div>
   <div class='ocr_carea' id='block_1_100' title="bbox 1844 4161 3424 4235">
    <p class='ocr_par' dir='ltr' id='par_1_100' title="bbox 1844 4161 3424 4235">
     <span class='ocr_line' id='line_1_100' title="bbox 1844 4161 3424 4235; baseline -0.003 -16"><span class='ocrx_word' id='word_1_806' title='bbox 1844 4181 1950 4235; x_wconf 89' lang='lat' dir='ltr'><strong>quo</strong></span> <span class='ocrx_word' id='word_1_807' title='bbox 1979 4165 2110 4219; x_wconf 90' lang='lat' dir='ltr'><strong>satis</strong></span> <span class='ocrx_word' id='word_1_808' title='bbox 2141 4172 2384 4233; x_wconf 87' lang='lat' dir='ltr'><strong>apertum</strong></span> <span class='ocrx_word' id='word_1_809' title='bbox 2431 4172 2514 4217; x_wconf 88' lang='lat' dir='ltr'><strong>est</strong></span> <span class='ocrx_word' id='word_1_810' title='bbox 2543 4161 2672 4232; x_wconf 88' lang='lat' dir='ltr'><strong>quid</strong></span> <span class='ocrx_word' id='word_1_811' title='bbox 2701 4161 2990 4232; x_wconf 85' lang='lat' dir='ltr'><strong>signiﬁcet,</strong></span> <span class='ocrx_word' id='word_1_812' title='bbox 3018 4175 3327 4232; x_wconf 88' lang='lat' dir='ltr'><strong>quanquam</strong></span> <span class='ocrx_word' id='word_1_813' title='bbox 3367 4167 3424 4215; x_wconf 88' lang='lat' dir='ltr'><strong>et</strong></span> 
     </span>
    </p>
   </div>
   <div class='ocr_carea' id='block_1_101' title="bbox 1845 4252 3429 4326">
    <p class='ocr_par' dir='ltr' id='par_1_101' title="bbox 1845 4252 3429 4326">
     <span class='ocr_line' id='line_1_101' title="bbox 1845 4252 3429 4326; baseline -0.006 -13"><span class='ocrx_word' id='word_1_814' title='bbox 1845 4259 1962 4314; x_wconf 89' lang='lat' dir='ltr'><strong>sine</strong></span> <span class='ocrx_word' id='word_1_815' title='bbox 1986 4258 2351 4312; x_wconf 87' lang='lat' dir='ltr'><strong>additamento</strong></span> <span class='ocrx_word' id='word_1_816' title='bbox 2372 4255 2770 4326; x_wconf 61' lang='lat' dir='ltr'><strong>praepositionis</strong></span> <span class='ocrx_word' id='word_1_817' title='bbox 2803 4269 3048 4325; x_wconf 70' lang='lat' dir='ltr'><strong>qumrere</strong></span> <span class='ocrx_word' id='word_1_818' title='bbox 3095 4252 3429 4322; x_wconf 88' lang='lat' dir='ltr'><strong>intelligatur</strong></span> 
     </span>
    </p>
   </div>
   <div class='ocr_carea' id='block_1_102' title="bbox 1847 4339 3424 4420">
    <p class='ocr_par' dir='ltr' id='par_1_102' title="bbox 1847 4339 3424 4420">
     <span class='ocr_line' id='line_1_102' title="bbox 1847 4339 3424 4420; baseline -0.007 -16"><span class='ocrx_word' id='word_1_819' title='bbox 1847 4350 2154 4420; x_wconf 84' lang='lat' dir='ltr'><strong>adquirere,</strong></span> <span class='ocrx_word' id='word_1_820' title='bbox 2184 4363 2251 4403; x_wconf 81' lang='lat' dir='ltr'><strong>ex</strong></span> <span class='ocrx_word' id='word_1_821' title='bbox 2277 4362 2383 4417; x_wconf 92' lang='lat' dir='ltr'><strong>quo</strong></span> <span class='ocrx_word' id='word_1_822' title='bbox 2416 4346 2566 4401; x_wconf 89' lang='lat' dir='ltr'><strong>lucra</strong></span> <span class='ocrx_word' id='word_1_823' title='bbox 2593 4352 2872 4412; x_wconf 89' lang='lat' dir='ltr'><strong>vocantur,</strong></span> <span class='ocrx_word' id='word_1_824' title='bbox 2904 4353 2959 4400; x_wconf 92' lang='lat' dir='ltr'><strong>et</strong></span> <span class='ocrx_word' id='word_1_825' title='bbox 2987 4351 3226 4414; x_wconf 67' lang='lat' dir='ltr'><strong>quaestus</strong></span> <span class='ocrx_word' id='word_1_826' title='bbox 3250 4339 3424 4413; x_wconf 82' lang='lat' dir='ltr'><strong>(Eph.</strong></span> 
     </span>
    </p>
   </div>
   <div class='ocr_carea' id='block_1_103' title="bbox 1845 4441 2007 4514">
    <p class='ocr_par' dir='ltr' id='par_1_103' title="bbox 1845 4441 2007 4514">
     <span class='ocr_line' id='line_1_103' title="bbox 1845 4441 2007 4514; baseline -0.025 -16"><span class='ocrx_word' id='word_1_827' title='bbox 1845 4441 2007 4514; x_wconf 71' lang='lat'><strong>1,4).</strong></span> 
     </span>
    </p>
   </div>
   <div class='ocr_carea' id='block_1_104' title="bbox 1914 4563 3449 4650">
    <p class='ocr_par' dir='ltr' id='par_1_104' title="bbox 1914 4563 3449 4650">
     <span class='ocr_line' id='line_1_104' title="bbox 1914 4563 3449 4650; baseline -0.01 -20"><span class='ocrx_word' id='word_1_828' title='bbox 1914 4576 1942 4616; x_wconf 76' lang='grc'><strong>1)</strong></span> <span class='ocrx_word' id='word_1_829' title='bbox 1968 4575 2137 4630; x_wconf 86' lang='lat' dir='ltr'><strong>Porro</strong></span> <span class='ocrx_word' id='word_1_830' title='bbox 2173 4573 2320 4644; x_wconf 88' lang='lat' dir='ltr'><strong>faber</strong></span> <span class='ocrx_word' id='word_1_831' title='bbox 2347 4573 2602 4642; x_wconf 79' lang='lat' dir='ltr'><strong>ferrarius</strong></span> <span class='ocrx_word' id='word_1_832' title='bbox 2647 4588 2750 4624; x_wconf 89' lang='lat' dir='ltr'><strong>non</strong></span> <span class='ocrx_word' id='word_1_833' title='bbox 2789 4568 3145 4624; x_wconf 81' lang='lat' dir='ltr'><strong>inveniebatur</strong></span> <span class='ocrx_word' id='word_1_834' title='bbox 3187 4567 3244 4619; x_wconf 87' lang='lat' dir='ltr'><strong>in</strong></span> <span class='ocrx_word' id='word_1_835' title='bbox 3285 4563 3449 4650; x_wconf 36' lang='lat' dir='ltr'><strong>omni;</strong></span> 
     </span>
    </p>
   </div>
   <div class='ocr_carea' id='block_1_105' title="bbox 1842 4668 3426 4739">
    <p class='ocr_par' dir='ltr' id='par_1_105' title="bbox 1842 4668 3426 4739">
     <span class='ocr_line' id='line_1_105' title="bbox 1842 4668 3426 4739; baseline -0.009 -5"><span class='ocrx_word' id='word_1_836' title='bbox 1842 4691 1982 4735; x_wconf 86' lang='lat' dir='ltr'><strong>terra</strong></span> <span class='ocrx_word' id='word_1_837' title='bbox 2006 4676 2197 4732; x_wconf 86' lang='lat' dir='ltr'><strong>Israel.</strong></span> <span class='ocrx_word' id='word_1_838' title='bbox 2228 4675 2483 4731; x_wconf 82' lang='lat' dir='ltr'><strong>Caverant</strong></span> <span class='ocrx_word' id='word_1_839' title='bbox 2516 4677 2650 4731; x_wconf 87' lang='lat' dir='ltr'><strong>enim</strong></span> <span class='ocrx_word' id='word_1_840' title='bbox 2698 4672 3003 4738; x_wconf 87' lang='lat' dir='ltr'><strong>Philistiim,</strong></span> <span class='ocrx_word' id='word_1_841' title='bbox 3029 4688 3092 4724; x_wconf 90' lang='lat' dir='ltr'><strong>ne</strong></span> <span class='ocrx_word' id='word_1_842' title='bbox 3121 4669 3254 4739; x_wconf 88' lang='lat' dir='ltr'><strong>forte</strong></span> <span class='ocrx_word' id='word_1_843' title='bbox 3281 4668 3426 4738; x_wconf 87' lang='lat' dir='ltr'><strong>face-</strong></span> 
     </span>
    </p>
   </div>
   <div class='ocr_carea' id='block_1_106' title="bbox 1845 4762 3428 4841">
    <p class='ocr_par' dir='ltr' id='par_1_106' title="bbox 1845 4762 3428 4841">
     <span class='ocr_line' id='line_1_106' title="bbox 1845 4762 3428 4841; baseline -0.007 -15"><span class='ocrx_word' id='word_1_844' title='bbox 1845 4782 1955 4827; x_wconf 86' lang='lat' dir='ltr'><strong>rent</strong></span> <span class='ocrx_word' id='word_1_845' title='bbox 1993 4771 2204 4826; x_wconf 63' lang='lat' dir='ltr'><strong>Hebra&#39;i</strong></span> <span class='ocrx_word' id='word_1_846' title='bbox 2251 4769 2508 4841; x_wconf 86' lang='lat' dir='ltr'><strong>gladium,</strong></span> <span class='ocrx_word' id='word_1_847' title='bbox 2551 4779 2642 4824; x_wconf 88' lang='lat' dir='ltr'><strong>aut</strong></span> <span class='ocrx_word' id='word_1_848' title='bbox 2681 4768 2939 4833; x_wconf 82' lang='lat' dir='ltr'><strong>lanceam,</strong></span> <span class='ocrx_word' id='word_1_849' title='bbox 2985 4775 3033 4820; x_wconf 87' lang='lat' dir='ltr'><strong>et</strong></span> <span class='ocrx_word' id='word_1_850' title='bbox 3073 4782 3136 4819; x_wconf 91' lang='lat' dir='ltr'><strong>ne</strong></span> <span class='ocrx_word' id='word_1_851' title='bbox 3180 4762 3428 4818; x_wconf 86' lang='lat' dir='ltr'><strong>haberent</strong></span> 
     </span>
    </p>
   </div>
   <div class='ocr_carea' id='block_1_107' title="bbox 1846 4841 3449 4936">
    <p class='ocr_par' dir='ltr' id='par_1_107' title="bbox 1846 4856 3449 4936">
     <span class='ocr_line' id='line_1_107' title="bbox 1846 4856 3449 4936; baseline -0.007 -16"><span class='ocrx_word' id='word_1_852' title='bbox 1846 4866 2023 4936; x_wconf 78' lang='lat' dir='ltr'><strong>fabros</strong></span> <span class='ocrx_word' id='word_1_853' title='bbox 2048 4865 2321 4934; x_wconf 88' lang='lat' dir='ltr'><strong>ferrarios,</strong></span> <span class='ocrx_word' id='word_1_854' title='bbox 2351 4865 2440 4932; x_wconf 89' lang='lat' dir='ltr'><strong>qui</strong></span> <span class='ocrx_word' id='word_1_855' title='bbox 2463 4879 2612 4916; x_wconf 87' lang='lat' dir='ltr'><strong>arma</strong></span> <span class='ocrx_word' id='word_1_856' title='bbox 2639 4861 2708 4914; x_wconf 88' lang='lat' dir='ltr'><strong>ad</strong></span> <span class='ocrx_word' id='word_1_857' title='bbox 2738 4858 3132 4931; x_wconf 84' lang='lat' dir='ltr'><strong>repugnandum</strong></span> <span class='ocrx_word' id='word_1_858' title='bbox 3173 4856 3449 4932; x_wconf 26' lang='lat' dir='ltr'><strong>facerents</strong></span> 
     </span>
    </p>
   </div>
   <div class='ocr_carea' id='block_1_108' title="bbox 1848 4955 3450 5038">
    <p class='ocr_par' dir='ltr' id='par_1_108' title="bbox 1848 4955 3450 5038">
     <span class='ocr_line' id='line_1_108' title="bbox 1848 4955 3450 5038; baseline -0.007 -18"><span class='ocrx_word' id='word_1_859' title='bbox 1848 4966 1999 5038; x_wconf 87' lang='lat' dir='ltr'><strong>(Cap.</strong></span> <span class='ocrx_word' id='word_1_860' title='bbox 2027 4979 2150 5022; x_wconf 80' lang='lat' dir='ltr'><strong>xui,</strong></span> <span class='ocrx_word' id='word_1_861' title='bbox 2182 4963 2320 5033; x_wconf 83' lang='grc'><strong>19)(</strong></span> <span class='ocrx_word' id='word_1_862' title='bbox 2353 4963 2431 5016; x_wconf 92' lang='lat' dir='ltr'><strong>Ita</strong></span> <span class='ocrx_word' id='word_1_863' title='bbox 2472 4960 2706 5016; x_wconf 81' lang='lat' dir='ltr'><strong>Chaldaei</strong></span> <span class='ocrx_word' id='word_1_864' title='bbox 2753 4960 3027 5014; x_wconf 89' lang='lat' dir='ltr'><strong>destructa</strong></span> <span class='ocrx_word' id='word_1_865' title='bbox 3067 4955 3450 5024; x_wconf 51' lang='lat' dir='ltr'><strong>Hierusalem,</strong></span> 
     </span>
    </p>
   </div>
   <div class='ocr_carea' id='block_1_109' title="bbox 1851 5050 3432 5122">
    <p class='ocr_par' dir='ltr' id='par_1_109' title="bbox 1851 5050 3432 5122">
     <span class='ocr_line' id='line_1_109' title="bbox 1851 5050 3432 5122; baseline -0.004 -12"><span class='ocrx_word' id='word_1_866' title='bbox 1851 5066 1903 5110; x_wconf 90' lang='lat' dir='ltr'><strong>ct</strong></span> <span class='ocrx_word' id='word_1_867' title='bbox 1927 5063 2135 5111; x_wconf 86' lang='lat' dir='ltr'><strong>vastata</strong></span> <span class='ocrx_word' id='word_1_868' title='bbox 2157 5055 2303 5109; x_wconf 89' lang='lat' dir='ltr'><strong>omni</strong></span> <span class='ocrx_word' id='word_1_869' title='bbox 2346 5061 2488 5108; x_wconf 88' lang='lat' dir='ltr'><strong>terra</strong></span> <span class='ocrx_word' id='word_1_870' title='bbox 2527 5050 2902 5122; x_wconf 90' lang='lat' dir='ltr'><strong>promissionis</strong></span> <span class='ocrx_word' id='word_1_871' title='bbox 2929 5057 3284 5120; x_wconf 3' lang='lat' dir='ltr'><strong>(satagerunt;</strong></span> <span class='ocrx_word' id='word_1_872' title='bbox 3316 5060 3338 5088; x_wconf 75' lang='grc' dir='ltr'><strong>ε</strong></span> <span class='ocrx_word' id='word_1_873' title='bbox 3369 5059 3432 5104; x_wconf 81' lang='grc' dir='ltr'><strong>ιιι</strong></span> 
     </span>
    </p>
   </div>
   <div class='ocr_carea' id='block_1_110' title="bbox 1852 5139 3432 5210">
    <p class='ocr_par' dir='ltr' id='par_1_110' title="bbox 1852 5139 3432 5210">
     <span class='ocr_line' id='line_1_110' title="bbox 1852 5139 3432 5210; baseline -0.004 -9"><span class='ocrx_word' id='word_1_874' title='bbox 1852 5148 2028 5202; x_wconf 90' lang='lat' dir='ltr'><strong>nullus</strong></span> <span class='ocrx_word' id='word_1_875' title='bbox 2055 5148 2109 5201; x_wconf 89' lang='lat' dir='ltr'><strong>in</strong></span> <span class='ocrx_word' id='word_1_876' title='bbox 2141 5161 2204 5201; x_wconf 91' lang='lat' dir='ltr'><strong>ea</strong></span> <span class='ocrx_word' id='word_1_877' title='bbox 2241 5151 2546 5200; x_wconf 87' lang='lat' dir='ltr'><strong>remaneret</strong></span> <span class='ocrx_word' id='word_1_878' title='bbox 2593 5142 2807 5208; x_wconf 81' lang='lat' dir='ltr'><strong>artifex,</strong></span> <span class='ocrx_word' id='word_1_879' title='bbox 2851 5141 3026 5196; x_wconf 91' lang='lat' dir='ltr'><strong>nullus</strong></span> <span class='ocrx_word' id='word_1_880' title='bbox 3073 5140 3303 5205; x_wconf 90' lang='lat' dir='ltr'><strong>clausor,</strong></span> <span class='ocrx_word' id='word_1_881' title='bbox 3335 5139 3432 5210; x_wconf 89' lang='lat' dir='ltr'><strong>qui</strong></span> 
     </span>
    </p>
   </div>
   <div class='ocr_carea' id='block_1_111' title="bbox 1851 5231 3432 5303">
    <p class='ocr_par' dir='ltr' id='par_1_111' title="bbox 1851 5231 3432 5303">
     <span class='ocr_line' id='line_1_111' title="bbox 1851 5231 3432 5303; baseline -0.006 -10"><span class='ocrx_word' id='word_1_882' title='bbox 1851 5239 1934 5293; x_wconf 88' lang='lat' dir='ltr'><strong>vel</strong></span> <span class='ocrx_word' id='word_1_883' title='bbox 1967 5237 2161 5294; x_wconf 73' lang='lat' dir='ltr'><strong>fmdata</strong></span> <span class='ocrx_word' id='word_1_884' title='bbox 2185 5237 2333 5291; x_wconf 90' lang='lat' dir='ltr'><strong>urbis</strong></span> <span class='ocrx_word' id='word_1_885' title='bbox 2360 5234 2560 5289; x_wconf 86' lang='lat' dir='ltr'><strong>moenia</strong></span> <span class='ocrx_word' id='word_1_886' title='bbox 2606 5247 2947 5303; x_wconf 89' lang='lat' dir='ltr'><strong>componere,</strong></span> <span class='ocrx_word' id='word_1_887' title='bbox 2994 5231 3080 5286; x_wconf 90' lang='lat' dir='ltr'><strong>vel</strong></span> <span class='ocrx_word' id='word_1_888' title='bbox 3121 5238 3304 5302; x_wconf 85' lang='lat' dir='ltr'><strong>posset</strong></span> <span class='ocrx_word' id='word_1_889' title='bbox 3344 5243 3432 5284; x_wconf 80' lang='lat' dir='ltr'><strong>re-</strong></span> 
     </span>
    </p>
   </div>
   <div class='ocr_carea' id='block_1_112' title="bbox 1853 5323 3429 5397">
    <p class='ocr_par' dir='ltr' id='par_1_112' title="bbox 1853 5323 3429 5397">
     <span class='ocr_line' id='line_1_112' title="bbox 1853 5323 3429 5397; baseline -0.008 -12"><span class='ocrx_word' id='word_1_890' title='bbox 1853 5330 2058 5386; x_wconf 85' lang='lat' dir='ltr'><strong>sarcire</strong></span> <span class='ocrx_word' id='word_1_891' title='bbox 2083 5329 2315 5397; x_wconf 87' lang='lat' dir='ltr'><strong>dirupta.</strong></span> <span class='ocrx_word' id='word_1_892' title='bbox 2345 5326 2484 5393; x_wconf 80' lang='lat' dir='ltr'><strong>Quin</strong></span> <span class='ocrx_word' id='word_1_893' title='bbox 2511 5325 2692 5395; x_wconf 91' lang='lat' dir='ltr'><strong>potius</strong></span> <span class='ocrx_word' id='word_1_894' title='bbox 2729 5324 2990 5394; x_wconf 90' lang='lat' dir='ltr'><strong>quidquid</strong></span> <span class='ocrx_word' id='word_1_895' title='bbox 3030 5323 3172 5393; x_wconf 88' lang='lat' dir='ltr'><strong>apud</strong></span> <span class='ocrx_word' id='word_1_896' title='bbox 3195 5323 3429 5393; x_wconf 80' lang='lat' dir='ltr'><strong>gentem</strong></span> 
     </span>
    </p>
   </div>
   <div class='ocr_carea' id='block_1_113' title="bbox 1853 5421 3428 5495">
    <p class='ocr_par' dir='ltr' id='par_1_113' title="bbox 1853 5421 3428 5495">
     <span class='ocr_line' id='line_1_113' title="bbox 1853 5421 3428 5495; baseline -0.008 -9"><span class='ocrx_word' id='word_1_897' title='bbox 1853 5431 2261 5486; x_wconf 78' lang='lat' dir='ltr'><strong>exterminatam</strong></span> <span class='ocrx_word' id='word_1_898' title='bbox 2289 5427 2422 5481; x_wconf 88' lang='lat' dir='ltr'><strong>artis</strong></span> <span class='ocrx_word' id='word_1_899' title='bbox 2454 5426 2789 5493; x_wconf 88' lang='lat' dir='ltr'><strong>invenerant,</strong></span> <span class='ocrx_word' id='word_1_900' title='bbox 2815 5435 2984 5480; x_wconf 92' lang='lat' dir='ltr'><strong>totum</strong></span> <span class='ocrx_word' id='word_1_901' title='bbox 2999 5425 3052 5479; x_wconf 94' lang='lat' dir='ltr'><strong>in</strong></span> <span class='ocrx_word' id='word_1_902' title='bbox 3063 5421 3428 5495; x_wconf 84' lang='lat' dir='ltr'><strong>Babylioniam</strong></span> 
     </span>
    </p>
   </div>
   <div class='ocr_carea' id='block_1_114' title="bbox 1853 5513 3430 5586">
    <p class='ocr_par' dir='ltr' id='par_1_114' title="bbox 1853 5513 3430 5586">
     <span class='ocr_line' id='line_1_114' title="bbox 1853 5513 3430 5586; baseline -0.006 -8"><span class='ocrx_word' id='word_1_903' title='bbox 1853 5522 2199 5586; x_wconf 86' lang='lat' dir='ltr'><strong>transferunt,</strong></span> <span class='ocrx_word' id='word_1_904' title='bbox 2232 5529 2292 5575; x_wconf 93' lang='lat' dir='ltr'><strong>ut</strong></span> <span class='ocrx_word' id='word_1_905' title='bbox 2321 5517 2405 5574; x_wconf 89' lang='lat' dir='ltr'><strong>vel</strong></span> <span class='ocrx_word' id='word_1_906' title='bbox 2436 5518 2501 5574; x_wconf 88' lang='lat' dir='ltr'><strong>ad</strong></span> <span class='ocrx_word' id='word_1_907' title='bbox 2526 5518 2752 5574; x_wconf 89' lang='lat' dir='ltr'><strong>nihilum</strong></span> <span class='ocrx_word' id='word_1_908' title='bbox 2777 5517 2954 5574; x_wconf 83' lang='lat' dir='ltr'><strong>valeat</strong></span> <span class='ocrx_word' id='word_1_909' title='bbox 2982 5519 3143 5585; x_wconf 90' lang='lat' dir='ltr'><strong>ultra,</strong></span> <span class='ocrx_word' id='word_1_910' title='bbox 3173 5515 3259 5572; x_wconf 90' lang='lat' dir='ltr'><strong>vel</strong></span> <span class='ocrx_word' id='word_1_911' title='bbox 3287 5513 3430 5570; x_wconf 87' lang='lat' dir='ltr'><strong>illius</strong></span> 
     </span>
    </p>
   </div>
   <div class='ocr_carea' id='block_1_115' title="bbox 1849 5681 3294 5758">
    <p class='ocr_par' dir='ltr' id='par_1_115' title="bbox 1849 5681 3294 5758">
     <span class='ocr_line' id='line_1_115' title="bbox 1849 5681 3294 5758; baseline -0.002 -20"><span class='ocrx_word' id='word_1_912' title='bbox 1849 5681 2261 5758; x_wconf 70' lang='lat' dir='ltr'><strong>quitpvidius._</strong></span> <span class='ocrx_word' id='word_1_913' title='bbox 2516 5751 2526 5758; x_wconf 87' lang='lat'>_</span> <span class='ocrx_word' id='word_1_914' title='bbox 2595 5749 2632 5758; x_wconf 40' lang='lat' dir='ltr'><strong>ﬁ</strong></span> <span class='ocrx_word' id='word_1_915' title='bbox 2687 5749 2701 5758; x_wconf 85' lang='lat'>_</span> <span class='ocrx_word' id='word_1_916' title='bbox 2943 5751 2953 5758; x_wconf 87' lang='lat'>_</span> <span class='ocrx_word' id='word_1_917' title='bbox 3080 5746 3185 5758; x_wconf 48' lang='grc' dir='ltr'>η,</span> <span class='ocrx_word' id='word_1_918' title='bbox 3261 5745 3294 5758; x_wconf 54' lang='grc' dir='ltr'>η</span> 
     </span>
    </p>
   </div>
   <div class='ocr_carea' id='block_1_116' title="bbox 1855 5745 3427 5900">
    <p class='ocr_par' dir='ltr' id='par_1_116' title="bbox 1855 5745 3427 5900">
     <span class='ocr_line' id='line_1_116' title="bbox 1855 5745 3427 5880; baseline -0.004 -72"><span class='ocrx_word' id='word_1_919' title='bbox 1855 5745 1898 5880; x_wconf 36' lang='grc' dir='ltr'><strong>εὶ</strong></span> <span class='ocrx_word' id='word_1_920' title='bbox 1924 5765 1946 5792; x_wconf 74' lang='grc' dir='ltr'>α</span> <span class='ocrx_word' id='word_1_921' title='bbox 1981 5756 2146 5808; x_wconf 89' lang='lat' dir='ltr'><strong>Docet</strong></span> <span class='ocrx_word' id='word_1_922' title='bbox 2183 5751 2564 5822; x_wconf 90' lang='lat' dir='ltr'><strong>subsequentia</strong></span> <span class='ocrx_word' id='word_1_923' title='bbox 2594 5749 2736 5806; x_wconf 85' lang='lat' dir='ltr'><strong>Beda</strong></span> <span class='ocrx_word' id='word_1_924' title='bbox 2768 5746 3148 5821; x_wconf 59' lang='lat' dir='ltr'><strong>quaestionem</strong></span> <span class='ocrx_word' id='word_1_925' title='bbox 3172 5747 3228 5803; x_wconf 88' lang='lat' dir='ltr'><strong>in</strong></span> <span class='ocrx_word' id='word_1_926' title='bbox 3260 5745 3427 5802; x_wconf 79' lang='lat' dir='ltr'><strong>libros</strong></span> 
     </span>
     <span class='ocr_line' id='line_1_117' title="bbox 1901 5841 2076 5900; baseline -0.006 -20"><span class='ocrx_word' id='word_1_927' title='bbox 1901 5841 2076 5900; x_wconf 90' lang='lat' dir='ltr'><strong>egum.</strong></span> 
     </span>
    </p>
   </div>
  </div>
