3940 6340
500 329 606 388 659

1567 321 1844 379 CLAUDII
1884 323 2350 404 TAURINENSIS
2381 323 2690 381 EPISCOPI

3681 317 3777 377 660

498 441 740 503 civitatis
754 415 1084 500 utilitatibus
1118 437 1383 510 proﬁciat.
1418 447 1443 475 ει
1468 434 1633 491 Arma
1662 437 1856 506 quibus
1891 447 2081 494 contra
2109 453 2160 519 Α
2185 439 2433 509 poenitet,
2458 438 2611 508 cujus
2625 445 2709 492 est
2735 435 2800 493 de
2825 435 3074 492 omnibus
3099 437 3322 496 omnino
3344 437 3511 494 rebus
3538 445 3656 495 tam
3681 439 3780 497 ﬁxa

497 534 773 600 diabolum
807 540 1172 605 repugnantes
1205 530 1507 586 libertatem
1531 543 1560 582 a
1585 528 1696 583 Deo
1718 530 1874 584 nobis
1917 531 2082 586 dona-

494 639 610 690 tam
633 625 1008 691 defendamus,
1037 624 1167 696 quid
1190 629 1316 678 sunt
1349 621 1474 687 alia,
1498 619 1599 675 nisi
1631 622 1839 692 eloquia
1853 625 2085 696 scriptu-

491 735 702 787 rarum,
732 717 788 776 in
812 717 1010 792 quibus
1032 723 1087 774 et
1114 714 1282 786 ipsius
1311 713 1542 780 Domini,
1565 723 1620 769 et
1641 727 1947 772 sanctorum
1968 715 2084 786 ejus

493 811 778 897 exemplis,
829 825 938 884 quo
979 808 1170 864 ordine
1214 807 1357 868 bella
1404 811 1660 866 vitiorum
1706 811 1947 882 superari
1986 812 2082 867 de-

492 912 681 975 beant,
733 907 852 964 luce
896 903 1094 962 clarius
1146 903 1438 960 discimus?
1487 903 1594 960 Sed
1639 904 1894 960 Philistui
1946 904 2085 960 ﬁlios

490 999 660 1060 Israel
679 998 850 1072 fabris
869 1010 1156 1058 armorum
1181 996 1419 1069 privant,
1445 1012 1567 1052 cum
1599 996 1818 1066 maligni
1862 996 2085 1066 Spiritus

492 1095 705 1151 animos
734 1090 971 1166 ﬁdelium
997 1105 1027 1144 a
1046 1088 1393 1146 meditatione
1423 1104 1590 1144 sacra:
1623 1088 1892 1153 lectionis,
1915 1104 2084 1143 saecu-

490 1186 631 1241 laria
661 1184 768 1240 illis
802 1182 1016 1256 negotia
1055 1181 1371 1247 inserendo,
1403 1182 1704 1246 retardant,
1758 1196 1826 1234 ne
1865 1179 1948 1234 vel
1981 1180 2083 1249 ipsi

489 1292 591 1350 per
621 1277 782 1350 hujus
807 1273 1126 1332 exercitium
1151 1273 1443 1331 resistendi
1466 1273 1717 1328 ﬁduciam
1742 1281 1980 1337 sumant,
2001 1271 2084 1326 vel

493 1369 631 1425 alios
659 1367 800 1423 forte
822 1366 912 1438 qui
937 1363 1118 1436 legere
1144 1365 1414 1430 nesciunt,
1443 1363 1508 1418 ad
1535 1364 1892 1420 resistendum
1913 1363 2080 1430 vitiis,

492 1459 850 1524 exhortando,
907 1465 999 1514 aut
1046 1456 1390 1527 corripiendo
1430 1456 1458 1496 ι)
1495 1455 1812 1510 accendant.
1868 1453 2083 1508 Tollunt

491 1552 680 1610 fabros
706 1566 1150 1618 armorum,cum
1165 1565 1280 1616 eos,
1313 1549 1406 1620 qui
1435 1564 1594 1605 sacra
1620 1548 1832 1618 eloquia
1860 1555 2079 1614 norunt,

489 1650 549 1706 in
586 1650 755 1706 tantis
787 1649 1089 1706 sceleribus
1125 1647 1376 1711 obruunt,
1417 1655 1478 1706 ut
1521 1647 1705 1705 dicere
1749 1647 1910 1713 bona,
1961 1661 2083 1716 quae

491 1745 813 1807 didicerant,
845 1758 1068 1812 prorsus
1101 1743 1448 1798 erubescant.

562 1845 588 1874 ο
628 1852 645 1884 ι
667 1833 799 1890 Sani
833 1839 1016 1888 autem
1047 1839 1169 1902 post
1203 1832 1337 1894 haec,
1393 1832 1520 1887 dum
1555 1839 1807 1902 pergeret
1850 1831 2078 1886 dimica—

487 1934 644 1982 turus
667 1926 927 1982 adversus
955 1922 1268 1989 Philistiim,
1309 1922 1504 1985 indixit
1530 1921 1556 1962 ἀ
1591 1931 1788 1978 e‘uncto
1815 1923 2076 1979 exercitui

482 2017 769 2091 jejunium,
806 2030 1086 2087 quousque
1134 2023 1538 2070 reverterentur
1571 2030 1603 2068 a
1637 2014 1841 2084 prmlio.
1891 2013 1985 2084 (V.
2009 2015 2080 2070 95

484 2119 534 2164 et
561 2107 782 2180 27)Sed
810 2105 1078 2162 Jonathan
1107 2105 1248 2159 ﬁlius
1274 2103 1392 2173 ejus
1439 2104 1626 2159 videns
1674 2119 1835 2174 super
1881 2104 2078 2160 faciem

485 2200 604 2270 agri
643 2198 771 2263 mel,
797 2197 1028 2252 extendit
1048 2195 1400 2250 summitatem
1449 2195 1628 2264 rirgw,
1677 2204 1722 2248 et
1773 2195 1986 2248 intinxit
2022 2195 2079 2248 in

485 2293 666 2363 favum
694 2290 883 2354 mellis,
905 2300 952 2344 et
982 2289 1205 2360 gustavit
1229 2299 1278 2342 et
1309 2289 1594 2343 illuminati
1623 2299 1744 2344 sunt
1771 2290 1910 2344 oculi
1935 2291 2073 2360 ejus.

486 2381 606 2436 Non
639 2381 826 2450 utique
864 2381 930 2436 ad
961 2379 1248 2435 videndum
1283 2380 1590 2447 illuminati,
1639 2381 1764 2449 quia
1805 2390 1964 2436 antea
1999 2382 2076 2435 vi-

483 2473 670 2540 debat,
696 2473 792 2531 sed
826 2472 895 2530 ad
921 2473 1357 2538 discernendum,
1399 2474 1526 2543 quia
1578 2475 1747 2529 vetita
1797 2473 2069 2543 tetigerat.

483 2567 636 2624 Tunc
668 2567 810 2624 enim
839 2581 998 2623 casus
1028 2565 1136 2632 ille,
1170 2566 1311 2622 sicut
1336 2575 1390 2621 et
1414 2565 1587 2622 Adam
1624 2565 1754 2622 fecit
1797 2565 1947 2621 illum
1995 2575 2077 2622 at-

478 2670 710 2731 tentum,
755 2662 1091 2730 reddiditque
1139 2659 1445 2716 confusum.
1501 2660 1619 2727 Quo
1672 2660 1816 2715 facto
1863 2676 2078 2716 ammo-

481 2767 698 2820 nemur,
721 2768 912 2810 omnes
944 2753 1229 2808 illecebras
1255 2752 1592 2822 voluptatum
1642 2753 1696 2807 in
1743 2753 1940 2808 saeculo
1982 2753 2074 2807 de-

477 2846 612 2904 bere
636 2855 986 2900 contemnere
1013 2844 1105 2915 qui
1135 2843 1245 2898 Deo
1282 2844 1472 2897 nititur
1504 2844 1758 2898 militare.
1789 2844 1906 2900 Non
1929 2845 2074 2899 enim

476 2941 662 3004 potest
693 2943 883 2990 contra
913 2932 1197 3002 allophilus
1238 2933 1568 3002 spirituales,
1604 2933 1654 2988 id
1682 2942 1765 2989 est
1813 2935 2074 2990 adversus

478 3024 754 3096 principes
799 3023 1164 3088 tenebrarum,
1209 3022 1454 3079 virilibus
1493 3023 1688 3078 animis
1721 3038 2071 3091 concurrere,

478 3117 571 3188 qui
589 3116 766 3172 adhuc
779 3116 938 3188 hujus
960 3117 1145 3174 mundi
1167 3115 1391 3188 uegligit
1414 3114 1752 3170 dulcedinem
1773 3115 2067 3170 declinare.

2189 529 2480 595 sententia,
2497 543 2659 600 quam
2684 535 2829 583 certa
2844 529 3207 598 prtescicntia.
3228 528 3513 597 Quomodo
3525 547 3664 604 ergo
3677 549 3782 604 μιν

2186 623 2322 677 nitet
2347 611 2552 692 aliquid
2575 620 2879 687 Dominum,
2910 621 2963 676 in
2988 637 3095 692 quo
3110 630 3193 677 est
3211 623 3392 678 omnis
3405 627 3781 693 prmscientia!

2261 717 2286 755 8
2317 733 2334 768 ι
2356 713 2466 770 Nos
2489 730 2620 770 vero
2645 729 2767 770 cum
2797 713 2901 768 hoc
2928 713 2993 768 de
3024 713 3135 770 Deo
3159 707 3214 770 in
3242 717 3441 772 divinis
3475 717 3782 790 Scripturis

2163 808 2452 874 ~audimus,
2485 807 2762 880 indignum
2795 807 3126 864 arbitramur
3153 809 3257 864 hoc
3294 812 3360 866 de
3405 811 3500 872 illo
3561 816 3779 869 ωηιξη.

2186 898 2294 956 Sed
2319 915 2543 956 necesse
2566 907 2668 966 est,
2704 909 2764 955 ut
2786 900 2992 974 aliquid
3045 899 3278 968 dicatur,
3335 919 3434 972 per
3476 906 3639 975 quod
3695 907 3780 961 huc

2186 993 2366 1064 aliquo
2402 995 2566 1052 modo
2595 995 3019 1050 demonstretur.
3049 993 3184 1050 Cum
3215 1011 3346 1051 vero
3369 998 3547 1054 verba
3586 1001 3778 1064 omnia,

2185 1085 2380 1160 quibus
2426 1086 2663 1144 humana
2717 1086 2984 1158 colloquia
3023 1097 3402 1156 conseruntur,
3452 1089 3620 1148 illius
3661 1105 3782 1145 sur.-

2182 1180 2395 1253 piterna
2418 1180 2612 1246 virtus,
2640 1188 2694 1236 et
2723 1180 2979 1236 divinitas
3007 1181 3346 1248 mirabiliter,
3385 1191 3564 1252 atque
3617 1185 3781 1239 incan-

2185 1282 2396 1329 ctanter
2423 1274 2672 1340 excedat,
2702 1274 2964 1345 quidquid
2991 1275 3055 1330 de
3085 1275 3176 1330 illo
3203 1277 3521 1332 humaniter
3567 1279 3778 1342 dicitur,

2184 1370 2326 1438 quod
2377 1369 2543 1424 etiam
2596 1368 2907 1424 hominibus
2958 1370 3298 1439 aspernahiIe
3350 1372 3641 1436 videatur,
3687 1374 3783 1442 ipsa

2184 1458 2422 1514 humana
2451 1469 2792 1515 ammonetur
2818 1459 3127 1525 inﬁrmitas,
3151 1462 3314 1518 etiam
3348 1462 3442 1520 illa
3481 1479 3625 1533 quae
3673 1481 3781 1519 etin-

2183 1560 2445 1622 gruenter
2475 1552 2530 1606 in
2565 1551 2867 1622 Scripturis
2901 1555 3112 1609 sanctis
3139 1555 3205 1611 de
3227 1555 3336 1613 Deo
3383 1557 3540 1612 dicta
3601 1559 3780 1613 existi-

2181 1656 2316 1711 mat,
2349 1645 2600 1702 humana:
2625 1645 2913 1712 capacitati
2946 1645 3156 1714 aptiora
3181 1660 3319 1712 esse,
3359 1661 3532 1716 quam
3597 1647 3780 1704 divin:

2181 1739 2504 1796 sublimitati
2534 1757 2545 1792 :
2581 1737 2659 1792 Ac
2689 1752 2785 1806 per
2810 1739 2914 1793 hoc
2946 1737 3111 1794 etiam
3159 1739 3276 1808 ipsa
3321 1752 3446 1795 esse
3499 1749 3781 1795 transtra-

2106 1833 2157 1894 B
2186 1829 2360 1885 denda
2387 1846 2399 1881 :
2436 1835 2519 1882 est
2539 1826 2742 1882 saniori
2770 1827 2796 1865 ιι
2831 1827 3129 1892 intellectu,
3162 1828 3305 1882 sicut
3327 1828 3434 1883 ista
3457 1829 3782 1899 qualiacun-

2183 1934 2289 1990 que
2316 1918 2745 1980 transcendenda
2775 1928 2920 1978 sunt.
2965 1918 3097 1986 Quis
3144 1928 3228 1974 est
3274 1921 3421 1976 enim
3473 1921 3778 1984 homine,

2182 2014 2270 2069 cui
2303 2028 2409 2068 non
2432 2022 2687 2068 occurrat
2724 2013 2777 2067 in
2807 2013 2918 2069 Deo
2942 2021 3136 2070 cuncta
3166 2015 3484 2083 praeseiente
3519 2018 3781 2086 peniten-

2183 2107 2314 2160 tiam
2341 2120 2462 2160 esse
2486 2120 2592 2159 non
2616 2105 2816 2174 posse?
2845 2105 2912 2159 Et
2939 2113 3090 2161 certe
3117 2114 3298 2160 tamen
3327 2107 3446 2162 haec
3465 2109 3592 2162 duo
3635 2109 3781 2163 verba

2182 2205 2329 2263 sunt,
2365 2198 2680 2267 ῃωηὶιεηιίδ
2708 2206 2763 2252 et
2787 2197 3148 2267 prmscientia,
3177 2213 3410 2267 quorum
3443 2201 3584 2268 quia
3625 2217 3781 2255 unm

2181 2303 2479 2360 congruere
2519 2289 2789 2344 credimus
2831 2289 2960 2353 Deo,
3012 2289 3063 2344 id
3094 2297 3179 2344 est
3203 2293 3647 2360 praescientiam,
3703 2310 3781 2348 ne-

2180 2395 2370 2449 gamus
2396 2380 2450 2434 iu
2479 2396 2545 2436 eo
2581 2393 2700 2446 esse
2719 2381 3114 2451 paenitentiam.
3138 2381 3273 2438 Cum
3294 2399 3424 2438 vero
3445 2384 3600 2439 alius
3635 2385 3780 2455 liqui-

2181 2471 2330 2525 diore
2354 2472 2903 2529 considerationeista
2929 2482 3289 2543 pertractans,
3307 2477 3604 2544 quamet-it
3625 2494 3780 2549 qum

2179 2562 2248 2617 ad
2278 2563 2495 2617 modum
2526 2563 2612 2618 vel
2634 2564 2746 2633 ipsa
2773 2565 3111 2634 praescientia
3136 2565 3249 2622 Deo
3277 2576 3572 2639 congruat,
3613 2580 3676 2625 et
3714 2571 3781 2624 in-

2183 2653 2389 2708 venerit
2424 2655 2584 2725 hujus
2609 2656 2772 2711 etiam
2801 2657 2952 2712 verbi
2994 2658 3271 2714 notionem
3314 2659 3461 2714 illius
3507 2662 3776 2717 ineﬂ'ahili

2177 2744 2458 2802 divinitate
2515 2745 2691 2818 longe,
2741 2747 2955 2818 lateque
3023 2750 3288 2820 superari,
3356 2766 3468 2806 non
3545 2754 3775 2812 miratu

2177 2847 2467 2908 utrumque
2480 2838 2547 2895 de
2564 2840 2653 2894 illo
2664 2851 2885 2910 propter
2904 2842 3151 2897 homines
3163 2843 3268 2898 dici
3291 2845 3557 2913 potuisse,
3590 2848 3664 2902 de
3683 2863 3776 2918 qua

2176 2942 2469 3006 utrumque
2521 2946 2744 3008 propter
2772 2939 2946 3008 ipsum
2994 2939 3290 3009 incongrue
3313 2941 3615 2995 diceretur.
3643 2943 3775 3009 Quid

2175 3035 2259 3082 est
2293 3028 2436 3083 enim
2464 3030 2821 3099 prrescientia,
2854 3030 2956 3085 nisi
2990 3031 3218 3086 scientia
3246 3030 3599 3087 futurorum?
3639 3034 3775 3101 Quid

2176 3128 2359 3176 autem
2384 3119 2628 3178 futurum
2657 3130 2741 3179 est
2770 3125 2899 3188 Deo,
2944 3124 3036 3192 qui
3064 3124 3247 3178 omnia
3289 3133 3532 3194 tempora
3567 3142 3775 3196 super-

477 3208 666 3283 (Prou.
691 3226 746 3278 v,
765 3209 822 3281 5)
847 3208 952 3264 Mel
986 3211 1123 3264 enim
1161 3207 1421 3264 distillant
1449 3208 1588 3264 labia
1605 3211 2070 3279 meretricis,un
2098 3199 2143 3262 C
2174 3214 2449 3286 greditur?
2478 3212 2536 3269 Si
2566 3215 2710 3269 enim
2737 3215 2960 3270 scientia
2986 3216 3076 3269 Dei
3110 3231 3201 3270 res
3233 3216 3382 3284 ipsas
3432 3217 3622 3282 habet,
3667 3233 3774 3272 non

476 3312 562 3362 est
589 3303 874 3360 delectatio
920 3304 1210 3374 voluptatis
1257 3304 1514 3369 carnalis,
1568 3306 1636 3360 de
1677 3321 1786 3374 quo
1844 3309 2069 3376 putatur

472 3394 630 3466 juxta
669 3394 926 3466 mysticos
948 3395 1256 3450 intellectus
1277 3396 1419 3450 hunc
1443 3396 1746 3452 comedisse
1770 3397 2064 3465 Jonathan,

478 3499 535 3546 et
549 3503 696 3546 sorte
717 3491 1113 3560 deprehensum
1138 3492 1223 3545 vix
1238 3492 1491 3561 precibus
1503 3492 1683 3562 populi
1708 3493 2012 3549 liberatum.
2042 3515 2060 3547 ι

550 3581 611 3654 (1
634 3581 763 3655 Reg.
787 3599 878 3648 xv,
895 3583 948 3636 7.
973 3585 992 3656 )
1041 3583 1169 3640 lniit
1195 3594 1370 3639 autem
1395 3583 1528 3640 Saul
1557 3585 1796 3655 prwlium
1820 3587 2068 3642 adversus

475 3675 729 3732 Amalech
751 3675 1138 3749 interfectisque
1174 3679 1375 3732 cunctis
1406 3678 1641 3733 hostibus
1667 3679 1732 3733 ab
1762 3679 1914 3735 Evila
1975 3698 2064 3737 us-

472 3785 576 3840 que
601 3767 724 3827 Sur.
754 3769 850 3826 Est
877 3785 985 3826 una
1017 3771 1164 3839 regio
1190 3771 1423 3837 Evilath,
1447 3787 1610 3842 quam
1637 3773 1833 3828 circuit
1871 3772 2066 3828 ﬂuvius

471 3859 678 3916 Phison
706 3857 871 3932 (Gen.
899 3878 959 3925 ιι,
983 3861 1083 3935 Μ)
1108 3862 1294 3919 exiens
1333 3865 1398 3918 de
1425 3864 1698 3934 paradiso,
1744 3880 1864 3934 qua:
1907 3866 2067 3922 hodie

470 3953 625 4010 ludia
655 3964 900 4012 vocatur.
923 3955 1076 4011 Dicta
1107 3963 1288 4010 autem
1315 3952 1526 4010 Evilath
1551 3973 1580 4010 a
1608 3957 1842 4026 quodam
1870 3966 2064 4026 nepote

471 4047 609 4104 Noe.
639 4049 736 4104 Est
755 4057 810 4104 et
831 4049 939 4104 alia
958 4049 1109 4104 Evila
1131 4049 1362 4106 solitudo
1383 4059 1573 4106 contra
1591 4037 1787 4105 faciem
1810 4049 2058 4121 Egypti:

473 4139 594 4196 haec
620 4139 768 4196 enim
795 4140 968 4204 Evila,
992 4139 1080 4195 illa
1118 4140 1328 4197 Evilath
1379 4142 1540 4196 debet
1586 4141 1904 4210 nuncupari.
1954 4140 2063 4196 Sur

473 4245 691 4301 quoque
718 4238 804 4289 est
831 4229 1063 4286 solitudo
1093 4231 1232 4287 inter
1253 4230 1426 4287 Gades
1450 4238 1507 4287 et
1527 4230 2062 4296 Barath,extendens

473 4323 752 4378 desertum
773 4337 946 4393 usque
970 4322 1037 4378 ad
1055 4337 1204 4379 mare
1222 4322 1467 4378 Rubrum
1491 4338 1560 4379 ex
1580 4321 1797 4395 [Egypti
1826 4321 2062 4379 conﬁnio

472 4409 641 4484 (Gen.
659 4427 770 4479 xvr,
797 4411 888 4484 7).

547 4500 770 4575 (Rursus
797 4519 886 4569 xx,
912 4504 935 4560 1
957 4521 971 4568 ;
990 4521 1116 4571 xxv,
1142 4505 1416 4561 I8.Exod.
1435 4521 1525 4573 xv,
1545 4506 1646 4573 22;
1671 4505 1703 4561 Ι
1725 4506 1852 4578 Reg.
1877 4523 2048 4573 xxv",

2174 3314 2301 3360 sunt
2323 3307 2372 3360 ei
2396 3306 2610 3371 futurae,
2647 3307 2740 3362 sed
2785 3318 3116 3376 prmsentes:
3163 3324 3226 3364 ac
3255 3323 3354 3379 per
3385 3310 3490 3364 hoc
3517 3326 3629 3364 non
3667 3312 3770 3381 jam

2173 3399 2531 3467 pnescientia,
2558 3400 2652 3454 sed
2676 3409 2883 3455 tantum
2907 3402 3134 3456 scientia
3154 3401 3259 3457 dici
3282 3411 3481 3473 potest.
3509 3403 3566 3460 Si
3596 3415 3770 3460 autem

2173 3492 2315 3544 sicut
2357 3490 2413 3544 in
2467 3492 2660 3546 ordine
2710 3494 3089 3563 temporalium
3139 3505 3544 3562 creaturarum,
3597 3499 3674 3552 ita
3725 3507 3768 3550 et

2173 3580 2312 3649 apud
2344 3594 2469 3633 eum
2498 3581 2737 3636 nondum
2783 3591 2924 3648 sunt,
2971 3600 3092 3655 qua:
3137 3585 3320 3640 futura
3368 3598 3536 3652 sunt;
3578 3589 3683 3642 sed
3715 3603 3769 3642 ea

2170 3670 2431 3741 praevenit
2471 3671 2720 3738 scientia,
2753 3673 2839 3728 bis
2885 3691 3016 3746 ergo
3047 3691 3109 3731 ea
3143 3678 3345 3732 sentit:
3399 3694 3514 3734 uno
3554 3680 3769 3749 quidem

2169 3761 2329 3816 modo
2349 3762 2644 3818 secundum
2671 3763 2972 3820 futurorum
2994 3769 3418 3837 prznscientiam,
3443 3770 3628 3825 altero
3645 3786 3768 3825 vero

2169 3855 2464 3910 secundum
2499 3858 2848 3925 praesentium
2891 3860 3192 3914 scientiam.
3223 3861 3446 3932 Aliquid
3477 3878 3611 3935 ergo
3640 3871 3768 3916 tern-

2166 3945 2430 4015 poraliter
2463 3947 2662 4002 accidit
2697 3949 2939 4004 scientia:
2987 3949 3104 4015 Dei,
3136 3953 3281 4022 quod
3310 3953 3764 4010 absurdissimum

2167 4049 2330 4111 atque
2377 4039 2727 4096 falsissimum
2769 4049 2890 4096 est:
2942 4057 3042 4098 nec
3087 4044 3234 4098 enim
3264 4053 3448 4115 potest
3494 4063 3620 4116 qua
3645 4064 3764 4103 ven-

2166 4142 2290 4188 tura
2317 4133 2626 4203 praenoscit,
2673 4147 2834 4188 nosse
2861 4149 2984 4188 cum
3031 4137 3301 4202 venerint,
3349 4139 3458 4194 nisi
3501 4140 3588 4194 bis
3619 4141 3762 4197 irino:

2166 4233 2398 4292 tescant,
2443 4234 2498 4282 et
2528 4227 2936 4297 prmnoscendo,
2976 4236 3264 4298 antequam
3310 4231 3444 4296 sint,
3481 4241 3544 4286 et
3575 4247 3762 4304 cogno-

2165 4318 2366 4372 scendo
2397 4331 2520 4370 cum
2549 4315 2664 4384 jam
2705 4326 2851 4373 sunt.
2897 4317 2975 4372 Ita
3020 4319 3101 4384 ﬁt,
3134 4327 3195 4373 ut
3223 4321 3391 4390 (quod
3419 4321 3585 4394 longe
3611 4339 3642 4377 a
3672 4340 3759 4377 ve-

2161 4408 2328 4464 ritate
2376 4409 2648 4463 seclusum
2702 4409 2808 4478 est)
2865 4410 3233 4480 temporaliter
3287 4411 3500 4482 aliquid
3554 4415 3760 4468 accidat

2165 4501 2406 4556 scientia
2450 4499 2565 4564 Dei,
2622 4515 2744 4555 cum
2791 4501 3137 4569 temporalia,
3194 4517 3316 4570 qua:
3369 4508 3758 4572 prmsciuntnr,

471 4591 551 4666 8.)
589 4592 852 4652 Pereusso
899 4596 1004 4652 hoc
1041 4599 1274 4653 termino
1317 4610 1340 4637 θ
1372 4618 1390 4651 ο
1435 4601 1678 4671 pepercit
1718 4599 1868 4670 Agag
1917 4602 2051 4672 regi,
2079 4581 2134 4641 D
2158 4596 2324 4650 etiam
2358 4595 2648 4665 praesentia
2693 4595 3023 4662 sentiuntur,
3056 4611 3176 4667 qute
3223 4613 3330 4652 non
3380 4603 3759 4656 sentiebantur

470 4683 528 4758 (I
542 4683 668 4758 Reg.
689 4702 783 4755 xv,
801 4687 853 4762 7)
876 4705 978 4745 nec
1004 4690 1174 4745 voluit
1200 4692 1512 4763 disperdere
1541 4693 1720 4747 omnia
1739 4691 1897 4760 juxta
1916 4709 2056 4764 prar

468 4787 688 4848 ceptum
755 4781 1006 4847 Domini;
1066 4783 1428 4853 irasciturque
1488 4785 1538 4840 ei
1603 4784 1860 4839 Dominus
1923 4785 1966 4838 τ.
2029 4807 2050 4840 ι

469 4867 699 4926 Factum
720 4882 795 4926 est
825 4874 1033 4928 verbum
1059 4873 1270 4929 Domini
1291 4876 1360 4930 ad
1389 4876 1688 4932 Samuelem
1711 4877 1886 4932 dicens
1911 4892 1930 4930 :
1950 4896 2055 4950 pm-

468 4961 598 5017 nt'tet
621 4978 704 5018 me
723 4963 862 5034 quod
885 4966 1240 5021 constituerim
1257 4965 1391 5023 Saul
1416 4983 1601 5038 regem,
1627 4969 1750 5040 quia
1782 4970 2056 5043 dereliquit

466 5067 575 5118 nte,
606 5061 656 5107 et
695 5051 850 5106 verba
890 5071 1005 5109 mea
1039 5073 1192 5127 opere
1221 5072 1324 5110 non
1356 5055 1580 5127 implevit
1600 5075 1618 5123 ;
1641 5057 1716 5130 (υ.
1745 5059 1812 5114 10
1833 5059 1851 5133 )
1876 5076 2052 5132 neque

463 5144 616 5199 enim
642 5145 785 5202 sicut
807 5145 1101 5217 hominem,
1133 5150 1207 5204 ita
1236 5148 1407 5205 Deum
1427 5149 1745 5222 cujusquam
1790 5153 1918 5210 facti
1966 5157 2048 5211 sui

539 5293 567 5323 ι
592 5281 694 5338 Hic
725 5283 925 5363 aliquid
948 5288 1118 5363 deest,
1159 5303 1268 5360 quo
1288 5305 1318 5344 a
1344 5288 1562 5345 litterati
1603 5291 1668 5346 ad
1707 5291 2052 5363 allegoricum

465 5367 685 5432 s_en_sum
734 5357 993 5432 transitus
1046 5357 1259 5424 ﬁatfet
1302 5368 1529 5432 uterque
1580 5357 1951 5418 connectatur.
1993 5364 2051 5420 In

470 5424 848 5503 Beda__multa_
873 5428 977 5503 alia
1009 5424 1457 5503 stunt,_qugeqiie'
1481 5431 1693 5488 Lectori
1740 5435 2049 5503 subjiciam,

469 5509 592 5550 cum
625 5496 981 5572 illu_s_t_rabitu_r
1005 5501 1154 5555 locus
1177 5496 1244 5555 IV
1268 5496 1400 5572 Reg.
1440 5503 1528 5569 2‘,
1563 5503 1647 5558 14.
1678 5503 1750 5560 Et
1783 5496 2052 5561 transtulit

468 5580 673 5621 omnem
702 5567 1052 5633 Hierusalem,
1081 5579 1186 5625 etc.

539 5636 567 5675 δ
589 5637 873 5695 Accedant.
909 5639 1134 5695 Prmstat
1162 5652 1343 5698 nostra
1369 5644 1547 5699 lectio.

541 5719 569 5793 ξ
587 5707 977 5793 subsequentis
998 5710 1100 5767 loci
1122 5714 1533 5785 explicationem
1553 5716 1719 5775 habes
1753 5719 1807 5775 in
1829 5719 2004 5790 capite
2025 5719 2058 5776 6

463 5775 655 5852 Isido_ri
686 5782 738 5836 in
767 5775 861 5852 lib.
891 5799 907 5836 ι
941 5783 1164 5852 Regum.

535 5848 561 5887 ἀ
592 5849 738 5906 Toto.
769 5851 995 5908 Prtestat
1022 5848 1206 5910 nostra
1229 5855 1408 5910 lectio.

2161 4697 2288 4742 ante
2313 4702 2477 4758 quam
2520 4686 2733 4754 ﬂerent,
2769 4688 2864 4742 sed
2910 4690 3284 4745 tantummodo
3333 4696 3756 4760 praesentieban—

2159 4790 2268 4838 tur.
2298 4779 2356 4833 Si
2378 4795 2510 4835 vero
2541 4780 2704 4834 etiam
2743 4796 2870 4835 cum
2896 4783 3149 4836 venerint
3179 4797 3298 4852 qua:
3321 4785 3756 4852 prmeiebantnr

2157 4891 2277 4933 esse
2313 4884 2566 4938 ventura,
2607 4873 2742 4928 nihil
2780 4875 2905 4930 novi
2948 4875 3148 4929 accidit
3185 4875 3432 4932 scientia:
3477 4877 3581 4932 Dei
3613 4898 3626 4932 :
3663 4877 3754 4933 sed

2157 4970 2396 5026 manebit
2419 4968 2509 5022 illa
2535 4967 2894 5038 prmscientia,
2926 4969 3066 5022 sicut
3091 4977 3213 5022 erat
3235 4969 3401 5024 etiam
3433 4972 3749 5043 priusquam

2156 5061 2424 5124 venirent,
2448 5074 2568 5130 qua:
2587 5057 3029 5128 pmsciebantur,
3048 5059 3317 5128 quomodo
3334 5059 3448 5128 iam
3472 5062 3753 5130 purse-ien-

2157 5151 2232 5208 tia
2261 5150 2490 5216 dicetur,
2518 5149 2774 5219 quoniam
2801 5163 2910 5204 non
2933 5159 3018 5204 est
3045 5163 3226 5205 rerum
3253 5150 3616 5207 futurarum?
3640 5153 3748 5223 jam

2233 5304 2256 5364 εἴ
2283 5291 2674 5364 Subsequentia
2699 5292 2861 5364 tradit
2890 5291 3126 5364 Isidorus
3154 5309 3272 5364 cap.
3309 5293 3360 5348 7.

2234 5363 2398 5437 (Alia
2426 5363 2591 5416 multa
2626 5363 2710 5416 hic
2731 5363 2895 5437 tradit
2917 5362 3155 5419 Isidorus
3183 5361 3249 5418 ad
3275 5364 3376 5420 loci
3391 5363 3560 5435 hujus
3577 5361 3746 5437 expli-

2156 5435 2413 5498 cationes,
2454 5448 2572 5503 quae
2596 5433 2782 5488 nescio
2807 5448 2910 5503 qua
2943 5450 3104 5489 causa
3127 5437 3330 5489 omittit
3359 5433 3637 5492 Claudius.

2229 5507 2256 5548 ε
2272 5506 2412 5578 Ecce
2433 5505 2633 5578 iterum
2651 5505 3172 5578 scripttts_aClaudio
3198 5507 3534 5577 Augustinus
3555 5526 3571 5564 :
3593 5505 3744 5572 cuius

2159 5577 2384 5648 qumstio
2430 5575 2481 5648 2.
2514 5575 2636 5630 libri
2673 5592 2709 5631 ιι
2754 5577 2820 5631 ad
2876 5575 3306 5646 Simplicianum'
3329 5589 3442 5634 tota
3493 5579 3625 5642 fere,
3652 5579 3742 5632 hic

2159 5646 2398 5718 ponitur.
2443 5646 2726 5719 Augustini
2758 5649 2920 5704 verba
2965 5665 3064 5720 pro
3116 5664 3266 5705 more
3309 5650 3522 5708 lineolis
3576 5650 3743 5705 adno-

2159 5728 2360 5776 tantur.

2231 5789 2509 5870 hrCodices
2550 5790 2984 5870 allegati__a_P.‘P.
3009 5789 3066 5846 S.
3095 5788 3593 5870 _M_auri_SeIenicri:
3627 5787 3734 5841 Sed

2159 5869 2346 5917 noster
2364 5861 2532 5916 codex
2555 5877 2676 5916 cum
2705 5862 2862 5918 editis
2883 5861 3167 5931 Augustini
3189 5862 3340 5917 libris
3369 5860 3599 5915 Seniori.
