3940 6340
148 316 264 387 561

1039 314 1503 388 ρυΕεΤΙὉΝΕΒ
1532 313 1689 374 XXX
1724 312 1960 379 SUPER
1991 312 2237 371 LIBROS
2272 313 2534 375 REGUM.

3318 312 3425 376 682

74 484 85 491 κ
146 441 309 504 nim
355 434 649 510 meritis
690 442 838 504 sunt,
880 448 1007 507 quae
1052 436 1232 493 futura
1258 438 1641 503 cernebantur,
1683 442 1740 492 et
1765 438 1810 500 Α
1839 445 2036 493 cuncta
2079 432 2379 505 lustrantis,
2430 439 2539 494 imo
2579 442 2690 495 non
2733 437 3004 511 reliquero
3048 456 3063 496 :
3112 446 3223 497 non
3279 442 3429 501 enim

148 534 326 608 paulo
344 538 467 603 post
492 539 655 585 erum
672 530 973 602 praeterita.
1004 529 1411 586 Praeteritamm
1436 536 1621 585 autem
1660 544 1747 585 re-

149 642 305 694 m,
332 625 477 681 sicut
499 624 848 695 praesentium
879 621 1029 678 nullo
1052 622 1215 678 modo
1250 622 1429 692 potest
1463 621 1571 677 dici
1610 635 1751 690 pra-

147 721 409 779 scientia.
454 718 684 774 Reditur
702 732 836 790 ergo
862 718 931 773 ad
955 716 1031 784 id,
1059 725 1121 772 ut
1152 717 1250 772 dat
1286 717 1446 772 rebus
1473 715 1589 785 iam
1612 729 1752 787 pra:-

149 815 406 871 sentibus
454 812 699 878 scientia,
762 828 882 882 qua:
939 812 1130 868 iisdem
1179 812 1341 868 rebus
1382 810 1582 867 tuturis
1632 816 1750 865 erat

98 914 103 915 ’
146 906 525 979 praesidentia,
554 913 612 961 et
635 920 760 961 cum
793 921 877 970 ea,
922 918 1041 975 qua:
1060 906 1404 978 prtescieutia
1432 912 1552 960 erat
1574 902 1746 975 prius,

148 1009 350 1073 postea
396 1000 624 1056 scientia
665 999 762 1055 ﬁat
790 1000 846 1055 in
880 1000 1011 1066 Deo,
1040 1000 1281 1055 adluittit
1304 999 1746 1065 mutabilitatem,

74 1078 91 1099 ²
146 1101 214 1148 et
248 1093 566 1165 temporalis
601 1101 686 1149 est
712 1110 726 1159 ;
757 1108 882 1149 cum
926 1094 998 1150 sit
1023 1093 1189 1161 Deus,
1231 1094 1323 1165 qui
1348 1106 1477 1149 vere
1513 1106 1750 1150 summe-

144 1198 269 1256 que
289 1193 395 1253 est,
428 1199 534 1242 nec
553 1183 661 1240 ulla
698 1198 765 1241 ex
792 1196 946 1256 parte
990 1187 1288 1252 mutabilis,
1325 1201 1427 1242 nec
1463 1187 1574 1243 ullo
1597 1194 1748 1242 motu

148 1278 371 1335 novitio
412 1277 746 1347 temporalis.
789 1272 977 1333 Placet
1020 1278 1201 1351 igitur,
1242 1289 1305 1334 ut
1345 1294 1455 1335 non
1505 1279 1749 1336 dicamus

147 1372 561 1444 praescientla‘m
584 1372 701 1436 Dei,
729 1372 823 1428 sed
842 1373 1219 1430 tantummodo
1254 1374 1559 1430 scientiam.
1590 1374 1749 1443 Qua:-

152 1481 350 1521 ramus
388 1473 446 1521 et
491 1466 596 1522 hoc
634 1467 923 1535 quoinodo.
962 1466 1080 1522 Non
1125 1468 1270 1523 enim
1301 1468 1582 1524 scientiam
1610 1468 1750 1525 sole-

152 1573 289 1613 mus
322 1558 503 1615 dicere
547 1558 603 1614 in
645 1559 821 1627 nobis,
860 1561 965 1615 nisi
1013 1576 1137 1616 cum
1170 1576 1349 1629 sensa,
1392 1570 1448 1618 et
1475 1563 1748 1619 intellecta

152 1651 426 1706 memoria
472 1651 787 1717 retinemus,
840 1666 963 1708 cum
1002 1655 1348 1710 meminimus
1393 1670 1492 1711 nos
1542 1656 1748 1728 aliquid

152 1742 420 1809 sensisse,
448 1743 531 1798 vel
562 1744 914 1811 intellexisse,
941 1753 1002 1801 ut
1030 1746 1083 1802 id
1106 1748 1250 1817 quod
1290 1748 1558 1815 volumus,
1592 1766 1749 1806 reco-

1842 526 2011 586 iiabet
2041 530 2144 585 hoc
2177 532 2413 587 humana
2444 533 2695 600 scientia,
2730 532 2826 590 sed
2859 550 2965 607 pro
2996 534 3206 593 viribus
3232 539 3434 610 cogita-

1838 630 1995 687 vere,
2024 621 2333 679 insinuatur
2375 626 2508 681 mibi
2546 634 2821 697 utcunque
2857 622 3089 685 Scientia
3119 628 3252 688 Dei:
3287 635 3434 704 quod

1836 718 2029 769 tam
2052 722 2250 771 nomen
2292 730 2359 771 ex
2388 731 2455 773 eo
2488 719 2633 788 quod
2674 717 2896 775 sciendo
2919 716 3141 795 aliquid,
3169 728 3279 779 non
3305 723 3435 779 latet

1843 804 2141 874 hominem,
2171 810 2349 878 potuit
2391 811 2472 866 rei
2510 812 2727 883 utrique
2761 828 2882 870 esse
2911 820 3219 874 commune.
3252 816 3435 886 Quan-

1841 912 2008 967 quam
2032 906 2089 952 et
2117 897 2171 953 in
2212 900 2342 971 ipsis
2379 901 2690 959 hominibus
2719 904 2855 959 solet
2890 902 3128 962 discerni
3153 921 3185 961 a
3220 908 3435 977 sapien-

1848 992 1923 1049 tia
1958 994 2206 1062 scientia,
2237 1005 2298 1050 ut
2329 997 2491 1053 etiam
2516 996 2807 1090 Apostolus
2833 1000 3002 1057 dicit:
3035 1000 3087 1075 (1
3119 999 3243 1059 Cor.
3266 1019 3329 1071 ιι,
3354 1003 3432 1075 8).

1846 1084 1955 1140 Alii
1991 1086 2200 1159 quidem
2224 1087 2386 1142 datur
2418 1106 2513 1161 per
2540 1084 2785 1162 spiritum
2813 1108 2983 1149 sermo
3021 1095 3315 1166 sapientire,
3342 1095 3438 1150 alii

1846 1178 2058 1250 quidem
2081 1195 2251 1234 sermo
2277 1180 2529 1249 scientiw,
2566 1184 2851 1239 secundum
2873 1185 3112 1241 eumdem
3147 1187 3389 1258 spiritum
3417 1204 3435 1241 :

1849 1269 1904 1327 in
1934 1272 2044 1327 Deo
2073 1280 2252 1327 autem
2284 1272 2541 1329 nimirum
2568 1290 2676 1332 non
2702 1286 2827 1333 sunt
2852 1278 2967 1335 hanc
2990 1281 3113 1347 duo,
3130 1281 3227 1336 sed
3244 1282 3434 1335 unum.

1848 1363 1916 1419 Et
1939 1365 1993 1420 in
2017 1366 2323 1422 hominibus
2347 1368 2563 1438 quidem
2591 1366 2706 1427 hate
2726 1370 2800 1426 ita
2824 1370 3055 1428 discerni
3088 1368 3441 1445 probabiliter

1846 1459 2045 1524 Solent,
2075 1470 2136 1515 ut
2174 1462 2439 1531 sapientia
2468 1465 2735 1532 pertineat
2762 1466 2829 1520 ad
2856 1464 3187 1523 intellectum
3213 1476 3443 1524 :ctemo-

1848 1568 1991 1618 rum,
2020 1553 2247 1608 scientia
2274 1568 2405 1608 vero
2438 1554 2505 1609 ad
2532 1569 2621 1621 ea,
2650 1568 2769 1627 quae
2795 1560 3043 1614 sensibus
3070 1561 3315 1631 corporis
3337 1573 3435 1615 ex-

1846 1648 2109 1719 perimur.
2148 1648 2254 1704 Sed
2281 1648 2408 1703 licet
2430 1649 2569 1705 alius
2591 1651 2750 1706 aliam
2790 1653 3149 1709 dill‘er'entiam
3178 1656 3438 1726 proferat,

1848 1742 1955 1797 nisi
1982 1753 2165 1798 tamen
2206 1742 2419 1799 diversa
2444 1758 2663 1814 essent;
2698 1762 2805 1802 non
2844 1748 2923 1804 sic
2947 1747 3016 1804 ab
3052 1742 3309 1821 Apostoio
3336 1748 3446 1805 dis-

153 1834 358 1891 lamus.
388 1834 541 1902 Quod
561 1837 608 1891 si
640 1837 712 1892 ita
739 1838 791 1893 in
820 1838 933 1894 Deo
960 1846 1063 1903 est,
1091 1847 1152 1894 ut
1172 1841 1344 1910 possit
1368 1842 1585 1911 proprie
1608 1842 1749 1899 dici:

1859 1835 2213 1905 tingueretur.

152 1924 232 1980 Et
262 1925 524 1998 intelligit,
567 1938 617 1983 et
645 1930 939 1985 intellexit:
978 1933 1153 1998 sentit,
1192 1942 1241 1987 et
1288 1934 1470 2001 sensit,
1518 1935 1755 1991 admittit

154 2026 397 2091 tempus,
424 2030 481 2076 et
519 2023 801 2093 subrepit:
850 2024 1201 2081 nihilominus
1255 2026 1346 2081 illa
1396 2026 1748 2094 mutabilitas,

152 2126 289 2183 qua:
315 2114 473 2188 longe
499 2122 585 2172 est
624 2131 655 2171 a
685 2116 782 2171 Dei
827 2118 1148 2183 substantia,
1195 2120 1518 2175 removenda
1548 2129 1650 2176 est.
1687 2121 1755 2175 Et

153 2214 346 2265 tamen
375 2216 429 2263 et
457 2208 559 2264 scit
584 2208 751 2275 Deus,
782 2216 839 2264 et
862 2210 1079 2280 praescii
1107 2209 1252 2265 Deus
1278 2206 1533 2266 ineliabili
1561 2211 1748 2267 modo:

152 2302 243 2360 sic
270 2317 394 2358 eum
414 2308 470 2358 et
499 2302 727 2373 poenitet
750 2302 1007 2358 ineli'abiii
1034 2304 1217 2360 modo.
1250 2306 1383 2360 Cum
1411 2306 1557 2361 enim
1586 2308 1756 2362 scicn-

155 2392 239 2448 tia
266 2390 362 2448 Dei
403 2392 561 2466 longe
589 2394 753 2450 distet
778 2396 847 2450 ab
870 2393 1111 2451 humana
1149 2397 1399 2463 scientia,
1428 2398 1503 2452 ita
1545 2406 1605 2452 ut
1632 2399 1755 2453 irri-

153 2485 337 2541 denda
384 2487 454 2542 sit
490 2487 863 2558 comparatio;
909 2496 1139 2559 utraque
1187 2492 1365 2546 tamen
1408 2491 1635 2547 scientia
1662 2507 1759 2547 vo-

154 2587 337 2635 catur.
370 2579 451 2635 ’Et
483 2580 598 2635 haec
637 2581 854 2651 quidem
896 2582 1135 2637 humana
1174 2582 1297 2638 talis
1333 2592 1436 2645 est,
1471 2592 1532 2639 ut
1567 2586 1633 2640 de
1664 2583 1755 2639 illa

155 2670 312 2725 dicat
346 2671 636 2742 Apostolus
660 2673 824 2729 etiam
848 2688 864 2728 :
891 2673 945 2747 (Ι
968 2673 1092 2730 Cor.
1138 2692 1257 2742 xm,
1283 2677 1338 2747 8)
1391 2676 1623 2731 Scienrin
1658 2678 1749 2733 de-

152 2771 421 2828 struetur,
456 2765 596 2834 quod
625 2765 774 2820 nullo
801 2766 962 2821 modo
989 2774 1141 2821 certe
1163 2768 1229 2823 de
1255 2769 1479 2824 scientia
1510 2768 1605 2825 Dei
1648 2770 1754 2827 dici

154 2864 362 2926 potest.
396 2854 487 2912 Sic
515 2864 572 2913 et
599 2858 682 2913 ira
734 2859 969 2916 hominis
1018 2860 1231 2917 turbida
1276 2870 1377 2928 est,
1406 2870 1460 2918 et
1506 2879 1610 2919 non
1638 2865 1755 2920 sine

153 2948 406 3003 cruciatu
429 2949 591 3004 animi
615 2968 628 3004 :
662 2949 740 3004 ira
764 2965 894 3006 vero
918 2951 1037 3019 Dei,
1067 2953 1134 3009 de
1154 2969 1261 3024 qua
1286 2955 1483 3010 dicitur
1505 2957 1559 3011 in
1584 2956 1757 3013 Evan-

154 3041 307 3112 gelio
338 3059 351 3095 :
377 3040 559 3109 (lauit.
590 3059 675 3109 ιιι,
701 3043 792 3115 56)
837 3046 928 3100 sed
968 3045 1051 3101 ira
1076 3046 1172 3103 Dei
1206 3058 1381 3103 manet
1418 3066 1577 3122 super
1611 3067 1751 3106 eum.

156 3132 233 3188 Et
279 3132 584 3205 Apostolus.
635 3134 812 3208 (Rom.
857 3153 938 3203 ιιι,
979 3138 1068 3209 18)
1120 3138 1396 3195 Revelatur
1426 3143 1509 3197 ira
1562 3142 1658 3198 Dei
1693 3144 1757 3199 de

1930 1947 1950 1980 ι
1977 1929 2131 1997 Quod
2172 1931 2217 1986 si
2259 1930 2333 1988 ita
2361 1949 2492 1990 sane
2532 1941 2637 2001 est,
2670 1942 2727 1989 ut
2754 1951 2948 1991 nomen
2981 1937 3222 1993 scientia:
3260 1934 3443 2001 rebus,

1852 2028 1989 2093 quas
2033 2038 2131 2093 per
2175 2039 2365 2080 sensus
2410 2026 2654 2097 corporis
2701 2028 3035 2098 experimur.
3081 2028 3446 2097 deputandum

1854 2115 1949 2180 sit,
1980 2113 2125 2169 nulla
2172 2123 2256 2171 est
2293 2117 2514 2175 omnino
2571 2119 2795 2174 scientia
2832 2119 2947 2174 Dei.
2982 2116 3099 2174 Non
3131 2120 3274 2174 enim
3306 2118 3448 2174 Deus

1853 2218 1954 2277 per
1996 2208 2235 2278 seipsum
2291 2223 2359 2263 ex
2409 2225 2638 2283 corpore
2690 2219 2744 2266 et
2790 2212 2972 2265 animo
3026 2212 3259 2278 constat,
3308 2212 3451 2265 sicut

1855 2296 2039 2363 homo,
2072 2300 2164 2353 sed
2198 2296 2392 2356 melius
2422 2301 2640 2367 dicitur,
2668 2301 2829 2356 aliam
2858 2317 2977 2357 esse
3012 2302 3294 2358 scientiam
3330 2301 3446 2367 Dei,

1856 2396 2046 2444 etnon
2074 2391 2315 2461 ejusdem
2365 2394 2599 2465 generis,
2646 2395 2800 2465 cujus
2847 2396 3094 2460 isla‘est,
3124 2410 3243 2465 qua:
3278 2395 3453 2450 homi-

1858 2497 1988 2536 num
2017 2482 2253 2537 dicitur:
2288 2483 2427 2539 sicut
2452 2486 2615 2540 etiam
2650 2486 2705 2540 id
2733 2486 2930 2556 ipsum,
2960 2487 3102 2557 quod
3148 2486 3289 2541 Deus
3320 2485 3455 2540 dici-

1858 2577 1967 2638 tur,
2019 2571 2175 2642 ionge
2213 2573 2355 2629 aliud
2402 2582 2504 2642 est,
2553 2590 2713 2646 quam
2766 2576 3220 2647 quemadmodum
3267 2583 3349 2631 est
3378 2576 3456 2630 di-

1856 2673 2025 2732 ctum,
2057 2665 2201 2736 quod
2246 2664 2417 2739 (Psal.
2447 2684 2635 2735 LXXXI,
2664 2668 2717 2741 'l)
2762 2669 2898 2723 stetit
2929 2670 2982 2722 in
3029 2686 3294 2740 synagoga
3326 2667 3449 2721 deo-

1859 2768 1994 2811 rum.
2049 2758 2251 2815 Tamen
2303 2761 2371 2815 ad
2412 2777 2521 2816 non
2553 2762 2721 2817 latere
2752 2778 2968 2833 quoquo
3013 2762 3173 2817 modo
3216 2762 3454 2832 pertinet

1859 2853 2279 2907 communicatio
2310 2848 2426 2923 ipsa
2454 2854 2719 2909 rec-abuti.
2751 2853 2844 2910 Sic
2879 2854 3045 2909 etiam
3076 2854 3144 2909 de
3170 2855 3248 2907 ira
3273 2852 3451 2907 homi-

1858 2944 1945 2999 nis
1975 2945 2204 3000 detraho
2250 2944 2618 3001 turbulentum
2664 2954 2890 3013 motum,
2936 2950 2994 3001 ut
3026 2952 3306 3000 remaneat
3332 2943 3451 2998 vin-

1859 3036 2019 3092 dicta:
2062 3038 2237 3110 vigor,
2286 3048 2447 3109 atque
2496 3039 2593 3093 ita,
2618 3047 2893 3110 utcunque
2942 3054 3104 3109 surgo
3131 3037 3200 3092 ad
3244 3038 3452 3092 innote-

1859 3131 2120 3185 scentiam
2169 3131 2332 3197 illius,
2384 3146 2503 3202 quae
2556 3130 2856 3201 appellatur
2907 3130 2987 3185 ira
3040 3130 3152 3183 Dei.
3202 3126 3335 3183 item
3385 3129 3451 3183 de

156 3224 297 3279 cwlo
336 3243 489 3297 super
515 3244 720 3283 omnem
758 3229 1097 3300 impietatem,
1130 3232 1224 3287 illo
1267 3234 1321 3289 in
1363 3235 1756 3305 tranquillitate
1783 3216 1828 3281 C
1860 3221 2231 3277 misericordia
2272 3224 2317 3278 si
2349 3222 2564 3277 auferas
2593 3224 3021 3294 compassionem
3047 3237 3169 3276 eum
3206 3237 3270 3277 eo
3290 3236 3451 3291 quem

149 3318 370 3389 jugiter
394 3328 661 3387 manente,
690 3320 745 3375 in
775 3330 1025 3378 creatura
1055 3325 1269 3382 subdita
1305 3337 1556 3383 exerceat
1594 3330 1760 3385 admi-

162 3409 332 3464 rabili
354 3412 603 3481 aequitate
643 3412 956 3470 vindictam.
1000 3414 1369 3474 Misericordia
1416 3428 1630 3492 quoque
1656 3422 1757 3477 ito-

159 3500 335 3556 minis
359 3502 670 3558 nonnullam
695 3504 859 3561 habet
883 3506 1064 3563 cordis
1089 3509 1364 3565 miseriam
1390 3527 1403 3564 :
1428 3510 1569 3566 unde
1594 3514 1755 3567 etiam

159 3593 407 3649 iniatina
434 3593 614 3667 lingua
641 3610 838 3652 nomen
869 3599 1095 3669 accepit.
1144 3598 1279 3656 Nam
1319 3601 1442 3657 inde
1482 3610 1566 3657 est
1594 3604 1758 3663 etiam

156 3685 311 3756 quod
341 3702 446 3743 non
478 3687 684 3743 solum:
733 3688 896 3761 (Ibid.
927 3704 1029 3758 xu,
1064 3691 1151 3765 i5)
1199 3693 1429 3764 gaudere
1476 3710 1592 3750 cum
1622 3714 1755 3769 gen-

154 3777 408 3834 dentibus
432 3794 450 3831 :
478 3782 573 3836 sed
595 3782 758 3838 etiam
780 3783 910 3856 ﬂere
932 3800 1049 3838 cum
1074 3784 1320 3855 ﬂentibus
1346 3786 1596 3843 hortatur
1624 3789 1761 3860 Ap0~

156 3871 358 3928 stolas.
402 3873 534 3942 Quis
553 3882 733 3930 autem
764 3888 897 3932 sano
930 3877 1109 3949 capite
1153 3878 1374 3945 dixerit,
1404 3879 1513 3935 ulla
1544 3880 1760 3937 miseria

159 3965 321 4036 tangi
368 3965 558 4035 Deum,
590 3983 751 4039 quem
799 3977 977 4024 tamen
1019 3970 1221 4042 ubique
1251 3967 1518 4043 scriptura
1549 3974 1763 4029 miseri-

156 4057 391 4113 cordem
425 4070 544 4114 esse
584 4058 852 4116 testatur?
876 4060 955 4116 Ita
986 4061 1159 4118 zelum
1182 4064 1481 4120 humanum
1510 4080 1617 4123 non
1644 4066 1761 4123 sine

154 4156 326 4225 peste
352 4149 542 4207 livoris
576 4151 924 4225 intelligimus
950 4172 962 4209 :
1011 4156 1278 4212 zelantem
1306 4172 1436 4214 vero
1458 4157 1627 4213 Deum
1653 4170 1761 4215 non

154 4242 264 4308 ita,
294 4242 389 4298 sed
412 4243 606 4299 "eodem
631 4244 816 4312 verbo,
848 4262 955 4302 non
977 4248 1167 4303 eodem
1197 4248 1375 4305 modo.

242 4354 263 4387 ι
292 4336 539 4409 Longum
559 4345 643 4395 est
670 4353 990 4410 percurrere
1024 4350 1242 4407 caetera,
1275 4348 1331 4397 et
1359 4348 1484 4397 sunt
1512 4341 1761 4399 innume—

154 4429 384 4497 rabilia,
410 4431 604 4502 quibus
624 4432 929 4489 ostenditur
954 4428 1123 4489 multa
1146 4434 1325 4489 divina
1368 4436 1559 4491 iisdem
1589 4437 1761 4491 nomi-

156 4522 331 4577 nibus
360 4523 635 4594 appellari,
665 4525 861 4595 quibus
895 4526 1153 4591 humana,
1183 4541 1306 4582 eum
1351 4527 1759 4597 incomparabili

1862 3314 2140 3369 misereris
2188 3316 2524 3386 participaui:
2576 3316 2829 3382 miserim,
2877 3322 2939 3369 ut
2976 3321 3252 3369 remaneat
3306 3320 3453 3369 tran-

1862 3406 2029 3476 quilla
2064 3407 2281 3462 bonitas
2309 3409 2679 3472 subveniendi,
2729 3416 2779 3463 et
2827 3423 2857 3462 a
2904 3408 3123 3463 miseria
3164 3408 3451 3473 lberandi,

1861 3497 2171 3553 insinuatur
2214 3500 2602 3555 misericordiae
2634 3498 2827 3556 divinae
2854 3498 3243 3571 qualiscunque
3272 3500 3454 3571 cogni-

1861 3590 1956 3645 tio.
1993 3590 2177 3645 Zeium
2209 3607 2425 3662 quoque
2462 3593 2553 3647 Dei
2606 3608 2713 3647 non
2755 3594 3121 3664 rtpudiemus,
3170 3602 3227 3648 et
3272 3610 3455 3665 asper-

1861 3696 2073 3748 nemur,
2106 3698 2228 3738 cum
2254 3685 2517 3755 scriptum
2548 3686 2876 3751 invenimus,
2924 3687 3019 3742 sed
3049 3687 3359 3742 auferamus
3391 3686 3456 3743 de

1862 3775 2100 3831 humano
2125 3776 2239 3831 zelo
2269 3777 2522 3848 pallidam
2572 3780 2749 3834 tabem
2798 3780 3021 3846 doloris,
3053 3790 3108 3835 et
3152 3781 3454 3835 morbidum

1862 3868 2323 3938 perturbationem
2353 3867 2542 3933 animi,
2576 3878 2962 3939 remaneatque.
3010 3868 3137 3923 illud
3166 3869 3337 3923 solum
3364 3868 3453 3939 ju-

1864 3960 2088 4025 dicium,
2127 3974 2234 4027 quo
2284 3959 2559 4027 corruptio
2601 3959 2867 4015 castitatis
2907 3961 3169 4031 impunita
3200 3976 3454 4016 essenon

1864 4053 2081 4118 sinitur,
2113 4060 2167 4107 et
2208 4052 2573 4123 adsurgimus,
2622 4058 2681 4107 ut
2710 4052 3034 4122 incipiamus
3084 4052 3265 4124 aliquo
3294 4053 3455 4109 modo

1863 4160 2058 4218 capere
2102 4144 2275 4200 zelum
2322 4145 2435 4200 Dei.
2487 4140 2832 4217 Quapropter
2863 4152 2985 4202 cum
3032 4145 3263 4220 legimus
3291 4149 3457 4203 etiam

1864 4238 2033 4295 Deum
2061 4239 2326 4295 dicentem
2356 4240 2565 4310 pmnitet
2600 4250 2681 4294 me
2704 4252 2723 4291 :
2768 4240 3193 4309 consideremus,
3228 4241 3369 4312 quod
3399 4240 3455 4296 id

1864 4331 2035 4387 soleat
2062 4332 2116 4386 in
2145 4331 2453 4386 hominibus
2474 4346 2609 4402 opus
2646 4330 2969 4402 ptenltendi,
3000 4346 3122 4388 cum
3148 4332 3335 4404 procul
3366 4331 3459 4387 du-

1862 4427 1953 4483 bio
1986 4428 2257 4499 reperitur
2283 4427 2531 4483 voluntas
2558 4428 2826 4493 mutandi,
2858 4426 2952 4483 Sed
2993 4427 3047 4482 in
3086 4426 3305 4481 homine
3332 4439 3457 4488 cum

1864 4520 2049 4578 dolore
2074 4520 2240 4575 animi
2272 4527 2388 4587 est;
2440 4514 2785 4590 reprehendit
2816 4518 2961 4576 enim
2991 4519 3046 4575 in
3090 4532 3170 4584 se,
3207 4517 3351 4589 qu’o‘d
3379 4522 3456 4573 te-

156 4617 486 4673 diversitate
512 4617 753 4689 seiuncta
782 4619 908 4675 sint.
948 4614 1058 4675 Nec
1085 4619 1302 4674 interim
1344 4617 1544 4675 frustra
1572 4621 1761 4677 eadem
1786 4601 1839 4661 Ῑ)
1865 4635 2015 4675 mere
2042 4615 2253 4673 fecerit.
2302 4614 2624 4673 Aul‘eramus
2654 4633 2785 4688 ergo
2833 4618 2937 4672 ista
2965 4614 3086 4688 qua:
3121 4616 3187 4669 de
3216 4615 3456 4669 humana

156 4714 301 4764 sunt
329 4709 489 4764 rebus
526 4710 769 4782 utrisque
812 4711 983 4768 indita
1027 4712 1309 4779 voeabula,
1358 4711 1465 4767 nisi
1491 4712 1615 4782 quia
1644 4713 1760 4768 hsce

154 4799 408 4870 cognita,
433 4815 552 4871 qum
580 4802 635 4856 in
664 4802 981 4874 quotidiana
1009 4803 1401 4858 consuetudine
1445 4813 1753 4869 versantur,

155 4899 223 4947 et
264 4892 654 4961 experimentis
698 4894 1073 4949 usitatioribus
1118 4895 1480 4960 innotescunt,
1531 4894 1762 4950 nonnul-

155 4985 278 5041 iam
310 4984 377 5040 ad
398 4985 744 5058 intelligenda
773 4987 862 5043 illa
890 4988 1137 5043 sublimia
1156 4989 1401 5059 prtebent
1426 4989 1567 5043 viam
1597 4976 1759 5044 :cum

156 5079 348 5135 eidem
395 5079 677 5151 dempsere
703 5081 769 5136 de
796 5078 1033 5137 humana
1062 5083 1288 5137 scientia
1322 5082 1759 5149 mutabilitatem,

156 5179 222 5226 et
253 5171 520 5227 transitus
565 5174 825 5244 quosdam
868 5186 898 5228 a
938 5173 1262 5245 cogitatione
1296 5175 1349 5229 in
1379 5174 1765 5245 cogitationem

158 5279 296 5320 cum
342 5264 649 5332 recolimus,
698 5272 757 5320 ut
810 5274 1097 5321 cernamus
1141 5266 1339 5334 animo,
1383 5269 1527 5337 quod
1553 5267 1606 5321 in
1634 5280 1763 5323 con-

158 5356 313 5411 tuitu
341 5353 459 5425 ejus
477 5356 639 5427 paulo
666 5364 792 5412 ante
831 5371 940 5412 non
976 5366 1118 5423 erat,
1144 5366 1308 5428 atque
1334 5358 1408 5413 ita
1433 5358 1501 5413 de
1524 5366 1680 5430 parte
1704 5360 1760 5415 in

153 5458 382 5526 partem
421 5451 631 5508 crebris
679 5451 1146 5509 recordationibus
1192 5454 1567 5520 transilimus;
1620 5455 1761 5511 unde

155 5543 338 5601 etiam
364 5558 433 5598 ex
477 5552 632 5616 parte
660 5542 790 5601 dicit
822 5559 942 5601 esse
986 5544 1275 5617 Apostolus
1305 5545 1360 5618 (I
1388 5543 1511 5602 Cor.
1542 5563 1663 5614 xm,
1702 5546 1757 5622 9)

156 5643 419 5692 nostram
446 5636 767 5704 scientiam;
798 5654 923 5699 cum
948 5652 1078 5712 ergo
1099 5640 1216 5696 bzcc
1239 5646 1433 5697 cuncta
1453 5638 1762 5707 detraxero,

155 5735 221 5786 et
252 5727 528 5798 reliquero
571 5728 742 5785 solam
767 5730 1133 5797 vivacitatem,
1162 5738 1343 5798 certae,
1392 5738 1554 5802 atque
1580 5731 1769 5789 incon-

152 5835 348 5880 cussa
369 5821 634 5890 veritatis,
681 5840 806 5894 una,
854 5832 1018 5897 atque
1065 5834 1268 5883 aeterna
1313 5826 1769 5898 contemplatione

1866 4709 2182 4766 infirmitate
2246 4716 2407 4779 atque
2452 4708 2754 4782 ignorantia
2800 4709 3048 4773 veniunt,
3078 4716 3133 4761 et
3177 4713 3459 4761 remaneat

1866 4802 2038 4859 solum
2070 4801 2229 4867 velle,
2275 4808 2335 4855 ut
2365 4817 2469 4855 non
2518 4802 2592 4856 ita
2635 4798 2706 4856 sit
2734 4799 2959 4870 aliquid,
3000 4792 3456 4870 quemadmodum

1865 4902 2003 4950 erat.
2038 4893 2130 4949 Sic
2158 4901 2335 4965 potest
2364 4892 2699 4963 aliquantum
2747 4889 2987 4946 intimari
3033 4889 3201 4944 menti
3233 4884 3455 4955 nostrae,

1866 5002 1971 5059 qua
2004 4986 2189 5058 regula
2238 4985 2574 5056 intelligatur
2621 4983 2765 5056 quod
2809 4982 3019 5053 pwnitet
3076 4976 3265 5036 Deum.
3316 4970 3451 5036 Cum

1865 5080 2012 5135 enim
2057 5080 2303 5150 panitere
2351 5078 2570 5144 dicitur,
2601 5076 2716 5131 vult
2744 5074 2852 5130 non
2903 5088 3024 5130 esse
3068 5066 3273 5145 aliquid
3316 5074 3459 5131 sicut

1868 5168 2094 5239 fecerat,
2131 5179 2189 5226 ut
2232 5178 2399 5237 esset,
2454 5170 2548 5226 sed
2594 5170 2795 5233 tamen,
2841 5170 2900 5221 ut
2928 5170 3051 5222 cum
3089 5166 3162 5221 ita
3187 5160 3350 5234 esset,
3381 5165 3456 5219 ita

1867 5276 1988 5322 esse
2015 5267 2245 5320 debeat:
2278 5273 2331 5319 et
2360 5262 2483 5319 c'um
2516 5264 2590 5317 ita
2625 5275 2743 5316 esse
2776 5259 2889 5330 jam
2933 5268 3040 5315 nun
3085 5258 3305 5325 sinitur,
3338 5256 3453 5329 jam

1867 5374 1976 5415 non
2014 5358 2173 5413 debet
2196 5372 2319 5412 esse
2366 5357 2461 5422 ita,
2502 5363 2761 5426 perpetuo
2790 5353 3043 5424 quodam,
3075 5362 3130 5409 et
3164 5350 3455 5423 tranquillo

1868 5448 2379 5523 :equitatisjudioioy
2408 5460 2516 5519 quo
2554 5449 2696 5503 Deus
2721 5452 2918 5504 cuncta
2943 5447 3222 5504 mutabilia
3251 5446 3455 5503 incom-

1874 5542 2120 5599 mutabili
2146 5540 2423 5599 voluntate
2446 5538 2702 5612 dispenit.
2742 5538 2853 5598 Sed
2878 5542 3133 5613 quoniam
3154 5538 3451 5623 prié‘scien-

1874 5638 2027 5703 tiam,
2052 5644 2108 5690 et
2138 5631 2420 5690 scientiam
2451 5648 2574 5689 cum
2602 5630 2762 5691 laude
2791 5630 3027 5690 solemus
3050 5634 3104 5688 in
3143 5630 3455 5688 hominibus

1874 5729 2167 5800 appellare,
2198 5727 2445 5796 iramque
2492 5725 2665 5795 ipsam
2709 5726 2847 5782 strict
2873 5726 3168 5781 humanum
3195 5730 3367 5794 genus
3395 5719 3453 5775 in

1874 5823 2083 5895 magnis
2129 5817 2490 5893 potestatibus
2537 5824 2791 5886 tremere,
2841 5819 3021 5890 potius
3057 5824 3219 5888 quam
3265 5816 3454 5885 κριός
