3940 6340
461 232 567 288 665

1520 231 1792 290 CLAUDII
1830 231 2290 292 TAURINENSIS
2326 231 2633 292 EPISCOPl

3617 234 3743 293 664

459 346 718 412 hendere,
748 351 1112 418 congruenter
1134 351 1386 416 putamus
1410 344 1534 402 talia
1563 345 1669 402 diei
1686 346 1751 402 de
1778 345 1908 402 Deo.
1931 346 2034 415 Qui
2060 355 2115 416 Α
2135 351 2247 415 bat,
2279 357 2335 405 et
2363 356 2544 404 tamen
2584 347 2928 419 persequenti
2965 344 3280 404 adversario
3318 353 3507 402 mente
3533 362 3599 403 se
3629 348 3746 404 hu-

457 448 638 495 autem
667 437 827 502 zelat,
857 447 913 493 et
945 451 1106 508 quem
1148 435 1350 507 aliquid
1377 437 1622 510 poenitet,
1671 436 1926 507 quoniam
1949 436 2036 494 vel

457 529 664 610 culpari
690 528 851 607 solet,
875 529 962 584 vel
981 529 1037 584 in
1067 543 1126 584 se
1153 529 1366 600 culpam
1407 532 1697 601 corrigere,
1725 537 1887 600 atque
1914 529 2037 586 ideo

457 637 582 680 cum
605 622 1031 693 reprehensione
1053 622 1155 678 ista
1177 622 1244 677 de
1263 621 1570 677 hominibus
1595 620 1724 689 diei,
1750 628 2036 693 propterea

457 717 647 770 movet‘
682 730 804 770 eum
852 713 1082 786 legimus
1120 727 1242 769 esse
1270 711 1475 783 aliquid
1510 712 1566 767 in
1613 713 1724 769 Deo
1749 712 2031 784 ejusmodi.

455 806 566 863 Sed
586 807 676 862 illa
705 806 973 876 scriptura
1000 805 1250 860 omnibus
1277 803 1584 871 consulens,
1606 811 1887 875 pr0pterea
1915 819 2034 858 ma-

455 900 538 971 gis
562 907 616 956 et
640 900 743 956 ista
763 899 934 970 ponit,
968 912 1037 952 ne
1063 912 1184 967 qua:
1207 895 1442 966 placent,
1473 895 1552 950 sic
1589 894 1953 965 intelligantur
1979 893 2035 947 in

453 991 589 1059 Deo,
615 992 886 1064 quomodo
925 977 1306 1047 eonsudverint
1347 988 1404 1043 in
1447 987 1755 1043 hominibus
1784 985 2030 1057 intelligi.

452 1083 562 1141 Per
585 1085 704 1141 haec
727 1084 895 1151 enim,
923 1100 1042 1154 quae
1069 1081 1376 1152 displicent,
1404 1097 1528 1137 eum
1553 1095 1617 1135 ea
1649 1096 1755 1136 non
1776 1080 2035 1136 audemus

453 1177 537 1234 sic
579 1178 884 1249 intelligere
913 1176 970 1232 in
1020 1176 1152 1240 Deo,
1201 1182 1262 1230 ut
1313 1174 1664 1229 inveniuntur
1708 1173 1763 1228 in
1792 1172 2031 1238 homine,

454 1270 718 1325 discimus
746 1270 912 1326 etiam
958 1268 1050 1323 illa
1079 1268 1159 1323 sic
1188 1281 1452 1338 quaerere,
1501 1281 1620 1336 quae
1647 1273 1773 1332 apta
1801 1279 1924 1319 esse
1948 1270 2033 1316 at-

452 1378 562 1433 que
591 1361 966 1418 convenientia
986 1361 1332 1430 putabamus.
1364 1358 1498 1413 Nam
1527 1358 1572 1413 si
1599 1367 1880 1428 propterea
1926 1369 2035 1410 non

453 1461 536 1510 est
562 1453 693 1509 illud
712 1453 777 1508 de
806 1453 918 1508 Deo
941 1451 1252 1516 dicendum,
1279 1451 1404 1520 quia
1431 1451 1484 1505 in
1514 1449 1733 1505 homine
1765 1447 2032 1519 displicet,

450 1560 564 1601 non
592 1546 832 1601 dicamus
857 1544 1353 1601 incommutabilem
1386 1544 1578 1609 Deum,
1602 1544 1727 1614 quia
1754 1542 1821 1597 de
1863 1541 2036 1597 homi-

447 1639 613 1695 nibus
652 1654 776 1695 cum
796 1638 1216 1710 reprehensione
1237 1637 1438 1693 dictum
1461 1644 1544 1692 est
1569 1654 1581 1689 :
1614 1633 1786 1707 (Psal.
1811 1651 1926 1698 LIII,
1943 1632 2032 1705 20)

2135 439 2251 497 mili
2273 440 2671 506 substernebat,
2702 439 2788 495 cui
2817 439 2996 494 divino
3035 438 3241 509 judicio
3267 437 3556 508 praelatum
3600 454 3742 495 esse

2135 547 2196 588 se
2223 537 2467 587 noverat.
2494 531 2574 586 Illi
2595 531 2777 600 itaque
2799 545 2858 585 se
2886 529 3163 585 humiliter
3196 529 3588 600 postponebat,
3617 545 3740 600 quo

2133 641 2250 700 per.
2269 625 2546 681 electionis
2595 624 2826 697 gratiam
2868 621 3364 694 incomparabiliter
3405 632 3650 679 noverat
3678 639 3742 681 se

2135 730 2255 772 esse
2275 716 2572 772 meliorem.
2597 737 2615 770 ›

2205 807 2356 883 (Cap.
2385 809 2500 882 xv.)
2529 810 2818 881 lnerepans
2841 807 3058 865 Samuel
3099 807 3251 875 Saul,
3281 824 3382 864 cur
3407 824 3529 864 non
3550 808 3743 863 audis-

2132 912 2217 960 set
2243 918 2429 960 vocem
2477 903 2708 968 Domini,
2739 903 2836 959 sed
2881 917 3069 957 versus
3108 901 3176 956 ad
3218 901 3464 971 praedam
3516 900 3740 954 fecisset

2133 995 2335 1051 malum
2364 995 2418 1049 in
2439 995 2609 1052 oculis
2630 993 2843 1050 Domini
2864 992 3157 1064 parcendo,
3179 999 3235 1047 et
3260 1007 3368 1047 non
3388 989 3741 1045 interﬁcien-

2133 1089 2202 1144 do
2237 1087 2515 1151 Amalech,
2567 1088 2644 1142 ait
2687 1085 2946 1142 Samuel:
3003 1085 3074 1157 (v.
3114 1083 3206 1149 22,
3231 1092 3282 1138 et
3314 1083 3410 1152 23)
3461 1081 3737 1152 Nunquid

2133 1179 2243 1235 vult
2279 1180 2534 1234 Dominus
2570 1179 2896 1241 holocausta,
2927 1186 3019 1231 aut
3043 1177 3299 1240 victimas,
3333 1184 3383 1229 et
3422 1190 3542 1228 non
3563 1173 3739 1243 potius

2132 1282 2190 1328 ut
2220 1273 2492 1327 obediatur
2519 1271 2632 1326 voci
2672 1269 2882 1324 Domini
2906 1269 2930 1322 .’
2968 1267 3157 1322 Melior
3199 1277 3275 1321 est
3305 1267 3447 1322 enim
3478 1265 3740 1320 obedieu~

2135 1366 2229 1428 tia,
2259 1379 2416 1436 quam
2446 1362 2686 1426 victimis,
2714 1369 2762 1415 et
2802 1358 3100 1416 auscultare
3129 1359 3314 1429 magis,
3338 1374 3511 1430 quam
3547 1357 3740 1425 oferre

2135 1455 2341 1525 adipem
2386 1453 2630 1508 arietum.
2667 1451 2930 1519 Quoniam
2973 1452 3126 1523 quasi
3153 1460 3421 1521 peccatum
3452 1447 3740 1502 an’olandi

2134 1555 2208 1602 est
2237 1561 2544 1618 repugnare,
2568 1554 2615 1598 et
2635 1544 2788 1617 quasi
2809 1542 2976 1598 scelus
2997 1540 3312 1596 idololatria:
3336 1539 3482 1594 nolle
3506 1539 3737 1607 adquie-

2135 1659 2294 1697 scere.
2328 1640 2436 1694 Pro
2461 1657 2519 1694 eo
2545 1655 2664 1709 ergo
2701 1638 2841 1710 quod
2884 1634 3122 1707 abjecisti
3149 1649 3439 1690 sermonem
3491 1629 3737 1696 Domini,

450 1727 579 1785 Non
615 1732 750 1785 enim
787 1739 863 1785 est
891 1729 1000 1786 illis
1045 1730 1401 1784 commutatio.
1449 1729 1584 1784 ltem
1614 1737 1740 1805 sunt
1765 1729 2031 1799 quaedam,
2062 1727 2110 1787 Β
2138 1733 2325 1804 abjecit
2370 1742 2417 1787 te
2442 1730 2720 1796 Dominus,
2752 1746 2815 1784 ne
2852 1729 2923 1783 sis
2973 1743 3084 1782 rex.
3113 1737 3138 1764 θ
3173 1744 3191 1776 ι
3219 1723 3556 1780 Obedientia
3585 1721 3740 1776 Victi-

449 1837 569 1892 qua:
591 1821 645 1876 in
684 1821 904 1877 homine
933 1820 1225 1877 laudabilia
1252 1831 1414 1876 sunt:
1451 1821 1506 1875 in
1546 1822 1658 1877 Deo
1687 1829 1866 1876 autem
1914 1834 2034 1875 esse

445 1929 556 1969 non
583 1922 810 1985 possunt
846 1932 858 1968 :
892 1914 1035 1969 sicut
1056 1913 1230 1984 pudor
1252 1905 1284 1953 ἀ
1313 1913 1530 1983 quidem
1569 1920 1789 1968 aetatum
1811 1911 2036 1965 viridio-

446 2021 571 2060 rum
616 2021 869 2076 magnum
914 2013 1000 2060 est
1035 2011 1413 2061 ornamentum
1439 2045 1454 2070 ,
1505 2003 1645 2058 sicut
1698 1994 1859 2056 timor
1896 2000 2029 2055 Dei:

445 2113 556 2153 non
581 2097 726 2153 enim
756 2105 965 2152 tantum
1016 2097 1072 2151 in
1120 2096 1396 2152 veteribus
1443 2094 1594 2150 libris
1641 2093 1911 2158 laudatur,
1939 2092 2034 2147 sed

447 2188 739 2259 Apostolus
761 2189 926 2244 etiam
948 2188 1079 2243 dicit
1105 2207 1116 2242 :
1149 2185 1343 2259 (I.Cor.
1368 2201 1465 2250 vn,
1491 2186 1542 2257 1)
1565 2184 1887 2256 perﬁcientes
1913 2201 2035 2238 san-

449 2281 819 2351 cti/irationem
844 2282 900 2336 in
921 2283 1104 2336 timore
1134 2281 1255 2349 Dei,
1287 2280 1379 2351 qui
1403 2281 1589 2351 utique
1632 2279 1811 2334 nullus
1837 2280 1891 2334 in
1924 2280 2033 2335 Deo

447 2382 549 2428 est.
568 2367 721 2428 Sicut
740 2388 870 2442 ergo
885 2373 1174 2428 laudabilia
1191 2374 1474 2428 hominum
1495 2379 1644 2428 recte
1660 2371 2034 2442 intelliguntur

447 2463 504 2518 in
528 2462 659 2531 Deo,
682 2480 789 2519 non
805 2465 832 2504 δ
856 2473 916 2520 ut
939 2465 995 2520 in
1022 2465 1350 2531 hominibus,
1374 2464 1469 2520 sed
1496 2463 1771 2519 vocabulis
1798 2470 2035 2517 tantum-

446 2557 609 2612 modo
639 2557 1015 2614 communibus
1037 2558 1192 2630 longe
1217 2557 1323 2612 alia
1350 2558 1578 2623 ratione,
1604 2565 1661 2612 et
1690 2556 1868 2612 modo.
1896 2556 2032 2610 Nam

445 2648 607 2719 paulo
634 2658 759 2720 post
785 2651 928 2706 idem
965 2650 1203 2718 Samuel,
1228 2651 1315 2706 cui
1345 2651 1557 2705 dixerat
1585 2650 1881 2706 Dominus:
1930 2667 2032 2720 pae-

444 2743 570 2797 nitet
605 2761 708 2810 me,
749 2745 888 2815 quod
932 2746 1287 2799 constituerim
1333 2761 1503 2814 regem
1545 2742 1693 2808 Saul,
1735 2744 1838 2814 ipsi
1882 2742 2031 2798 Sauli

444 2833 520 2885 ait
552 2834 618 2888 de
646 2834 756 2888 Deo
800 2834 852 2906 (Ι
883 2833 1011 2904 Reg.
1052 2850 1140 2898 xv,
1174 2832 1305 2906 29):
1356 2835 1604 2904 quoniam
1654 2851 1754 2888 non
1798 2844 1871 2888 est
1900 2836 2034 2890 sicut

411 2926 413 2928 ’
447 2924 622 2991 homo,
660 2935 714 2979 ut
751 2928 992 2999 pmniteat
1021 2944 1158 2982 eum.
1197 2927 1299 2982 Ubi
1344 2925 1595 2982 videlicet
1632 2927 1763 2982 satis
1801 2928 2036 2983 ostendit

445 3017 629 3084 etiam,
680 3035 801 3074 cum
851 3019 981 3074 dicit
1029 3019 1190 3085 Deus,
1231 3019 1458 3090 pmnilet
1504 3035 1612 3085 me,
1659 3036 1767 3075 non
1795 3020 2034 3076 humano

444 3127 597 3168 more
614 3113 983 3184 accipiendum
1005 3128 1145 3181 esse,
1169 3113 1307 3169 sicut
1323 3113 1436 3186 jam
1457 3123 1718 3185 quantum
1745 3113 2030 3183 valuimus,
2061 3088 2106 3150 (ἶ

446 3204 862 3275 disputavimus.
887 3227 906 3260 ι

517 3296 610 3368 (γ.
645 3298 745 3364 18,
775 3301 906 3371 etc.)
948 3301 1167 3358 Veniens
1197 3312 1372 3358 autem
1413 3302 1628 3359 Samuel
1661 3303 1730 3357 ad
1771 3303 1925 3370 Saul,
1959 3305 2034 3361 ait

444 3389 515 3443 ad
546 3388 699 3445 Saul.
733 3389 856 3446 Sine
883 3409 964 3448 me
990 3402 1038 3446 et
1078 3393 1322 3448 indicabo
1359 3394 1450 3448 tibi
1473 3412 1590 3466 qua:
1615 3393 1817 3450 locutus
1835 3395 1903 3450 sit
1931 3394 2036 3450 Do-

445 3482 621 3537 minus
654 3483 724 3538 ad
758 3500 839 3539 me
868 3493 1035 3553 nocte,
1081 3486 1318 3558 dixitque
1346 3487 1392 3541 ei
1415 3501 1433 3538 :
1461 3487 1686 3559 loquere.
1721 3487 1790 3542 Et
1827 3490 1901 3542 ait
1932 3488 2036 3545 Sa-

443 3572 586 3627 muel
608 3587 626 3626 :
657 3573 847 3630 Nonne
883 3593 1000 3632 cum
1021 3577 1270 3648 parvulus
1293 3595 1427 3633 esses
1452 3580 1507 3633 in
1534 3578 1697 3634 oculis
1724 3580 1851 3645 tuis,
1879 3589 2034 3651 caput

441 3667 500 3720 in
526 3665 760 3722 tribubus
805 3667 976 3722 Israel
1017 3669 1190 3739 factus
1218 3670 1319 3724 es?
1357 3681 1378 3709 ο
1410 3689 1428 3722 ι
1475 3669 1738 3726 Parvulas
1767 3671 1821 3726 in
1861 3671 2034 3728 oculis

442 3757 559 3814 suis
593 3768 696 3825 est,
725 3761 815 3830 qui
845 3760 900 3816 in
930 3776 995 3816 eo
1017 3763 1162 3831 quod
1185 3762 1538 3833 semetipsum
1575 3762 1905 3829 considerat,
1932 3763 2035 3819 im-

442 3865 633 3920 parem
663 3867 725 3907 se
759 3852 952 3910 alienis
997 3855 1209 3911 meritis
1250 3863 1466 3926 pensat.
1520 3855 1654 3911 Nam
1682 3858 1840 3927 quasi
1867 3872 2032 3928 gran-

441 3943 566 3997 dem
609 3959 667 3999 se
711 3946 992 4016 conspicit,
1038 3947 1283 4018 quisquis
1315 3963 1373 4003 se
1416 3963 1579 4020 super
1621 3949 1798 4004 aliena
1839 3951 2033 4006 merita

441 4035 675 4092 elatione
701 4038 1040 4108 cogitationis
1067 4041 1330 4096 extendit.
1365 4039 1495 4095 Saul
1525 4050 1706 4096 autem
1747 4041 2029 4112 reprobus,

441 4126 499 4182 in
537 4128 704 4195 bono,
745 4131 888 4200 quod
927 4142 1193 4202 cmperat,
1237 4148 1347 4188 non
1383 4134 1704 4204 permansit,
1736 4134 1862 4204 quia
1892 4133 2032 4190 fastu

441 4229 707 4291 susceptae
730 4224 1015 4294 potestatis
1047 4226 1338 4282 intumuit:
1365 4235 1421 4281 at
1446 4235 1635 4282 contra
1674 4227 1845 4282 David
1890 4243 2031 4282 sem-

438 4331 540 4387 per
585 4317 652 4373 de
705 4332 762 4374 se
817 4320 1044 4376 humilia
1090 4322 1351 4388 sentiens,
1402 4321 1752 4391 ejusdemque
1807 4320 1937 4377 Saul
1973 4337 2032 4376 se

440 4409 846 4510 comparatione
866 4419 1216 4482 postponens,
1263 4420 1550 4482 postquam
1591 4411 1818 4467 feriendi
1847 4412 2024 4467 locum
2050 4453 2104 4512 D

440 4498 667 4569 reperit,
697 4507 753 4556 et
795 4503 1040 4571 pepercit
1088 4503 1260 4558 eidem
1306 4503 1546 4558 saevienti
1598 4505 1932 4570 adversario,
1969 4514 2025 4561 et

439 4588 633 4645 humili
686 4605 746 4647 se
795 4591 1132 4663 professione
1187 4595 1480 4664 prostravit
1529 4594 1754 4650 dicens:
1809 4594 1863 4667 (Ι
1891 4594 2020 4666 Reg.

439 4697 591 4748 xxw,
619 4683 708 4758 15)
754 4683 917 4751 Quem
950 4686 1292 4758 persequeris,
1334 4702 1426 4740 rex
1466 4685 1657 4752 Israel,
1684 4703 1835 4758 quem
1855 4703 2025 4757 perse-

439 4776 615 4844 queris
638 4775 663 4828 γ
687 4774 882 4831 Canem
926 4786 1189 4831 mortuum
1218 4784 1267 4831 et
1307 4775 1531 4847 pulicem
1556 4793 1740 4830 unum.
1784 4777 1852 4831 Et
1877 4785 2026 4832 certe

438 4864 555 4936 jam
578 4875 771 4923 unctus
800 4869 856 4923 in
881 4883 1067 4939 regem
1110 4868 1309 4936 fuerat,
1357 4867 1411 4940 (Ι
1438 4867 1566 4939 Reg.
1593 4883 1706 4934 xw,
1737 4869 1786 4933 1,
1821 4867 1912 4936 12,
1935 4870 2022 4936 15,

389 5015 394 5038 ἶ
443 4955 573 5028 etc.)
596 4955 709 5025 jam
737 4970 996 5016 exorante
1022 4960 1294 5028 Samuele,
1321 4968 1376 5016 et
1397 4975 1566 5016 cornu
1595 4975 1758 5031 super
1781 4975 1840 5017 se
1864 4960 1892 5001 ά
1923 4960 2029 5018 olei

385 5059 395 5105 ,ε
442 5049 700 5105 fundente
744 5050 1026 5121 didicerat,
1073 5055 1217 5125 quod
1254 5066 1379 5110 eum
1425 5053 1603 5110 divina
1649 5054 1843 5124 gratia,
1901 5052 2030 5109 Saul

387 5183 396 5234 Ξ
443 5144 754 5218 reprobate,
793 5147 862 5203 ad
889 5150 1041 5223 regni
1077 5149 1442 5224 gubernacula
1484 5151 1808 5223 possidenda
1845 5165 2032 5208 serva-

516 5356 790 5444 :I'Editus:
819 5361 958 5444 quod
985 5370 1198 5444 aetatum
1224 5369 1739 5444 :_pe_r_erro.rettt_ut
1771 5368 1920 5444 puto.

516 5429 547 5470 ι)
588 5429 714 5486 Haec
754 5429 920 5487 habet
955 5432 1132 5488 editus
1176 5448 1207 5487 a
1244 5429 1495 5489 Patribus
1524 5433 1581 5490 S.
1626 5429 1800 5488 Mauri
1825 5432 1976 5488 locus
2006 5449 2021 5486 :

445 5517 555 5584 non
577 5510 718 5584 recte
743 5500 1113 5584 intelliguntur
1132 5504 1187 5584 in
1209 5504 1338 5584 Deo,
1361 5505 1438 5560 sic
1467 5504 1708 5584 quadam
1740 5502 2025 5576 culpabilia

445 5572 718 5645 hominum
737 5572 1101 5645 intelliguntur
1127 5575 1182 5630 in
1211 5576 1344 5640 Deo,
1379 5572 1488 5630 non
1519 5576 1614 5631 ita.

518 5655 541 5683 ε
570 5641 702 5718 qua;
726 5641 1025 5718 sequuntur
1043 5655 1227 5702 notata
1265 5645 1484 5718 virgulis
1504 5648 1774 5718 exscripta
1812 5655 1938 5703 sunt
1958 5663 2027 5715 ex

518 5660 541 5683 ε
570 5660 700 5711 uuae
726 5660 1025 5771 sequuntur
1043 5660 1227 5702 nctata
1265 5660 1484 5716 vrrgnns
1504 5660 1774 5718 exscripta
1812 5663 1832 5703 s

444 5729 566 5792 cap.
590 5715 661 5772 22
683 5713 760 5789 [n.
824 5715 904 5790 2.]
926 5716 1048 5776 libri
1067 5733 1231 5775 xxxxv
1259 5717 1316 5774 S.
1352 5716 1599 5788 Gregorii
1636 5719 1693 5774 in
1713 5718 1832 5776 Job.

2136 1832 2242 1888 mis
2263 1832 2384 1902 jure
2407 1829 2761 1901 praeponitur,
2795 1825 2921 1897 quia
2948 1838 3048 1896 per
3091 1822 3338 1878 victimas
3365 1819 3562 1874 aliena
3591 1832 3736 1880 caro,

2134 1941 2233 1997 per
2273 1923 2634 1981 obedientiam
2679 1935 2810 1976 vero
2857 1917 3111 1975 voluntas
3153 1914 3372 1986 propria
3421 1920 3738 1967 mactatur.

2137 2018 2310 2073 Tanto
2361 2016 2524 2086 igitur
2569 2015 2796 2085 quisque
2847 2013 3017 2068 Deum
3066 2009 3225 2064 citius
3269 2006 3468 2078 placat,
3526 2012 3740 2075 quanto

2136 2115 2260 2163 ante
2289 2105 2405 2175 ejus
2431 2104 2615 2161 oculos
2637 2117 2889 2174 repressa
2926 2099 3136 2156 arbitrii
3164 2098 3246 2154 sui
3290 2097 3560 2167 superbia
3621 2095 3737 2166 gla-

2136 2198 2223 2253 dio
2249 2197 2506 2268 praecepti
2535 2211 2593 2251 se
2620 2193 2863 2270 immolat
2889 2212 2909 2264 ε,
2946 2207 3055 2263 quo
3081 2198 3274 2261 contra
3303 2189 3588 2245 ariolandi
3618 2202 3740 2258 pec-

2137 2297 2317 2345 catum
2341 2287 2705 2343 inobedientia
2733 2285 2954 2350 dicitur,
2979 2291 3041 2338 ut
3068 2290 3269 2354 quanta
3303 2281 3372 2335 sit
3397 2280 3594 2334 virtus
3619 2279 3738 2334 obe-

2136 2381 2350 2437 dientiae
2377 2369 2794 2436 demonstretur.
2809 2373 2905 2434 ‘Ex
2926 2378 3152 2434 adverso
3177 2390 3308 2447 ergo
3329 2373 3535 2429 melius
3557 2381 3738 2428 osten-

2137 2474 2302 2540 ditur,
2342 2473 2472 2544 quid
2498 2473 2564 2528 de
2608 2472 2726 2542 ejus
2768 2470 2926 2526 laude
2961 2469 3243 2525 sentiatur.
3299 2465 3355 2521 Si
3396 2465 3552 2521 enim
3582 2465 3736 2534 quasi

2135 2575 2404 2639 peccatum
2458 2564 2724 2620 ariolandi
2771 2573 2846 2618 est
2888 2578 3198 2634 repugnare,
3245 2568 3294 2614 et
3347 2559 3501 2631 quasi
3560 2557 3735 2612 scelus

2135 2659 2450 2715 idololatria:
2476 2657 2614 2714 nolle
2645 2657 2996 2728 adquiescere,
3036 2654 3151 2711 sola
3175 2662 3278 2719 est,
3313 2668 3435 2722 qua:
3460 2651 3599 2706 ﬁdei
3633 2667 3733 2706 rne-

2135 2753 2301 2808 ritum
2339 2753 2598 2824 possidet,
2625 2751 2744 2806 sine
2779 2765 2885 2821 qua
2908 2749 3136 2820 quisque
3179 2745 3409 2802 inﬁdelis
3441 2761 3571 2801 esse
3598 2761 3731 2802 con-

2135 2845 2389 2911 vincitur,
2420 2843 2634 2900 etiamsi
2661 2841 2832 2897 ﬁdelis
2873 2855 2993 2897 esse
3017 2840 3304 2904 videatur;
3331 2838 3463 2892 hinc
3481 2853 3591 2908 per
3639 2837 3732 2892 Sa-

2139 2937 2408 2993 lomonem
2450 2935 2505 2990 in
2533 2933 2842 2990 ostensione
2890 2930 3210 2988 obedientiae
3257 2929 3500 2984 dicitur:
3535 2927 3727 3000 (Prae.

2139 3047 2251 3096 xxx,
2283 3029 2374 3102 28)
2429 3027 2524 3082 Vir
2554 3028 2794 3083 obediens
2832 3026 3064 3098 loquitur
3092 3024 3371 3079 victorias:
3400 3022 3490 3076 vir
3521 3023 3732 3093 quippe

2137 3121 2394 3178 obediens
2434 3119 2690 3174 victorias
2737 3116 2992 3186 loquitur,
3035 3114 3161 3185 quia
3192 3114 3322 3168 dum
3369 3112 3556 3168 alienae
3598 3111 3728 3165 voci

2135 3213 2413 3271 humiliter
2441 3210 2744 3275 subdimur,
2790 3207 3153 3276 nosmetipsos
3193 3204 3250 3258 in
3300 3203 3470 3259 corde
3499 3218 3729 3273 supera-

2136 3321 2293 3370 mus;
2320 3305 2448 3360 hine
2469 3302 2523 3357 in
2550 3298 2843 3372 Evangelio
2884 3297 3088 3353 veritas
3115 3297 3246 3352 dicit
3279 3313 3293 3349 :
3325 3293 3438 3366 (Io.
3472 3309 3545 3358 vi,
3578 3293 3653 3348 57
3681 3302 3725 3346 et

2135 3396 2224 3469 58)
2256 3396 2416 3461 Eum,
2449 3395 2538 3466 qui
2557 3394 2692 3448 venit
2711 3392 2779 3448 ad
2808 3408 2908 3457 me,
2934 3407 3040 3446 non
3065 3388 3275 3460 ejiciam
3299 3386 3470 3456 foras,
3505 3386 3637 3457 quia
3669 3386 3726 3439 de

2135 3487 2259 3544 caelo
2281 3487 2544 3552 descendi,
2589 3503 2693 3540 non
2719 3494 2776 3539 ut
2818 3483 3013 3554 faciam
3055 3479 3371 3535 voluntatem
3399 3494 3600 3542 meam,
3641 3477 3725 3531 sed

2135 3577 2448 3632 uoluntatem
2478 3576 2592 3646 ejus
2638 3576 2727 3646 qui
2763 3572 2904 3627 misit
2947 3587 3046 3624 me.
3092 3567 3232 3636 Quid
3269 3566 3462 3621 enim?
3493 3565 3541 3620 si
3571 3581 3725 3620 suam

2134 3671 2356 3737 faceret,
2386 3685 2498 3736 eos,
2531 3668 2623 3738 qui
2654 3669 2721 3722 ad
2770 3681 2894 3722 eum
2926 3663 3170 3728 veniunt,
3223 3659 3557 3730 repulisset?
3598 3659 3728 3726 Quis

2135 3773 2316 3820 autem
2337 3763 2566 3828 nesciat,
2597 3761 2742 3832 quod
2764 3759 3015 3815 voluntas
3044 3756 3136 3812 lilii
3166 3771 3198 3810 a
3239 3755 3416 3826 patris
3442 3754 3725 3810 voluntate

2133 3875 2243 3915 non
2287 3854 2599 3927 discrepet?
2648 3851 2756 3908 Sed
2800 3849 3054 3922 quoniam
3101 3847 3312 3918 primus
3357 3845 3549 3910 homo,
3601 3844 3725 3914 quia

2133 3967 2286 4009 suam
2337 3949 2519 4005 facere
2562 3947 2897 4002 voluntatem
2925 3941 3113 4007 voluit,
3158 3955 3190 3994 a
3235 3937 3478 4010 paradisi
3531 3936 3724 4009 gaudio

2132 4045 2284 4110 exiit,
2324 4040 2592 4098 secundus
2615 4038 2683 4092 ad
2708 4035 3132 4106 redemptionem
3161 4029 3448 4085 hominum
3475 4029 3721 4090 veniens,

2133 4139 2260 4192 dum
2286 4135 2620 4191 voluntatem
2649 4146 2708 4186 se
2740 4128 2931 4200 patris,
2971 4134 3029 4182 et
3075 4139 3182 4179 non
3223 4137 3402 4186 suam,
3435 4120 3622 4176 facere
3645 4137 3723 4176 os-

2135 4229 2323 4293 tendit,
2353 4237 2676 4298 permanere
2710 4237 2812 4277 nos
2851 4221 2995 4275 intus
3021 4216 3220 4274 docuit.
3254 4215 3394 4270 Cum
3423 4214 3594 4285 igitur
3619 4229 3719 4268 non

2132 4337 2308 4386 suam,
2362 4319 2457 4375 sed
2485 4316 2657 4389 patris
2682 4314 3018 4370 voluntatem
3063 4309 3213 4376 facit,
3254 4323 3374 4373 eos,
3425 4308 3525 4377 qui
3554 4308 3621 4362 ad
3665 4322 3718 4362 se

2129 4414 2373 4478 veniunt,
2402 4409 2548 4465 foras
2575 4396 2680 4462 non
2703 4405 2871 4475 ejicit,
2894 4403 3020 4473 quia
3046 4402 3174 4457 dum
3193 4398 3583 4469 exemplosuze
3608 4397 3720 4451 obe-

2131 4505 2348 4562 dientize
2373 4518 2472 4558 nos
2491 4499 2731 4568 subjicit,
2747 4497 2891 4551 viam
2915 4494 3073 4550 nobis
3093 4491 3427 4562 egressionis
3449 4491 3672 4545 claudit.
3694 4510 3711 4542 ι

2204 4598 2296 4667 (γ.
2313 4594 2428 4668 2'1.)
2453 4593 2744 4649 Conuersus
2761 4599 2835 4644 est
2851 4597 3024 4642 autem
3041 4583 3254 4640 Samuel
3268 4592 3326 4636 ut
3347 4584 3524 4636 abiret
3553 4599 3573 4638 :
3599 4581 3717 4638 Saul

2131 4699 2304 4746 autem
2327 4685 2663 4760 apprehendit
2683 4683 3034 4738 summitatem
3046 4678 3196 4751 pallii
3207 4678 3345 4748 ejus,
3358 4694 3484 4748 qua!
3497 4688 3550 4732 et
3565 4679 3718 4734 scim

2130 4789 2225 4836 est.
2253 4778 2322 4833 Et
2352 4778 2427 4832 ait
2456 4776 2525 4830 ad
2549 4791 2668 4830 eum
2705 4771 2921 4831 Samuel
2954 4785 2971 4824 :
3002 4770 3156 4825 scidit
3195 4767 3462 4823 Dominus
3505 4784 3712 4839 regnum

2133 4869 2306 4928 Israel
2348 4887 2382 4924 a
2420 4877 2468 4924 te
2499 4868 2673 4934 hodie,
2716 4863 3020 4920 et.tradidit
3047 4861 3179 4917 illud
3218 4861 3464 4933 proximo
3503 4870 3599 4915 tuo
3629 4876 3718 4914 ute-

2137 4963 2259 5019 liori
2280 4970 2350 5017 te.
2380 4958 2769 5030 Compellimur
2789 4953 2948 5024 juxta
2977 4952 3333 5024 Septuaginta
3359 4951 3713 5022 interpretum

2135 5053 2576 5117 translationem,
2609 5051 2751 5104 hanc
2779 5060 2983 5120 ponere
3011 5043 3361 5110 sententiam,
3394 5043 3524 5112 quia
3557 5041 3713 5098 multo

2138 5146 2368 5221 amplius
2414 5144 2580 5203 habet
2627 5140 2737 5199 illic
2767 5157 2781 5195 :
2820 5137 2841 5178 ί
2867 5137 2949 5195 Ita
2975 5136 3123 5212 enim
3151 5135 3262 5192 illic
3286 5135 3562 5207 scriptum
3595 5142 3670 5190 est
3697 5149 3709 5188 :

2203 5361 2230 5401 ά
2248 5360 2394 5417 Editi
2421 5377 2433 5415 :
2458 5358 2650 5415 oleum.

2210 5444 2232 5472 θ
2261 5431 2390 5488 Haec
2421 5431 2661 5503 reperies
2697 5427 2754 5485 in
2781 5425 3027 5484 numeris
3061 5423 3153 5491 28,
3193 5430 3248 5480 et
3287 5423 3360 5479 29
3401 5422 3530 5479 libri
3577 5436 3708 5477 xxxv

2134 5503 2584 5630 Mariili‘bui-ursus
2612 5569 2938 5630 exscribitur
2962 5566 3312 5641 Augustinus,
3359 5581 3483 5637 cap.
3517 5565 3552 5620 7
3592 5560 3706 5636 libri

2131 5662 2243 5718 xvii
2270 5646 2334 5702 de
2359 5641 2596 5704 Civitate.
