3940 6340
199 354 292 413 ses
1067 347 1535 420 quiasrtonns
1574 345 1726 406 xxx
1765 346 1992 406 SUPER
2030 349 2276 412 uanos
2313 352 2579 415 nucum.
3339 366 3446 426 665

199 499 217 534 ι
249 476 364 533 Non
383 481 617 531 revertar
649 470 981 544 tecum,quia
1009 469 1482 543 sprevisti'verbum
1505 466 1757 522 Domini:
1785 465 1841 528 A
1863 468 2015 539 cujus
2039 469 2180 526 ﬁlius
2223 481 2340 528 erat
2381 471 2656 530 Salomon.
2696 473 2979 534 Postremo
3015 493 3162 538 nunc
3203 480 3351 539 inter
3381 499 3443 541 se

192 576 452 642 etspernet
481 575 530 620 te
553 564 835 630 Dominus,
883 579 947 618 ne
985 562 1058 618 sis
1096 579 1189 618 rea:
1236 578 1394 632 super
1439 559 1631 615 Israel.
1685 557 1758 612 Et
1857 574 1989 630 gens
2017 561 2244 619 Hebraea
2289 567 2461 622 divisa
2499 582 2608 624 non
2660 576 2778 636 est,
2828 571 2926 626 sed
2974 572 3346 633 indifferenter
3385 577 3442 634 in

188 661 420 719 convertit
469 657 685 714 Samuel
733 656 923 726 faciem
959 671 1112 711 suam
1155 663 1214 708 ut
1253 653 1465 708 abiret:
1497 662 1547 708 et
1592 651 1755 706 tenuit
1857 653 2096 725 ejusdem
2133 660 2338 715 erroris
2361 661 2619 717 societate
2650 663 2896 734 dispersa
2928 679 3027 736 per
3061 675 3258 725 terras.
3292 671 3442 729 Divi-

186 753 314 812 Saul
339 752 552 823 pinnam
579 747 826 820 diploidis
863 749 1002 820 ejus,
1044 757 1093 803 et
1131 748 1331 818 dirupit
1357 763 1493 802 eam.
1519 745 1590 800 Et
1619 746 1755 801 dixit
1855 745 1935 800 sio
1957 762 2087 802 vero
2137 749 2255 818 illa,
2288 767 2448 822 quam
2475 753 2616 810 Deus
2667 756 2769 813 sub
2791 770 3026 828 persona
3077 757 3258 818 Saulis
3292 763 3439 821 illius

183 848 250 903 ad
271 862 383 902 eum
411 841 649 901 Samuel.
675 842 948 912 Dirumpet
969 840 1227 896 Dominus
1249 856 1465 920 regnum
1488 838 1561 914 ab
1581 837 1754 894 Israel
1853 835 2006 924 regni
2050 845 2106 893 et
2131 841 2313 910 populi
2339 842 2568 915 figuram
2589 847 2826 916 gerentis
2853 847 3029 904 eidem
3058 863 3226 920 regno
3268 869 3439 924 popu-

180 940 244 994 de
267 955 419 993 manu
442 947 535 992 tua
559 935 733 1000 hodie,
771 942 820 990 et
851 933 996 988 dabit
1035 934 1274 1005 proximo
1315 941 1406 986 tuo
1436 932 1568 987 bono
1597 946 1754 1003 super
1852 923 2010 996 loque
2033 928 2268 988 minatus
2297 940 2401 1000 est,
2432 943 2634 991 aeterna
2664 945 2828 1008 atque
2873 937 3232 997 immutabilis
3272 923 3441 1014 signi-

178 1041 245 1086 te.
273 1031 339 1086 Et
358 1030 622 1085 dividetur
643 1027 818 1084 Israel
837 1029 893 1083 in
922 1028 1028 1081 duo
1057 1041 1076 1080 :
1099 1037 1269 1082 etnon
1288 1036 1633 1093 convertetur,
1656 1042 1747 1081 ne-

178 1139 273 1193 que
290 1121 549 1192 paenitebit
589 1137 731 1188 eum,
779 1121 1029 1191 quoniam
1066 1135 1169 1174 non
1196 1127 1271 1174 est
1312 1121 1447 1174 sicut
1480 1119 1655 1186 homo,
1691 1127 1749 1173 ut

175 1216 408 1286 poeniteat
446 1230 584 1269 eum.
617 1212 740 1284 Ipse
781 1213 1036 1279 minatur,
1073 1221 1122 1267 et
1150 1229 1252 1268 non
1289 1220 1579 1283 permanet.
1616 1212 1744 1280 Iste,

178 1307 263 1361 cui
296 1307 529 1361 dicitur:
566 1313 770 1376 spernet
828 1303 1184 1369 teﬂDominus
1228 1320 1290 1358 ne
1329 1305 1422 1367 sis.
1457 1320 1549 1358 rea:
1591 1318 1749 1375 super

171 1394 370 1460 Israel;
415 1403 472 1450 et
491 1395 762 1464 dirumpet
812 1394 1075 1450 Dominus
1122 1409 1353 1465 regnum
1375 1393 1630 1452 ablsrael
1679 1394 1746 1449 de

170 1501 328 1541 manu
347 1494 437 1541 tua
466 1485 650 1551 hodie,
679 1483 1040 1556 quadraginta
1078 1485 1327 1556 regnavit
1365 1500 1536 1540 annos
1578 1500 1744 1556 super

168 1581 346 1649 Israel,
379 1589 530 1636 tanto
558 1579 764 1635 scilicet
794 1581 970 1650 spatio
998 1581 1279 1651 temporis,
1311 1589 1514 1650 quanto
1548 1587 1602 1635 et
1627 1580 1742 1650 ipse

168 1671 354 1726 David.
384 1670 451 1726 Et
488 1670 694 1725 audivit
720 1670 824 1725 hoc
851 1671 1028 1740 primo
1072 1678 1316 1741 tempore
1347 1671 1499 1742 regni
1528 1669 1630 1735 sui,
1680 1677 1741 1725 ut

162 1761 519 1832 intelligamus
557 1761 678 1817 ideo
712 1761 940 1828 dictum,
972 1763 1099 1832 quia
1127 1763 1308 1818 nullus
1337 1764 1404 1818 de
1425 1765 1594 1834 stirpe
1622 1761 1740 1832 ejus

1852 1016 2010 1074 licata
2034 1029 2138 1087 est,
2161 1037 2260 1093 per
2282 1024 2387 1080 hoc
2413 1028 2556 1096 quod
2583 1029 2896 1100 adjunctum
2925 1041 3010 1089 est
3040 1053 3053 1088 :
3080 1033 3161 1088 Et‘
3173 1052 3278 1091 non
3315 1054 3439 1092 con-

1849 1118 2096 1176 vertetur,
2137 1129 2300 1185 neque
2333 1118 2595 1186 paenitebit
2621 1136 2757 1184 eum,
2789 1124 3036 1195 quoniam
3059 1142 3163 1181 non
3183 1137 3260 1182 est
3298 1128 3437 1184 sicut

1849 1199 2003 1254 homo
2026 1211 2080 1255 ut
2104 1205 2348 1273 paeniteat
2369 1223 2508 1263 eum.
2535 1209 2657 1281 Ipse
2674 1212 2924 1280 minatur,
2951 1225 3000 1270 et
3023 1234 3126 1273 non
3140 1231 3432 1289 permanet.

1847 1291 1906 1346 Id
1931 1301 2016 1348 est
2043 1294 2207 1350 homo
2227 1296 2485 1367 minatur,
2518 1308 2574 1355 et
2605 1315 2712 1357 non
2735 1317 3042 1373 permanet,
3094 1324 3204 1364 non
3249 1318 3434 1367 autem

1847 1383 2012 1451 Deus,
2040 1402 2200 1457 quem
2230 1405 2336 1445 non
2383 1393 2612 1461 poenitet
2647 1394 2788 1450 sicut
2817 1398 3094 1455 hominem
3119 1419 3132 1455 :
3161 1400 3253 1457 ubi
3279 1403 3430 1458 enim

1845 1475 2042 1548 legitur
2068 1480 2209 1548 quod
2237 1482 2667 1551 pmniteateum,
2714 1489 2944 1544 mutatio
2992 1506 3174 1546 rerum
3219 1493 3431 1564 signifi-

1845 1577 2000 1623 catur
2029 1570 2354 1628 immutabili
2390 1576 2733 1645 praascientia
2780 1590 3033 1637 manente
3067 1583 3268 1638 divina.
3326 1584 3432 1641 Ubi

1843 1673 1974 1729 ergo
1993 1675 2102 1716 non
2133 1664 2400 1733 paenitere
2444 1666 2666 1735 dicitur,
2695 1685 2805 1725 non
2837 1680 3050 1727 mutare
3081 1673 3426 1746 intelligitur.

1842 1750 2074 1809 Prorsus
2101 1755 2445 1813 insolubilem
2486 1760 2736 1818 videmus
2761 1778 2858 1833 per
2885 1765 3001 1821 haec
3029 1768 3194 1822 verba
3242 1769 3427 1839 prola-

160 1850 339 1907 fuerat
365 1860 704 1924 regnaturus.
726 1852 796 1908 Et
817 1853 1173 1924 respiciamus
1202 1855 1270 1909 ad
1293 1854 1517 1924 stirpem
1545 1854 1736 1922 David,
1765 1865 1816 1927 Β
1846 1851 1957 1899 tam
1983 1845 2241 1903 divinitus
2261 1847 2429 1906 fuisse
2454 1853 2780 1909 sententiam
2807 1855 2873 1910 de
2903 1856 3005 1911 ista
3033 1858 3299 1915 divisione
3331 1875 3433 1932 po-

160 1941 301 1997 unde
327 1950 547 1997 exortus
589 1950 675 1998 est
724 1943 1022 1998 secundum
1068 1959 1288 1999 carnem
1333 1945 1601 2000 mediator
1636 1945 1734 2000 Dei

156 2042 217 2090 et
238 2035 515 2090 hominum
536 2036 700 2092 homo
729 2035 980 2092 Christus
999 2035 1177 2092 Iesus.
1210 2037 1328 2094 Non
1359 2045 1542 2094 autem
1570 2039 1736 2096 habet

157 2123 436 2196 Scriptura
470 2127 614 2195 quod
655 2127 712 2180 in
744 2127 1019 2198 plerisque
1060 2127 1244 2184 latinis
1281 2130 1561 2186 codicibus
1601 2130 1734 2202 legi-

151 2226 243 2273 tur
259 2235 272 2272 :
289 2218 543 2289 dirumpet
557 2217 817 2274 Dominus
833 2236 1049 2291 regnum
1064 2219 1235 2276 Israel
1244 2222 1309 2276 de
1321 2239 1482 2277 manu
1496 2233 1609 2289 tua,
1635 2225 1732 2279 sed

149 2308 292 2366 sicut
306 2324 336 2363 a
355 2309 511 2364 nobis
524 2310 760 2379 positum
775 2318 860 2366 est
873 2310 1152 2366 inventum
1168 2312 1222 2366 in
1237 2310 1442 2368 Graecis
1460 2332 1472 2368 :
1491 2313 1732 2368 Disrum-

143 2413 233 2475 pet
247 2403 499 2459 Dominus
517 2421 732 2476 regnum
745 2404 918 2460 Israel
934 2405 998 2459 de
1017 2422 1178 2460 manu
1196 2416 1309 2462 tua.
1326 2406 1398 2463 Ut
1414 2408 1516 2463 hoc
1532 2407 1730 2462 intelli-

144 2503 306 2565 gatur
321 2496 386 2550 de
405 2510 571 2550 manu
591 2503 706 2562 tua,
735 2496 880 2567 quod
900 2503 984 2551 est
1007 2495 1076 2551 ab
1086 2496 1272 2552 Israel.
1288 2496 1478 2568 Populi
1507 2513 1638 2570 ergo
1655 2499 1730 2555 Is-

142 2587 260 2644 rael
282 2603 571 2658 personam
617 2589 849 2661 ﬁgurate
894 2591 1117 2661 gerebat
1141 2590 1303 2646 homo
1338 2590 1459 2656 iste,
1501 2591 1594 2661 qui
1632 2606 1728 2661 po-

139 2680 304 2751 pulus
371 2696 597 2752 regnum
666 2681 845 2737 fuerat
900 2683 1202 2739 amissurus
1231 2724 1246 2749 ,
1319 2682 1541 2738 Christo
1593 2681 1726 2739 Jesu

139 2771 370 2828 Domino
396 2781 585 2829 nostro
608 2772 932 2844 perNovum
950 2774 1378 2837 Testamentum,
1401 2789 1509 2829 non
1531 2790 1728 2830 carna-

136 2869 286 2936 liter,
316 2869 410 2925 sed
439 2869 802 2940 spiritualiter
830 2877 1146 2941 regnatum.
1184 2869 1262 2924 De
1295 2884 1402 2939 quo
1433 2885 1556 2924 cum
1592 2869 1725 2924 dici-

137 2967 232 3014 tur
255 2960 399 3014 dabit
435 2959 569 3014 illud
593 2961 834 3032 proximo
870 2969 983 3028 tuo,
1019 2961 1090 3016 ad
1130 2961 1312 3017 carnis
1343 2961 1724 3031 cognationem

132 3052 390 3108 refertur.
417 3052 498 3107 Ex
525 3052 693 3108 Israel
711 3053 857 3108 enim
882 3053 1131 3109 Christus
1145 3053 1446 3109 secundum
1474 3069 1720 3120 carnem,

129 3145 280 3200 unde
308 3153 363 3200 et
380 3143 528 3200 Saul.
558 3143 713 3212 Quod
755 3160 885 3201 vero
911 3146 1151 3200 additum
1186 3154 1269 3202 est
1302 3146 1434 3202 bono
1465 3164 1622 3218 super
1647 3157 1718 3214 te,

1840 1938 1952 2009 puli
1981 1938 2165 2007 Israel,
2199 1949 2255 1996 et
2282 1943 2506 1999 omnino
2546 1955 2886 2016 perpetuam.
2917 1947 3238 2021 Quicunque
3282 1952 3431 2008 enim

1838 2034 1906 2088 ad
1936 2033 2213 2090 Christum
2238 2037 2598 2105 transierunt,
2638 2040 2723 2095 vel
2758 2048 3060 2108 transeunt,
3094 2044 3181 2098 vel
3226 2043 3428 2101 transi-

1834 2127 1972 2183 bunt
2000 2127 2144 2194 inde,
2185 2145 2292 2185 non
2329 2139 2486 2186 erant
2513 2133 2637 2188 inde
2689 2137 2988 2192 secundum
3015 2137 3111 2192 Dei
3138 2139 3432 2208 praescien-

1835 2221 1994 2282 tiam.
2027 2238 2135 2278 non
2162 2224 2460 2280 secundum
2484 2227 2700 2297 generis
2721 2227 2943 2284 humani
2969 2245 3133 2285 unam
3160 2232 3434 2288 eamdem-

1834 2329 1941 2384 que
1965 2322 2237 2370 naturam.
2257 2316 2468 2373 Rursus
2489 2317 2802 2389 quicunque
2822 2335 2888 2375 ex
2914 2320 3228 2378 Israeliticis
3249 2324 3432 2380 adhae-

1832 2415 2018 2463 rentes
2053 2407 2272 2462 Christo
2301 2419 2655 2478 perseverant
2697 2413 2750 2466 in
2783 2411 2896 2479 illo,
2957 2429 3234 2484 nunquam
3263 2422 3430 2471 erunt

1831 2517 1957 2557 cum
1979 2502 2310 2568 Israeliticis,
2336 2504 2430 2574 qui
2457 2503 2574 2573 ejus
2598 2505 2803 2562 inimici
2831 2522 3003 2577 usque
3035 2507 3090 2562 in
3117 2507 3280 2563 ﬁnem
3301 2509 3433 2564 vitae

1830 2594 1992 2664 hujus
2019 2609 2141 2650 esse
2167 2595 2488 2666 persistunt,
2522 2597 2617 2652 sed
2643 2597 2699 2651 in
2722 2597 3007 2666 divisione,
3025 2615 3147 2668 quae
3172 2600 3263 2655 hic
3283 2616 3428 2671 prae-

1832 2684 2080 2739 nuntiata
2103 2692 2189 2740 est
2210 2693 2492 2756 perpetuo,
2511 2687 2930 2754 permanebunt.
2957 2687 3102 2742 Nihil
3128 2689 3274 2744 enim
3299 2704 3428 2760 pro-

1829 2777 1952 2832 dest
1977 2785 2362 2833 testamentum
2381 2786 2538 2832 vetus
2561 2774 2704 2850 (Gal.
2726 2777 2782 2832 4.
2808 2778 2900 2849 24)
2926 2778 2991 2832 de
3013 2789 3184 2834 monte
3207 2778 3342 2835 Sina
3367 2780 3426 2835 in

1828 2869 2129 2923 servitutem
2161 2885 2450 2939 generans;
2481 2869 2588 2924 nisi
2617 2869 2745 2938 quia
2775 2869 3147 2926 testimonium
3173 2872 3427 2940 perbibet

1828 2967 2156 3014 testamento
2189 2975 2351 3025 novo,
2410 2959 2651 3030 alioquin
2705 2959 2944 3028 quandiu
2989 2959 3189 3030 legitur
3212 2959 3429 3031 Moyses

1828 3048 1915 3122 (II
1943 3048 2068 3104 Cor.
2092 3051 2144 3106 5.
2172 3051 2238 3105 15
2265 3059 2314 3104 et
2341 3049 2712 3120 16),velamen
2739 3066 2904 3120 supra
2925 3051 3091 3106 corda
3116 3065 3306 3106 eorum
3332 3065 3426 3121 po-

1825 3142 1990 3199 situm
2011 3152 2125 3210 est;
2155 3158 2279 3199 cum
2293 3152 2477 3197 autem
2491 3142 2722 3211 quisque
2738 3124 3016 3197 transierit
3041 3141 3109 3196 ad
3120 3139 3422 3208 Christum,

125 3243 318 3304 potest
338 3235 552 3304 quidem
598 3235 827 3307 intelligi
882 3235 1089 3291 meliori
1131 3246 1201 3301 te,
1234 3253 1360 3292 nam
1409 3247 1464 3293 et
1498 3240 1719 3309 quidam
1747 3235 1794 3300 C
1825 3234 2100 3291 auferetur
2146 3234 2412 3290 velamen.
2465 3233 2889 3289 Transeuntium
2940 3233 3140 3304 quippe
3187 3232 3423 3289 intentio

121 3328 215 3384 sic
236 3327 572 3400 interpretati
599 3337 747 3395 sunt,
795 3329 890 3385 sed
917 3329 1112 3386 melius
1156 3331 1236 3386 sic
1280 3332 1546 3403 accipitur
1583 3332 1716 3388 bono

117 3437 292 3492 super
315 3431 382 3488 te,
410 3429 467 3477 ut
505 3423 632 3493 quia
659 3422 750 3478 ille
776 3423 949 3478 bonus
983 3431 1096 3490 est;
1148 3424 1270 3480 ideo
1315 3425 1387 3481 sit
1433 3441 1597 3496 super
1639 3437 1712 3493 te,

111 3514 282 3586 juxta
325 3513 458 3570 illud
493 3515 912 3586 propheticum:
955 3514 1127 3588 (Psal.
1183 3532 1292 3572 cxx.
1327 3517 1380 3589 1)
1423 3517 1601 3572 Donec
1629 3535 1718 3590 po-

117 3623 250 3662 nam
274 3605 516 3661 inimicos
537 3615 652 3662 tuos
677 3623 852 3662 omnes
883 3606 978 3661 sub
1003 3606 1222 3678 pedibus
1254 3607 1378 3662 tuis.
1426 3608 1486 3664 In
1517 3610 1717 3680 quibus

114 3705 207 3753 est
228 3696 419 3764 Israel,
446 3697 536 3753 cui
565 3713 664 3753 suo
688 3697 1028 3769 persecutori
1050 3697 1278 3767 regnum
1306 3696 1530 3754 abstulit
1558 3699 1717 3755 Chri-

111 3799 261 3856 stus,
293 3789 544 3860 quamvis
569 3788 735 3844 fuerit
761 3776 872 3844 illic
892 3798 948 3845 et
972 3789 1162 3855 Israel,
1197 3791 1251 3845 in
1279 3806 1387 3860 quo
1412 3791 1566 3846 dolus
1611 3809 1716 3848 non

112 3891 266 3948 erat,
302 3881 414 3954 (Jo.
445 3883 495 3937 1.
525 3882 616 3954 47)
640 3875 912 3954 quoddam
934 3883 1091 3954 quasi
1133 3883 1466 3940 frumentum
1500 3885 1715 3942 illarum

100 3975 423 4047 palearum.
476 3975 612 4031 Nam
659 3977 849 4048 utique
895 3977 1019 4033 inde
1071 3986 1227 4033 erant
1271 3979 1543 4048 apostoli,
1590 3979 1716 4034 inde

103 4075 195 4121 tot
244 4075 552 4138 martyres,
605 4083 839 4139 quorum
878 4068 1030 4138 prior
1077 4067 1420 4139 Stephanus,
1462 4069 1590 4124 inde
1636 4077 1718 4125 tot

97 4159 403 4225 Ecclesiaz,
453 4176 590 4231 quas
629 4159 921 4232 Apostolus
970 4159 1113 4232 (Gal.
1157 4161 1206 4215 1.
1253 4160 1345 4234 24)
1394 4177 1718 4219 commemo-

91 4261 212 4320 rat,
240 4253 305 4308 in
331 4253 686 4310 conversione
701 4251 819 4322 ejus
841 4254 1249 4325 magniﬁcantes
1276 4255 1469 4310 Deum.

180 4363 203 4396 ι
248 4345 334 4400 De
358 4360 466 4416 qua
494 4361 553 4402 re
597 4362 706 4402 non
735 4345 924 4401 dubito
953 4346 1362 4418 intelligendum
1411 4363 1532 4404 esse
1569 4348 1715 4419 quod

84 4438 383 4509 sequitur.
408 4437 478 4492 Et
508 4439 771 4493 dividetur
790 4437 963 4493 Israel
988 4439 1043 4494 in
1074 4439 1199 4493 duo.
1232 4438 1290 4493 In
1313 4439 1481 4495 Israel
1507 4439 1714 4495 scilicet

81 4530 397 4585 inimicum
442 4529 683 4597 Christo,
729 4538 785 4585 et
820 4529 986 4586 Israel
1035 4531 1402 4586 adhaerentem
1444 4529 1707 4585 Christo:

1821 3329 1938 3401 ipsa
1970 3337 2211 3386 mutatur
2232 3329 2301 3385 de
2325 3337 2509 3384 vetere
2533 3329 2601 3383 ad
2629 3344 2852 3396 novum,
2869 3338 2930 3384 ut
2952 3343 3060 3385 non
3085 3328 3316 3399 quisque
3339 3328 3425 3384 in-

1819 3424 2006 3480 tendat
2017 3424 2264 3495 accipere
2273 3425 2570 3490 carnalem,
2585 3422 2679 3478 sed
2693 3423 3030 3495 spiritualem
3041 3421 3382 3501 felicitatem.
3396 3442 3416 3476 ι

1893 3515 2046 3591 (Cap.
2088 3517 2169 3572 15.
2197 3516 2313 3589 55.)
2349 3516 2586 3588 Sumpsit
2612 3534 2735 3588 ergo
2765 3515 2982 3572 Samuel
3005 3516 3262 3588 gladium,
3289 3525 3338 3569 et
3365 3516 3422 3569 in

1820 3607 1993 3678 frusta
2022 3608 2248 3663 concidit
2273 3608 2438 3679 Agag.
2497 3608 2652 3676 Quod
2688 3607 2938 3663 faciendo
2971 3607 3214 3674 Samuel,
3247 3621 3422 3676 usque

1820 3698 1956 3754 adeo
1982 3714 2088 3754 non
2117 3700 2379 3770 peccavit,
2415 3706 2476 3754 ut
2505 3714 2613 3754 non
2644 3699 2896 3754 faciendo
2940 3706 3215 3769 peccaret.
3270 3697 3417 3752 Deus

1819 3791 2148 3862 enimjussit
2184 3791 2417 3846 interﬁci
2464 3790 2858 3857 Amalechitas,
2900 3791 2992 3860 qui
3029 3791 3218 3859 utique
3264 3789 3419 3843 novit

1819 3897 1928 3937 non
1955 3881 2127 3936 solum
2153 3882 2452 3936 secundum
2487 3880 2654 3947 facta,
2697 3897 2888 3935 verum
2911 3881 3079 3936 etiam
3121 3879 3421 3936 secundum

1819 3987 1916 4027 cor
1944 3971 2197 4036 hominis,
2228 3971 2360 4041 quid
2389 3971 2786 4041 unusquisque,
2818 3971 2904 4026 vel
2953 3987 3050 4041 per
3083 3986 3244 4040 quem
3287 3985 3416 4040 per-

1817 4065 1930 4136 peti
1952 4064 2166 4121 debeat.
2191 4064 2396 4135 Dignus
2422 4080 2552 4135 ergo
2577 4072 2696 4119 erat
2741 4063 2891 4132 Saul,
2926 4065 3013 4120 cui
3065 4063 3195 4119 talia
3235 4062 3420 4133 injun-e

1818 4167 2096 4228 gerentur,
2151 4165 2312 4229 atque
2369 4157 2745 4227 Amalechitaz,
2781 4167 2842 4213 ut
2873 4159 3001 4214 talia
3043 4165 3366 4230 paterentur
3393 4196 3416 4225 ,

1817 4255 1912 4325 qui
1935 4253 2118 4307 divino
2144 4252 2348 4307 nomini
2372 4253 2635 4307 honorem
2666 4268 2777 4307 non
2803 4252 3091 4320 dederant,
3122 4252 3215 4308 sed
3237 4265 3412 4322 popu-

1816 4345 1930 4400 lum
1963 4344 2082 4411 Dei,
2116 4345 2207 4415 qui
2234 4345 2379 4401 sicco
2402 4345 2632 4416 vestigio
2678 4361 2830 4401 mare
2864 4345 3176 4411 transierat,
3219 4341 3414 4399 interi-

1816 4453 1965 4493 mere
1995 4437 2244 4492 voluerat
2271 4436 2468 4507 (Exod.
2504 4437 2590 4491 17.
2620 4437 2698 4510 8).

1886 4530 2055 4600 Igitur
2077 4530 2364 4585 recedente
2385 4545 2415 4584 ει
2443 4529 2573 4584 Saul
2602 4530 2831 4586 Domino
2854 4536 3078 4600 propter
3098 4528 3414 4583 inobedien-

78 4622 144 4676 in
177 4620 364 4676 Israel
386 4621 454 4676 ad
491 4621 763 4688 ancillam,
801 4630 856 4676 et
903 4620 957 4674 in
989 4619 1157 4676 Israel
1183 4621 1249 4676 ad
1280 4621 1507 4675 liberam
1533 4621 1706 4690 perti-
1731 4597 1788 4657 D
1816 4597 1965 4687 tiam,
1999 4630 2248 4691 arreptus
2270 4629 2354 4676 est
2388 4621 2625 4693 maligno
2662 4597 2914 4694 spiritua
2938 4597 3193 4687 Domino,
3232 4620 3413 4676 irrue-

76 4722 335 4771 nentem
367 4732 383 4768 :
418 4730 542 4770 nam
573 4715 678 4771 ista
708 4713 815 4769 duo
846 4729 1047 4786 genera
1077 4715 1314 4784 primum
1341 4714 1503 4769 simul
1529 4723 1704 4780 erant,

72 4808 250 4864 velut
302 4807 586 4863 Abraham
645 4808 824 4863 adhuc
873 4805 1186 4863 adhaerente
1235 4807 1486 4872 ancillae,
1537 4808 1710 4863 donec

69 4900 317 4957 sterilis
347 4916 447 4972 per
474 4900 575 4957 Dei
605 4900 840 4971 gratiam
873 4897 1164 4955 fecundata
1210 4899 1475 4955 clamaret
1501 4918 1512 4954 ε
1549 4898 1704 4970 (Gen.

66 4995 177 5050 21.
217 4993 323 5066 10)
349 4993 504 5066 Ejice
547 4992 799 5048 ancillam
835 5002 882 5047 et
924 4992 1095 5062 ﬁlium
1139 4993 1270 5064 ejus.
1311 4993 1540 5062 Propter
1575 5008 1707 5062 pec-

63 5099 285 5142 catum
324 5085 545 5156 quidem
582 5085 922 5150 Salomonis,
965 5097 1226 5157 regnante
1275 5085 1384 5141 ﬁlio
1413 5084 1549 5156 ejus
1590 5085 1704 5141 Ro-

58 5181 283 5248 boam,
320 5179 446 5252 (III
479 5179 610 5251 Reg.
667 5179 754 5253 12)
795 5179 998 5235 scimus
1022 5178 1188 5236 Israel
1217 5179 1272 5233 in
1297 5180 1404 5235 duo
1431 5179 1598 5236 fuisse
1625 5181 1706 5236 di-

53 5277 280 5331 visum
321 5289 337 5329 :
371 5281 538 5345 atque
574 5275 649 5330 ita
679 5287 1089 5346 perseverasse,
1128 5274 1452 5330 habentibus
1481 5273 1706 5344 singulis

48 5367 356 5439 partibus
394 5382 550 5438 reges
579 5382 726 5432 suos,
758 5367 929 5423 donec
958 5366 1048 5422 illa
1084 5381 1216 5438 gens
1254 5373 1368 5421 tota
1389 5381 1420 5420 a
1451 5363 1704 5421 Chaldeis

45 5471 240 5519 esset
274 5462 494 5534 ingenti
525 5461 833 5519 vastatione
879 5461 1161 5526 subversa,
1211 5468 1374 5531 atque
1416 5458 1700 5516 translata.

45 5554 193 5611 Sed
221 5555 348 5611 hoc
384 5554 516 5627 quid
539 5555 609 5610 ad
646 5553 902 5611 Saulem?
928 5553 976 5610 si
1007 5553 1116 5610 tale
1139 5551 1344 5624 aliquid
1365 5551 1703 5608 comminan-

40 5647 214 5702 dum
254 5653 436 5714 esset,
461 5645 565 5718 ipsi
605 5644 777 5702 David
809 5643 988 5702 fuerat
1024 5643 1206 5718 potius
1239 5643 1702 5714 comminandum,

130 5801 171 5830 ιι
223 5789 322 5844 Ea
367 5787 550 5843 omnia
595 5803 725 5843 sane
765 5803 872 5858 non
922 5801 1118 5856 pauca,
1149 5802 1271 5858 qua:
1305 5802 1431 5858 mox
1484 5783 1695 5858 lineolis

34 5875 179 5933 pro
215 5874 401 5918 more
444 5859 802 5926 notabuntur,
831 5857 1114 5931 desumpta
1151 5865 1277 5915 sunt
1318 5874 1382 5915 ex
1406 5857 1708 5930 Augustino

1812 4715 2014 4784 batque
2048 4713 2275 4784 spiritus
2325 4715 2540 4769 Domini
2593 4716 2646 4769 in
2678 4731 2801 4770 eum
2842 4713 3130 4784 malignus.
3167 4725 3193 4753 α
3228 4731 3246 4764 ι
3285 4711 3408 4768 Iam

1813 4821 1943 4861 vero
1964 4805 2118 4872 illud,
2157 4806 2302 4876 quod
2331 4807 2493 4861 etiam
2524 4807 2695 4862 malus
2727 4806 3026 4878 appellatus
3067 4813 3151 4860 cst
3182 4803 3411 4874 spiritus

1811 4898 2049 4965 Domini,
2091 4898 2171 4952 sic
2202 4897 2520 4968 intelligitur
2569 4899 2839 4968 quomodo
2882 4898 3084 4953 dictum
3129 4905 3256 4952 est:
3301 4895 3415 4951 Do-

1812 4991 1942 5044 mini
1967 4999 2042 5044 est
2068 4999 2231 5055 terra,
2270 4999 2530 5061 tanquam
2573 4998 2847 5055 creatura,
2890 4997 2946 5043 et
2971 4990 3026 5044 in
3069 4985 3185 5056 eius
3227 4989 3422 5059 posita'
3449 5023 3463 5029 ν

1814 5090 2125 5155 potestate:
2153 5090 2248 5136 aut
2277 5082 2324 5136 si
2360 5090 2649 5152 propterea
2693 5096 2802 5135 non
2827 5081 3078 5150 congruit
3105 5082 3208 5136 hoc
3250 5080 3406 5136 locu-

1816 5176 1978 5232 tionis
2021 5175 2347 5247 exemplum,
2390 5174 2517 5246 quia
2565 5183 2712 5228 terra
2760 5191 2867 5230 non
2916 5182 2997 5230 est
3026 5174 3183 5240 mala,
3219 5174 3296 5247 (1,
3322 5174 3406 5228 Ti-

1812 5271 1976 5325 moth.
1999 5268 2054 5322 4.
2085 5267 2142 5339 4)
2176 5268 2345 5323 omnis
2368 5268 2506 5321 enim
2545 5275 2789 5321 creatura
2824 5266 2919 5321 Dei
2955 5268 3090 5322 bona
3141 5275 3239 5332 est,
3272 5265 3407 5322 illud

1813 5367 2096 5433 congruat,
2123 5358 2268 5429 quod
2291 5358 2408 5428 ipse
2431 5355 2560 5411 Saul
2575 5355 2691 5426 jam
2708 5358 2998 5428 reprobus,
3015 5357 3402 5420 etsceleratus,

1813 5460 1975 5525 atque
2023 5451 2268 5521 ingratus
2301 5457 2487 5504 sancto
2518 5447 2686 5504 David
2729 5459 3046 5520 persecutor
3079 5450 3243 5506 etiam
3287 5450 3407 5522 ejus

1814 5561 1938 5602 cum
1977 5543 2289 5600 saevissima:
2337 5541 2554 5596 invidia:
2596 5539 2810 5597 facibus
2850 5543 3171 5615 agitaretur,
3223 5550 3406 5606 tamen

1814 5639 1992 5698 adhuc
2022 5634 2276 5692 Christus
2306 5632 2522 5691 Domini
2554 5633 2854 5702 dicebatur,
2886 5634 3027 5692 sicut
3051 5650 3175 5693 eum
3221 5630 3404 5704 appel-

1803 5779 2220 5908 lnlecoscribente
2245 5780 2521 5853 numerotl
2542 5782 2866 5859 Quaestionis
2893 5781 2918 5836 1
2951 5780 3074 5837 libri
3101 5796 3141 5836 ιι
3172 5778 3240 5833 ad
3263 5773 3405 5832 Sim-

1814 5873 1847 5908 υ
1870 5868 2121 5908 tetanum.
2452 5885 2455 5889 ι
2501 5877 2504 5882 ·
2573 5891 2577 5894 -
2629 5878 2631 5880 ·
2683 5871 2690 5878 ’

1813 5868 2121 5928 ριιειαηαηι.
2452 5885 2455 5889 ι
2501 5877 2504 5882 -
2573 5891 2577 5894 -
2629 5878 2631 5880 ·
2683 5871 2690 5878 ’

2853 6012 2968 6044 ’,γὲν
