3940 6340
474 365 579 431 067

1524 361 1817 422 'CLAUDil
1856 354 2318 418 TAURINENSiS
2355 338 2664 417 scissor!

474 487 613 545 lavit
641 484 757 559 ipse
778 483 970 555 David,
990 495 1122 541 cum
1144 479 1442 538 vindicavit
1464 481 1789 538 exstinctum
1816 477 1901 550 (II
1930 475 2059 548 Reg.
2089 478 2143 541 Α
2167 485 2259 532 tur
2287 479 2480 542 bonus,
2514 492 2583 533 ex
2606 478 2715 534 hoc
2742 476 3063 551 intelligitur
3078 477 3281 534 beans.
3319 476 3477 536 [inde
3501 487 3759 550 apparet,

477 578 531 636 1.
567 578 680 653 2‘).
732 578 840 635 Sed
881 578 1056 648 magis
1095 576 1333 631 arbitror
1366 574 1661 646 malignum
1710 573 1979 645 spiritum,
2027 586 2059 626 a

475 686 585 744 quo
605 672 907 728 vexabatur
934 668 1090 736 Saul,
1142 668 1264 724 ideo
1294 668 1496 722 dictum
1520 667 1769 737 spiritum
1821 663 2059 730 Domini,

479 764 622 833 quod
673 763 886 819 occulto
938 762 1034 817 Dei
1084 760 1293 831 judicio
1329 756 1551 815 Sauiem
1573 759 1806 815 vexabat
1839 776 1852 811 :
1890 757 2065 811 utitur

476 854 620 910 enim
642 854 786 909 Deus
806 853 1069 909 ministris
1097 852 1261 907 etiam
1287 851 1567 921 spiritibus
1591 850 1752 906 malis
1774 849 1842 904 ad
1884 847 2064 903 vindi-

479 955 623 1005 ctam
654 946 924 1002 malorum
946 987 960 1013 ,
982 944 1070 1000 vel
1112 945 1179 999 ad
1218 944 1485 1000 bonorum
1512 942 1920 1015 probationem;
1960 938 2065 996 alio

476 1040 640 1095 modo
665 1039 735 1095 ad
767 1039 914 1094 illam
956 1044 1094 1106 rem,
1141 1037 1247 1093 alio
1294 1037 1361 1093 ad
1389 1037 1570 1092 istam.
1620 1035 1877 1104 Quamvis
1918 1035 2066 1091 enim

478 1142 506 1171 ι
541 1131 770 1187 multum
816 1131 888 1187 sit
928 1132 1157 1205 quisque
1188 1129 1462 1202 malignus
1491 1130 1737 1201 spiritus,
1771 1130 1898 1200 quia
1926 1127 2069 1183 mala

478 1223 762 1280 voluntate
806 1239 1006 1281 nocere
1045 1224 1293 1295 appetit:
1334 1232 1517 1279 tamen
1546 1223 1776 1279 nocendi
1827 1230 2068 1293 potesta--

482 1325 590 1373 tem
637 1331 746 1373 non
794 1318 1013 1388 accipit,
1053 1316 1158 1372 nisi
1191 1315 1407 1383 abillo,
1456 1317 1559 1371 sub
1584 1331 1693 1386 quo
1719 1322 1845 1371 sunt
1886 1314 2068 1370 omnia

482 1407 657 1481 (Rom.
688 1409 773 1465 l3.
810 1409 862 1483 1)
907 1409 1091 1476 certis,
1136 1417 1194 1464 et
1232 1407 1397 1478 justis
1445 1409 1763 1463 meritorum
1814 1405 2070 1478 gradibus

482 1499 755 1556 ordinata.
783 1500 921 1569 Quia
953 1501 1094 1556 sicut
1120 1515 1227 1556 non
1258 1508 1341 1555 est
1390 1499 1532 1555 mala
1558 1500 1805 1555 voluntas
1860 1514 1891 1553 a
1932 1497 2067 1564 Deo,

483 1593 565 1649 sic
592 1608 698 1649 non
732 1602 815 1649 est
840 1601 1081 1664 potestas
1106 1593 1212 1648 nisi
1243 1606 1275 1647 a
1325 1590 1464 1659 Deo;
1512 1593 1761 1663 quamvis
1810 1591 1957 1646 enim
2002 1590 2074 1645 sit

486 1685 542 1741 in
589 1685 852 1756 cujusque
903 1693 1173 1758 potestate
1232 1685 1361 1756 quid
1389 1683 1535 1751 velit,
1594 1698 1704 1740 non
1750 1693 1833 1739 est
1893 1692 2071 1737 tamen

488 1778 543 1835 in
592 1779 853 1851 cujusque
893 1787 1194 1851 potestate,
1228 1779 1358 1849 quid
1400 1779 1573 1850 possit
1619 1778 1704 1833 vel
1746 1777 1926 1833 facere
1957 1775 2073 1831 cui-

2166 572 2368 628 bonum
2421 571 2675 645 spiritum
2729 573 3026 629 secundum
3079 573 3440 629 substantiam
3466 613 3482 639 ,
3554 573 3762 628 malum

2166 678 2351 724 autem
2392 666 2691 723 secundum
2737 666 3123 733 ministerium,
3174 666 3282 723 dici
3330 668 3594 739 spiritum
3646 668 3761 723 Dei.

2167 758 2488 832 Quanquam
2533 760 2704 831 quaeri
2735 759 2915 815 adhuc
2939 760 3132 831 possit,
3162 767 3350 815 utrum
3378 775 3505 816 cum
3534 761 3765 831 spiritus

2169 856 2264 911 Dei
2290 855 2488 911 dicitur
2517 873 2531 910 :
2565 863 2621 911 et
2643 869 2709 910 ex
2738 855 2846 911 hoc
2875 854 2992 925 ipso
3011 852 3149 924 jam,
3172 863 3228 910 et
3248 856 3294 910 si
3323 854 3461 910 nihil
3481 855 3731 910 addatur
3749 899 3764 921 ,

2169 946 2345 1003 bonus
2369 946 2710 1019 intelligitur,
2748 948 2838 1003 ille
2860 947 3211 1017 intelligatur,
3235 949 3327 1018 qui
3360 956 3449 1004 est
3493 948 3559 1002 in
3594 948 3768 1003 Triui-

2170 1050 2282 1099 tate
2323 1041 2808 1099 consubstantialis
2850 1041 3019 1105 Patri,
3052 1049 3107 1095 et
3142 1040 3301 1106 Filio,
3339 1039 3597 1112 Spiritus
3640 1040 3767 1096 San-

2171 1143 2311 1204 ctus,
2343 1136 2410 1193 de
2439 1152 2548 1207 quo
2577 1137 2776 1192 dicitur
2808 1152 2821 1190 :
2849 1133 2935 1207 (II
2960 1132 3086 1190 Cor.
3117 1135 3171 1190 '5.
3204 1134 3291 1205 l7)
3320 1135 3412 1189 ubi
3433 1145 3628 1189 autem
3664 1133 3770 1204 Spi-

2173 1230 2306 1284 ritus
2338 1230 2577 1297 Domini,
2604 1229 2676 1283 ibi
2703 1228 2935 1282 l’bertas.
2964 1226 3033 1282 Et
3058 1227 3277 1283 iterum.
3303 1227 3357 1299 (I
3379 1226 3507 1281 Cor.
3558 1229 3661 1281 H.
3690 1228 3767 1291 liii

2176 1312 2347 1377 Nobis
2389 1330 2564 1375 autem
2608 1320 2853 1375 reuelabit
2896 1318 3038 1375 Deus
3066 1334 3160 1391 per
3194 1320 3436 1391 spiritum
3488 1334 3689 1373 suum.
3716 1319 3772 1373 Et

2175 1414 2345 1470 illud:
2381 1415 2545 1487 (Ibid.
2580 1432 2627 1470 υ.
2663 1413 2751 1487 11)
2784 1415 2860 1470 sic
2883 1421 2931 1470 et
2973 1428 3091 1485 quae
3115 1413 3214 1468 Dei
3244 1421 3385 1480 sunt,
3435 1429 3606 1467 nemo
3643 1416 3770 1467 norit

2178 1508 2281 1562 nisi
2309 1505 2539 1582 Spiritus
2568 1506 2685 1562 Dei.
2722 1506 2790 1562 Et
2816 1507 2870 1561 in
2895 1506 3081 1561 multis
3103 1505 3237 1562 locis
3282 1506 3383 1560 hoc
3422 1505 3603 1561 modo
3656 1504 3774 1560 dicio

2178 1606 2306 1653 tur:
2342 1597 2573 1670 Spiritus
2602 1596 2731 1663 Dei,
2763 1605 2818 1651 et
2855 1596 3174 1668 intelligitur
3220 1594 3459 1667 Spiritus
3502 1605 3771 1662 sanans,

2179 1689 2394 1744 etiamsi
2440 1704 2548 1744 non
2577 1688 2826 1752 addatur,
2857 1688 3112 1759 quoniam
3135 1702 3199 1743 ea
3220 1703 3340 1758 quze
3364 1686 3771 1753 circumstant,

2181 1780 2317 1836 satis
2348 1780 2593 1836 indicant
2617 1780 2682 1835 de
2720 1794 2828 1849 quo
2859 1780 3093 1846 dicatur,
3132 1780 3209 1834 ita
3240 1787 3299 1834 ut
3343 1778 3661 1850 aliquando
3690 1795 3775 1835 nec

489 1888 669 1944 quam,
701 1874 785 1929 vel
819 1888 848 1927 a
870 1887 1144 1944 quoquam
1171 1873 1307 1942 pati.
1342 1871 1476 1927 Nam
1505 1880 1559 1927 et
1581 1872 1694 1942 ipse
1718 1870 1860 1926 [ilius
1884 1870 2079 1925 unicus
2104 1857 2154 1918 Β
2180 1873 2279 1928 Dei
2307 1870 2557 1940 addatur,
2587 1880 2642 1927 et
2670 1871 3003 1944 intelligatur
3030 1878 3211 1927 tamen
3254 1871 3345 1927 ille
3387 1870 3647 1943 Spiritus
3693 1870 3775 1927 Bri

487 1964 585 2021 Dei
610 1981 872 2038 passurus
896 1965 961 2020 ad
993 1972 1205 2035 tempus
1236 1965 1539 2033 humiliter,
1572 1966 1803 2038 superbe
1830 1964 2076 2035 loquenti

486 2060 715 2127 homini,
760 2069 816 2115 et
861 2058 1063 2114 dicenti
1104 2059 1248 2127 quod
1290 2065 1613 2128 potestatem
1656 2058 1883 2113 haberet
1927 2056 2074 2112 occi-

492 2152 676 2221 dendi,
727 2152 814 2207 vel
851 2151 1160 2207 dimittendi
1204 2163 1328 2204 eum
1375 2149 1527 2220 :(Jo.
1566 2150 1654 2205 l9.
1688 2148 1777 2221 ll)
1825 2164 1931 2203 non
1975 2149 2091 2202 ha-‘

492 2246 659 2314 beres,
686 2245 884 2316 inquit,
922 2246 979 2299 in
1020 2260 1102 2300 me
1129 2252 1460 2315 potestatem,
1514 2243 1616 2297 nisi
1645 2242 1770 2297 data
1819 2252 1949 2298 esset
1984 2242 2077 2297 tibi

490 2338 735 2411 desuper.
758 2337 1016 2393 Diabolus
1042 2337 1207 2393 etiam
1231 2335 1418 2391 volens
1440 2349 1638 2390 nocere
1658 2331 1808 2404 justo
1835 2331 1957 2400 Job,
1979 2330 2079 2389 n04

493 2431 653 2487 cendi
681 2430 901 2503 quidem
938 2429 1220 2485 voluntate
1247 2427 1494 2483 diabolus
1523 2434 1659 2491 erat,
1696 2426 1790 2481 sed
1818 2434 2002 2481 tamen
2046 2439 2078 2479 a

489 2524 719 2580 Domino
740 2522 852 2577 Deo
876 2528 1197 2594 potestatem
1242 2519 1460 2591 petebat
1482 2518 1688 2584 dicens,
1724 2516 1869 2592 (Job.
1903 2516 1989 2571 ll.
2020 2513 2076 2588 5)

490 2618 636 2672 mitte
662 2632 879 2671 manum
919 2623 1088 2682 tuam,
1117 2622 1165 2669 et
1206 2622 1360 2685 tange
1402 2628 1614 2667 carnem
1640 2611 1754 2683 ejus
1783 2627 1800 2666 :
1832 2609 2081 2680 quamvis

489 2708 594 2765 hoc
629 2714 804 2773 esset,
844 2707 888 2762 si
927 2705 1373 2777 permitteretur,
1431 2703 1547 2774 ipse
1590 2702 1852 2759 facturus.
1899 2702 2079 2773 ipsam

490 2800 634 2855 enim
680 2797 1094 2869 permissionem
1130 2795 1348 2867 petebat
1387 2795 1492 2850 hoc
1530 2793 1693 2849 modo
1726 2813 1738 2848 :
1770 2803 1818 2849 et
1862 2790 2078 2848 manum

493 2888 708 2944 Domini
750 2887 1057 2959 appellabat
1111 2888 1433 2957 permissam
1489 2901 1521 2941 a
1579 2886 1807 2942 Domino
1857 2902 2080 2942 manum

497 2996 651 3037 suam
672 2998 689 3049 ;
729 2981 781 3036 id
806 2988 889 3043 est
916 2981 1087 3052 ipsam
1110 2987 1457 3052 potestatem,
1499 2995 1663 3050 quam
1688 2980 1905 3037 volebat
1936 2981 2081 3036 acci-

494 3088 643 3145 pere.
676 3072 775 3128 Cui
800 3071 1052 3146 congruit
1096 3071 1227 3126 illud
1252 3072 1305 3125 in
1333 3071 1655 3144 Evangelio;
1690 3071 1840 3142 (Luc.
1866 3072 1954 3128 22.
1987 3071 2080 3145 51)

494 3163 636 3239 quod
677 3164 939 3222 Dominus
984 3162 1263 3235 discipulis
1307 3163 1381 3217 ait
1416 3180 1428 3217 :
1459 3164 1558 3218 hac
1607 3174 1755 3219 nocte
1794 3164 2081 3237 postulavit

2178 1966 2554 2039 principaliter
2597 1975 2841 2022 sanctus.
2894 1962 3029 2019 Nam
3059 1979 3218 2035 quem
3246 1963 3411 2019 alium
3438 1981 3778 2021 commemo-

2180 2069 2265 2115 rat
2290 2060 2382 2115 ubi
2407 2057 2577 2115 dicit:
2610 2057 2784 2130 (Rom.
2810 2058 2865 2114 8.
2902 2055 2990 2126 l6)
3027 2057 3136 2129 ipse
3161 2057 3377 2127 spiritus
3409 2057 3775 2112 testimoni“

2180 2150 2271 2205 dat
2294 2150 2505 2223 spiritui
2543 2158 2743 2217 nostro,
2787 2149 2912 2222 quia
2935 2164 3118 2204 sumus
3148 2148 3248 2218 ﬁlii
3280 2147 3424 2203 Dei?
3470 2148 3654 2221 (Ibid.
3698 2147 3776 2215 26)

2180 2243 2249 2298 Et
2292 2245 2401 2315 ipse
2446 2242 2679 2315 Spiritus
2731 2243 2947 2315 adjuvat
2992 2243 3354 2312 inﬁrmitatem
3414 2252 3695 2298 nostram.
3734 2241 3778 2313 (I

2181 2333 2307 2391 Cor.
2333 2334 2428 2390 '12.
2479 2335 2569 2406 ll)
2617 2335 2685 2391 Et
2728 2334 2904 2390 omnia
2956 2333 3066 2389 ha’c
3118 2343 3367 2405 operatur
3408 2351 3580 2400 unus,
3637 2344 3781 2407 atque

2180 2427 2320 2482 idem
2352 2426 2605 2499 Spiritus,
2637 2427 2873 2481 dividens
2902 2423 3128 2496 singulis
3152 2434 3305 2496 prout
3338 2424 3471 2479 uult.
3507 2425 3693 2497 (Ibid.
3730 2425 3777 2489 li

2182 2519 2250 2574 Et
2273 2519 2551 2575 divisiones
2573 2519 2919 2573 donationum
2945 2528 3088 2584 sunt,
3123 2516 3262 2572 idem
3290 2527 3470 2571 autem
3519 2516 3776 2587 Spiritus.

2182 2612 2241 2668 ln
2264 2611 2351 2668 his
2374 2613 2520 2667 enim
2562 2612 2815 2668 omnibus
2854 2611 3161 2677 sententiis,
3203 2624 3303 2665 nec
3331 2610 3453 2677 Dei,
3512 2626 3626 2667 nec
3666 2624 3781 2665 sas-

2182 2712 2298 2759 ctus
2318 2712 2402 2759 est
2430 2704 2697 2770 additum,
2730 2710 2785 2757 et
2808 2710 2993 2758 tamen
3026 2702 3143 2773 ipse
3174 2701 3518 2773 intelligitur.
3548 2698 3672 2757 Sed
3700 2714 3779 2757 ne-

2183 2798 2298 2854 scio
2329 2804 2510 2852 utrum
2541 2796 2832 2852 manifesto
2862 2794 3044 2866 aliquo
3073 2792 3321 2866 exemplo
3353 2794 3581 2865 probari
3614 2795 3779 2865 possit

2183 2891 2381 2948 alicubi
2406 2892 2611 2947 dictum
2653 2888 2911 2961 Spiritum
2959 2888 3057 2945 Dei
3076 2890 3194 2945 sine
3233 2888 3649 2955 additamenta,
3699 2888 3778 2943 ubi

2186 2984 2425 3055 Spiritus
2478 2983 2568 3041 ille
2617 2992 2837 3039 sanctus
2889 2998 3001 3039 non
3037 2981 3395 3053 signiﬁcetur,
3448 2982 3550 3037 sed
3601 2981 3775 3041 alius.

2183 3077 2432 3148 quamvis
2476 3076 2671 3142 bonus,
2720 3082 2940 3130 creatus
2991 3082 3177 3130 tamen
3221 3082 3278 3129 et
3321 3073 3579 3130 conditus
3608 3086 3628 3126 :
3668 3086 3780 3143 qua

2144 3230 2147 3235 ,
2186 3171 2541 3243 proferuntur
2576 3170 2722 3226 enim
2763 3168 2926 3225 dubia
2975 3176 3120 3237 sunt,
3155 3176 3211 3224 et
3252 3167 3502 3238 indigent
3544 3164 3781 3220 elatiore

495 3244 726 3311 Satanas
752 3272 940 3311 vexare
979 3272 1065 3310 1'08
1105 3254 1242 3308 sicut
1285 3254 1538 3308 triticum.
1592 3254 1777 3310 Dictus
1825 3263 1909 3309 est
1954 3266 2085 3325 ergo
2111 3245 2157 3309 Ο
2189 3262 2537 3328 documento,
2564 3261 2704 3317 sicut
2749 3259 2879 3315 illud
2923 3261 3066 3332 quod
3099 3260 3360 3330 scriptum
3386 3266 3473 3312 est
3504 3275 3518 3311 :
3551 3254 3779 3327 Spiritus

496 3348 716 3420 spiritus
750 3345 852 3405 Dei
874 3345 1068 3412 malus,
1098 3345 1202 3401 hoc
1239 3352 1325 3402 cst
1363 3345 1615 3401 minister
1654 3345 1749 3401 Dci
1778 3345 1846 3401 ad
1877 3344 2083 3403 facien-

495 3439 623 3496 dum
661 3439 715 3496 in
745 3437 898 3504 Saul,
930 3438 1075 3510 quod
1112 3453 1234 3493 eum
1264 3438 1377 3508 pati
1418 3436 1587 3507 judex
1614 3439 2079 3508 omnipotentissi-

496 3549 617 3588 mus
644 3530 922 3602 judicabat
948 3545 962 3586 :
990 3530 1249 3603 quoniam
1276 3530 1501 3602 spiritus
1522 3528 1613 3585 ille
1645 3530 1946 3597 voluntate,
1973 3540 2080 3602 qna

498 3625 674 3681 malus
696 3633 836 3693 erat,
867 3640 975 3681 non
1003 3632 1122 3681 erat
1144 3624 1278 3692 Dei;
1303 3632 1559 3681 creatura
1589 3637 1741 3690 vero,
1768 3638 1873 3695 qua
1897 3626 2083 3681 condi-

497 3725 586 3773 tus
611 3725 750 3786 erat,
791 3728 848 3774 et
873 3725 1143 3790 potestate
1190 3732 1352 3788 quam
1399 3733 1508 3773 non
1561 3731 1678 3785 sua,
1730 3717 1823 3772 sed
1868 3717 2083 3775 Domini

497 3811 764 3878 omnium,
787 3811 1040 3883 aequitate
1074 3819 1382 3881 acceperat,
1410 3810 1505 3865 Dei
1534 3817 1675 3865 erat.
1700 3809 1878 3865 Verba
1918 3809 2083 3866 etiam

498 3902 611 3977 ipsa
653 3901 1059 3976 Scripturarum
1090 3903 1164 3959 ita
1194 3920 1252 3960 se
1276 3903 1499 3959 habent.
1530 3901 1586 3976 (Ι
1621 3901 1750 3975 Reg.
1780 3903 1865 3958 16.
1900 3901 1988 3977 l3)
2012 3902 2085 3958 Et

495 3999 725 4069 perrexit
752 3996 989 4065 Samuel,
1025 3998 1222 4070 inquit,
1251 4008 1300 4052 et
1333 3997 1461 4052 abiit
1484 3997 1541 4051 in
1572 3995 1859 4063 Ramatlza,
1891 4005 1940 4052 et
1985 3999 2087 4069 spi-

498 4087 633 4141 ritus
658 4087 755 4141 Dei
787 4089 993 4144 recessit
1014 4106 1047 4143 a
1085 4087 1239 4156 Saul,
1271 4097 1320 4144 et
1347 4089 1737 4160 comprehendit
1766 4106 1885 4144 eum
1930 4089 2086 4160 spiri-

499 4182 583 4232 tus
610 4176 873 4249 malignus
907 4196 939 4232 a
981 4178 1234 4246 Domino,
1265 4188 1313 4234 et
1347 4179 1641 4250 suﬂ'ocabat
1669 4196 1808 4234 eum.
1840 4178 1907 4236 Et
1938 4181 2087 4235 dixe-

500 4282 623 4327 runt
645 4273 798 4345 pueri
828 4271 960 4329 Saul
988 4273 1059 4327 ad
1082 4290 1201 4327 eum
1224 4290 1243 4339 ;
1272 4271 1411 4328 Ecce
1433 4274 1651 4345 spiritus
1674 4273 1890 4329 Domini
1914 4273 2085 4330 malus

498 4366 726 4438 suffocat
771 4376 839 4423 te.
872 4367 989 4423 Hoc
1034 4367 1201 4439 igitur
1244 4383 1276 4423 a
1315 4367 1499 4437 pueris
1550 4364 1667 4437 ejus
1715 4368 1984 4439 quomodo
2016 4368 2088 4423 sit

500 4457 706 4517 dictum
728 4460 952 4531 spiritus
983 4460 1082 4515 Dei
1120 4459 1410 4532 malignus,
1442 4460 1723 4532 superiora
1748 4460 1917 4515 verba
1948 4460 2088 4517 indi-

500 4559 629 4607 cant
652 4553 927 4609 narrantis
958 4551 1275 4626 Scriptum,
1318 4562 1375 4609 et
1400 4554 1633 4610 dicentis
1668 4572 1679 4607 :
1710 4555 1929 4625 spiritus
1972 4573 2088 4609 ma-

502 4643 675 4718 lignus
728 4663 762 4699 a
815 4645 1065 4701 Domino.
1115 4645 1426 4702 Secundum
1477 4647 1581 4703 hoc
1625 4647 1773 4701 enim
1826 4646 2083 4715 Domini,

502 4736 648 4807 quod
679 4751 709 4792 a
735 4736 981 4805 Domino,
1017 4739 1145 4811 quia
1183 4754 1281 4810 per
1328 4739 1568 4809 seipsum
1618 4752 1817 4794 necare
1875 4739 1906 4779 δ
1950 4739 2088 4795 velle

502 4826 734 4883 habebat
765 4847 779 4880 :
809 4828 864 4884 id
896 4837 981 4884 est
1010 4829 1473 4901 comprehendere
1499 4828 1627 4885 Saul
1656 4848 1669 4882 :
1706 4844 1866 4901 posse
1905 4839 2087 4887 autem

504 4938 612 4978 non
659 4922 931 4992 habebat,
987 4924 1094 4980 nisi
1146 4939 1355 4979 summa
1390 4921 1607 4993 justitia
1646 4924 1922 4980 sineretur
1973 4944 1985 4980 :
2042 4927 2088 4982 si

504 5011 810 5082 euimjuste
832 5015 1072 5072 vindicat
1100 5016 1266 5083 Deus,
1297 5016 1749 5088 quemadmodum
1800 5017 1914 5088 ipse
1956 5018 2090 5073 dicit

505 5103 795 5174 Apostolus
830 5122 843 5158 :
889 5105 942 5176 (1
974 5105 1125 5161 Rom.
1171 5106 1227 5177 2)
1265 5123 1383 5162 cum
1408 5105 1571 5160 tradit
1596 5107 1829 5163 homines
1858 5109 1929 5163 ad
1960 5126 2088 5163 con-

502 5196 851 5267 cupiscentias
882 5199 1055 5254 cordis
1090 5216 1306 5266 eorum;
1332 5198 1409 5255 nil
1441 5200 1638 5257 mirum
1668 5202 1712 5257 si
1737 5202 2089 5259 nihilominus

497 5287 644 5359 justc
682 5288 963 5345 vindicans
1010 5291 1176 5346 tradit
1218 5292 1383 5347 etiam
1416 5307 1510 5348 eos
1539 5293 1593 5347 in
1642 5295 2089 5364 concupiscentias

501 5380 731 5440 aliorum
752 5398 948 5439 nocere
974 5383 1291 5449 volentium,
1324 5398 1421 5439 sua
1462 5399 1677 5456 semper
1721 5385 2087 5441 incommuta-

503 5473 600 5531 bili
644 5475 901 5546 aequitate
938 5482 1174 5529 servata.
1203 5472 1757 5530 Animadvertendum
1792 5481 1875 5530 est
1921 5488 2088 5542 sane,

508 5583 632 5625 cum
661 5569 1034 5626 additamenta
1054 5565 1159 5623 dici
1181 5565 1398 5639 spiritus
1411 5566 1509 5622 Dei
1536 5565 1729 5636 malus,
1754 5584 1879 5625 cum
1905 5576 2089 5624 autem

507 5663 887 5724 tantummodo
909 5662 1109 5719 dicitur
1133 5662 1348 5735 spiritus
1382 5662 1502 5731 Dei,
1528 5659 1745 5719 etiamsi
1784 5675 1892 5717 non
1924 5661 2092 5718 adda-

584 5841 610 5868 ι
641 5827 836 5881 Editus
857 5823 1191 5893 Augustinus
1216 5822 1337 5876 inde
1353 5800 1461 5893 'sit.

2185 3352 2286 3407 Dei
2315 3352 2582 3423 ferebatur
2608 3368 2767 3424 super
2786 3368 2951 3423 aquas
2993 3349 3147 3424 (Gen.
3189 3350 3240 3404 1.
3274 3348 3354 3423 2).
3398 3348 3561 3415 Nam,
3610 3356 3669 3404 et
3710 3346 3775 3403 ibi

2187 3446 2453 3517 Spiritum
2482 3456 2730 3503 sanctum
2769 3447 3019 3518 accipere
3046 3444 3175 3516 quid
3218 3440 3507 3515 impediat,
3542 3458 3654 3498 non
3704 3443 3777 3496 ia-

2184 3543 2365 3609 venio,
2396 3554 2517 3598 cum
2545 3544 2691 3598 enim
2718 3558 2983 3614 aquarum
3014 3541 3234 3598 nomine
3278 3538 3370 3594 illa
3409 3539 3676 3595 materies
3704 3539 3779 3592 in-

2186 3634 2501 3689 sinuaretur
2546 3633 2816 3702 informis,
2849 3650 2969 3707 quae
3016 3632 3082 3690 de
3122 3632 3296 3688 nihilo
3318 3629 3469 3687 facta
3508 3639 3614 3697 est,
3646 3632 3775 3687 unde

2186 3726 2369 3781 omnia
2411 3724 2650 3781 tierent:
2696 3728 2819 3797 quis
2867 3726 3119 3798 prohibet
3168 3722 3475 3796 intelligere
3520 3723 3775 3795 Spiritum

2187 3828 2436 3877 sanctum
2484 3819 2798 3888 conditoris,
2833 3820 2977 3889 quod
3009 3816 3453 3889 superlerebatur
3495 3816 3623 3871 huic
3672 3830 3777 3870 ma-

2188 3909 2359 3977 teriae,
2400 3925 2508 3964 non
2552 3908 2794 3965 locorum
2827 3908 3107 3981 gradibus,
3141 3907 3560 3978 intervallisque
3590 3908 3779 3978 spatio-

2188 4018 2341 4068 rum;
2367 4003 2512 4075 quod
2547 4017 2889 4073 nequaquam
2921 4001 2988 4059 de
3016 4001 3123 4057 ulla
3152 4014 3212 4056 re
3252 4000 3580 4072 incorporea
3639 4009 3777 4055 mle

2188 4096 2405 4162 dicitur,
2438 4095 2533 4152 sed
2558 4094 2876 4151 excellentia
2911 4100 2966 4149 et
3008 4093 3305 4149 eminentia
3331 4091 3671 4148 dominantis
3697 4106 3775 4145 sn-

2186 4204 2285 4263 pra
2311 4188 2493 4245 omnia
2515 4190 2830 4256 voluntatis,
2867 4198 2927 4245 ut
2967 4188 3148 4243 omnia
3202 4187 3619 4244 conderentur?
3643 4200 3771 4258 prx-

2188 4282 2379 4339 sertim
2414 4297 2539 4338 cum
2575 4298 2640 4337 ea
2690 4281 2912 4349 locutio,
2941 4283 3082 4339 sicut
3110 4280 3326 4337 illarum
3377 4280 3772 4353 scripturam

2189 4394 2307 4434 mos
2334 4385 2441 4446 est,
2478 4379 2642 4434 etiam
2663 4378 3041 4451 propheticum
3070 4377 3343 4450 quoddam
3377 4387 3547 4435 sonat
3593 4386 3773 4449 mystc-

2190 4473 2351 4540 rium,
2376 4489 2483 4544 quo
2506 4471 2673 4527 futuri
2700 4472 3041 4544 baptismatis
3060 4488 3226 4543 aqua,
3258 4478 3315 4529 et
3347 4470 3568 4545 Spiritu
3604 4480 3772 4530 sancto

2192 4566 2453 4622 nascituri
2474 4564 2655 4637 populi
2684 4565 3008 4638 ﬁgurantur.
3041 4564 3160 4621 Non
3198 4579 3331 4637 ergo
3377 4567 3557 4636 cogit,
3601 4576 3662 4621 ut
3701 4563 3773 4619 di-

2191 4666 2336 4713 ctum
2366 4667 2471 4726 est,
2500 4667 2549 4714 et
2570 4658 2787 4729 spiritus
2815 4656 2916 4713 Dei
2939 4657 3207 4730 ferebatur
3225 4675 3385 4729 super
3409 4676 3588 4732 aquas
3605 4701 3621 4723 ,
3644 4656 3767 4713 illum

2194 4750 2493 4821 intelligere
2520 4750 2772 4821 spiritum
2801 4749 2968 4823 (sicut
3016 4748 3261 4805 nonnulli
3303 4749 3647 4824 intelligunt)
3682 4762 3771 4821 quo

2192 4841 2381 4895 mundi
2410 4839 2579 4895 moles
2601 4840 2855 4896 universa
2884 4841 2990 4896 ista
3019 4856 3283 4913 corporea
3310 4840 3466 4895 velut
3491 4843 3767 4897 animatur.

2191 4932 2259 4990 ad
2299 4933 2659 4989 ministerium
2705 4948 3045 5006 quorumque.
3086 4933 3461 5006 gignentium,
3489 4941 3551 4990 et
3596 4934 3651 4989 in
3690 4942 3769 4986 sua

2193 5027 2375 5098 specie
2438 5026 2892 5083 continendarum
2952 5025 3318 5097 corporalium
3380 5035 3763 5083 creaturarum.

2191 5117 2451 5174 Creatura
2484 5126 2568 5174 est
2591 5118 2735 5173 enim
2763 5115 3022 5189 quidquid
3042 5125 3127 5174 est
3152 5116 3277 5174 tale.
3301 5116 3439 5179 illud
3460 5118 3632 5175 etiam
3651 5113 3767 5188 quod

2193 5210 2455 5283 scriptum
2487 5216 2570 5264 est
2602 5227 2614 5262 :
2651 5206 2801 5280 (Sap.
2836 5208 2888 5263 1.
2919 5209 2975 5283 7)
3022 5209 3271 5281 quoniam
3306 5206 3549 5281 Spiritus
3579 5205 3767 5265 Domini

2196 5302 2401 5374 replevit
2430 5300 2603 5356 orbem
2633 5309 2915 5368 terrarum,
2960 5314 3069 5356 non
3119 5301 3334 5367 desunt,
3386 5302 3483 5373 qui
3538 5301 3767 5358 eumdem

2194 5395 2445 5466 spiritum
2476 5393 2646 5450 velint
2674 5394 2955 5465 accipere;
3003 5392 3329 5449 invisibilem
3380 5392 3598 5451 scilicet
3640 5406 3769 5451 cm.

2197 5498 2377 5547 turam
2401 5496 2597 5545 cuncta
2636 5488 2873 5545 visibilis
2916 5488 3212 5545 universali
3240 5489 3476 5562 quadam
3503 5488 3769 5560 wnspirl-

2201 5584 2344 5639 tione
2399 5589 2739 5656 vegetantem
2803 5589 2967 5655 atque
3015 5581 3401 5638 continentem.
3452 5580 3562 5638 Sed
3608 5590 3767 5648 neque

2200 5679 2291 5736 hic
2334 5679 2490 5736 video
2533 5679 2663 5749 quid
2700 5677 2964 5749 impediat
2995 5675 3260 5750 Spiritum
3289 5684 3541 5735 sanctum
3580 5670 3760 5733 intelli-

586 5898 615 5937 δ
656 5896 848 5951 Editus
897 5881 1078 5948 ηὸεενε
1103 5908 1121 5945 :
1150 5902 1311 5949 antea
1350 5892 1566 5946 dixerat
1615 5892 1912 5958 suffocare;
1954 5890 2049 5946 sed
2088 5886 2232 5947 infra
2262 5883 2394 5941 dicit
2423 5900 2608 5939 nocere
2630 5881 2932 5938 volentium.
