3940 6340
1093 339 1553 411 ουιετιοκεδ
1585 340 1739 404 XXX
1767 341 2004 406 SUPER
2033 339 2278 399 LIBROS
2311 341 2574 400 REGUM.

3339 357 3446 417 670

199 473 361 532 gere,
392 473 515 514 cum
540 455 655 530 ipse
677 457 822 518 Deus
849 457 995 518 dicat
1034 461 1522 532 apud'Prophetam
1548 462 1779 518 :cmlum
1803 466 1859 529 Α
1882 459 2123 514 additum
2172 457 2364 526 malus,
2416 462 2541 531 quia
2591 461 2749 532 paulo
2783 466 3033 537 superius
3070 468 3183 540 jam
3239 473 3444 534 dictum

201 558 268 608 et
298 558 502 610 terram
525 565 626 620 ego
659 551 856 622 impleo
886 569 900 606 :
941 551 1074 622 (Jer.
1104 553 1192 608 ΞΩ.
1235 554 1325 626 24)
1354 569 1461 612 non
1486 556 1631 611 enim
1657 555 1777 612 sine

201 660 311 706 suo
345 644 548 714 Spiritu
597 654 784 702 sancto
813 646 1000 715 implet
1047 647 1189 703 Deus
1220 649 1415 704 cmlum
1445 661 1500 706 et
1549 660 1770 710 terram.

199 734 347 803 Quid
377 751 506 806 ergo
533 735 730 792 mirum
754 737 799 792 si
822 737 886 793 de
909 737 1111 809 Spiritu
1137 750 1322 795 sancto
1335 743 1450 812 ejus
1471 743 1670 798 dictum
1692 753 1774 800 est

197 826 436 896 replevit
463 828 649 882 orbem
688 829 994 883 terrarum?
1020 830 1178 886 aliter
1201 832 1344 887 enim
1372 834 1541 902 replet
1579 836 1774 890 sancti-

198 917 441 985 ﬁcando,
474 920 615 976 sicut
659 922 726 978 de
775 921 1048 992 Stephano
1094 923 1264 994 (Acta.
1320 926 1372 980 6.
1404 927 1438 982 5
1488 936 1536 982 et
1584 928 1636 983 7.
1680 929 1770 1002 55)

197 1009 440 1066 dicitur:
472 1011 695 1082 repletus
735 1021 811 1068 est
853 1013 1055 1085 Spiritu
1089 1028 1290 1083 sancto,
1347 1027 1403 1074 et
1448 1019 1514 1076 de
1559 1023 1772 1079 caneris

196 1102 423 1159 talibus.
473 1104 645 1162 Aliter
694 1121 824 1179 ergo
868 1108 1038 1178 replet
1081 1121 1108 1149 ε
1157 1111 1529 1168 sanctiﬁcante
1572 1115 1768 1185 gratia,

192 1195 624 1266 sicutquosdam
671 1208 908 1264 sanctos,
947 1201 1107 1258 aliter
1138 1201 1385 1258 adstante
1425 1213 1586 1274 atque
1625 1207 1772 1263 ordi-

1877 559 2015 617 erat,
2045 549 2185 606 etde
2214 551 2488 608 vicinitate
2515 551 2808 624 Scripturae
2829 559 3105 616 subaudiri
3127 571 3182 619 et
3215 565 3444 641 intelligi

1874 656 2105 718 poterat.
2157 649 2235 704 Ita
2259 651 2400 706 enim
2430 651 2482 706 in
2506 651 2766 722 ejusmodi
2793 656 3191 725 exemplaribus
3213 662 3440 732 legitur:

1877 739 2039 809 (Ibid.
2068 740 2156 812 23)
2197 741 2369 811 Igitur
2399 743 2808 815 quandocunque
2829 747 3445 824 spiritusDeiarripiebat

1875 828 2031 895 Saul,
2054 829 2262 885 tollebat
2298 832 2467 888 David
2505 835 2792 903 citharam,
2840 847 2890 890 et
2929 841 3247 908 percutiebat
3283 862 3443 902 manu

1873 940 1993 989 sua,
2028 933 2075 978 et
2097 923 2491 992 refocillabatur
2515 926 2667 994 Saul,
2695 939 2743 984 et
2763 929 2925 985 levius
2950 931 3172 989 habebat
3200 951 3218 990 :
3243 939 3446 995 recede-

1874 1013 1960 1068 bat
1983 1019 2118 1070 enim
2148 1018 2212 1070 ab
2261 1033 2319 1072 eo
2365 1019 2582 1088 spiritus
2609 1019 2798 1080 malus.
2842 1021 2966 1078 Sive
3008 1039 3137 1096 ergo
3176 1028 3318 1097 quod
3364 1030 3445 1085 di-

1872 1119 2016 1166 ctum
2057 1109 2146 1164 hic
2186 1120 2423 1175 nonest,
2475 1115 2694 1183 spiritus
2740 1115 2872 1181 Dei,
2921 1117 3014 1173 sed
3069 1123 3441 1178 tantummodo

1869 1205 2082 1270 spiritus
2111 1203 2299 1269 malus,
2324 1206 2465 1274 quod
2492 1207 2564 1262 ibi
2588 1208 2979 1266 minusdictum
3008 1220 3140 1275 erat,
3176 1221 3432 1284 tanquam

191 1300 366 1348 nante
393 1294 678 1362 pmsentia
721 1294 861 1350 sicut
889 1295 1088 1350 omnia.
1138 1296 1500 1363 Quamobrem
1543 1302 1766 1368 nescio,
1869 1294 2138 1350 redditum
2165 1307 2426 1366 apparet:
2458 1299 2570 1354 sive
2620 1301 2746 1369 quia
2791 1303 3038 1372 superius
3084 1305 3159 1360 ita
3203 1307 3436 1376 positum

189 1392 381 1438 utrum
406 1392 554 1442 certo
589 1385 770 1455 aliquo
805 1386 1126 1443 documento
1164 1388 1556 1459 scripturarum
1599 1395 1769 1463 possit
1869 1393 1984 1438 erat
2012 1399 2026 1438 :
2054 1385 2213 1456 (Ibid.
2253 1387 2318 1442 15
2347 1398 2395 1440 et
2421 1389 2505 1456 16)
2527 1399 2574 1443 et
2597 1390 2840 1445 dixerunt
2863 1394 2994 1448 servi
3019 1393 3149 1450 Saul
3179 1398 3247 1450 ad
3268 1415 3388 1452 eum
3415 1413 3434 1453 :

188 1475 427 1541 ostendi,
481 1491 605 1532 cum
641 1476 762 1534 sine
791 1478 898 1533 ullo
927 1479 1291 1536 additamenta
1313 1482 1510 1537 dicitur
1537 1484 1766 1556 spiritu;
1865 1490 1980 1529 ecce
2001 1473 2228 1546 Spiritus
2256 1477 2352 1530 Dei
2383 1478 2554 1533 malus
2591 1482 2820 1550 exagitat
2855 1492 2934 1548 te;
2961 1484 3141 1553 jubeat
3180 1485 3436 1542 Dominus

187 1563 317 1630 Dei,
348 1565 432 1621 vel
478 1563 708 1636 Spiritus
755 1568 993 1634 Domini,
1015 1570 1216 1639 aliquid
1248 1572 1392 1627 aliud
1434 1574 1724 1644 signiﬁcari
1747 1617 1763 1642 ,
1865 1576 2073 1630 noster;
2103 1576 2149 1620 et
2171 1569 2420 1630 scrvitui,
2442 1571 2532 1640 qui
2562 1589 2737 1626 coram
2758 1582 2806 1626 te
2831 1585 2970 1638 sunt,
2999 1588 3234 1646 quierant
3265 1580 3435 1634 Itami-

186 1672 358 1726 quam
385 1656 648 1726 Spiritum
689 1667 954 1716 sanctum.
996 1659 1101 1717 Sed
1140 1671 1196 1717 et
1228 1664 1273 1718 si
1305 1673 1388 1718 est
1430 1664 1568 1720 forte
1619 1669 1763 1738 quod
1864 1673 1980 1711 nem
2000 1659 2242 1714 scientem
2273 1659 2495 1730 psallere
2541 1664 2764 1727 cit/rara,
2800 1674 2858 1718 ut
2899 1667 3108 1736 quando
3154 1671 3434 1739 arripuerit

189 1747 247 1802 in
274 1751 682 1817 praesentiarum
730 1767 837 1807 non
878 1761 1150 1820 occurrat,
1179 1755 1305 1809 illud
1335 1764 1482 1811 certe
1527 1758 1762 1814 arbitror
1860 1760 1911 1806 te
1931 1753 2147 1838 spiritus
2175 1752 2274 1808 Dei
2301 1754 2470 1810 malus
2491 1797 2504 1820 ,
2537 1756 2727 1827 psallat
2750 1775 2910 1814 manu
2931 1777 3050 1825 sua,
3087 1770 3136 1816 et
3160 1762 3318 1818 levius
3359 1764 3436 1834 fe-

185 1856 298 1895 non
328 1849 529 1898 temere
559 1842 663 1899 dici
691 1845 940 1914 quotiens
974 1845 1026 1899 in
1057 1847 1257 1901 sanctis
1281 1847 1506 1916 eloquiis
1527 1865 1761 1907 comme-
1785 1851 1834 1913 B
1863 1861 1969 1900 ταδο
1989 1845 2103 1901 Νοη
2132 1854 2251 1901 erat
2279 1863 2436 1916 οριιε,
2461 1857 2520 1902 ut
2543 1865 2756 1905 rursum
2780 1852 3434 1925 dicerelllr,quandocun-

187 1941 436 1990 moratur
465 1932 694 2004 Spiritus
717 1935 835 2000 Dei,
878 1951 978 1992 nec
1019 1937 1236 1992 additur
1265 1939 1488 2008 aliquid,
1517 1942 1630 1997 sive
1671 1944 1759 1999 ille
1863 1954 1968 2008 que
2008 1939 2230 2008 spiritus
2261 1941 2356 1996 Dei
2411 1943 2709 2012 arripiebat
2759 1944 2921 2013 Saul,
2971 1949 3168 2005 addere
3211 1949 3429 2016 malum,

183 2025 359 2091 Patri,
384 2035 440 2082 et
462 2027 600 2082 Filio
623 2029 1092 2086 consubstantialis
1112 2030 1344 2102 Spiritus
1382 2042 1621 2100 sanctus,
1645 2036 1758 2092 sive

185 2116 372 2186 aliqua
420 2118 707 2175 invisibilis
753 2131 1001 2176 creatura
1050 2122 1406 2194 intelligatur,
1443 2126 1642 2181 malum
1679 2136 1758 2182 ta-

181 2226 312 2265 men
353 2226 461 2266 non
486 2226 644 2281 posse
689 2212 934 2283 intelligi,
971 2214 1073 2268 nisi
1110 2215 1271 2268 etiam
1303 2215 1534 2270 addatur
1561 2217 1752 2272 malus.

183 2300 332 2356 Malo
359 2303 525 2368 enim,
553 2303 678 2372 quia
702 2303 838 2359 bene
879 2306 1047 2359 utitur
1083 2306 1248 2370 Deus,
1279 2308 1346 2362 ad
1396 2309 1756 2364 ministerium

182 2394 368 2463 iudicii
414 2397 518 2461 sui,
557 2397 855 2469 appellatur
898 2399 1062 2455 etiam
1109 2400 1223 2469 ipse
1266 2401 1486 2471 spiritus
1539 2402 1634 2457 Dei
1687 2404 1755 2458 ad

181 2491 476 2546 vindictam
516 2494 813 2560 malorum,
847 2502 903 2549 et
947 2495 1305 2566 disciplinam,
1356 2497 1441 2552 vel
1487 2497 1752 2555 bonorum

179 2583 578 2652 probationem.

261 2692 281 2726 ι
328 2675 437 2730 Nec
479 2675 609 2730 illud
634 2674 746 2744 jam
785 2691 1003 2732 movere
1049 2691 1150 2733 nos
1176 2677 1351 2742 debet,
1397 2679 1539 2749 quod
1566 2689 1752 2750 postea

181 2767 444 2837 scriptum
487 2775 616 2823 est:
659 2768 714 2839 (Ι
766 2768 895 2840 Reg.
952 2770 1038 2824 19.
1085 2769 1176 2841 25)
1225 2771 1471 2826 eumdem
1534 2771 1751 2828 Saulem

179 2863 374 2933 spiritu
413 2862 508 2917 Dei
562 2877 726 2934 super
764 2879 822 2919 se
870 2863 1011 2918 facto
1048 2864 1418 2935 pmphetasse.
1470 2864 1750 2932 Quomodo

178 2963 302 3024 post
334 2955 533 3010 bonum
569 2956 821 3024 spiritum
849 2956 1069 3026 spiritus
1092 2956 1282 3021 malus,
1311 2965 1368 3011 et
1395 2972 1608 3011 rursum
1628 2965 1750 3025 post

177 3047 381 3102 malum
452 3049 665 3104 bonus?
743 3046 854 3104 Hoc
901 3049 1045 3104 enim
1111 3049 1171 3103 ﬁt
1232 3065 1336 3103 non
1390 3049 1750 3105 mutabilitate

175 3139 412 3210 Spiritus
461 3141 661 3204 sancti,
722 3142 812 3210 qui
867 3149 951 3196 est
1004 3141 1353 3196 immutabilis
1413 3157 1534 3196 cum
1586 3141 1747 3196 Patre

1859 2029 1986 2098 quia
2016 2038 2200 2084 notum
2226 2042 2361 2095 erat,
2396 2033 2464 2088 de
2487 2049 2594 2103 quo
2627 2043 2756 2090 tunc
2787 2038 3079 2094 diceretur.

1927 2122 1955 2161 ἀ
2009 2140 2028 2174 ί
2082 2123 2266 2193 Itaque
2333 2123 2462 2179 Sattl
2516 2137 2738 2197 propter
2781 2128 3202 2186 inobedientiam
3246 2146 3433 2202 repro-

1857 2211 2004 2276 bate.
2041 2215 2206 2268 mittit
2267 2215 2527 2272 Dominus
2575 2217 2791 2274 Samuel
2835 2221 2902 2274 ad
2948 2221 3073 2285 lsai,
3117 2232 3170 2277 et
3216 2231 3430 2293 sumptu

1856 2321 2022 2362 cornu
2064 2309 2167 2363 olei
2215 2310 2368 2364 unxit
2414 2311 2469 2364 in
2516 2325 2697 2381 regem
2755 2312 2944 2368 David.
2997 2313 3101 2368 Sed
3153 2315 3430 2370 videamus

1855 2401 2103 2456 eumdem
2131 2401 2295 2456 David
2321 2403 2590 2472 quomodo
2612 2402 2884 2458 Christum
2904 2406 3216 2475 prophetico
3266 2406 3431 2476 signi-

1855 2491 2115 2548 ﬁcaverit.
2154 2505 2176 2533 θ
2215 2493 2384 2548 David
2425 2495 2568 2549 enim
2615 2494 3006 2565 interpretatur
3042 2513 3200 2552 manu
3245 2497 3424 2560 fortis,

1854 2582 1968 2638 sive
1995 2583 2386 2639 desiderabilis.
2421 2585 2489 2638 Et
2521 2584 2650 2653 quid
2683 2583 2876 2639 fortius
2904 2585 3057 2640 leone
3079 2586 3169 2640 illo
3193 2586 3259 2640 de
3282 2587 3425 2642 tribu

1853 2671 2010 2738 Juda,
2042 2673 2221 2745 (Apoc.
2263 2674 2314 2729 5.
2351 2676 2405 2745 5)
2454 2676 2544 2745 qui
2576 2675 2707 2730 vicit
2736 2678 3030 2732 mundum?
3054 2678 3118 2732 Et
3143 2678 3270 2747 quid
3296 2678 3430 2734 desi-

1854 2764 2143 2820 derabilius
2165 2767 2276 2831 illo,
2305 2767 2372 2822 de
2402 2783 2509 2836 quo
2535 2767 2732 2823 dicitur
2757 2787 2768 2822 :
2805 2768 2923 2839 (Ag.
2951 2770 3006 2822 ~2.
3039 2770 3094 2838 8)
3144 2772 3303 2826 veniet
3331 2771 3422 2826 de-

1851 2856 2112 2911 sideratus
2138 2859 2335 2942 cunqis
2362 2859 2634 2929 gentibus?
2665 2861 2892 2931 Ungitur
2914 2863 3016 2916 iste
3046 2862 3210 2917 David
3243 2865 3295 2917 iu
3337 2879 3422 2918 re-

1852 2963 1994 3017 gem,
2018 2948 2259 3003 futurum
2281 2949 2609 3006 denuntians
2629 2965 2726 3020 per
2743 2953 3047 3008 unctionem
3069 2953 3235 3018 illam,
3263 2955 3420 3009 Chri-

1851 3046 1996 3092 stum
2035 3059 2045 3091 :
2077 3039 2326 3097 Christus
2354 3043 2499 3097 enim
2527 3058 2558 3096 a
2584 3042 2874 3099 chrismate
2903 3045 3218 3115 appellatur.
3254 3046 3422 3100 David

1855 3131 1922 3186 ab
1953 3130 2132 3186 officio
2158 3133 2413 3202 pastorali
2449 3149 2727 3203 pecorum,
2776 3135 2842 3190 ad
2885 3136 3161 3190 hominum
3200 3151 3423 3206 regnum

173 3207 235 3288 et
259 3232 410 3294 Filio,
465 3233 557 3287 sed
606 3207 961 3288 mutabilitate
1003 3232 1167 3288 animi
1203 3233 1421 3288 humani
1453 3233 1563 3288 Deo
1613 3250 1746 3288 cun-
1776 3209 1821 3272 Ε
1855 3207 2196 3278 transfertur-
2227 3223 2420 3280 Noster
2446 3233 2625 3279 autem
2661 3225 2827 3282 David
2861 3227 2975 3296 ipse
3003 3226 3161 3282 Iesus
3201 3228 3268 3282 ab
3308 3227 3422 3283 ovi-

174 3333 267 3377 cta
321 3323 705 3389 distribuente,
763 3325 878 3379 sive
931 3324 1088 3379 malis
1133 3340 1233 3393 pro
1281 3325 1476 3379 merito
1525 3326 1747 3380 damna-

171 3416 373 3480 tionis,
427 3416 508 3472 vel
559 3418 984 3483 emendationis,
1023 3418 1136 3473 sive
1163 3417 1322 3472 bonis
1365 3434 1462 3488 pro
1503 3418 1749 3489 largitate

174 3509 367 3577 gratim
421 3523 551 3565 sure.
595 3508 915 3580 Quanquam
962 3510 1132 3564 videri
1181 3510 1350 3578 possit
1389 3510 1549 3564 etiam
1605 3509 1746 3564 idem

167 3599 342 3654 fuisse
370 3601 463 3655 Dei
506 3600 739 3670 Spiritus
789 3616 1002 3671 semper
1033 3601 1085 3655 in
1127 3600 1298 3656 Saul:
1334 3602 1509 3656 malus
1568 3610 1746 3656 autem

169 3691 272 3752 illi,
300 3692 442 3761 quod
471 3692 588 3761 ejus
612 3691 915 3746 sanctitatis
940 3707 1112 3762 capax
1142 3707 1247 3746 non
1270 3700 1436 3746 esset.
1487 3691 1592 3748 Sed
1637 3708 1744 3748 non

169 3793 320 3838 recte
354 3783 456 3839 hoc
501 3784 754 3839 videtur:
785 3785 953 3838 tutior
998 3792 1082 3838 est
1113 3785 1258 3839 enim
1309 3785 1398 3838 ille
1435 3801 1647 3850 sensus,
1691 3792 1748 3840 et

167 3874 373 3937 verior,
407 3882 466 3928 ut
494 3889 593 3944 pro
618 3875 977 3930 mutabilitate
1017 3873 1317 3930 aﬂectionis
1347 3877 1596 3931 humana:
1630 3877 1742 3947 spi-

165 3965 312 4021 ritus
335 3964 430 4020 Dei
455 3966 628 4022 bonus
659 3967 686 4005 b
710 3967 909 4022 bonum
933 3966 1150 4032 alliciat,
1179 3967 1263 4021 vel
1286 3967 1352 4022 ad
1377 3969 1739 4037 prophetiam,

161 4057 259 4112 vel
288 4056 354 4111 ad
377 4073 510 4128 opus
540 4059 817 4129 quodlibet
847 4058 992 4114 aliud
1027 4059 1082 4113 in
1110 4074 1333 4114 munere
1359 4059 1573 4124 divino;
1629 4057 1742 4113 atil-

161 4148 282 4203 ciat
311 4157 487 4204 autem
517 4149 708 4214 malus,
738 4160 761 4188 °
790 4149 881 4219 qui
931 4158 1148 4220 pr0pter
1205 4151 1566 4205 ministerium
1600 4151 1738 4206 divi-

159 4255 253 4296 na:
277 4240 544 4309 aequitatis
569 4241 749 4296 omnia
785 4241 1182 4308 distribuentis,
1225 4250 1281 4297 et
1304 4243 1554 4298 omnibus
1597 4250 1742 4297 recte

161 4335 372 4390 utentis
405 4335 603 4391 dicitur
629 4345 686 4392 et
714 4336 830 4406 ipse
852 4334 1085 4405 Spiritus
1108 4336 1202 4391 Dei
1233 4354 1244 4390 :
1284 4337 1585 4406 praesertim
1613 4336 1741 4406 quia

157 4427 371 4482 dictum
389 4433 476 4481 est
505 4425 552 4499 (ι
581 4425 708 4497 Reg.
738 4427 824 4482 16.
855 4426 944 4498 14)
988 4428 1194 4482 recessit
1224 4427 1288 4482 ab
1314 4445 1374 4483 eo
1393 4429 1607 4498 spiritus
1622 4429 1734 4494 Dei,

153 4526 213 4572 et
241 4516 626 4586 comprehendit
673 4534 792 4572 eum
838 4518 1052 4589 spiritus
1098 4519 1356 4589 malignus
1405 4538 1436 4573 a
1473 4520 1737 4585 Domino;

156 4608 316 4664 nullo
343 4619 500 4678 pacto
528 4612 671 4666 enim
724 4619 900 4680 potest
949 4611 1089 4667 idem
1119 4612 1289 4667 videri
1340 4612 1630 4667 recessisse
1681 4620 1738 4668 et

155 4701 606 4771 apprehendisse.
635 4702 807 4759 Porro
841 4710 1020 4758 autem
1062 4705 1117 4759 in
1161 4703 1432 4760 nonnullis
1465 4704 1738 4774 exempla-

155 4793 338 4857 ribus,
369 4805 424 4849 et
451 4795 529 4850 eis
563 4797 819 4861 maxime,
850 4799 942 4868 qui
973 4798 1037 4852 de
1059 4796 1237 4868 lingua
1271 4797 1492 4853 llebrata
1516 4799 1583 4854 ad
1610 4813 1734 4852 ver-

149 4887 292 4942 bum
319 4886 569 4943 videntur
605 4903 882 4960 expressa,
931 4889 1202 4944 invenitur
1232 4887 1461 4960 Spiritus
1483 4889 1580 4943 Dei
1621 4890 1738 4947 sine

147 4979 533 5036 additamenta
573 4983 804 5052 positus,
847 4990 902 5037 et
949 4982 1266 5052 intelligitur
1309 4983 1504 5048 malus,
1554 5000 1621 5039 ex
1673 5001 1737 5040 eo

151 5071 308 5139 quod
334 5073 629 5142 arripiebat
658 5071 808 5138 Saul,
851 5082 904 5127 et
939 5073 1214 5128 reﬁciebat
1242 5091 1362 5130 eum
1395 5076 1563 5130 David
1608 5087 1730 5131 tan-

139 5164 336 5234 gendo
367 5165 649 5222 citharam.
697 5163 1037 5221 Manifestum
1083 5173 1167 5219 est
1207 5175 1407 5232 tamen,
1459 5167 1579 5221 ideo
1624 5183 1730 5222 non

225 5354 250 5414 tl
289 5341 554 5399 Nonnulla
597 5343 872 5400 adduntur
899 5343 954 5397 in
979 5343 1162 5409 editis,
1194 5356 1313 5413 quae
1365 5356 1554 5398 revera
1581 5357 1732 5414 repe-

139 5413 278 5469 titio
302 5416 644 5484 superiorum
670 5415 922 5470 videntur
946 5429 1085 5470 esse.

227 5486 255 5524 ιι
311 5485 499 5541 Editus
529 5487 672 5542 bene.

225 5567 250 5594 ε
300 5557 538 5612 Additur
567 5559 622 5611 in
648 5557 808 5612 editis
837 5557 990 5612 male.

221 5626 251 5699 tl
319 5627 542 5698 Sumpta
590 5637 716 5683 sunt
756 5630 872 5684 haec
921 5645 987 5683 ex
1044 5643 1163 5699 cap.
1216 5627 1249 5684 9
1302 5627 1492 5684 lsidori
1535 5628 1590 5683 in
1636 5627 1728 5682 lib.

136 5714 160 5754 ι
202 5697 344 5766 Reg.

227 5780 251 5806 ε
329 5769 612 5852 Compara“
636 5771 750 5852 haec
779 5787 901 5826 cum
933 5771 1375 5852 iis,_qu_a:trat1it
1402 5770 1625 5852 August.
1672 5787 1727 5824 n.

140 5841 170 5896 Ι
189 5881 204 5893 .
223 5855 399 5896 serm.
425 5839 480 5894 li
493 5839 548 5896 in
577 5841 714 5896 Psal.
731 5858 912 5896 xxxrv.
933 5839 1105 5898 Verba
1131 5843 1276 5904 hmc:
1297 5841 1463 5895 David
1487 5839 1737 5911 interpre-

1851 3317 1953 3371 bus
1967 3315 2203 3371 Iudaicae
2216 3315 2388 3386 plebis
2408 3315 2638 3380 ablatus,
2665 3317 2716 3372 in
2740 3332 2961 3388 regnum
2991 3319 3231 3388 gentium
3251 3326 3423 3374 trans-

1850 3407 1992 3462 latus
2030 3418 2132 3462 est.
2163 3407 2222 3461 ln
2263 3406 2444 3462 Iudaea
2476 3409 2619 3462 enim
2649 3408 2804 3480 plebe
2825 3425 2930 3464 non
2955 3420 3036 3465 est
3077 3412 3235 3466 modo
3264 3411 3422 3466 Chri-

1851 3509 1959 3560 tus,
1985 3499 2193 3555 ablatus
2215 3508 2298 3555 est
2328 3498 2510 3565 modo,
2541 3515 2684 3556 nunc
2706 3501 2943 3571 gentium
2987 3517 3176 3572 greges
3225 3503 3417 3573 pascit.

1847 3594 1980 3649 Erat
2028 3603 2208 3650 autem
2258 3594 2424 3649 David
2487 3594 2544 3648 in
2589 3595 2816 3650 canticis
2870 3595 3090 3650 musicis
3138 3597 3417 3661 eruditus;

1848 3691 2184 3744 diversorum
2200 3689 2343 3744 enim
2368 3703 2622 3744 sonorum
2647 3687 2982 3742 rationabilis
3007 3686 3420 3756 modulatnsque

1845 3791 2142 3838 concentus
2190 3782 2443 3837 concordi
2493 3781 2754 3836 varietate
2796 3789 3108 3848 compactus
3156 3779 3418 3834 ordinata

1844 3874 2097 3930 Ecclesia:
2115 3874 2353 3928 insinuat
2366 3872 2627 3925 unitatem
2638 3911 2650 3934 ,
2675 3884 2794 3939 quae
2812 3869 2976 3922 variis
2989 3867 3164 3922 modis
3177 3867 3416 3936 quotidie

1845 3973 2082 4030 resonat,
2107 3973 2160 4019 et
2189 3964 2452 4018 suavitate
2481 3961 2708 4032 mystica
2737 3959 3063 4015 modulatur.
3093 3959 3199 4016 Iste
3239 3961 3416 4016 adhuc

1841 4072 1976 4130 puer
2001 4058 2056 4112 in
2093 4057 2300 4112 cithara
2349 4055 2612 4118 suaviter,
2645 4053 2752 4108 imo
2794 4050 3008 4108 fortiter
3037 4067 3256 4118 canens,
3299 4068 3415 4107 ma-

1841 4153 2046 4224 lignum
2081 4151 2346 4221 spiritum,
2376 4150 2469 4219 qui
2517 4147 2840 4218 operabatur
2880 4147 2936 4201 in
2985 4145 3168 4212 Saule,
3198 4162 3414 4216 compe-

1842 4246 2000 4301 scuit.
2017 4265 2033 4296 ι
2055 4244 2189 4298 Nam
2209 4243 2329 4313 quis
2356 4242 2578 4297 citharas
2604 4241 2746 4296 illius
2766 4248 2918 4295 tanta
2939 4240 3114 4294 virtus
3135 4240 3287 4295 erat?
3314 4238 3411 4294 sed

1841 4338 2013 4409 figura
2047 4335 2225 4392 crucis
2249 4335 2476 4400 Christi,
2531 4350 2652 4404 qua:
2696 4333 2763 4388 de
2803 4333 2950 4404 ligno
2999 4341 3054 4386 et
3097 4330 3410 4386 extensione

1840 4445 2130 4485 nervorum
2163 4429 2389 4499 mystice
2418 4426 2724 4498 gerebatur,
2754 4426 2974 4496 ipsaque
3008 4424 3189 4495 passio
3216 4429 3407 4477 canta-

1841 4522 2024 4586 batur,
2048 4521 2102 4574 in
2131 4521 2234 4575 hoc
2280 4519 2523 4574 tribuens
2567 4518 2846 4574 moraliter
2865 4516 3195 4586 exemplum,
3221 4522 3282 4568 ut
3329 4513 3409 4567 fa-

1840 4626 1984 4674 stum
2025 4613 2251 4669 divitum
2297 4627 2547 4668 sermone
2598 4611 2785 4667 humili
2840 4611 2907 4665 ad
2956 4607 3159 4678 aliquid
3207 4608 3406 4662 bonum

1836 4722 2209 4781 provocemus.

1916 4799 1936 4838 f
1971 4818 1989 4849 ι
2023 4798 2346 4869 Plerumque
2365 4798 2528 4854 etiam
2564 4795 2826 4868 superbus
2847 4793 2996 4850 dives
3015 4790 3408 4848 exhortationis

1839 4893 2213 4949 blandimento
2239 4892 2535 4962 placandus
2557 4898 2674 4945 est:
2705 4889 2830 4958 quia
2860 4895 2913 4942 et
2937 4885 3253 4956 plerumque
3274 4885 3405 4939 dura

1845 4987 1870 5026 δ
1901 4985 2124 5039 vulnera
2163 4999 2259 5053 per
2316 4984 2458 5038 lenia
2507 4982 2744 5036 fomenta
2778 4979 3120 5042 mollescunt,
3152 4986 3208 5032 et
3257 4976 3408 5032 furor

1840 5077 2153 5130 insanorum
2184 5091 2326 5145 saepe
2355 5076 2420 5129 ad
2444 5074 2690 5137 salutem,
2728 5072 2936 5127 medico
2965 5070 3290 5135 blandiente,
3316 5085 3404 5125 ne-

1839 5167 2056 5222 ducitur
2090 5186 2100 5221 :
2133 5181 2362 5236 cumque
2385 5167 2466 5221 eis
2501 5167 2557 5221 in
2594 5164 2874 5220 dulcedine
2919 5163 3366 5220 condescenditur
3387 5203 3402 5227 ,

1839 5352 1985 5399 tatur
2011 5363 2169 5400 manu
2192 5345 2343 5414 fortis
2378 5358 2548 5414 usque
2569 5343 2695 5398 dum
2731 5343 2984 5400 devenias
3012 5345 3078 5400 ad
3121 5359 3180 5399 ea
3214 5347 3407 5416 :rungi-

1841 5423 1930 5469 tur
1956 5418 2052 5470 iste
2086 5416 2269 5486 David,
2298 5427 2428 5480 etc.;
2453 5417 2732 5486 desumpta
2756 5424 2970 5485 suntex
2998 5417 3174 5485 capite
3197 5415 3404 5472 87libri

1841 5501 1976 5553 xxn,
2006 5497 2187 5541 contra
2213 5485 2474 5540 Faustum
2502 5500 2516 5539 :
2549 5485 2710 5558 atque
2735 5501 2802 5541 ex
2825 5502 2886 5540 ea
2912 5489 3127 5558 quidem
3149 5503 3216 5558 re
3243 5487 3410 5554 conji-

1841 5558 2014 5613 cimus
2037 5558 2386 5629 pleraqueex
2417 5558 2890 5628 subsequentibus,
2917 5557 3112 5629 Quibus
3147 5557 3294 5612 locus
3317 5559 3406 5612 hic

1839 5631 2162 5698 explicatur,
2192 5644 2260 5682 ex
2288 5628 2585 5698 Augustino
2608 5629 2772 5684 fuisse
2797 5628 3098 5700 desumpta.

1918 5696 2392 5772 1,,S‘Ebsqueltlia'
2432 5701 2686 5772 perquire
2707 5702 2760 5756 in
2793 5709 2847 5772 p.
2878 5702 2914 5756 3
2945 5696 3236 5756 Pastoralis
3274 5696 3408 5753 Gre-

1842 5771 1975 5843 gorii
2017 5769 2189 5839 Magni
2220 5768 2502 5840 [admonit.
2531 5768 2606 5842 3].

1918 5845 1942 5884 8
1970 5842 2111 5896 Editi
2146 5856 2159 5895 :
2193 5845 2328 5896 dura
2359 5852 2406 5896 et
2425 5840 2640 5896 vulnera
