3940 6340
180 341 294 401 cas
1074 326 1538 415 QUASSTIONES
1575 343 1727 405 xxx

1889 343 1994 403 ἘΒ
2031 345 2278 406 LIBROS
2315 347 2581 408 REGUM.
3336 354 3445 411 674

177 473 357 534 gogae.
388 456 682 531 Postquam
726 459 892 528 enim,
941 459 1081 518 sicut
1127 465 1388 535 scriptum
1421 474 1524 531 est,
1579 464 1842 536 (Rom..A
1865 466 2107 536 contigit,
2133 474 2188 521 et
2220 467 2396 523 tertiis
2436 464 2806 522 nihilominus.
2851 465 3047 525 Postea
3070 483 3200 526 vero
3229 486 3354 527 cum
3385 484 3444 530 et

178 551 274 606 11.
315 549 408 622 25)
452 551 714 606 introierit
739 551 1010 624 plenitudo
1040 557 1290 626 gentium,
1328 565 1450 610 tunc
1479 556 1646 610 omnis
1673 553 1761 608 Is-
1863 555 1977 625 ipse
2002 555 2130 612 Saul
2157 559 2416 623 venisset,
2437 559 2608 628 factus
2631 567 2705 614 est
2734 576 2890 630 super
2917 578 3037 616 eum
3075 565 3292 634 spiritus
3316 566 3439 633 Dei,

177 644 296 700 ι·αεί
325 643 503 699 salvus
555 643 670 713 ﬁat.
704 644 756 714 (1
789 645 916 716 Reg.
948 647 1035 702 18.
1066 646 1351 718 27)oDupla
1374 657 1576 713 autem,
1608 647 1662 702 id
1681 655 1765 701 est
1865 657 1913 702 et
1946 649 2245 705 ambulabat
2280 652 2594 722 ingrediens,
2620 661 2667 706 et
2695 653 3036 723 praphetabat
3066 669 3112 708 ιι.

176 737 441 800 ducenta,
465 736 726 808 praeputia
755 738 934 792 attulit
959 739 1070 793 sive
1101 754 1199 808 pro
1233 738 1454 804 Judaais,
1507 746 1561 792 et
1591 738 1765 809 genti—
1944 755 1964 788 ‹
2000 738 2114 794 Non
2161 742 2305 795 enim
2352 749 2528 812 potest
2556 743 2676 809 hic,
2734 744 2838 799 nisi
2869 745 3091 814 spiritus
3135 747 3310 806 bonus
3359 751 3445 806 in-

173 829 286 884 bus
306 829 610 900 acquisitis,
647 829 762 885 sive
785 830 913 900 quia
944 831 1116 901 major
1141 838 1226 886 est
1249 846 1505 886 numerus
1532 829 1764 900 acquisi—
1866 826 2054 897 telligi,
2082 844 2179 898 per
2209 847 2365 900 quem
2393 833 2566 887 sancti
2595 832 2876 903 Propheta":
2908 834 3212 893 futurarum
3257 856 3442 897 rerum

177 919 348 972 tionis
375 917 552 988 p0puli
584 918 844 990 gentium,
873 935 1036 989 quam
1062 921 1399 977 credentium
1427 919 1758 976 Judaeorum.
1867 915 2130 987 imagines
2195 929 2249 973 et
2306 923 2419 976 visa
2458 923 2770 978 cernebant.
2825 923 2943 980 Non
2979 942 3046 981 ex
3101 942 3166 983 eo
3208 936 3437 998 tantum,

173 1006 346 1060 Auxit
369 1007 560 1062 deinde
587 1007 769 1062 odium
795 1007 925 1064 Saul
954 1010 1417 1074 adversusﬁavid
1442 1012 1495 1065 in
1521 1019 1758 1077 tantum,
1865 1007 1992 1075 quia
2020 1008 2222 1062 dictum
2248 1019 2349 1076 est,
2379 1021 2426 1064 et
2455 1013 2795 1083 prophetabat
2826 1028 2844 1065 :
2879 1031 3005 1071 nam
3031 1017 3087 1072 in
3117 1021 3442 1091 exemplari—

172 1107 238 1151 ut
263 1114 360 1152 rex
387 1099 455 1153 ad
492 1099 757 1155 medelam
788 1102 871 1155 sui
898 1103 1120 1173 spiritus
1144 1103 1312 1158 David
1339 1104 1405 1159 de
1445 1119 1594 1158 more
1619 1103 1764 1173 psal-
1862 1099 1985 1164 bus,
2014 1115 2132 1168 quae
2159 1109 2286 1154 sunt
2318 1119 2387 1156 ex
2414 1103 2666 1170 Hebraeo,
2694 1107 2797 1162 hoc
2827 1123 3042 1179 quoque
3072 1111 3345 1169 invenitur
3375 1115 3443 1170 de

173 1191 384 1246 lentem
427 1192 610 1263 iaculo
675 1203 967 1249 conaretur
1009 1195 1299 1266 conﬁgere,
1359 1196 1470 1268 (19,
1520 1196 1606 1267 ιο)
1653 1195 1762 1250 sed
1864 1185 2057 1253 spiritu
2086 1187 2227 1240 malo
2251 1187 2451 1241 dictum
2473 1190 2580 1244 ita:
2611 1190 2660 1261 (I
2688 1190 2990 1262 Reg.xvm,
3025 1197 3112 1270 10)
3142 1197 3272 1254 Post
3300 1202 3439 1256 diem

172 1284 309 1354 quid
344 1292 446 1350 est,
481 1285 623 1354 quod
651 1285 780 1341 dum
809 1284 1028 1340 samem
1049 1288 1271 1356 spiritus
1295 1288 1556 1342 adversus
1605 1287 1758 1341 iuva-
1861 1284 2035 1329 autem
2076 1275 2301 1330 alterum
2341 1278 2527 1333 invasit
2576 1283 2791 1351 spiritus
2831 1283 2931 1338 Dei
2965 1287 3137 1343 malus
3187 1288 3350 1358 Saul,
3392 1301 3439 1346 et

173 1374 363 1441 ἀει-ει,
412 1374 748 1445 apprehensa
802 1375 972 1430 David
1018 1377 1261 1444 cithara,
1309 1377 1426 1448 eius
1480 1377 1758 1433 vesaniam
1858 1365 2196 1434 prophetabat
2234 1366 2288 1420 in
2317 1368 2486 1422 medio
2525 1369 2708 1425 domus
2730 1384 2958 1431 suw:et
2979 1377 3033 1431 in
3067 1379 3186 1436 aliis
3233 1383 3441 1439 divina-

172 1463 495 1535 mmgaban
519 1477 616 1534 per
638 1463 858 1520 samem
902 1465 1049 1522 enim
1088 1466 1397 1524 ,ιυάεεοι-ιιω
1432 1468 1614 1534 elatio,
1659 1482 1758 1539 per
1860 1472 1980 1510 rum
2008 1457 2400 1527 scripturarum
2450 1461 2583 1516 locis
2623 1478 2764 1535 saepe
2812 1467 3106 1538 invenitur,
3139 1475 3282 1544 quod
3312 1493 3438 1546 pro-

172 1555 349 1611 David
371 1563 549 1610 autem
581 1555 862 1612 humilitas
905 1557 1284 1631 (signiﬁcatur)
1326 1559 1750 1631 signiﬁcabatur.
1856 1547 2042 1638 ιξιιθιὶδ
2071 1565 2178 1603 ῐιοη
2210 1558 2416 1606 tantum
2440 1553 2600 1619 bona.
2635 1557 2729 1611 sed
2771 1565 2826 1613 et
2869 1561 3011 1616 mala
3042 1563 3266 1622 dicitur:
3298 1566 3435 1638 (III

173 1646 314 1704 Cum
339 1661 468 1717 ergo
491 1646 620 1702 Saul
646 1646 716 1702 ab
737 1647 1015 1702 immundo
1051 1649 1310 1719 arripitur
1341 1649 1551 1718 spiritu,
1584 1649 1729 1703 Davic

1881 1637 1988 1710 ιιεθ.
2020 1655 2174 1704 xvm,
2199 1642 2286 1706 ιδ,
2314 1643 2400 1708 18,
2419 1642 2509 1710 22,
2542 1645 2633 1712 25,
2656 1647 2748 1721 40)
2772 1658 2828 1705 et
2850 1653 3126 1722 prophetae
3155 1658 3285 1714 dicti
3309 1636 3437 1717 .um

172 1745 426 1801 canente,
455 1735 570 1806 ejus
601 1737 823 1792 vesania
847 1745 1198 1807 temperatur,
1232 1739 1357 1808 quia
1387 1753 1510 1792 cum
1561 1753 1752 1794 sensus
1781 1813 1826 1823 ᾳ
1854 1731 2082 1801 Baalim,
2113 1746 2167 1790 et
2191 1738 2571 1808 eXPI'Obl‘alllm
2594 1751 2678 1796 est
2699 1744 3187 1820 quibusdam.quia
3209 1756 3439 1823 prophe-

171 1829 484 1885 Judazorum
531 1845 629 1900 per
671 1828 1063 1899 blasphemiam
1101 1831 1154 1884 in
1197 1829 1435 1885 furorem
1482 1831 1712 1885 vertitur
1735 1872 1750 1898 ,
1781 1813 1830 1872 B
1858 1825 2042 1880 labant
2070 1827 2124 1881 in
2149 1827 2298 1882 Baal.
2334 1829 2450 1886 Non
2486 1847 2616 1902 ergo
2655 1845 2941 1906 propterea
2968 1813 3190 1899 necesse
3209 1813 3323 1913 est:
3353 1850 3436 1904 in-

171 1922 400 1993 dignum
434 1929 516 1978 εει
540 1930 601 1977 ιιι
627 1924 695 1978 ad
727 1923 955 1980 salutem
1001 1931 1209 1978 mentes
1245 1937 1434 1978 eorum
1463 1926 1616 1994 quasi
1641 1925 1757 1980 dul-
1861 1915 2028 2012 telligi
2057 1917 2232 1975 bonus
2277 1922 2522 1991 spiritus,
2559 1926 2652 1995 qui
2696 1927 2873 1986 factus
2916 1941 3001 1988 est
3038 1944 3227 2005 postea
3277 1955 3439 2012 super

171 2015 366 2070 cedine
393 2015 635 2081 citharae,
663 2016 953 2072 locutionis
991 2016 1328 2086 Evangelicae
1363 2019 1727 2088 tranquillitati

1881 2006 2020 2100 Saul,
2050 2010 2178 2100 quia
2205 2011 2406 2067 dictum
2436 2025 2522 2071 est
2563 2035 2574 2070 :
2608 2018 2678 2072 Et
2718 2022 3019 2080 ambulabat
3042 2005 3360 2100 ingrediens,
3387 2042 3437 2088 et

170 2118 514 2165 revocemur.
549 2130 567 2162 ι
594 2109 644 2182 (ι
677 2109 802 2181 Reg.
836 2111 922 2165 19.
966 2110 1032 2164 ιιι
1079 2120 1128 2166 et
1153 2111 1384 2184 subseq.)
1431 2110 1593 2166 mm:
1623 2111 1754 2166 Saul
1853 2097 2216 2190 prnphetabat.
2243 2103 2337 2156 sed
2374 2105 2500 2172 quia
2526 2107 2642 2162 sine
2669 2111 3036 2170 additamento
3066 2097 3299 2188 pnsitum
3329 2097 3435 2190 est.

171 2202 414 2256 custodes
442 2202 510 2256 ad
535 2202 748 2256 domum
772 2201 964 2267 David,
991 2211 1047 2256 ut
1077 2203 1398 2257 custodirent
1427 2219 1566 2269 eum,
1594 2211 1641 2257 et
1671 2204 1753 2256 in-
1926 2186 2098 2286 Ῑίξεταδ
2121 2200 2194 2286 (ἷξε
2220 2192 2435 2262 spiritus
2451 2195 2551 2249 θεῖ
2572 2214 2728 2269 super
2747 2217 2866 2256 eum
2884 2218 2910 2286 ἶ
2927 2221 3032 2260 ηοη
3057 2186 3200 2263 έηίιη
3223 2186 3436 2268 Sicutiti

171 2295 520 2364 amaretur,
543 2296 978 2351 abscessuum",
1001 2296 1173 2350 David
1205 2306 1376 2362 nocte,
1408 2305 1456 2374 ej
1483 2295 1640 2366 fugit,
1666 2304 1751 2348 ατ,
1856 2273 1948 2377 illo
1972 2276 2090 2333 loco
2118 2280 2320 2336 dictum
2345 2295 2462 2339 erat
2485 2302 2666 2357 supra,
2693 2283 2910 2377 spiritus
2928 2295 3027 2350 Dei
3053 2300 3224 2355 malus
3246 2316 3264 2354 :
3286 2312 3346 2358 ut
3367 2320 3436 2360 ex

169 2404 273 2457 que
292 2386 525 2442 salvatus
546 2396 645 2442 est:
662 2371 881 2459 cumque
903 2388 1163 2443 venissent
1185 2388 1354 2442 nuntii
1381 2386 1725 2459 Saul,.invene

1880 2383 1958 2424 IOC
1978 2381 2162 2440 posset
2188 2377 2350 2430 etiam
2383 2377 2439 2431 in
2461 2373 2917 2451 consequentibus
2948 2389 3246 2459 subaudiri,
3278 2396 3436 2464 quin-

170 2488 295 2532 runt
319 2488 552 2533 statuam
600 2481 657 2534 in
698 2479 828 2534 lectd
867 2479 1038 2534 David
1075 2481 1322 2550 positam,
1371 2489 1421 2534 et
1454 2479 1639 2549 pellem
1674 2480 1754 2549 pi-
1855 2465 1964 2514 ίωο
2020 2465 2300 2532 ευβθνίοηι
2351 2470 2522 2540 magis
2569 2475 2847 2546 magisque
2905 2488 3235 2540 alleswnwr
3285 2487 3437 2545 illum

169 2569 338 2625 losam
387 2588 670 2642 caprarum
712 2571 782 2626 ad
823 2581 980 2641 caput
1029 2571 1162 2641 eius.
1210 2590 1229 2622 ί
1283 2571 1580 2626 Audiamus
1623 2585 1725 2642 ergt

1875 2552 2103 2622 lpiritum
2136 2556 2230 2611 Dei
2282 2559 2484 2614 bonum
2535 2562 2722 2630 fuisse,
2756 2575 2811 2622 et
2842 2585 2968 2626 vere
3017 2576 3431 2645 propheticum:

168 2659 301 2730 quid
328 2660 431 2715 hoc
453 2641 744 2731 signiﬁcet,
773 2661 916 2730 quod
952 2660 1164 2715 miserit
1192 2659 1322 2716 Saul
1351 2661 1419 2715 ad
1445 2641 1752 2716 custodien-
1853 2641 2023 2742 David
2043 2647 2186 2742 {nini
2219 2658 2337 2703 erat
2383 2667 2506 2706 cum
2548 2652 2817 2713 Samuele-
2845 2661 2910 2731 (1
2940 2641 3065 2735 Βεᾴ
3098 2641 3213 2735 δία,
3247 2671 3338 2742 20)
3361 2672 3432 2726 Et

170 2751 296 2806 dam
325 2751 545 2806 domum
567 2751 755 2818 David,
779 2761 840 2806 ut
866 2767 990 2807 eum
1026 2752 1374 2808 interficeret.
1400 2752 1514 2808 Hoc
1541 2768 1649 2807 non
1683 2753 1751 2808 ad
1853 2736 1995 2789 ⁷⁷⁸ί⁸ί⁸
2048 2736 2185 2792 Saul
2256 2744 2465 2797 ηυηίίοδ
2493 2785 2508 2810 ν
2566 2749 2656 2817 qui
2710 2754 3154 2822 apprehendere"!
3219 2736 3391 2817 Dauid

169 2857 392 2898 crucem
424 2842 656 2910 Domini,
681 2842 774 2898 sed
814 2852 993 2898 tamen
1025 2843 1092 2898 ad
1112 2844 1420 2913 passionem
1451 2843 1567 2914 ejus
1588 2845 1754 2914 perti-
1852 2828 2069 2896 quando
2098 2839 2276 2886 amem
2308 2832 2523 2891 Samuel
2557 2848 2678 2894 eral
2708 2842 2850 2898 ίηιθτ
2873 2849 3166 2917 Prophelas
3217 2862 3272 2907 et
3325 2828 3436 2914 cm;

167 2940 264 2988 net
294 2951 308 2986 :
333 2933 622 2988 cruciﬁxus
677 2933 822 2988 enim
862 2932 1131 2999 Christus,
1162 2942 1216 2988 et
1266 2941 1535 2999 mortuus,
1571 2941 1625 2987 et
1665 2947 1723 2988 se

1879 2935 1942 2976 us
1984 2923 2405 2995 pr0phetarum,
2455 2933 2548 3001 qui
2601 2934 2692 2989 illo
2732 2943 2972 3008 tempore
3017 2945 3429 3016 prophetabant,

163 3024 350 3094 pullus
383 3033 484 3081 est.
513 3024 646 3080 Erat
670 3039 798 3095 ergo
831 3024 920 3078 illa
952 3025 1230 3094 sepultura
1258 3033 1513 3095 tanquam
1536 3024 1745 3091 domus,
1851 3018 2050 3112 nuntii.
2084 3020 2176 3090 qui
2223 3021 2376 3078 mibsi
2406 3036 2552 3094 sunt,
2601 3043 2824 3102 accepto
2875 3037 2943 3091 ab
2995 3040 3184 3094 eodem
3229 3041 3434 3112 spiritu

166 3117 237 3172 ad
281 3131 443 3186 quam
495 3115 902 3171 custodiendam
943 3115 1091 3170 misit
1136 3131 1363 3186 regnum
1407 3114 1745 3182 Judaeorum,
1785 3191 1821 3203 Α
1849 3109 2330 3203 prophetaverunt,
2369 3117 2657 3189 missisque
2684 3124 2802 3179 aliis
2832 3126 2935 3183 hoc
2958 3132 3203 3203 contigit,
3230 3109 3285 3188 et
3320 3143 3435 3190 ter-

173 3209 397 3280 quando
444 3207 696 3267 custodes
763 3209 987 3264 adhibiti
1053 3217 1179 3264 sunt
1227 3209 1471 3280 sepulcro
1525 3209 1746 3265 Christi.
1777 3191 1822 3253 Ο
1855 3197 1944 3294 {iis
1964 3200 2311 3259 nihilominus
2344 3223 2356 3259 ε
2391 3217 2579 3276 P03“?a
2619 3227 2743 3266 cum
2774 3224 2830 3270 εἴ
2858 3217 2973 3286 ipse
3003 3191 3135 3276 Saul
3173 3191 3433 3294 i’enisset:

167 3299 393 3373 (Matth.
423 3301 512 3373 28)
559 3301 841 3369 Quomodo
869 3317 998 3373 ergo
1023 3303 1292 3357 custodita
1321 3311 1406 3356 est
1443 3303 1655 3368 domus,
1703 3319 1723 3358 s

1879 3288 2027 3346 actus
2049 3303 2126 3347 est
2151 3295 2307 3349 etiam
2333 3313 2491 3369 super
2511 3318 2625 3356 eum
2656 3302 2885 3374 Spiritus
2909 3309 3025 3376 Dei,
3055 3322 3103 3366 et
3133 3287 3435 3371 ambulabat

165 3391 346 3447 David
379 3390 645 3462 ﬁgurabat
673 3392 970 3460 Christum,
1020 3403 1082 3448 ut
1133 3393 1382 3448 Christus
1418 3393 1721 3450 interﬁcere

1879 3391 2166 3459 ngrediens,
2195 3403 2244 3447 et
2269 3397 2632 3466 prophetabat.
2680 3399 2814 3455 Cum
2851 3401 2996 3456 enim
3035 3404 3232 3460 dicitur
3261 3405 3435 3464 lactus

167 3491 284 3548 ιιιιι,
311 3485 435 3539 dum
486 3500 593 3540 non
634 3485 688 3539 in
744 3485 1022 3555 sepultura
1057 3485 1328 3552 Christus,
1360 3487 1455 3542 sed
1491 3487 1546 3542 in
1582 3503 1748 3544 cruce
1853 3487 1936 3535 est
1969 3482 2132 3536 etiam
2161 3498 2324 3553 super
2353 3487 2500 3555 ipsos
2528 3489 2749 3559 spiritus
2786 3490 2906 3558 Dei,
2950 3501 3005 3546 et
3041 3495 3439 3564 prophetabant

164 3574 241 3630 sit
263 3575 612 3633 interfectus?
632 3576 888 3634 Refertur
911 3579 1124 3649 ergoad
1151 3595 1347 3650 corpus
1369 3579 1592 3647 Christi,
1621 3581 1748 3652 quia
1852 3579 1907 3627 ει
1957 3575 2078 3645 ipsi.
2113 3577 2256 3634 idem
2293 3582 2479 3652 utique
2511 3584 2732 3654 spiritus
2757 3595 2896 3653 erat,
2927 3587 3020 3658 qui
3056 3597 3175 3644 erat
3206 3590 3262 3644 in
3309 3606 3437 3662 pro-

165 3665 475 3722 interﬁcere
522 3666 821 3735 Christum,
874 3679 993 3724 erat
1037 3669 1228 3726 tollere
1278 3686 1476 3725 nomen
1525 3670 1744 3726 Christi.
1851 3667 2069 3738 phetis:
2106 3671 2248 3728 inter
2276 3689 2434 3744 quos,
2481 3686 2536 3731 et
2577 3676 2796 3733 Samuel
2842 3681 3092 3736 inventus
3121 3689 3224 3737 est.
3273 3682 3342 3737 Et
3369 3698 3438 3740 ex

163 3754 353 3826 Neque
381 3757 526 3811 enim
554 3757 868 3814 crederetur
912 3760 968 3815 in
996 3759 1294 3828 Christum,
1325 3762 1370 3817 si
1405 3762 1745 3818 mendacium
1852 3758 1955 3815 hoc
1984 3761 2170 3833 utique
2205 3781 2430 3820 necesse
2460 3776 2545 3822 est
2573 3768 2800 3840 intelligi
2844 3769 2996 3824 illum
3042 3771 3293 3838 spiritum
3340 3773 3438 3828 bo-

161 3849 488 3920 praevaleret
501 3851 803 3918 custodum,
832 3852 925 3920 qui
948 3855 1188 3924 corrupti
1219 3863 1362 3920 sunt,
1393 3856 1742 3912 utdicercnt:
1849 3867 2001 3907 num.
2029 3853 2206 3925 Atque
2237 3857 2358 3911 ideo
2380 3859 2607 3928 qmestio
2645 3858 2932 3930 diligenter
2963 3860 3302 3915 discutienda
3329 3870 3436 3929 est,

163 3940 336 4014 (Ibid.
365 3942 453 3997 28.
500 3942 589 4015 15)
623 3943 760 4008 Quia
783 3943 1156 4000 dormientibus
1194 3946 1361 4010 nobis,
1386 3957 1637 4001 venerunt
1667 3949 1749 4002 di—
1852 3945 2124 4011 Quomodo
2145 3946 2298 4000 etilli
2335 3962 2458 4001 cum
2489 3948 2643 4002 missi
2671 3956 2856 4004 essent
2885 3949 2952 4004 ad
3001 3951 3293 4006 tenendum
3339 3953 3440 4008 h0-

161 4032 360 4104 scipuli
386 4033 516 4104 ejus,
543 4042 590 4088 et
617 4033 945 4090 abstulerunt
974 4053 1091 4090 eum
1116 4051 1134 4088 :
1155 4037 1260 4092 hoc
1290 4045 1374 4092 est
1400 4037 1582 4108 itaque
1610 4039 1747 4094 velle
1851 4033 2074 4099 minem.
2123 4044 2177 4090 et
2212 4036 2280 4091 ad
2321 4051 2510 4092 necem
2563 4037 2886 4106 ducendum,
2931 4040 3027 4095 tali
3072 4041 3263 4112 spiritu
3296 4041 3436 4099 allici

159 4125 447 4184 Christum
469 4128 798 4196 interﬁcere,
823 4145 1022 4184 nomen
1047 4131 1468 4186 resurrectionis
1511 4130 1626 4200 ejus
1655 4145 1749 4187 ex-
1849 4119 2183 4195 meruerunt.
2210 4138 2264 4185 ει
2293 4129 2422 4186 Salii
2450 4131 2690 4203 ipse.qui
2720 4133 2942 4189 miserat
2968 4135 3194 4192 vemens
3220 4145 3276 4192 et
3298 4137 3432 4208 ipse.

160 4221 466 4291 stinguere,
487 4231 548 4278 ut
566 4225 906 4280 mendacium
928 4225 1214 4296 Evangelio
1243 4224 1609 4296 praeferretur.
1640 4225 1747 4282 Sed
1849 4225 1906 4273 et
1930 4219 2244 4290 sanguinem
2295 4221 2634 4278 innocentem
2671 4240 2922 4294 querens
2965 4228 3266 4295 clTundere.
3301 4231 3438 4285 acci-

162 4312 315 4368 sicut
334 4313 461 4368 illud
483 4330 589 4369 non
622 4315 790 4371 valuit
811 4315 960 4383 Saul,
986 4326 1049 4373 ut
1082 4313 1414 4373 interﬁceret
1455 4318 1646 4384 David,
1669 4319 1749 4374 sic
1848 4325 1979 4380 Pel‘e
2009 4314 2211 4368 meruit
2241 4315 2493 4385 Spiritum
2515 4316 2686 4382 illum,
2721 4327 2776 4372 et
2810 4320 3154 4388 prophetare.

161 4421 272 4461 nec
315 4406 417 4462 hoc
455 4409 629 4479 potuit
665 4425 890 4482 regnum
925 4402 1232 4466 Iudaeorum
1258 4410 1493 4478 ellieere,
1527 4420 1586 4466 ut
1635 4428 1717 4468 me

1929 4419 1947 4451 ‹
1980 4400 2080 4455 Hic
2104 4403 2301 4456 mirum
2334 4403 2462 4459 illud
2495 4407 2898 4477 oceurritqnod
2927 4411 3203 4481 apostolus
3228 4410 3425 4467 Paulus

161 4499 402 4554 moriam
422 4500 622 4557 Christi
651 4503 874 4558 deleret.
902 4501 994 4557 Isti
1023 4511 1204 4558 autem
1251 4503 1343 4573 qui
1383 4503 1449 4558 de
1473 4502 1603 4558 Saul
1637 4505 1717 4560 vir

1877 4491 2196 4560 ipertissime
2240 4495 2464 4562 exponit
2529 4514 2542 4550 :
2596 4500 3089 4568 supereminentem
3147 4501 3290 4555 viam
3341 4501 3433 4556 de-

1877 4591 2154 4608 ηληηικη..-
2193 4602 2205 4608 -
2235 4583 2295 4608 11
2329 4584 2432 4608 Ρ-..
2481 4603 2580 4608 μ---
2626 4589 2641 4608 ι
2700 4599 2773 4608 _.-
2805 4589 2818 4608 \
2861 4588 2912 4608 ορ
2946 4591 2978 4608 μ
3097 4592 3108 4602 ο
3170 4591 3182 4608 ι
3293 4592 3304 4603 ο

161 4599 311 4657 tute,
341 4592 393 4647 id
413 4599 495 4648 est
527 4594 595 4649 de
619 4609 786 4666 regno
811 4593 1118 4650 Iudaeorum
1155 4597 1209 4649 in
1240 4586 1516 4650 Christum
1542 4611 1717 4666 prazsu

1874 4591 2158 4638 nonstrans
2193 4602 2205 4639 :
2233 4583 2295 4656 (Ι
2329 4584 2450 4640 Cor.
2481 4603 2603 4653 xm,
2625 4589 2821 4660 l,etc.)
2854 4588 2912 4643 Si
2940 4591 3132 4661 linguis
3162 4591 3430 4646 hominum

159 4699 322 4741 mere
342 4687 648 4752 voluerunt,
669 4687 1008 4744 oﬁ‘enderunt
1036 4689 1090 4742 in
1118 4687 1352 4758 lapidem
1397 4687 1711 4746 oﬁ‘ensionis

1876 4690 2053 4746 aquar,
2111 4686 2159 4731 et
2203 4680 2539 4749 angelorum,
2595 4684 2905 4738 charitatem
2972 4695 3147 4738 autem
3199 4701 3301 4738 non
3338 4685 3432 4740 ha-

162 4783 428 4843 tanquam
451 4775 505 4830 in
529 4784 794 4832 statuam:
820 4788 875 4832 et
891 4778 1074 4834 haedus
1098 4779 1214 4850 ejus
1236 4780 1386 4835 visus
1409 4789 1527 4836 erat
1553 4797 1718 4852 agnus

1878 4784 2015 4835 eam,
2045 4769 2217 4839 factus
2247 4789 2362 4825 sum
2391 4785 2730 4830 (ammentum
2758 4771 2972 4840 sanans,
3018 4785 3109 4829 aut
3135 4776 3431 4846 cymbalum

161 4863 298 4934 quia
329 4864 381 4917 in
418 4881 580 4937 quem
612 4877 894 4937 peccatum
929 4884 1036 4923 non
1067 4869 1410 4937 invenerunt,
1441 4872 1594 4940 quasi
1623 4887 1748 4941 pec-
1845 4859 2109 4915 tinniens.‘
2139 4871 2186 4916 et
2233 4863 2277 4916 δέ
2322 4863 2551 4918 habuero
2575 4867 2899 4936 prophetiam
2921 4907 2934 4931 ,
2981 4875 3027 4920 et
3054 4867 3219 4921 sciero
3255 4868 3431 4923 omnia

162 4961 409 5010 calorem
439 4959 710 5026 persecuti
739 4967 885 5014 sunt.
932 4957 1101 5030 Igitur
1141 4959 1311 5016 David
1360 4963 1522 5033 regia:
1553 4980 1746 5020 manus
1847 4965 2210 5019 sacramenta,
2270 4964 2319 5011 et
2368 4974 2571 5013 omnem
2622 4959 2894 5012 scientiam
2939 4972 2957 5010 :
3011 4968 3060 5013 et
3098 4960 3144 5014 si
3201 4960 3431 5016 habuero

161 5043 376 5101 factum
419 5049 664 5116 evitans,
703 5051 927 5121 ejusque
969 5053 1400 5121 persecutionem
1451 5054 1746 5122 declinans,
1851 5061 2056 5101 omnem
2078 5047 2257 5116 ﬁdem,
2299 5048 2374 5102 ίεα
2417 5058 2473 5102 ιιι
2514 5058 2714 5102 ἠοητεδ
2753 5048 3090 5119 transferam.
3123 5051 3430 5105 εῆανίιατενη

161 5136 227 5210 (I
270 5137 402 5209 Reg.
444 5141 531 5195 19.
569 5158 616 5196 ι’.
673 5141 740 5196 18
780 5152 828 5196 et
869 5142 1098 5216 subseq.)
1130 5144 1280 5198 venit
1319 5146 1387 5200 ad
1417 5144 1746 5213 Samuelem,
1851 5147 2027 5193 autem
2055 5156 2157 5193 non
2178 5140 2420 5205 habeam,
2449 5140 2580 5194 nihil
2608 5157 2744 5194 sum.
2776 5139 2844 5194 Et
2889 5141 2936 5196 si
2973 5142 3289 5198 distribuere
3315 5143 3433 5198 sub-

160 5237 228 5287 et
260 5231 412 5286 misit
431 5230 560 5287 Saul
601 5234 838 5300 nuntios,
886 5235 978 5304 qui
1023 5235 1494 5306 apprehenderent
1541 5237 1747 5292 David;
1851 5231 2099 5285 stantiam
2127 5245 2335 5284 meam:
2372 5240 2419 5284 et
2454 5231 2497 5284 si
2529 5231 2795 5284 tradidero
2833 5247 3020 5302 corpus
3043 5249 3216 5287 meum
3257 5241 3312 5286 ut
3339 5249 3430 5286 ar-

165 5320 395 5378 Samuel
417 5334 596 5380 autem
625 5335 744 5381 erat
794 5326 932 5381 inter
972 5327 1266 5398 prophetas
1301 5335 1357 5381 et
1401 5336 1577 5383 coetus
1620 5343 1750 5398 pro-
1853 5325 2053 5379 deam:
2091 5325 2396 5378 charitatem
2445 5333 2621 5378 autem
2666 5341 2768 5379 non
2823 5325 3082 5392 habeam,
3125 5323 3255 5379 nihil
3302 5323 3432 5377 mihi

158 5415 481 5486 p‘hetarum,
505 5418 599 5488 qui
626 5417 715 5474 illo
742 5426 983 5490 tempore
1011 5419 1474 5489 prephetaverunt
1502 5438 1514 5473 :
1550 5418 1618 5491 (υ.
1659 5419 1748 5476 20.
1854 5418 2084 5489 prodest.
2113 5418 2232 5485 Quo
2276 5418 2330 5472 in
2375 5417 2496 5472 loco
2527 5408 2874 5474 manifestum
2899 5426 3002 5484 est,
3050 5433 3173 5474 eum
3202 5430 3432 5472 munera

161 5507 238 5562 21
284 5517 334 5562 et
366 5507 594 5581 subseq.)
622 5511 796 5564 nuntii
817 5519 1017 5578 autem,
1059 5510 1151 5580 qui
1181 5510 1332 5565 missi
1360 5517 1506 5578 sunt,
1531 5520 1754 5583 accepto
1859 5512 1950 5567 illa
1985 5502 2467 5574 commemorasse,
2499 5526 2619 5580 quae
2661 5508 2897 5581 Spiritus
2945 5510 3119 5567 sancti
3155 5507 3436 5565 divisioni-

159 5595 418 5669 ejusdem
438 5602 632 5673 spiritu
660 5603 1140 5674 prophetaverunt,
1178 5603 1469 5675 missisque
1498 5603 1616 5660 aliis
1651 5605 1755 5662 hoc
1856 5605 1960 5660 bus
1981 5605 2196 5670 dantur,
2215 5603 2616 5673 sicutsuperius
2644 5603 2805 5658 dicit:
2828 5601 2894 5676 (Ι
2919 5602 3042 5658 Cor.
3061 5617 3138 5657 ιιι
3159 5641 3175 5668 ,
3204 5601 3256 5666 7,
3300 5594 3433 5669 etc.)

215 5750 274 5865 οἱ
314 5737 710 5866 Suzsgqueptia
740 5743 979 5812 reperies
1008 5756 1236 5799 numero
1266 5741 1498 5813 septimo
1537 5751 1594 5799 et
1637 5743 2093 5814 subsequentibus
2155 5742 2472 5813 qumstionis
2505 5743 2529 5799 1
2576 5743 2696 5800 libri
2735 5758 2775 5800 ιι
2817 5742 2896 5798 De
2941 5742 3158 5798 diversis
3194 5738 3414 5814 quastio

215 5827 227 5866 ι
267 5825 332 5864 ιιι
356 5827 387 5864 a
488 5828 592 5866 una
616 5829 865 5866 tetanum.

157 5825 332 5880 mnus
356 5825 424 5864 aa
447 5825 865 5884 atmpucmnum.
