3940 6340
490 349 598 416 678

1562 349 1840 413 CLAUDII
1877 344 2338 414 TAURINENSIS
2370 344 2685 413 EPISCOP?

3653 338 3753 407 676

491 473 781 545 Unicuique
807 474 982 527 autem
1016 462 1177 526 datur
1207 466 1559 541 manifestatio
1586 470 1816 543 Spiritus
1841 471 1911 526 ad
1954 472 2062 526 uti-
2089 472 2143 536 Α
2166 484 2286 542 qua:
2317 470 2371 525 in
2415 466 2704 541 Evangelia
2740 466 2939 538 scripta
2958 468 3086 524 sunt
3109 458 3326 540 (Battle.
3346 478 3447 534 vn,
3467 464 3570 533 22‘,
3595 467 3754 539 etc),

488 565 706 620 litatent.
735 561 842 617 Alii
874 570 1048 617 autem
1089 562 1250 616 datur
1270 578 1363 633 per
1381 561 1635 633 Spiritum
1661 580 1829 618 sermo
1855 562 2061 634 sapien-

488 657 575 711 tiae
599 671 618 710 :
649 654 742 708 alii
782 669 952 708 sermo
992 651 1223 707 scientia:
1272 652 1561 707 secundum
1600 652 1838 708 eumdem
1894 651 2065 724 Spiri-

486 732 598 801 tum
618 758 637 797 :
661 744 811 799 alteri
837 752 1011 798 autem
1032 740 1163 813 ﬁdes
1192 743 1247 798 in
1276 743 1456 798 eodem
1487 742 1691 814 Spiritu
1718 761 1736 799 :
1776 743 1870 798 alii
1898 743 2066 797 dona-

487 837 562 892 tio
590 835 921 890 curationum
947 836 1002 889 in
1031 850 1134 889 uno
1171 832 1373 907 Spiritu
1406 847 1427 886 :
1466 835 1561 889 alii
1608 836 1931 906 operationes
1955 835 2064 889 vir-

488 939 657 984 tutum
683 943 702 983 :
729 926 829 981 alii
851 924 1123 998 prophetia
1146 944 1165 983 :
1191 924 1284 979 alii
1311 924 1623 996 dijudicatio
1639 926 1917 997 spirituum
1934 940 1952 977 :
1980 924 2065 979 al-

486 1020 586 1075 teri
627 1036 818 1091 genera
870 1017 1192 1089 linguarum.
1228 1013 1419 1093 ania
1462 1026 1635 1071 autem
1660 1018 1772 1071 haec
1820 1026 2069 1088 operatur

486 1128 622 1167 unus
669 1121 822 1183 atque
848 1109 986 1164 idem
1015 1107 1263 1179 Spiritus,
1294 1106 1525 1162 dividens
1554 1108 1765 1179 propria
1787 1107 2066 1177 unicuique

485 1213 638 1276 prout
683 1203 835 1258 vult.‘
865 1201 1010 1258 Satis
1054 1214 1180 1272 ergo
1210 1207 1435 1272 apparet
1468 1202 1610 1256 inter
1636 1200 1777 1255 dona
1828 1198 2063 1269 Spiritus

485 1295 657 1351 sancti
685 1309 804 1349 esse
830 1291 1169 1364 prophetiam
1195 1308 1207 1346 :
1239 1306 1403 1362 quam
1430 1299 1610 1346 tamen
1632 1292 1676 1346 si
1701 1291 1821 1361 quis
1842 1290 2058 1357 habeat,

486 1398 540 1446 et
572 1390 893 1445 charitatem
942 1403 1051 1443 non
1090 1387 1308 1453 habeat,
1341 1386 1474 1441 nihil
1524 1392 1622 1441 est.
1658 1384 1738 1439 Ex
1765 1399 1872 1456 quo
1901 1383 2062 1439 intel-

483 1480 671 1553 ligitur
719 1479 835 1535 ﬁeri
884 1490 1065 1549 posse,
1105 1487 1167 1534 ut
1224 1478 1445 1550 quidam
1488 1477 1654 1533 etiam
1699 1475 1907 1547 indigni
1953 1474 2063 1531 vita

481 1564 705 1639 πίει-ηε,
738 1585 1010 1642 regnoque
1037 1570 1317 1635 cmlorum,
1352 1577 1709 1640 aspergantur
1737 1575 1918 1622 tanien
1944 1567 2065 1639 qui-

481 1661 704 1718 busdam
759 1660 992 1733 Spiritus
1043 1661 1217 1717 sancti
1268 1659 1604 1726 muneribus,
1656 1674 1762 1714 non
1798 1658 2063 1716 habentes

481 1755 832 1820 charitatem,
881 1755 997 1811 sine
1023 1770 1131 1825 qua
1176 1753 1266 1810 illa
1312 1769 1539 1809 munera
1584 1767 1691 1809 non
1728 1752 1866 1808 nihil
1911 1760 2055 1818 sunt,

2166 562 2364 617 multos
2405 561 2644 618 dicturos
2681 560 2735 616 in
2777 559 2868 616 illa
2911 561 3000 617 die
3048 575 3064 616 :
3107 556 3359 627 Domine,
3406 558 3675 626 om,
3704 561 3755 617 in

2166 653 2373 708 nomine
2404 663 2492 708 tuo
2520 652 2971 719 manducavimus,
2994 662 3043 708 et
3077 652 3322 719 bibimus,
3355 658 3405 707 et
3442 651 3500 708 in
3544 650 3759 706 nomine

2163 750 2254 798 tuo
2281 744 2717 816 prophetavimus,
2751 753 2801 800 et
2826 746 2882 799 in
2922 745 3133 800 nomine
3172 755 3263 801 tuo
3291 744 3511 801 virtutes
3558 744 3757 800 multas

2164 832 2403 903 fecimus.
2434 833 2638 901 Quibus
2668 842 2846 890 tamen
2875 834 3125 891 dicturus
3149 844 3234 892 est
3275 851 3291 892 :
3332 850 3438 892 non
3468 834 3604 891 mei
3636 852 3757 892 ros:

2165 922 2388 978 recedite
2430 941 2465 979 a
2513 941 2613 991 me,
2661 926 2889 997 aperarii
2922 927 3231 1000 iniquitatis.
3291 925 3411 983 Non
3460 928 3628 984 enim
3676 943 3757 985 eos

2163 1015 2486 1070 mentientes
2517 1010 2825 1086 putabimus
2863 1017 2966 1072 ista
3006 1017 3248 1074 dicturos
3290 1020 3347 1073 in
3382 1019 3475 1074 illo
3516 1016 3753 1091 judicio,

2163 1106 2255 1162 ubi
2284 1105 2463 1163 nullus
2504 1108 2609 1163 erit
2656 1106 2873 1162 fallendi
2904 1108 3073 1176 locus,
3104 1114 3197 1164 aut
3240 1109 3405 1165 ullam
3435 1125 3653 1166 vocem
3684 1119 3758 1165 ta-

2164 1196 2294 1251 lium
2328 1196 2556 1266 legimus
2603 1198 2898 1254 dicentium
2944 1219 2957 1255 :
3010 1200 3297 1257 dileximus
3346 1210 3420 1257 te.
3482 1202 3758 1258 Poterant

2162 1302 2293 1359 ergo
2340 1289 2522 1345 dicere
2571 1304 2586 1344 :
2625 1290 2679 1345 in
2723 1292 2932 1345 nomine
2982 1299 3075 1346 tuo
3123 1294 3593 1365 prophetaein”,
3645 1310 3756 1351 cum

2162 1378 2273 1434 sint
2310 1380 2563 1451 improbi,
2596 1390 2651 1437 et
2698 1379 2915 1453 reprobi
2943 1402 2956 1437 :
2984 1399 3090 1438 non
3146 1391 3329 1439 autem
3362 1393 3645 1456 poterunt
3690 1389 3759 1443 di-

2162 1486 2310 1539 cere,
2348 1474 2708 1539 dilectionem,
2738 1489 2901 1545 quam
2927 1470 3226 1544 mandasti,
3264 1478 3542 1533 tenuimus
3586 1499 3601 1533 :
3643 1496 3755 1535 nam

2161 1563 2208 1618 si
2264 1563 2463 1630 dicent,
2514 1572 2621 1621 neu
2664 1565 2747 1621 eis
2781 1566 3196 1636 respondebitur
3246 1585 3260 1621 :
3316 1578 3418 1623 non
3468 1571 3611 1624 novi
3656 1588 3753 1626 uos.

2162 1654 2344 1725 (Joan.
2369 1672 2487 1723 xm,
2515 1656 2603 1729 35)
2620 1654 2684 1711 In
2701 1659 2797 1713 hoc
2825 1658 2961 1713 enim
2990 1669 3347 1730 cognoscetur,
3382 1659 3599 1731 intra“,
3638 1664 3757 1732 quia

2161 1746 2403 1819 discipuli
2430 1750 2528 1803 mei
2552 1751 2671 1805 estis
2697 1752 2741 1805 si
2776 1766 2862 1805 vos
2896 1752 3111 1806 invicem
3134 1751 3385 1823 diligatis.

482 1848 577 1904 sed
602 1846 737 1902 nihil
785 1847 873 1903 eis
895 1854 1140 1917 prosunt.
1181 1844 1472 1916 Prophelia
1499 1846 1693 1915 quippe
1722 1843 1838 1899 sine
1882 1841 2061 1897 ehari-
2086 1834 2139 1896 B
2238 1857 2259 1891 ‹
2295 1834 2611 1910 Exemplum
2640 1842 2824 1913 itaque
2851 1841 3011 1912 hujus
3060 1841 3190 1899 Saul
3241 1843 3449 1899 resistit
3492 1845 3757 1915 superbis

479 1945 611 2007 tate,
653 1941 792 1996 sicut
833 1940 1261 1995 demonstratum
1301 1945 1407 2003 est,
1450 1950 1556 1991 non
1592 1933 1839 2006 perducit
1875 1933 1944 1987 ad
1972 1947 2064 1987 re-

479 2045 645 2101 gnum
670 2029 765 2085 Dei
799 2047 813 2084 :
839 2028 1079 2085 eharitas
1108 2041 1236 2081 vero
1258 2026 1375 2081 sine
1412 2024 1698 2095 prophetia
1727 2022 1915 2092 utique
1942 2036 2067 2093 per-

479 2121 647 2177 ducit.
677 2119 813 2177 Cum
859 2119 1005 2176 enim
1032 2119 1259 2189 loquens
1299 2117 1365 2173 de
1397 2117 1655 2174 membris
1696 2114 1899 2170 Christi
1931 2115 2009 2168 ait
2046 2132 2060 2168 :

479 2209 646 2282 (Ibid.
670 2210 761 2281 29)
799 2208 1054 2280 Nunquid
1102 2220 1279 2262 omnes
1314 2204 1589 2277 Apostoli?
1623 2205 1857 2277 nunquid
1888 2221 2065 2260 omnes

479 2296 758 2371 Propheta:
774 2302 800 2355 ξ)
818 2299 1191 2355 indubitanter
1210 2297 1448 2353 ostendit
1467 2297 1630 2353 etiam
1652 2312 1797 2362 eum,
1817 2296 1909 2368 qui
1932 2312 2063 2369 pro-

476 2393 720 2463 phetiam
750 2408 855 2447 non
886 2392 1242 2461 habet,posse
1265 2390 1318 2445 in
1342 2388 1598 2445 membris
1635 2387 1838 2444 Christi
1875 2403 2064 2444 nume-

479 2483 591 2539 rari
619 2500 633 2537 :
672 2484 761 2539 ubi
788 2498 948 2554 quem
978 2482 1154 2538 locum
1200 2478 1447 2547 haberet,
1478 2480 1523 2535 si
1555 2480 1909 2544 eharitatem,
1946 2479 2063 2534 sine

477 2590 582 2647 qua
613 2576 774 2631 homo
797 2574 931 2631 nihil
955 2584 1061 2641 est,
1090 2589 1197 2630 non
1227 2573 1487 2630 haberet?
1514 2571 1660 2627 nullo
1698 2580 1877 2626 autem
1901 2569 2064 2626 modo

474 2666 554 2721 ita
601 2666 854 2722 diceret:
895 2666 1115 2736 quando
1169 2665 1236 2721 de
1280 2664 1538 2721 membris
1584 2664 1810 2737 agebat,
1861 2662 2063 2733 quibus

474 2758 679 2815 Christi
718 2774 916 2830 corpus
969 2757 1220 2828 impletur
1259 2775 1273 2811 :
1317 2757 1559 2826 nunquid
1609 2771 1800 2812 omnes
1855 2756 2062 2811 habent

475 2850 837 2905 charitatem?
877 2851 1332 2920 quemadmodum
1377 2848 1535 2914 dixit,
1572 2848 1816 2919 nunquid
1870 2862 2061 2905 omnes

475 2940 751 3013 Apostoli?
772 2941 1011 3012 nunquid
1037 2957 1227 2997 omnes
1255 2939 1576 3011 Propheta)?
1597 2941 1839 3011 nunquid
1869 2956 2061 2996 omnes

477 3033 758 3090 Virtutes?
796 3033 1035 3104 nunquid
1064 3048 1254 3089 omnes
1276 3031 1419 3089 dona
1457 3032 1659 3088 habent
1692 3033 2055 3098 curationum,

477 3133 535 3183 et
563 3137 758 3181 caetera
787 3125 1136 3196 hujusmodi?

554 3260 575 3294 ι
607 3240 712 3297 Sed
738 3240 868 3298 dicit
909 3240 1129 3311 aliquis,
1148 3256 1308 3313 posse
1333 3240 1551 3312 quidem
1574 3240 1716 3306 ﬁeri,
1743 3249 1805 3296 ut
1826 3241 2061 3313 prophe-

476 3334 604 3388 tiam
636 3332 866 3404 quisque
895 3348 1003 3388 non
1058 3333 1272 3399 habeat,
1308 3342 1363 3389 et
1390 3342 1567 3389 tamen
1598 3334 1795 3389 habeat
1817 3333 2061 3389 eharita-

474 3431 605 3489 tem,
646 3432 810 3493 atque
846 3423 967 3480 ideo
1012 3422 1213 3479 Christi
1239 3425 1497 3481 membris
1545 3426 1936 3482 adnumeratus
1976 3426 2059 3481 iu-

475 3514 678 3570 hzereat
706 3534 719 3567 :
748 3512 845 3570 sed
866 3514 982 3570 ﬁeri
1012 3530 1118 3570 non
1142 3531 1327 3587 posse,
1360 3527 1417 3571 ut
1444 3518 1789 3589 prophetiam
1834 3518 2055 3585 habeat,

473 3614 532 3664 et
552 3621 659 3662 non
693 3604 893 3661 habeat
933 3605 1277 3664 charitatem.
1304 3607 1458 3690 l‘iihil
1479 3617 1563 3665 est
1593 3611 1738 3665 enim
1764 3611 1925 3668 homo
1953 3614 2057 3669 has

471 3698 607 3753 hens
644 3697 984 3769 prophetiam
1022 3697 1142 3754 sine
1185 3697 1473 3755 eharitate.
1501 3699 1578 3755 Ita
1602 3697 1833 3757 fortasse
1869 3718 2060 3773 quem-

470 3793 758 3855 admodum
788 3810 1073 3866 possumus
1107 3792 1306 3859 dicere,
1336 3794 1473 3851 nihil
1512 3810 1633 3852 esse
1659 3796 1936 3853 hominem
1963 3800 2059 3854 ha-

467 3885 688 3943 bentem
726 3888 963 3943 animam
990 3888 1111 3946 sine
1137 3897 1319 3944 mente
1355 3907 1368 3941 :
1401 3904 1510 3945 non
1542 3889 1671 3959 quia
1699 3898 1879 3960 potest
1907 3891 2057 3948 inve-

469 3981 577 4035 niri
599 3981 785 4047 homo,
810 3981 903 4052 qui
924 3989 1163 4037 mentem
1188 3998 1297 4037 non
1317 3982 1536 4049 habeat,
1554 3983 1766 4039 habens
1790 3985 2053 4052 animam,

469 4073 583 4137 sed,
608 4073 733 4143 quia
756 4073 892 4129 nihil
914 4083 1078 4141 esset,
1101 4075 1146 4130 si
1171 4075 1401 4131 inveniri
1418 4076 1610 4146 possit.
1638 4074 1729 4131 Sic
1755 4076 1919 4132 etiam
1948 4079 2056 4135 dici

466 4174 647 4237 potest
663 4183 676 4219 :
691 4180 889 4236 corpus
905 4166 1133 4238 ﬁguram
1147 4168 1332 4232 habet,
1354 4167 1599 4223 colorem
1620 4182 1729 4223 non
1756 4168 1923 4224 habet
1948 4188 1960 4223 :
1981 4170 2057 4226 vi-

466 4254 581 4312 deri
607 4272 714 4313 non
742 4266 941 4329 potest,
976 4274 1082 4314 non
1103 4260 1227 4330 quia
1253 4267 1335 4315 est
1361 4274 1576 4329 corpus,
1602 4261 1689 4315 cui
1712 4260 1853 4316 desit
1883 4261 2051 4329 color,

468 4350 564 4407 sed
604 4351 754 4421 quia,
785 4351 832 4407 si
870 4352 1104 4415 deesset,
1148 4351 1301 4407 cerni
1335 4368 1444 4407 non
1478 4353 1671 4423 possit.
1704 4352 1781 4407 Ita
1820 4352 2053 4411 fortasse

466 4442 670 4497 dictum
712 4452 812 4510 est,
841 4444 984 4513 quod
1019 4444 1065 4499 si
1093 4443 1321 4513 quisque
1377 4445 1539 4499 habet
1591 4446 1955 4515 prophetiam,
1996 4455 2055 4503 et

2166 1931 2439 1987 nonnullis
2461 1933 2751 1999 haereticis,
2768 1934 2883 2004 qui,
2912 1932 3000 1989 vel
3020 1934 3221 2005 aliquid
3244 1933 3372 1990 boni
3407 1934 3477 1991 de
3501 1935 3756 1989 muneri-

2165 2025 2268 2080 bus
2308 2026 2481 2081 sancti
2512 2024 2748 2098 Spiritus
2794 2035 2996 2098 negant
3029 2041 3190 2097 posse
3218 2025 3336 2082 dari
3381 2026 3495 2090 eis,
3549 2026 3656 2097 qui
3694 2024 3755 2081 ad

2166 2125 2370 2173 sortem
2398 2126 2711 2173 sanctorum
2738 2132 2843 2173 non
2888 2119 3163 2188 pertinent
3194 2132 3208 2171 :
3234 2132 3357 2173 cum
3398 2116 3483 2172 eis
3508 2116 3752 2172 dicimus

2165 2208 2368 2264 habere
2394 2208 2515 2265 illos
2533 2222 2694 2280 posse
2713 2210 2967 2281 baptismi
2999 2216 3417 2275 sacramentum,
3448 2208 3607 2280 quod
3632 2224 3752 2264 eum

2165 2300 2235 2356 ad
2278 2300 2580 2357 Ecclesiam
2632 2301 2957 2357 catholicam
2994 2301 3240 2367 veniunt,
3272 2317 3381 2357 non
3427 2309 3518 2358 est
3564 2302 3630 2357 in
3680 2304 3753 2358 eis

2164 2391 2274 2449 ullo
2309 2393 2469 2449 modo
2498 2392 2832 2461 violandum,
2874 2402 2969 2448 aut
2997 2394 3151 2464 quasi
3182 2410 3289 2449 non
3329 2391 3598 2461 habeant,
3648 2404 3753 2450 tra-

2164 2480 2396 2541 dendum
2422 2501 2437 2538 :
2471 2485 2567 2541 sed
2590 2493 2770 2541 tamen
2798 2500 2893 2541 eos
2913 2500 3020 2541 non
3046 2485 3175 2541 ideo
3193 2485 3356 2542 saluti
3388 2485 3603 2542 debere
3628 2502 3753 2543 con-

2164 2576 2351 2644 lidere,
2381 2577 2507 2649 quia
2542 2594 2652 2635 non
2680 2579 3071 2651 improhamus,
3117 2578 3271 2650 quod
3309 2576 3430 2635 illos
3465 2581 3759 2652 accepisse

2163 2673 2539 2740 concedimus,
2572 2674 2669 2730 sed
2716 2682 2970 2745 oportere
3013 2686 3347 2744 cognoscere
3395 2674 3638 2730 unitatis
3668 2691 3750 2731 so-

2163 2763 2417 2820 cietatem
2467 2765 2686 2821 vinculo
2732 2765 3018 2821 charitatis
3048 2765 3102 2820 in
3149 2765 3417 2832 eumdem;
3467 2766 3596 2822 sine
3644 2781 3747 2839 qua

2163 2857 2385 2913 omnino
2413 2858 2671 2929 quidquid
2693 2859 2893 2915 habere
2918 2859 3227 2930 potuerint,
3268 2860 3520 2929 quamvis
3548 2874 3653 2931 per
3689 2875 3745 2917 se

2162 2958 2410 3007 sanetum
2448 2960 2610 3022 atque
2649 2953 3041 3019 venerandum,
3067 2952 3171 3023 ipsi
3198 2958 3381 3007 tamen
3411 2953 3550 3007 nihil
3582 2963 3741 3021 sunt;

2163 3053 2313 3101 tanto
2336 3045 2665 3117 indigniores
2689 3046 2868 3103 eﬂ'ecti
2898 3048 3118 3118 praemio
3142 3047 3265 3102 vitae
3285 3054 3743 3121 aateruzn,quauto

2164 3137 2268 3194 illis
2294 3138 2452 3195 donis
2478 3154 2584 3195 non
2622 3139 2760 3195 bene
2795 3138 2879 3195 usi
2922 3147 3065 3205 sunt,
3092 3154 3211 3210 qua:
3247 3140 3302 3194 in
3326 3138 3432 3196 hac
3460 3141 3590 3207 vita,
3620 3154 3740 3211 qua:

2165 3230 2463 3287 transitura
2490 3239 2593 3297 est,
2625 3238 2969 3303 acceperunt.
2998 3228 3113 3286 Non
3150 3237 3330 3286 autem
3363 3230 3508 3287 bene
3545 3231 3736 3298 utitur,
3904 3224 3905 3303 1

2160 3316 2265 3375 nisi
2309 3320 2583 3387 eharitas,
2607 3318 2665 3387 (I
2694 3318 2815 3376 Cor.
2847 3337 2968 3384 xui,
2998 3320 3074 3393 7),
3100 3329 3155 3376 et
3181 3321 3425 3378 eharitas‘
3443 3321 3626 3377 omnia
3657 3330 3738 3376 to-
3904 3306 3905 3317 “

2158 3414 2317 3480 lerat,
2346 3424 2510 3486 atque
2530 3416 2650 3471 ideo
2673 3429 2779 3469 non
2810 3414 3006 3471 scindit
3027 3415 3311 3482 unitatem,
3339 3416 3500 3486 cujus
3526 3416 3640 3487 ipsa
3660 3420 3741 3469 est

2158 3505 2514 3562 fortissimum
2546 3505 2843 3562 vinculum.
2876 3502 2993 3561 Non
3023 3506 3165 3561 enim
3208 3515 3265 3561 et
3295 3521 3490 3561 servus
3517 3505 3604 3562 ille
3633 3520 3732 3563 nou

2158 3598 2370 3669 accepit
2411 3596 2693 3663 talentum,
2727 3603 2821 3652 aut
2846 3596 3048 3666 aliquid
3079 3597 3225 3652 aliud
3281 3597 3607 3670 intelligitur
3655 3608 3729 3653 ta-

2156 3690 2382 3755 lentum,
2399 3705 2563 3762 quam
2579 3706 2777 3746 munus
2793 3690 3009 3761 aliquod
3029 3692 3215 3763 utique
3237 3691 3505 3748 divinum.
3526 3690 3726 3765 (Matth.

2155 3798 2285 3849 xxv,
2318 3780 2409 3856 29)
2461 3780 2565 3837 Sed
2595 3782 2688 3854 qui
2714 3781 2889 3850 habet,
2916 3782 3129 3837 dabitur
3149 3783 3199 3838 ei
3227 3797 3247 3837 :
3288 3785 3383 3854 qui
3427 3794 3602 3839 autem
3636 3802 3726 3838 non

2153 3874 2326 3942 habet,
2366 3883 2413 3929 et
2454 3873 2594 3946 quod
2639 3874 2811 3940 habet,
2864 3874 3136 3944 auferetur
3188 3875 3253 3929 ab
3295 3892 3379 3930 eo.
3423 3874 3581 3944 Quod
3628 3890 3725 3932 uel

2154 3967 2324 4024 habet.
2367 3966 2569 4022 auferri
2599 3981 2706 4022 non
2748 3973 2950 4037 potest,
2982 3966 3079 4021 sed
3123 3965 3281 4022 aliud’
3306 3982 3418 4022 non
3470 3966 3654 4031 habet,
3675 3976 3733 4024 ut

2153 4062 2349 4117 merito
2377 4060 2676 4128 auferatur,
2706 4060 2848 4132 quod
2872 4060 3055 4115 habet.
3079 4058 3194 4116 Non
3221 4060 3390 4117 habet
3414 4062 3727 4118 charitatem

2152 4153 2361 4220 utendi,
2389 4162 2451 4209 ut
2478 4154 2757 4209 auferatur
2783 4152 3044 4225 quidquid
3066 4152 3213 4208 aliud
3240 4153 3427 4220 habet,
3457 4154 3724 4225 quod‘sine

2152 4245 2420 4303 eharitate
2446 4262 2551 4301 non
2579 4246 2819 4317 prodest.

2228 4357 2247 4391 ι
2289 4337 2406 4394 Νοη
2428 4339 2591 4412 igitur
2616 4339 2813 4394 mirum
2839 4347 2921 4395 est
2951 4354 3133 4411 regem
3176 4336 3329 4406 Saul,
3351 4347 3411 4396 et
3431 4352 3501 4397 eo
3536 4351 3723 4412 tempo-

2151 4445 2242 4497 re,
2269 4446 2376 4501 quo
2397 4432 2632 4503 primum
2658 4439 2854 4487 unctus
2880 4439 2983 4498 est,
3017 4432 3293 4503 accepisse
3332 4434 3591 4504 spiritum
3611 4450 3723 4506 pro-

464 4534 785 4589 charitatem
832 4550 941 4590 non
990 4535 1175 4601 habet,
1211 4534 1348 4589 nihil
1376 4542 1491 4601 est,
1536 4552 1644 4592 non
1691 4538 1819 4608 quia
1865 4523 2439 4617 poiestDphelandi;
2476 4531 2532 4579 et
2570 4531 2755 4595 postea
2784 4539 2910 4579 eum
2934 4532 3078 4617 esset
3107 4539 3205 4595 pro
3250 4525 3627 4584 inobediemia
3654 4544 3725 4585 re-

465 4625 520 4681 in
550 4640 961 4697 quoquamesse
996 4627 1280 4698 prophetia
1308 4627 1425 4682 sine
1450 4628 1737 4697 charitate,
1780 4631 1873 4687 sed
1897 4633 2049 4703 quia,

465 4715 512 4771 si
548 4726 711 4783 esset,
741 4716 997 4787 prodesse
1027 4733 1134 4773 non
1170 4726 1372 4789 posset.
1406 4717 1552 4788 Opus
1579 4729 1818 4795 estergo
1844 4724 1912 4778 ad
1942 4723 2052 4780 sol-

463 4810 699 4865 vendum
744 4811 907 4866 istam
933 4810 1312 4881 quaestionem,
1342 4819 1404 4866 ut
1430 4814 1781 4872 ostendamus
1809 4816 2048 4887 aliquem

467 4904 756 4972 reprobum
782 4904 887 4959 hoc
925 4904 1125 4959 donum
1153 4904 1408 4961 habuisse
1438 4907 1758 4976 prophetiae.
1805 4907 1960 4975 Quod
2000 4910 2047 4965 si

465 4995 737 5050 nemiuem
762 4996 1269 5064 invenerimus,hoc
1294 4997 1398 5053 iste
1418 4997 1533 5068 ipse
1556 4997 1693 5053 Saul
1716 4999 1850 5055 satis
1865 5007 2047 5055 osten-

465 5085 636 5139 deret.
683 5084 793 5142 Sed
832 5095 1013 5143 tamen
1048 5089 1213 5144 etiam
1242 5088 1331 5145 ille
1375 5089 1545 5162 (num.
1580 5106 1674 5156 xx,
1701 5088 1768 5156 5,
1792 5088 1883 5163 24)
1914 5090 2049 5146 Baa.

465 5175 573 5232 iam
606 5177 867 5248 reprobus
902 5190 1129 5250 apparet
1159 5200 1172 5235 :
1203 5197 1313 5238 non
1363 5183 1509 5240 enim
1554 5197 1679 5239 eum
1732 5191 1880 5239 tacet
1913 5184 2049 5240 seri-

464 5278 624 5340 ptura
662 5270 844 5325 divino
858 5269 1063 5339 judicio
1090 5287 1210 5329 esse
1245 5275 1588 5341 damnatum,
1622 5282 1679 5331 et
1712 5283 1893 5331 tamen
1920 5291 2047 5347 pro-

464 5359 707 5431 phetiam
740 5360 996 5427 habebat,
1023 5370 1077 5421 et
1102 5364 1231 5435 quia
1268 5365 1321 5421 ei
1362 5366 1604 5424 eharitas
1631 5366 1839 5434 deerat,
1867 5368 2046 5423 inerat

462 5452 713 5508 voluntas
749 5452 1101 5512 maledicendi
1136 5457 1336 5527 populo
1375 5456 1705 5527 lsraelitico,
1736 5473 1901 5529 quam
1953 5459 2051 5514 ho-

460 5545 563 5601 stis
603 5545 778 5616 pretio
811 5559 1241 5619 comparaverat,
1287 5552 1380 5623 qui
1428 5568 1552 5608 eum
1605 5553 1675 5609 ad
1718 5552 2045 5609 maledicen-

460 5637 587 5693 dum
642 5639 890 5695 mercede
930 5644 1302 5708 conduxerat;
1360 5643 1502 5699 dono
1541 5653 1721 5701 tamen
1769 5645 1863 5702 illo
1914 5659 2042 5717 pro-

460 5730 715 5797 pnat-indi
736 5770 750 5795 ,
784 5745 892 5799 quo
940 5732 1359 5801 aspergebatur,
1417 5735 1773 5790 benedicebat
1808 5734 2036 5790 invitus.

461 5819 572 5875 Nec
619 5821 710 5876 illa
756 5822 921 5877 verba
966 5837 1158 5892 parum
1197 5831 1527 5880 attestantur
1556 5826 1687 5882 huic
1734 5828 2041 5895 sententiae,

2150 4618 2430 4687 probatus,
2460 4618 2748 4673 recedente
2804 4618 2873 4673 ab
2928 4632 2993 4672 eo
3038 4616 3245 4689 Spiritu
3293 4619 3537 4689 Domini,
3595 4638 3724 4678 am-

2149 4718 2300 4779 ptum
2328 4724 2448 4765 esse
2473 4709 2706 4778 maligno
2729 4707 2931 4780 Spiritu
2961 4725 2991 4764 a
3017 4708 3264 4776 Domino,
3296 4714 3392 4783 qui
3415 4716 3589 4769 etiam
3624 4716 3720 4786 ipse

2151 4800 2384 4873 Spiritus
2416 4800 2627 4855 Domini
2658 4801 2955 4873 appellatus
2984 4809 3067 4857 est
3092 4810 3317 4874 propter
3338 4806 3718 4873 ministerium,

2148 4891 2274 4962 quia
2296 4891 2549 4946 omnibus
2577 4891 2737 4946 etiam
2763 4890 3041 4963 spiritibus
3080 4890 3237 4948 malis
3264 4894 3408 4950 bene
3431 4896 3611 4953 utitur
3632 4898 3721 4954 Do-

2145 4981 2364 5049 minus,
2414 4983 2497 5038 vel
2535 4985 2603 5039 ad
2649 4983 3054 5039 damnationem
3103 4987 3494 5057 quorumdam,
3528 4988 3616 5046 vel
3662 4989 3721 5045 ad

2145 5075 2599 5144 emendationem,
2640 5077 2724 5132 vel
2768 5078 2837 5133 ad
2862 5077 3237 5149 probationem
3262 5097 3275 5133 :
3301 5078 3488 5154 (Rom.
3517 5099 3644 5150 xm,
3674 5082 3718 5157 l)

2145 5179 2200 5228 et
2223 5162 2471 5243 qudmvis
2499 5188 2607 5228 non
2634 5170 2704 5227 sit
2729 5170 3040 5244 malignitas
3066 5190 3098 5228 a
3127 5172 3381 5243 Domino,
3403 5191 3515 5232 non
3542 5186 3626 5234 est
3649 5187 3720 5231 ta-

2144 5279 2269 5320 men
2303 5273 2564 5336 potestas,
2596 5264 2699 5319 nisi
2745 5281 2776 5321 a
2814 5264 3067 5323 Domino.
3115 5264 3305 5323 Dictus
3331 5276 3421 5324 est
3460 5269 3629 5325 etiam
3655 5266 3719 5341 (1

2145 5354 2275 5429 Reg.
2309 5375 2462 5424 xxvi,
2496 5356 2585 5429 12)
2612 5375 2769 5429 sopor
2805 5357 3041 5426 Domini,
3088 5359 3181 5430 qui
3216 5373 3585 5432 occupavth
3625 5364 3719 5418 mi-

2143 5448 2266 5505 lites
2294 5446 2533 5517 ejusdem
2567 5448 2718 5517 Saul,
2743 5464 2865 5506 cum
2899 5450 3070 5507 David
3099 5451 3314 5507 hastam
3356 5461 3413 5508 et
3460 5455 3717 5528 scyphu-

2142 5542 2449 5599 abstulisset
2478 5559 2508 5598 a
2546 5543 2722 5615 capite
2746 5542 3082 5599 dormientis.
3109 5541 3225 5602 Non
3247 5545 3373 5615 quia
3399 5555 3533 5603 tunc
3562 5561 3716 5618 sopor

2141 5636 2196 5692 in
2231 5633 2458 5693 Domino
2486 5646 2625 5702 erat,
2666 5643 2727 5691 ut
2749 5636 2863 5705 ipse
2891 5634 3176 5701 dormiret,
3207 5636 3301 5692 sed
3328 5636 3457 5706 quia
3491 5632 3583 5692 ille
3626 5654 3711 5693 so-

2140 5744 2264 5802 por,
2314 5731 2407 5801 qui
2447 5739 2577 5786 tunc
2623 5730 2874 5785 homines
2919 5729 3387 5799 apprehenderat,
3443 5739 3581 5785 nutu
3622 5728 3710 5784 Dei

2142 5832 2261 5880 erat
2293 5824 2539 5879 infusus:
2566 5838 2634 5880 ne
2676 5821 2866 5888 David,
2901 5821 3044 5877 servi
3074 5818 3209 5889 ejus,
3235 5820 3288 5876 in
3314 5835 3382 5876 eo
3413 5819 3538 5877 loco
3581 5834 3715 5893 pne“
