3940 6340
129 316 250 386 67‘!

1038 304 1507 391 Qumsrtoues
1544 302 1697 365 xxx
1733 268 1964 377 suras
2001 298 2249 362 manus
2284 300 2546 363 REGUM.

3304 309 3413 368 678

129 441 323 502 scotia
373 432 692 493 senu‘retur.
735 430 925 505 Neque
974 432 1104 489 illud
1154 433 1355 488 mirum
1405 440 1491 489 est
1532 442 1722 487 rursus

1834 440 1965 481 sum.
1996 423 2068 481 Ut
2097 424 2187 480 ille
2211 424 2487 495 nimirum,
2516 424 2608 497 qui
2637 433 2751 488 tam
2784 421 3028 500 perfecto
3048 428 3204 503 juxta
3235 432 3410 506 legem

128 533 393 589 eumdem
450 531 581 587 Saul
635 530 915 601 accepisse
974 528 1227 600 spiritum
1275 528 1613 599 prophetiae:
1655 530 1722 604 (Ι

130 627 273 700 Reg.
304 644 421 695 m,
456 627 550 697 Si)
592 642 718 683 cum
768 630 1191 696 persequeretur
1232 622 1475 693 jttstum,
1502 634 1560 681 et
1603 640 1726 682 eum

130 722 670 794 comprehensurus,
711 728 769 777 et
805 728 1101 776 necaturus
1138 720 1382 777 venisset
1421 720 1477 775 in
1524 719 1724 790 locum,

132 814 233 869 ubi
265 822 385 868 erat
429 811 780 885 congregatio
807 812 1226 881 Prophetarum.
1264 812 1355 868 Sic
1401 813 1547 868 etiim
1594 813 1728 869 satis

133 909 577 963 demonstratum
624 916 730 973 est,
757 906 1035 977 neminem
1086 906 1154 962 de
1202 906 1300 961 tali
1349 921 1579 963 munere
1614 906 1731 976 jam

134 1015 395 1057 securum
419 1016 542 1057 esse
570 1000 791 1063 debere,
824 1007 1083 1069 tanquam
1101 999 1173 1054 sit
1191 1000 1605 1069 acceptissimus
1623 1000 1731 1057 Do-

134 1093 292 1149 mino
315 1093 361 1149 si
406 1108 515 1148 non
545 1092 742 1147 habeat
788 1091 1147 1160 charitatem;
1203 1094 1461 1164 quoniam
1508 1094 1730 1165 quidem

134 1187 275 1244 illud
313 1178 536 1255 donum,
564 1195 621 1243 et
644 1185 793 1243 Sauli
818 1188 934 1242 dari
964 1188 1143 1258 potuit
1189 1197 1416 1259 propter
1466 1204 1729 1245 arcanum

134 1278 361 1349 quidem
401 1278 631 1349 alicujus
666 1279 1016 1344 sacramenti,
1046 1278 1143 1334 sed
1176 1289 1361 1334 tamen
1392 1280 1510 1336 dari
1552 1282 1731 1352 potuit

135 1371 453 1440 reprobate,
483 1370 685 1435 invido,
713 1378 770 1426 et
809 1370 1050 1442 ingrato,
1081 1378 1136 1425 et
1179 1371 1430 1426 reddenti
1456 1374 1604 1427 maia
1628 1389 1729 1444 pro

118 1442 328 1528 'boms,
380 1471 438 1517 et
467 1477 537 1518 ne
558 1470 684 1533 post
730 1464 906 1533 ipsam
938 1461 1156 1533 quidem
1197 1463 1572 1532 accept’ionem
1602 1442 1729 1536 Spit-

137 1552 300 1616 ritus,
326 1561 577 1623 correpto
609 1553 664 1607 in
688 1553 882 1609 melius
903 1563 1066 1623 atque
1097 1562 1326 1609 mutato.
1359 1575 1379 1607 ι
1658 1603 1661 1606 .

212 1656 244 1688 ι
274 1643 365 1698 Ait
388 1660 610 1715 namque
643 1644 906 1699 Jonatltas
926 1645 997 1698 ad
1028 1644 1200 1699 David
1224 1645 1417 1717 (quem
1456 1646 1510 1700 in
1548 1661 1732 1716 perse-

136 1736 452 1791 cutionibus
474 1735 651 1806 patris
672 1736 757 1792 sui
781 1751 889 1791 non
914 1736 1081 1805 justis
1105 1737 1325 1792 dolebat
1352 1736 1597 1812 fatigari)
1639 1758 1651 1794 :
1681 1739 1727 1793 si

1828 523 2042 585 Domini
2068 539 2255 581 amore
2295 524 2758 597 complectebatur
2809 518 3015 597 David,
3037 545 3070 586 a
3110 531 3415 603 perditione

1829 615 2173 673 inimicorum
2198 618 2317 690 ejus
2370 619 2751 677 ostenderetur
2793 621 3077 690 itan-imis,
3099 626 3192 695 qui
3216 635 3272 682 et
3301 626 3329 668 ά
3368 631 3418 687 sl

1828 708 2009 766 subita
2038 720 2215 767 morte
2260 720 2584 782 praereptus,
2608 729 2841 785 regnum
2858 730 2985 772 eum
3018 732 3107 785 eo,
3129 727 3193 775 ut
3229 736 3419 793 spera-

1827 801 1939 867 bat,
1987 810 2265 862 terrenum
2316 806 2525 863 habere
2576 807 2821 878 nequivit
2874 825 3181 880 commune,
3213 814 3419 886 absque

1828 892 1938 949 ulla
1993 902 2176 951 tamen
2235 899 2665 958 contradictione
2700 902 2852 974 regni
2904 903 3149 961 scelestis
3192 922 3418 964 consor-

1830 987 1970 1042 tium
1996 1005 2121 1045 cum
2149 1005 2249 1057 eo,
2275 1008 2438 1064 quem
2487 1010 2587 1066 pro
2636 995 2809 1066 gloria
2848 997 3114 1055 virtutum
3152 1001 3420 1072 tantisper

1830 1078 2058 1148 dilexit,
2098 1098 2223 1138 cum
2250 1093 2395 1141 esset
2434 1095 2490 1142 et
2526 1087 2641 1159 ipse
2660 1089 2923 1145 virtutum
2945 1090 3161 1161 plenus,
3184 1094 3414 1165 accepit.

1903 1172 2056 1246 (Cap.
2086 1192 2180 1241 xx,
2204 1176 2277 1232 45
2301 1186 2349 1232 et
2377 1195 2472 1234 xxx
2493 1220 2508 1246 ,
2538 1179 2615 1252 l.)
2651 1199 2669 1232 ι
2706 1180 2957 1238 Surrexit
2990 1195 3015 1224 ο
3036 1184 3221 1255 itaque
3247 1188 3419 1245 David

1829 1263 2049 1331 iterum,
2076 1275 2132 1322 et
2160 1266 2298 1340 fugit
2337 1270 2393 1324 in
2420 1270 2509 1326 die
2534 1271 2623 1326 illa
2648 1289 2680 1327 a
2716 1272 2858 1329 facie
2892 1274 3043 1343 Saul,
3065 1276 3324 1350 venitque
3349 1278 3419 1337 ad

1830 1361 2169 1417 sacerdotem
2214 1363 2529 1420 Abimelech
2556 1405 2571 1432 ,
2625 1382 2657 1421 a
2704 1382 2815 1437 quo
2854 1378 2911 1424 et
2956 1370 3192 1440 gladium
3247 1370 3419 1430 Goliae

1830 1446 2106 1519 Substulit,
2130 1461 2189 1509 et
2211 1470 2380 1525 panes
2410 1457 2803 1527 propositionis
2816 1460 3048 1531 accepit.
3080 1462 3210 1528 Quae
3232 1478 3323 1521 res
3361 1473 3419 1520 et

1829 1547 2101 1602 sacerdoti
2132 1556 2366 1603 mortem
2391 1549 2604 1617 intulit,
2635 1560 2691 1605 et
2735 1553 3257 1612 animadversionem
3295 1558 3423 1613 reli-

1828 1640 1997 1710 giosae
2043 1641 2227 1697 intulit
2267 1643 2492 1699 civitati.
2554 1643 2682 1701 Haec
2734 1646 2920 1717 itaque
2959 1657 3234 1719 gestorum
3280 1650 3420 1706 ﬁdes

1830 1741 1918 1788 est
1943 1752 1956 1786 :
1983 1735 2078 1790 sed
2120 1746 2381 1806 quantum
2430 1739 2498 1794 ad
2525 1748 2926 1796 sacramentum
2974 1744 3270 1814 prophetiae
3298 1760 3422 1816 per-

136 1827 324 1883 uium
349 1827 509 1897 facies
532 1828 657 1882 mihi
680 1828 1095 1883 misericordiam
1111 1829 1559 1886 Domini:sseero
1588 1847 1728 1885 mor-
1753 1816 1802 1894 Β
1830 1822 1990 1889 tinet,
2034 1825 2087 1879 in
2118 1826 2335 1882 Christo
2364 1829 2595 1888 Domino
2638 1839 2828 1887 nostro
2865 1834 3145 1903 impletum
3193 1844 3299 1903 est,
3330 1837 3423 1907 qui

136 1930 265 1975 tuus
287 1921 457 1992 fuero,
489 1939 597 1976 non
621 1919 844 1993 παίειναέ
884 1923 1299 1978 misericordiam
1326 1933 1473 1979 tuam
1508 1943 1541 1980 a
1571 1926 1727 1981 domo

138 2028 263 2066 mea
306 2028 471 2083 usque
520 2014 579 2067 in
641 2015 1013 2085 sempiternum
1036 2055 1052 2082 ,
1104 2013 1318 2085 quando
1380 2015 1728 2071 eradicaverit

136 2101 409 2158 Dominus
449 2103 691 2159 inimicos
737 2104 917 2159 David
968 2121 1393 2177 unumquemque
1434 2106 1500 2161 de
1560 2116 1723 2162 terra.

139 2192 282 2250 Cum
330 2194 645 2267 adiungeret
680 2196 1004 2268 Scriptura:
1051 2196 1218 2270 (vers.
1255 2198 1341 2269 16)
1369 2200 1562 2271 pepigit
1603 2215 1726 2271 ergo

142 2286 321 2357 fades
340 2288 602 2343 Jmthas
626 2305 747 2344 cum
767 2290 923 2344 domo
948 2289 1115 2345 David
1144 2306 1162 2343 :
1189 2292 1446 2346 continuo
1474 2294 1724 2348 subintu»

140 2377 209 2432 lit
231 2378 423 2435 dicens
446 2396 461 2434 :
486 2380 521 2420 Β
547 2381 817 2451 requisiuit
843 2379 1103 2435 Dominus
1123 2381 1189 2435 de
1210 2398 1371 2436 manu
1390 2383 1726 2440 inimicorum

138 2469 337 2526 Dauid.
390 2489 409 2525 ι
459 2471 564 2528 Per
612 2473 1059 2543 anticipationem
1111 2474 1300 2544 utique
1356 2474 1516 2543 fecit,
1572 2478 1726 2546 prius

135 2560 383 2618 historiae
428 2564 845 2632 interserendo,
901 2565 1049 2634 quod
1085 2565 1255 2621 multo
1305 2574 1431 2637 post
1484 2576 1727 2639 tempore

136 2652 346 2710 factum
383 2666 493 2724 est,
513 2673 637 2713 cum
657 2657 945 2714 interfecto
973 2658 1165 2725 Saule,
1195 2673 1422 2731 regnum
1448 2662 1515 2716 ad
1544 2662 1729 2717 Domi-

137 2762 274 2805 num
319 2746 486 2804 David
515 2750 837 2806 translatum
865 2760 970 2818 est,
1006 2758 1063 2807 et
1090 2753 1183 2822 qui
1213 2753 1558 2808 innocentem
1601 2769 1727 2810 eum

136 2835 342 2908 injuste
366 2842 850 2912 persequebantur,
877 2844 1027 2914 justa
1073 2852 1199 2900 sunt
1240 2847 1496 2903 divinitus
1522 2847 1727 2903 ultione

140 2932 378 2988 multati.
405 2935 556 2991 Tunc
601 2938 747 2992 enim
782 2938 1082 3011 requisivit
1131 2939 1392 2994 Dominus
1441 2942 1507 2996 de
1562 2957 1726 2996 manu

139 3026 486 3083 inimicorum
510 3028 697 3097 David,
724 3044 899 3100 quare
914 3030 1095 3085 virum
1122 3040 1369 3087 sanctum
1393 3032 1723 3089 afﬂixerunt.

140 3123 301 3181 ‘l‘unc
322 3128 657 3198 cogebantur
682 3128 952 3183 rationem
981 3129 1208 3186 reddere
1233 3130 1502 3197 odiorum,
1528 3132 1725 3202 quibus

1827 1914 2039 1983 positus
2071 1915 2125 1969 in
2156 1931 2323 1973 carne
2374 1918 2430 1985 ί,
2487 1920 2614 1975 dum
2667 1922 3080 1981 insectationem
3127 1926 3425 1983 declinaret

1827 2001 2137 2073 Iudaicam,
2162 2008 2231 2061 ad
2258 2010 2283 2047 ε
2307 2009 2532 2079 populos
2557 2013 2774 2067 transiit
2805 2031 2817 2067 :
2848 2028 2973 2069 cum
3009 2016 3229 2087 quibus,
3252 2027 3307 2073 et
3327 2018 3423 2073 de-

1828 2096 2128 2154 sideratum
2156 2100 2259 2155 sibi
2287 2096 2469 2156 eibum
2492 2105 2743 2174 sumpsit.
2776 2104 2934 2177 (Luc.
2969 2124 3106 2174 ml,
3142 2109 3230 2181 15)
3268 2110 3425 2166 Desi-

1828 2193 1978 2249 derio
1997 2197 2153 2260 enim,
2190 2198 2387 2267 inquit,
2412 2198 2706 2255 desideravi
2730 2200 2829 2255 huc
2864 2199 3077 2257 Pascha
3100 2191 3424 2277 manducare

1824 2288 2110 2357 vobiscum,
2142 2305 2208 2346 ex
2232 2291 2428 2361 quibus
2451 2291 2639 2359 Goliae,
2674 2293 2730 2350 id
2756 2302 2841 2350 est
2868 2311 3023 2351 arma
3053 2296 3255 2353 diaboli
3286 2298 3417 2354 sub-

1828 2378 1999 2445 stulit,
2032 2378 2190 2435 fortis
2232 2380 2380 2436 enim
2426 2383 2597 2453 spolia
2639 2385 2755 2454 ipse
2796 2384 3004 2456 dirupit
3053 2386 3203 2457 :his
3223 2396 3351 2457 ergo
3380 2400 3414 2443 a

1828 2472 2026 2541 quibus
2071 2481 2321 2543 receptus
2360 2482 2443 2530 est
2469 2473 2744 2542 Christus,
2782 2476 3162 2534 tribulatibnes
3207 2478 3422 2536 induxit

1828 2562 2096 2629 dabolus,
2124 2572 2181 2619 et
2206 2573 2458 2620 mortem.
2507 2565 2701 2621 Omnes
2724 2567 2882 2635 enim,
2920 2576 2981 2623 ut
3008 2569 3085 2623 ait
3109 2568 3425 2640 Apostolus,

1828 2660 1918 2731 qui
1947 2660 2003 2713 in
2050 2658 2261 2715 Christo
2286 2661 2372 2731 pie
2416 2660 2595 2716 volunt
2622 2663 2789 2718 vivere
2815 2705 2831 2731 ,
2882 2665 3289 2735 persecutionem
3331 2684 3427 2738 pa-

1828 2750 2054 2804 tittntttr.
2092 2749 2275 2823 (Jomr.
2323 2768 2417 2820 xv,
2444 2752 2539 2825 20)
2589 2753 2657 2809 Et
2699 2755 2960 2811 Dominus
3005 2756 3128 2830 (ait)
3175 2771 3190 2812 :
3226 2757 3293 2813 Si
3342 2775 3423 2815 me

1826 2844 2085 2915 persecuti
2105 2854 2249 2912 sunt,
2281 2853 2330 2900 et
2351 2863 2440 2902 vos
2465 2857 2860 2919 persequentur.
2911 2849 2936 2888 ιι
2968 2846 3123 2917 Quod
3142 2863 3281 2925 vero
3319 2850 3426 2906 Do-

1828 2936 2009 2992 minus
2035 2937 2089 2992 in
2123 2936 2419 3010 Evangeiio
2456 2936 2650 3012 (Marc.
2684 2956 2745 3007 ιι,
2797 2939 2923 3012 26)‘,
2986 2942 3245 2996 Abiaﬂtar
3273 2942 3424 3013 prin-

1828 3026 2002 3097 cipem
2055 3029 2424 3095 sacerdotum,
2478 3044 2587 3084 non
2621 3029 2938 3086 Abimelech
2983 3030 3234 3102 appellat,
3287 3030 3424 3090 nihil

1830 3118 1999 3175 habet
2027 3121 2384 3177 dissonantia:
2413 3139 2426 3175 :
2459 3121 2620 3178 ambo
2648 3133 2709 3178 et
2724 3123 2870 3177 enim
2894 3122 3113 3179 luerunt
3140 3124 3268 3191 illic,
3299 3138 3425 3185 eum

138 3229 335 3277 contra
376 3196 524 3277 illum
548 3230 721 3278 Ttanto
750 3231 993 3294 tempore
1037 3225 1339 3280 saevierant.
1396 3196 1633 3293 Quod-et
1662 3227 1730 3283 de
1756 3196 1800 3264 α
1831 3215 2053 3270 Veniens
2082 3213 2252 3270 θθνίά
2298 3230 2468 3285 Panes
2516 3216 2697 3286 Ρθτῖίῑν
2735 3223 2791 3272 ει
2825 3217 3041 3288 accepit
3085 3217 3421 3288 Αδίῐηθιθεῗι,

135 3313 406 3379 Absalon,
434 3323 488 3368 et
523 3315 588 3370 de
612 3313 754 3372 Seba
777 3315 887 3372 tilio
923 3314 1141 3381 Bochri,
1186 3326 1241 3372 et
1282 3319 1348 3373 de
1377 3319 1591 3375 caeteris
1634 3320 1731 3375 ho-

138 3405 321 3460 stibus
350 3404 525 3461 David
549 3416 572 3445 ε
603 3421 757 3477 teque
778 3414 960 3478 potest
982 3406 1229 3480 intelligi.
1261 3408 1455 3475 Aliter,
1500 3412 1547 3466 si
1592 3411 1732 3468 scire

137 3497 228 3553 vis
276 3497 417 3568 quid
459 3499 526 3554 de
576 3515 736 3555 manu
789 3501 1136 3559 inimicorum
1195 3503 1366 3560 David
1414 3507 1733 3577 requisierit

140 3589 428 3658 Dominus,
456 3602 654 3662 potest,
673 3595 728 3649 ni
752 3593 977 3662 falior,a
999 3597 1278 3667 superiore
1305 3602 1596 3667 sententia,
1624 3617 1731 3672 qua

140 3686 349 3743 dictum
393 3696 506 3755 est,
558 3688 701 3759 quod
754 3688 931 3745 foedus
985 3692 1253 3764 pepigerit
1287 3690 1557 3749 Jonathan
1609 3711 1732 3751 cum

139 3778 307 3835 domo
348 3777 550 3845 David,
601 3789 785 3849 aperte
837 3780 1102 3851 intelligi,
1142 3784 1285 3852 quod
1328 3784 1429 3839 hoc
1460 3786 1525 3841 de
1570 3802 1733 3841 manu

139 3872 493 3928 inimicorum
519 3872 699 3929 David
716 3874 1047 3945 requisierit,
1078 3875 1131 3929 id
1175 3885 1278 3942 est,
1316 3893 1484 3947 quare
1529 3896 1635 3935 non
1680 3888 1736 3934 et

142 3964 248 4036 ipsi
280 3963 459 4020 l‘mdus
486 3980 619 4037 cum
654 3980 719 4021 eo
766 3966 918 4037 pacis
966 3966 1103 4021 inire
1140 3969 1428 4035 voluerint,
1475 3987 1595 4025 cum
1626 3987 1734 4042 quo

139 4071 271 4112 esse
317 4055 599 4111 Dominum
654 4057 923 4112 viderant.
979 4057 1187 4114 idcirco
1232 4067 1414 4114 autem
1456 4059 1735 4131 Scriptura

140 4149 269 4203 haec
327 4148 650 4203 sententiam
714 4149 855 4204 hanc
905 4151 1335 4220 praeoccupando
1389 4151 1736 4221 interponere

140 4244 405 4309 videtur,
459 4251 520 4298 ut
568 4243 939 4299 testimonium
991 4243 1239 4299 Jonathae
1286 4261 1395 4317 quo
1443 4245 1656 4302 dixerat
1717 4264 1730 4301 :

141 4333 375 4401 Quando
403 4335 746 4391 eradicaverit
794 4335 1052 4392 Demittus
1083 4338 1323 4392 inimicos
1353 4338 1522 4393 David
1547 4355 1736 4394 unum-

137 4443 402 4498 quemque
449 4427 514 4483 de
546 4437 709 4496 terra,
744 4440 939 4484 verum
970 4443 1090 4484 esse
1139 4430 1547 4500 comprobaret,
1606 4430 1735 4501 quia

135 4522 398 4577 videlicet
444 4522 705 4578 eradicati
736 4523 847 4579 sint
895 4522 1100 4577 inimici
1128 4522 1297 4577 David
1337 4523 1404 4577 de
1431 4530 1594 4589 terra,
1627 4540 1731 4578 non

136 4614 263 4685 ipso
309 4611 479 4668 David
514 4629 574 4670 se
621 4615 686 4669 de
716 4613 1047 4668 adversariis
1076 4611 1404 4681 ulciscente,
1454 4613 1547 4669 sed
1586 4613 1731 4685 judi-

136 4717 307 4763 cante
344 4707 571 4762 Domino
626 4721 723 4778 pro
766 4705 878 4761 illo.
921 4705 1066 4761 Bene
1110 4712 1289 4760 autem
1344 4703 1724 4774 subjungitur:

136 4800 304 4869 (rers.
360 4797 444 4869 ΓΙ)
494 4806 542 4851 et
585 4794 794 4851 addidit
849 4795 1123 4851 lauat/tan
1172 4795 1410 4866 dejerare
1448 4795 1621 4851 David
1668 4814 1728 4852 eo

131 4889 287 4963 quod
322 4889 554 4961 diligeret
570 4889 721 4944 illum
744 4904 763 4943 :
787 4890 923 4945 sicut
949 4889 1182 4943 animam
1206 4900 1359 4941 suam
1378 4886 1454 4941 ita
1482 4886 1730 4960 diligebat

214 5062 253 5127 ξ.
272 5066 382 5127 ις,
411 5046 561 5127 ἰαίνει
586 5045 673 5127 55.
708 5043 1105 5127 Subsequegtia
1143 5045 1401 5127 perquire
1429 5047 1730 5118 quaestione

128 5120 167 5175 5
195 5119 329 5177 libri
352 5133 463 5173 xxx
483 5117 685 5183 Quaest.
716 5116 876 5173 Beda:
904 5115 961 5171 in
988 5115 1158 5172 libros
1187 5115 1417 5189 Regum.

214 5191 242 5231 δ
276 5190 508 5261 Vulgata
535 5207 551 5243 :
579 5189 823 5261 requiret.
1072 5198 1076 5203 '

216 5274 238 5333 9
278 5261 447 5333 Deest
473 5277 641 5331 aeque.
674 5328 701 5333 _
757 5329 771 5333 _
1151 5330 1184 5333 __
1218 5329 1229 5333 Δ
1507 5328 1527 5333 υ

209 5331 237 5371 ιι
277 5330 419 5386 Tam
447 5328 633 5387 noéter
662 5328 866 5393 Codex,
894 5343 1058 5400 quam
1100 5329 1233 5385 editi
1259 5338 1469 5400 ponunt
1498 5328 1575 5387 ita
1599 5345 1620 5384 :
1648 5338 1734 5387 ta-

127 5417 267 5458 men
302 5401 593 5473 legendum
620 5401 859 5455 arbitror
886 5398 1082 5467 subita,
1117 5404 1193 5455 uti
1223 5398 1399 5470 posui.

215 5488 240 5516 ο
276 5472 596 5528 Εήιείόωό
621 5473 903 5541 desumpta
944 5479 1071 5527 sunt
1099 5472 1506 5542 subsequentia.

218 5547 238 5585 τ
289 5543 508 5598 Domini
541 5559 560 5595 :
591 5545 684 5598 sed
707 5542 866 5599 male.

213 5617 245 5658 8
274 5612 555 5685 Apostolos
573 5615 697 5670 :hic
719 5629 931 5685 quoque
959 5612 1349 5684 male,quando
1366 5615 1512 5671 enim
1541 5615 1742 5673 transit

123 5687 206 5760 ad
238 5686 558 5760 apostolos?
586 5685 970 5760 ndGaliL'eam
1002 5685 1217 5760 [utique
1238 5685 1552 5760 Gentium],
1585 5696 1646 5760 et
1670 5688 1740 5743 ad

124 5758 363 5833 Tyrios,
395 5765 451 5833 e_t
470 5757 540 5811 ad
580 5756 1149 5833 Sydoniosconl‘ugit,
1191 5775 1300 5814 non
1331 5758 1399 5813 ad
1428 5756 1738 5833 Apostolus.

123 5828 402 5890 Arbitror
420 5829 606 5899 itaque
628 5829 745 5901 jam
763 5829 966 5887 dudum
992 5838 1305 5901 corruptum
1331 5844 1453 5885 esse
1475 5844 1576 5900 per
1594 5828 1744 5883 anti-

1831 3307 2085 3364 videlicet
2132 3308 2385 3379 princeps
2434 3307 2818 3380 sacerdotum,
2866 3316 2922 3364 et
2964 3309 3228 3366 kbiathar
3281 3310 3424 3368 ﬁlius

1834 3397 1951 3467 ejus
1988 3399 2043 3470 (1
2080 3399 2209 3472 Reg.
2246 3417 2380 3465 χχιι,
2415 3399 2512 3467 16,
2561 3402 2716 3472 etc.).
2753 3400 2947 3458 Occiso
2994 3411 3177 3458 autem
3206 3403 3428 3459 Abime-

1834 3491 1952 3549 lech
1978 3509 2007 3547 a
2034 3493 2195 3549 Saule
2215 3510 2338 3550 cum
2375 3495 2508 3550 viris
2546 3495 2740 3551 domus
2771 3512 2882 3552 suae
2915 3498 3129 3569 generis
3169 3498 3423 3554 sacerdo-

1836 3586 1959 3642 talis
2011 3588 2283 3660 octoginta
2316 3590 2592 3660 quinque,
2639 3590 2776 3663 fugit
2805 3592 3067 3647 Abiathar
3110 3592 3178 3647 ad
3229 3592 3423 3661 David,

1835 3688 1889 3734 et
1938 3696 2122 3736 comes
2168 3682 2343 3737 factus
2391 3691 2473 3739 est
2523 3684 2688 3738 totius
2731 3683 2880 3751 exilii
2932 3683 3070 3753 ejus.
3100 3683 3293 3740 Postea
3340 3701 3429 3741 re-

1835 3781 2032 3843 gnante
2057 3787 2142 3839 eo,
2169 3774 2365 3827 summi
2401 3774 2692 3829 sacerdotii
2725 3783 2780 3829 et
2804 3775 2918 3846 ipse
2943 3776 3169 3846 gradum
3197 3778 3425 3846 accepit,

1836 3877 1901 3917 ac
1933 3871 2046 3918 toto
2082 3871 2323 3932 tempore
2359 3865 2509 3934 regni
2546 3864 2692 3919 illius
2733 3865 2788 3918 in
2819 3866 3137 3934 pontiﬁcatu
3161 3880 3422 3936 perseve-

1835 3968 1983 4019 rans,
2030 3953 2203 4008 multo
2229 3954 2452 4024 majoris
2480 3955 2849 4022 excellentiae,
2892 3972 3053 4027 quam
3089 3966 3242 4027 pater
3272 3974 3425 4027 suus,

1835 4046 2060 4103 elfectus
2102 4057 2205 4105 est.
2237 4051 2470 4120 Ideoque
2518 4053 2717 4124 dignus
2764 4050 2884 4119 fuit,
2923 4051 3076 4122 cujus
3107 4057 3425 4112 memoriam

1835 4139 2279 4197 Dominusetiam
2304 4142 2521 4199 vivente
2546 4152 2703 4215 patre
2738 4143 2892 4215 quasi
2923 4144 3123 4205 summi
3174 4149 3426 4204 sacerdo-

1838 4231 1908 4286 tis
1938 4230 2161 4287 l’aceret.
2210 4232 2374 4305 (Ibid.
2430 4234 2516 4308 l8)
2564 4235 2620 4289 ln
2656 4236 2673 4276 ί
2706 4234 2889 4290 Doech
2936 4244 3120 4292 autem
3161 4235 3427 4306 ldumaeo,

1840 4324 1861 4376 is
1893 4325 1986 4396 qui
2016 4328 2328 4383 sacerdotes
2384 4326 2597 4383 Domini
2626 4327 2888 4399 prodidit,
2930 4325 3082 4385 Iudae
3132 4329 3427 4398 proditoris

1835 4431 2067 4488 persona
2102 4418 2128 4458 ¹ι
2178 4418 2442 4487 signatur,
2475 4434 2574 4490 per
2620 4433 2782 4489 quem
2842 4418 2861 4459 1
2902 4419 3009 4475 ista
3051 4428 3308 4492 operatus
3346 4425 3426 4476 est

1838 4509 2102 4574 diabolus,
2134 4516 2199 4565 ut’
2221 4509 2337 4580 ejus
2373 4511 2679 4580 perditione
2709 4510 2851 4575 facta
2881 4511 2937 4566 in
2961 4510 3200 4579 Christo,
3236 4525 3427 4581 persc-

1838 4609 2113 4665 cutionem
2158 4615 2347 4678 postea
2395 4605 2639 4662 Ecclesia
2676 4612 2976 4677 pateretur,
3025 4612 3078 4659 et
3110 4604 3427 4660 occideren-

1839 4712 1987 4759 turm
2015 4700 2166 4756 multi
2206 4699 2453 4772 discipuli
2500 4699 2724 4767 Christi,
2754 4705 2809 4752 et
2838 4697 3149 4755 sacerdotes
3196 4710 3294 4767 per
3330 4710 3429 4752 no-

1836 4813 1960 4852 men
1990 4796 2109 4868 ejus
2134 4793 2530 4868 persecutionis
2550 4803 2578 4831 n
2599 4793 2765 4849 exitia
2787 4799 3127 4864 paterentur.
3154 4811 3173 4844 ι
3193 4790 3425 4860 Quidam

1837 4887 2026 4944 dicunt
2063 4885 2248 4945 Doech
2274 4886 2670 4942 Antichristum
2698 4884 3050 4957 signiﬁcasse,
3078 4880 3232 4952 cujus
3255 4897 3426 4940 mem-

1833 5062 1999 5119 quum
2025 5048 2429 5104 Amanuensem
2448 5046 2593 5102 hunc
2609 5043 2802 5101 lsidori
2824 5043 3022 5112 locum,
3048 5052 3109 5100 et
3127 5043 3308 5119 aliqua
3336 5046 3425 5107 hic

1833 5122 2014 5191 desse,
2044 5120 2235 5191 utique
2257 5133 2455 5191 pauca.

1904 5192 1932 5232 ιι
1971 5190 2246 5245 Hactenus
2284 5190 2545 5246 Isidorus.

1914 5264 1929 5303 ί
1964 5261 2167 5317 lterum
2206 5261 2297 5318 hic
2345 5275 2445 5316 nos
2478 5259 2719 5316 Isidorus
2754 5259 2947 5326 docet,
2996 5266 3055 5317 et
3090 5272 3165 5317 es
3194 5275 3263 5317 eo
3316 5261 3425 5317 Ra-

1835 5333 2151 5463 bawserha
2179 5402 2297 5461 haec
2319 5401 2415 5474 qui
2443 5400 2771 5459 sacerdotem
2796 5400 3017 5459 Domini
3059 5402 3293 5474 prodiit
3329 5402 3426 5461 do-

1736 5472 1739 5473 ⁷
1838 5484 1968 5531 sunt
1993 5476 2048 5531 in
2069 5476 2253 5532 editis.

1913 5546 1942 5585 ιι
1975 5546 2260 5602 Consistit.

1918 5615 1937 5656 ι
1970 5617 2075 5672 Ita.

1914 5699 1955 5727 ω
1984 5687 2156 5755 Quam
2199 5685 2440 5758 plurimi.

1917 5769 1943 5797 ιι
1974 5758 2370 5815 Persecutioues
2395 5759 2731 5830 gravissimas
2767 5758 3084 5832 perferrent.
