3940 6340
654 295 764 356 679

1716 268 2500 351 CLAUDIIMTAURINENSIS'
2520 276 2826 348 EPlSCOPl
3687 303 3746 362 ϐω

656 411 816 465 brum
837 403 1004 463 Iudas
1041 404 1274 474 exstitit,
1301 403 1429 477 quia
1457 404 1597 462 sicut
1623 404 1714 462 ille
1747 406 2055 463 sacerdotes
2083 412 2234 462 octo‘
2258 405 2311 466 A
2333 419 2419 459 mo
2448 420 2564 471 suo,
2593 404 2702 475 ipse
2725 401 2916 458 incidet
2939 401 2995 457 in
3024 417 3158 458 eam.
3191 401 3350 461 David
3389 411 3541 462 autem
3564 408 3668 468 bona
3692 432 3747 484 pro

656 500 801 571 ginta
853 499 1091 570 quinque
1136 497 1390 568 peremit,
1435 498 1516 553 sic
1565 506 1620 554 et
1669 499 1772 554 iste
1818 505 2108 570 martyres,
2135 497 2229 570 qui

655 591 817 648 ﬁdem
847 591 1262 648 resurrectionis
1291 598 1495 656 tenent,
1525 592 1606 648 sic
1646 591 1945 648 occisurus.

727 698 754 727 ει
792 703 810 736 ε
837 684 1049 741 Interea
1073 684 1245 740 David
1277 699 1403 740 cum
1439 683 1650 755 fugeret
1686 682 1838 751 Saul,
1866 684 2039 740 latere
2062 683 2232 740 voluit

655 781 797 852 apud
827 797 1012 853 regem
1027 782 1312 852 quemdam
1333 780 1492 847 Geth,
1510 781 1728 836 nomine
1753 781 1909 836 Achis
1933 794 1950 832 :
1981 780 2074 836 sed
2109 796 2232 835 cum

656 874 826 944 gloria
854 873 971 943 ejus
1022 873 1212 928 fuisset
1256 881 1704 940 commemorata,
1760 889 1828 929 ne
1865 888 1965 943 per
2007 873 2231 928 livorem

656 981 774 1030 rex,
801 965 869 1019 ad
891 980 1050 1034 quem
1082 963 1316 1037 fugerat,
1344 965 1547 1034 aliquid
1571 965 1626 1020 in
1656 980 1779 1020 eum
1802 965 2229 1031 machinaretur,

656 1057 813 1112 ﬁnxit
840 1056 1131 1122 insaniam,
1170 1065 1226 1111 et
1253 1057 1408 1126 quasi
1454 1054 1637 1112 furore
1676 1063 1958 1125 correptus
2004 1055 2231 1109 mutavit

655 1164 718 1204 os
747 1162 926 1213 suum,
959 1145 1373 1216 deﬂuebantque
1397 1146 1581 1202 salivae
1605 1146 1660 1200 in
1688 1145 1914 1200 barbam
1936 1144 2073 1214 ejus,
2101 1160 2232 1200 con-

652 1240 1045 1308 labebaturque
1078 1237 1134 1292 in
1161 1237 1411 1292 manibus
1439 1252 1625 1292 eorum
1646 1277 1660 1303 ,
1708 1244 1763 1291 et
1803 1235 2119 1307 procidebat
2163 1236 2231 1291 ad

651 1332 794 1389 ostia
837 1339 1007 1402 portae
1040 1349 1052 1383 :
1088 1338 1144 1387 et
1188 1331 1324 1386 dixit
1355 1330 1522 1386 Achis
1550 1346 1648 1386 rex
1710 1331 1777 1385 ad
1829 1345 2015 1385 servos
2053 1345 2180 1385 suos
2211 1347 2225 1384 :

653 1421 795 1488 Quid
833 1423 933 1476 huc
981 1421 1110 1476 mihi
1151 1421 1424 1477 adduxisti
1471 1423 1670 1476 istum?
1726 1422 1959 1494 nunquid
2017 1422 2230 1477 deerant

651 1514 799 1568 nobis
849 1514 1078 1584 furiosi?
1116 1515 1185 1569 Et
1221 1515 1300 1570 sic
1345 1531 1469 1572 eum
1510 1515 1734 1571 dimisit.
1768 1515 1934 1572 Achis
1965 1517 2231 1587 interpre-

651 1614 798 1660 tatur
823 1605 1081 1678 quomodo
1105 1608 1223 1661 est?
1254 1622 1352 1677 per
1379 1607 1521 1678 quod
1542 1608 1878 1679 signiﬁcatur
1902 1609 2225 1680 ignorantia,

647 1707 703 1752 et
739 1698 964 1753 verbum
1013 1698 1286 1764 mirantis,
1317 1707 1374 1754 et
1421 1715 1528 1754 non
1577 1699 1938 1769 agnoscentis.
1987 1697 2139 1765 Quod
2173 1698 2228 1752 in

647 1797 806 1858 gente
857 1787 1169 1844 Iudaeorum
1218 1789 1499 1859 impletum
1529 1797 1636 1853 est,
1671 1789 1764 1858 qui
1806 1789 1931 1843 dum
1976 1787 2231 1843 viderunt

645 1876 944 1945 Christum,
976 1894 1085 1934 non
1108 1885 1443 1949 agnoverunt
1474 1892 1487 1931 :
1532 1893 1716 1933 coram
1755 1877 1953 1948 quibus
1997 1877 2230 1932 mutavit

645 1985 710 2026 os
738 1985 913 2036 suum,
955 1978 1012 2025 et
1059 1971 1210 2026 abiit.
1248 1970 1418 2024 Erant
1460 1969 1604 2024 enim
1651 1969 1726 2024 ibi
1778 1975 2047 2039 praecepta
2095 1968 2228 2039 legis

645 2061 907 2126 carnalia,
938 2060 1402 2116 eratsacriﬁcium
1426 2059 1724 2115 secundum
1757 2060 2002 2115 ordinem
2022 2059 2224 2126 Aaron,

644 2159 701 2206 et
725 2159 914 2222 postea
941 2152 1056 2220 ipse
1083 2147 1149 2204 de
1201 2163 1429 2219 corpore
1467 2157 1523 2204 et
1559 2149 1823 2218 sanguine
1866 2165 1964 2204 suo
1995 2149 2228 2204 instituit

644 2241 973 2296 sacriﬁcium
1019 2240 1315 2296 secundum
1365 2239 1611 2294 ordinem
1647 2239 2060 2295 Melchisedech.
2120 2239 2229 2294 Mu~

643 2332 779 2386 tavit
812 2346 942 2402 ergo
977 2345 1240 2402 ossuum
1289 2330 1342 2384 in
1382 2330 1712 2397 sacerdotio,
1740 2330 1972 2385 mutavit
2000 2330 2054 2384 in
2091 2346 2228 2400 prte-

642 2423 838 2492 ceptis,
884 2423 1019 2478 dans
1063 2421 1209 2477 aliud
1258 2430 1668 2488 testamentum,
1725 2430 1988 2477 evacuata
2020 2423 2226 2478 carnali

640 2513 973 2582 operatione,
1025 2522 1190 2584 atque
1232 2513 1355 2568 inde
1404 2513 1669 2583 collapsus
1725 2522 1809 2570 est
1865 2514 1922 2569 in
1973 2515 2226 2571 manibus

640 2619 864 2670 eorum,
921 2605 1138 2674 quando
1186 2620 1310 2660 eum
1363 2605 1883 2674 comprehendentes
1932 2605 2223 2661 cruciﬁxe-

638 2705 784 2751 runt.
828 2695 1004 2770 (Ve-rs.
1057 2695 1146 2769 15)
1195 2697 1267 2752 Et
1313 2697 1622 2768 procedebat
1672 2698 1741 2752 ad
1792 2699 1983 2753 ostium
2021 2710 2220 2776 portae,

637 2791 741 2845 hoc
771 2799 854 2845 est
881 2790 1202 2846 humiliabat
1231 2805 1290 2846 se
1321 2805 1336 2844 :
1371 2791 1474 2846 hoc
1511 2798 1594 2846 est
1637 2790 1665 2831 h
1696 2790 1995 2861 procedere
2048 2807 2222 2863 usque

638 2883 708 2937 ad
769 2883 969 2937 ostium
1044 2881 1168 2936 ﬁdei
1227 2889 1447 2938 nostrae.
1520 2882 1732 2938 Ostium
1797 2884 1944 2938 enim
2005 2892 2217 2954 portae,

636 2973 851 3029 initium
902 2972 1025 3027 ﬁdei
1072 2980 1289 3028 nostrae.
1329 2972 1458 3027 Inde
1492 2973 1680 3044 incipit
1720 2974 1984 3041 Ecclesia,
2015 2983 2220 3046 etper-

635 3068 784 3121 venit
811 3081 984 3136 usque
1017 3065 1086 3120 ad
1134 3066 1504 3135 speciemzut
1555 3081 1679 3121 cum
1723 3067 1899 3123 credit
1948 3083 2045 3135 ea,
2097 3086 2217 3140 quae

633 3171 743 3212 non
767 3157 931 3222 videt,
948 3165 1226 3212 mereatur
1245 3154 1471 3227 perfrui,
1497 3171 1620 3212 cum
1650 3173 1774 3214 eum
1799 3157 1986 3214 videre
2011 3160 2029 3232 (
2044 3158 2076 3212 Ι
2091 3159 2214 3216 Cor.

630 3265 764 3316 xm,
799 3249 886 3321 12)
927 3250 1062 3320 facie
1095 3249 1164 3304 ad
1201 3249 1391 3319 facient
1420 3250 1667 3321 emperit.
1707 3249 1862 3317 Quod
1889 3267 2018 3307 vero
2047 3251 2101 3306 in
2128 3251 2218 3307 illo

631 3341 786 3412 quasi
811 3340 993 3396 furore
1026 3341 1209 3397 salivze
1236 3319 1596 3396 decurrEbant
1625 3356 1788 3410 super
1816 3343 2042 3398 barbam
2077 3342 2217 3412 ejus,

631 3431 911 3502 apostolus
961 3433 1076 3487 haec
1105 3433 1278 3503 aperit
1306 3434 1531 3488 dicens:
1565 3431 1630 3505 (Ι
1657 3430 1778 3487 Cor.
1813 3449 1864 3500 ι,
1895 3433 1996 3506 22)
2037 3433 2216 3490 Ιαάωὶ

629 3525 782 3596 signa
808 3508 1010 3596 petunt,
1041 3524 1282 3594 etﬁrteci
1332 3527 1646 3598 sapientiam
1673 3536 1914 3596 quaerunt
1941 3543 1960 3581 :
1990 3543 2083 3580 nos
2115 3543 2215 3581 au-

630 3629 734 3673 tem
761 3619 1107 3690 prwdicamus
1151 3618 1420 3674 Christum
1472 3617 1782 3686 cruciﬁxum
1815 3617 2062 3675 :Judwis
2106 3619 2217 3691 qui-

629 3711 745 3765 dem
767 3710 1098 3776 scandalum,
1121 3711 1359 3781 gentibus
1385 3718 1562 3764 autem
1590 3710 1892 3765 stultitiam.
1936 3710 2073 3782 Ipsis
2095 3729 2213 3767 vero

625 3801 831 3858 Iudaeis
859 3806 1073 3871 vocatis,
1114 3813 1164 3858 et
1208 3802 1409 3859 Graecis
1432 3801 1699 3858 Christum
1741 3803 1842 3858 Dei
1873 3805 2132 3870 virtutem,
2162 3813 2214 3860 et

626 3895 724 3951 Dei
751 3897 1082 3967 sapientiam,
1105 3897 1232 3966 quia
1261 3895 1400 3968 quod
1429 3895 1647 3951 stultum
1692 3905 1766 3950 est
1796 3896 1895 3952 Dei
1924 3898 2210 3968 sapientius

624 3995 700 4040 est
728 3986 1042 4040 hominibus.
1069 3997 1090 4025 ο
1118 3985 1237 4040 Non
1265 3994 1524 4056 tanquam
1549 3986 1733 4042 salivae
1756 3985 2065 4053 offendant;
2112 3990 2210 4044 sed

625 4078 844 4133 attende
889 4080 1034 4147 quod
1075 4093 1238 4149 super
1279 4080 1506 4135 barbam
1553 4080 1873 4134 decurrunt.
1929 4078 2209 4147 Quomodo

623 4168 770 4224 enim
799 4167 855 4222 in
882 4167 1065 4224 salivis
1093 4167 1399 4236 inﬁrmitas,
1426 4170 1507 4224 sic
1536 4170 1589 4223 in
1619 4169 1789 4226 barba
1821 4171 1998 4226 virtus
2020 4180 2207 4225 osten-

624 4257 789 4313 ditur.
821 4257 982 4313 Texit
1005 4273 1134 4330 ergo
1153 4260 1407 4314 virtutem
1439 4275 1593 4315 suam
1621 4276 1848 4332 corpore
1869 4263 2205 4318 inﬁrmitatis

623 4364 756 4414 sum,
788 4357 844 4404 et
868 4350 1011 4420 quod
1057 4350 1358 4406 forinsecus
1398 4349 1798 4419 intirmabatur,
1846 4360 2104 4423 tanquam
2148 4354 2200 4408 in

623 4437 790 4494 saliva
833 4438 1127 4509 apparebat
1161 4455 1173 4493 :
1211 4439 1355 4495 intus
1393 4448 1573 4496 autem
1629 4441 1813 4498 divina
1841 4443 2039 4511 virtus,
2085 4453 2202 4498 tan-

623 4544 784 4599 quam
812 4531 982 4586 barba
1013 4531 1318 4603 tegebatur.
1461 4573 1465 4580 .
1537 4542 1678 4595 ~,~-:3.+~‘

693 4622 846 4696 (Cap.
879 4623 1052 4696 xxxv).
1084 4643 1102 4675 σ
1133 4625 1336 4679 Dehinc
1363 4625 1417 4679 in
1445 4641 1629 4682 eremo
1653 4625 1896 4696 Engaddi
1920 4642 2045 4683 cum
2069 4643 2199 4697 per-

621 4714 951 4784 sequendum
986 4715 1154 4770 David
1181 4714 1310 4770 Saul
1336 4725 1636 4786 appeteret,
1688 4717 1936 4788 ingessus
1969 4725 2053 4774 est
2096 4719 2200 4774 Da-

620 4802 708 4857 vid
736 4803 790 4856 in
813 4803 1145 4872 speluncam,
1169 4813 1225 4859 et
1254 4803 1329 4858 ibi
1356 4804 1582 4860 latebat.
1605 4803 1633 4843 ά
1657 4804 1765 4859 Sed
1784 4814 1839 4860 et
1867 4821 1962 4861 rex
1992 4807 2197 4879 impro-

620 4894 752 4950 visis
796 4905 1052 4967 exceptus
1107 4897 1356 4963 insidiis,
1388 4897 1530 4966 quod
1577 4897 1808 4953 innocuo
1851 4899 2195 4976 moliebatur,

621 4984 912 5052 inciderat;
939 4987 1202 5056 scriptum
1227 4995 1315 5042 est
1332 4987 1607 5058 enim,qui
1629 4985 1760 5056 fodit
1787 4987 1990 5058 foveam
2016 4993 2198 5063 proxi-

689 5106 858 5178 fxxt,
899 5096 984 5152 10.
1017 5096 1143 5178 litae
1167 5113 1381 5170 quoque
1418 5113 1520 5156 nos
1561 5096 1721 5155 docet
1764 5098 2004 5160 Isidorus
2047 5103 2190 5178 [cap.

618 5164 717 5275 161ἱ
748 5174 802 5219 et
828 5182 903 5248 ex.
933 5181 998 5222 eo
1029 5164 1302 5226 Rabanusl

754 5235 1027 5275 psmn...

747 5235 1047 5292 Procidere.

690 5315 714 5345 ο
745 5306 814 5392 Et!
856 5309 1001 5392 quod
1030 5310 1304 5392 inﬁrmum
1327 5322 1423 5392 est
1471 5313 1592 5382 Dei,
1617 5314 1808 5392 fortius
1857 5323 1933 5370 est
1964 5317 2192 5392 nomini-

615 5376 728 5431 bus.
781 5376 975 5455 Saliva:
1005 5376 1151 5455 enim
1203 5385 1509 5455 signiﬁcant
1547 5376 1830 5441 stultitiam
1869 5395 1924 5441 et
1970 5388 2194 5443 inﬁrmi-

613 5454 800 5522 tatem,
829 5451 921 5506 sed
944 5454 1086 5522 quod
1113 5451 1338 5510 stultum
1369 5464 1453 5511 est
1481 5456 1599 5522 Dei,
1626 5456 1822 5512 fortius
1843 5466 1929 5512 est
1954 5459 2190 5514 homini-

611 5517 870 5594 bus,_non
901 5517 1178 5594 tahQuam,
1207 5535 1311 5580 etc.

2224 4485 2280 4545 D

2333 496 2492 552 malis
2541 496 2864 559 retribuens,
2916 493 3190 549 inimicum
3241 511 3341 550 non
3381 498 3563 565 occidit,
3602 505 3669 558 sed
3693 522 3748 577 pro

2333 588 2644 644 testimonio
2663 585 2812 653 facti,
2838 599 2989 642 oram
3011 587 3288 642 cblamidis
3309 589 3454 660 regia:
3479 592 3660 660 abstulit,
3678 615 3745 654 cum

2332 677 2545 734 facilius
2580 686 2726 734 esset
2769 686 3053 748 exceptum
3105 678 3309 734 insidiis
3346 680 3644 741 adversarium
3679 705 3747 758 per-

2332 769 2482 836 dere,
2529 771 2701 842 magis
2730 785 2895 840 quam
2941 769 3146 826 fallere.
3174 769 3308 837 Quid
3335 786 3448 843 ergo
3479 779 3668 846 estquod
3693 783 3745 836 istc

2331 859 2542 932 fugiens
2558 877 2588 915 a
2611 860 2747 916 facie
2778 861 2929 929 Saul,
2956 863 3012 916 in
3033 862 3282 933 spelunca
3305 863 3475 919 latuit?
3501 876 3519 905 ε
3544 866 3672 933 Quare
3693 888 3744 926 au-

2333 958 2438 1004 tem
2463 951 2641 1018 latuit,
2668 953 2775 1007 nisi
2805 961 2867 1008 ut
2893 953 3272 1022 occultaretur,
3294 963 3346 1011 et
3371 971 3466 1010 non
3500 958 3743 1017 inveniretur?

2331 1045 2470 1113 Quid
2497 1055 2580 1102 est
2623 1047 2837 1119 contegi
2865 1048 3139 1117 spelunca,
3185 1049 3288 1104 nisi
3337 1051 3523 1122 contegi
3559 1057 3743 1125 terraiqni

2329 1138 2473 1193 enim
2501 1138 2639 1210 fugit
2661 1137 2717 1194 in
2747 1139 3078 1209 speluncam,
3111 1148 3253 1195 terra
3283 1141 3481 1211 tegitur,
3506 1157 3560 1197 ne
3582 1146 3740 1200 videtur.

2327 1228 2587 1284 Portabat
2615 1237 2796 1284 autem
2829 1237 3032 1285 terram
3055 1228 3210 1285 Jesus
3238 1249 3251 1284 :
3275 1247 3476 1286 carnem
3514 1250 3634 1302 quam
3661 1252 3742 1291 acoe-

2328 1329 2484 1390 perat
2504 1321 2570 1376 de
2614 1328 2782 1388 terra,
2805 1330 2860 1376 et
2884 1322 2940 1376 in
2981 1336 3047 1376 ea
3077 1336 3135 1378 se
3176 1322 3476 1389 occultabat,
3513 1340 3608 1379 nea
3630 1324 3740 1381 ludus

2329 1410 2664 1466 inveniretur
2702 1411 2862 1467 Deus.
2897 1411 2963 1484 (Ι
2984 1409 3107 1467 Cor.
3151 1427 3222 1479 ιι,
3247 1411 3300 1483 8)
3339 1411 3435 1467 Sit
3471 1424 3606 1468 autem
3637 1433 3740 1486 cogno-

2329 1500 2553 1569 uissent,
2608 1520 2874 1574 nunquam
2930 1502 3214 1558 Dominum
3265 1503 3433 1574 gloria:
3478 1506 3737 1575 crttciﬁriaat.

2329 1592 2508 1658 Quare
2528 1608 2657 1665 ergo
2672 1593 2959 1650 Dominum
2989 1595 3171 1666 gloriae
3197 1610 3300 1649 non
3321 1596 3736 1665 invenerunt?quiain

2330 1689 2586 1759 spelunca
2613 1704 2670 1746 se
2695 1697 2930 1756 texerat,
2963 1689 3018 1744 id
3048 1697 3134 1746 est
3158 1690 3331 1745 carnis
3362 1688 3652 1746 inﬁmitatem
3669 1706 3736 1745 ocu-

2330 1782 2398 1839 lis
2439 1784 2762 1855 objiciebat,
2818 1792 2874 1838 et
2927 1782 3566 1852 majestatemdivinitatis
3600 1784 3737 1854 corporis
3804 1795 3805 1818 ι

2331 1875 2566 1945 tegmine
2611 1883 2871 1945 tanquam
2912 1873 3294 1947 (Augustinus:
3333 1881 3472 1929 terra:
3507 1873 3650 1944 abdito)
3677 1888 3736 1941 spt-

2328 1968 2502 2024 luncae
2530 1967 2712 2024 abdito
2740 1970 2766 2008 ε
2793 1969 3137 2038 contegebat.
3168 1968 3247 2022 l‘lli
3271 1982 3390 2039 ergo
3427 1983 3517 2023 non
3537 1980 3736 2036 cognoscet.

2328 2068 2410 2115 tes
2433 2060 2604 2116 Deum
2628 2060 2900 2130 persecuti
2925 2068 3056 2114 sunt
3099 2061 3381 2117 hominem.
3408 2059 3502 2115 Nec
3525 2058 3622 2114 mori
3642 2057 3736 2128 potuit

2327 2151 2432 2206 nisi
2473 2151 2528 2205 in
2560 2152 2801 2218 homine,
2831 2166 2929 2206 nec
2954 2151 3199 2224 cruciﬁgi
3223 2153 3409 2223 putuit;
3430 2151 3516 2206 nisi
3536 2152 3577 2204 in
3597 2148 3732 2207 homine,

2326 2241 2456 2312 quia
2482 2256 2583 2296 nec
2617 2241 2788 2296 teneri
2809 2241 2986 2312 potuit
3006 2242 3112 2298 nisi
3139 2243 3194 2296 in
3223 2241 3441 2297 homine.
3462 2237 3652 2309 Opposuit
3667 2251 3733 2304 ergo

2326 2331 2467 2388 male
2511 2333 2898 2401 quazrentibus,
2935 2341 3163 2399 terram,
3194 2332 3414 2388 servavit
3433 2331 3544 2386 bene
3566 2327 3732 2397 quaterni-

2325 2424 2446 2490 bus,
2478 2425 2663 2479 vitam.
2689 2424 2846 2496 Fugit
2874 2439 3005 2497 ergo
3041 2424 3330 2480 secundum
3354 2435 3539 2478 carnem
3556 2420 3594 2473 in
3618 2417 3721 2487 spelun

2326 2530 2446 2570 cam
2491 2531 2521 2570 a
2562 2515 2700 2572 facie
2725 2515 2878 2583 Saul,
2921 2517 3050 2588 quia
3091 2531 3280 2587 passus
3322 2523 3582 2585 cst,usque
3601 2508 3730 2561 adeost

2323 2609 2585 2665 occultari
2634 2609 2834 2666 Judmis
2860 2617 2921 2665 ut
2962 2617 3285 2666 moreretur.
3313 2609 3338 2648 ιι
3375 2606 3467 2661 Sed
3501 2618 3621 2674 quare
3638 2611 3730 2667 "Si"?

2324 2699 2393 2755 ad
2418 2707 2649 2756 mortem
2673 2700 2844 2756 voluit
2865 2717 2987 2758 esse
3010 2702 3246 2772 patiens,
3261 2709 3319 2754 ut
3330 2698 3509 2768 fugeret
3527 2711 3550 2749 a
3565 2687 3728 2746 facieSul

2323 2789 2378 2844 in
2404 2789 2752 2861 speluncam?
2780 2793 2982 2847 etenim
3025 2793 3279 2864 spelunca
3323 2788 3517 2845 inferior
3537 2797 3626 2854 pars
3645 2790 3727 2833 lem

2320 2889 2500 2951 potest
2524 2881 2716 2953 accipi.
2746 2881 2816 2937 Et
2836 2891 3008 2950 certe,
3034 2883 3179 2953 quod
3206 2881 3514 2938 manifestum
3542 2881 3615 2937 est,
3632 2880 3728 2964 etntr

2321 2980 2436 3028 tum
2460 2981 2545 3030 est
2585 2975 2858 3042 omnibus,
2904 2990 3108 3047 corpus
3131 2976 3246 3047 ejus
3291 2975 3344 3030 in
3377 2959 3728 3030 monumentoPo-‘t

2322 3073 2438 3120 tum
2483 3069 2500 3107 ί
2542 3075 2647 3134 est,
2680 3068 2822 3138 quod
2875 3076 2998 3124 erat
3037 3069 3278 3125 excisum
3315 3066 3366 3120 in
3389 3071 3538 3134 petra;
3575 3058 3727 3117 ῢοοεπὲο

2322 3167 2732 3215 monumentum
2761 3159 3019 3230 spelunca
3048 3168 3197 3226 erat;
3231 3158 3350 3214 illuc
3386 3152 3517 3224 fugiit
3538 3140 3727 3230 nostetlla-
3804 3143 3805 3214 ἦ

2321 3249 2411 3304 vid
2431 3265 2464 3305 a
2499 3248 2638 3306 facie
2661 3229 2811 3306 Saul.
2843 3249 3057 3306 Tandiu
3087 3251 3229 3307 enim
3269 3241 3506 3318 persecuti
3544 3242 3626 3291 sunt
3641 3229 3724 3283 illum

2318 3340 2519 3410 Judaei,
2553 3344 2904 3414 quoadusque
2937 3351 3233 3414 poneretur
3273 3340 3326 3394 in
3361 3334 3581 3406 spelunca.

2394 3431 2407 3484 i
2457 3452 2476 3486 ς
2515 3433 2623 3490 Sed
2654 3435 2784 3506 quid
2811 3443 2893 3491 est
2916 3437 3063 3506 quod
3094 3433 3222 3490 Saul
3246 3418 3724 3506 persecutoradputtfn'
3804 3418 3805 3464 ἒ

2318 3525 2444 3582 dum
2471 3495 2748 3593 ventrem,
2795 3495 3109 3598 speluncam
3151 3495 3450 3593 ingreditur,
3468 3495 3548 3569 nisi
3569 3495 3659 3598 (ιυίξδ
3676 3495 3723 3548 ³⁸⁸

2316 3616 2418 3672 dmi
2442 3617 2494 3672 in
2518 3615 2796 3673 Christum
2823 3595 3144 3689 conceptam
3173 3613 3438 3672 malitiam,
3456 3601 3575 3676 quasi

2315 3706 2544 3763 fetidum
2572 3709 2894 3777 emiserunt,
2926 3682 3251 3782 et-cogitata
3271 3702 3400 3776 apud
3425 3712 3474 3753 se
3495 3689 3623 3782 noxia,
3639 3682 3720 3782 ΐτιειξε

2315 3799 2698 3865 deterioribus,
2729 3800 2856 3856 dum
2881 3774 3164 3857 Christtim
3193 3774 3460 3871 perimunt,
3486 3774 3719 3841 ostenderunt-

2315 3890 2422 3948 Sed
2455 3900 2637 3949 tamen
2668 3893 2837 3950 David
2885 3895 3105 3952 Saulem
3149 3893 3384 3951 occidere
3406 3881 3542 3940 noluit
3572 3892 3582 3929 :
3607 3877 3642 3925 et
3657 3875 3719 3918 cum

2312 3998 2458 4053 eum,
2485 3985 2539 4041 in
2570 3987 2755 4043 abdito
2796 3987 3100 4045 occultatus
3138 3994 3313 4050 antro,
3354 3978 3541 4061 haberet
3565 3967 3602 4020 in

2309 4083 2456 4144 tate,
2500 4093 2783 4134 reservare
2835 4077 2861 4119 ι
2908 4095 3073 4151 quam
3120 4077 3355 4135 occidere
3406 4060 3595 4122 maluit:
3629 4047 3719 4151 itif

2309 4143 2557 4223 Christus
2585 4167 2712 4222 dum
2739 4177 2884 4224 esset
2903 4143 2957 4224 in
2980 4170 3233 4241 spelunca
3261 4159 3438 4224 carnis,
3457 4143 3718 4248 mutii“???

2307 4255 2564 4325 populum
2607 4257 2663 4312 in
2697 4267 2964 4327 potestate
3007 4226 3213 4323 habuit,
3241 4262 3292 4311 et
3326 4263 3422 4306 non
3461 4226 3718 4327 ocdditEC“:

2306 4306 2460 4418 ptum
2513 4349 2658 4404 enim
2697 4306 2826 4406 lcrat
2877 4352 2944 4406 de
2988 4352 3074 4408 his
3115 4306 3213 4423 per:
3254 4340 3535 4447 Prophellalt1

2307 4407 2471 4506 tvm,
2515 4440 2602 4512 12)
2638 4440 2721 4496 Ne
2767 4443 3020 4499 occideris
3059 4407 3165 4500 eos.
3191 4439 3404 4495 Tantum
3428 4407 3716 4534 deliga???

2304 4501 2674 4589 summitatem
2727 4534 3011 4591 cblamidis
3050 4535 3164 4606 ejus
3214 4529 3417 4586 silentcr
3469 4501 3714 4627 θδδξίῗίίίηῗ

2301 4625 2613 4680 ostenderet
2656 4627 2938 4697 prophetia
2987 4593 3263 4683 Christum
3297 4615 3483 4671 Judaeos

2301 4716 2446 4772 disse
2469 4758 2484 4784 ,
2537 4719 2630 4773 sed
2657 4678 2780 4774 reisr
2804 4728 3014 4774 tantum
3067 4716 3218 4790 regni
3264 4706 3466 4783 810mm

2301 4809 2588 4866 cblamidis
2615 4812 2758 4867 enim
2791 4811 3051 4870 abscissio
3083 4810 3231 4883 regni
3255 4811 3334 4860 est
3360 4790 3713 4907 amputauit

2301 4917 2365 4958 eo
2393 4911 2570 4958 autem
2595 4904 2737 4974 quod
2763 4912 2969 4960 tantum
3003 4905 3129 4962 Saul
3145 4876 3420 4958 veneratus
3455 4876 3712 4993 estnif“:

2303 4995 2494 5063 vid,ut
2520 4959 2778 5066 percusso
2817 4999 2983 5055 corde
3023 4989 3352 5070 pavitaverit.
3385 4962 3614 5050 quandoi"
3633 4959 3684 5003 wn

2302 5107 2358 5165 in
2386 5107 2584 5164 Psalm.
2615 5126 2726 5175 va,
2748 5126 2900 5167 num.
2938 5111 2993 5167 4.

2377 5179 2396 5219 τ
2430 5180 2576 5234 Editi
2601 5195 2615 5235 :
2644 5182 2800 5236 enim.

2376 5251 2403 5292 ⁸
2433 5249 2763 5306 Occultabat.
2835 5296 2839 5298 .

2370 5321 2399 5395 1}
2432 5320 2697 5395 Nonnulla
2745 5322 2834 5379 hic
2876 5332 3155 5395 amputant
3196 5313 3428 5375 Isidorus,

2294 5392 2757 5515 VitileEallegatum
2785 5392 3069 5467 Augustini
3095 5397 3284 5451 locum.

2473 5480 2570 5515 886.

2473 5480 2570 5517 886.

3451 5303 3496 5353 ει
3533 5268 3704 5341 Claudius-

2369 5471 2385 5504 ί
2423 5471 2570 5517 Esse.
3616 5502 3628 5518 .
3653 5471 3702 5532 υ-

2364 5532 2378 5582 i
2426 5533 2505 5610 Ex
2531 5534 2748 5610 lsidoro
2771 5536 2886 5593 haec
2913 5547 3123 5610 sumpta
3160 5512 3490 5589 ωηωωιηοάο
3507 5496 3628 5562 wn"

679 5588 865 5675 ξηειξο
903 5588 1229 5675 qtioqu_e_ex
1256 5596 1462 5652 Isidoro
1513 5608 1728 5672 sumpta
1756 5609 1914 5670 sunt,
1962 5617 2029 5658 ex
2077 5617 2186 5674 quo
2290 5611 2422 5662 sunt
2448 5605 2501 5659 in
2524 5588 2844 5675 Augustino.

608 5661 775 5736 etiam
797 5661 1096 5736 desumpsit
1119 5665 1396 5736 Rabanus.

683 5744 706 5772 ο
742 5733 1140 5802 Subsequentia
1185 5735 1240 5789 in
1271 5737 1475 5794 isidoro
1513 5741 1722 5802 pariter
1769 5743 2012 5801 invenies
2042 5763 2055 5799 :
2089 5743 2184 5800 sed

610 5799 678 5862 ad
707 5799 957 5876 magnam
985 5804 1149 5860 etiam
1187 5815 1400 5876 partem
1431 5810 1485 5863 in
1515 5799 2185 5886 EnarrationcﬂAttgustini

2363 5672 2648 5747 [Additur
2665 5679 2836 5747 potius
2860 5691 2878 5731 :
2907 5681 3002 5737 sed
3027 5672 3295 5739 redundat.

2367 5745 2674 5825 lllactenus'
2693 5748 2948 5808 Isidorus.
