3940 6340
129 358 229 413 681

1017 357 1476 428 QUESTIONES
1514 355 1666 413 XXX
1708 353 1938 413 SUPER
1973 353 2224 414 LIBROS
2261 357 2524 415 REGUM.

3279 364 3383 426 682

125 481 288 533 broso
321 482 406 530 est
431 473 734 530 occultatus
761 483 935 542 antro,
961 489 1070 545 quo
1095 477 1257 532 etiam
1303 476 1432 532 Saul
1462 477 1700 532 intrave-
1725 470 1779 532 Λ
1876 469 1978 542 (25
2002 513 2016 538 ,
2055 471 2146 544 2.)
2197 472 2326 530 Post
2358 474 2474 529 haec
2519 470 2687 528 David
2715 472 2994 530 descendit
3040 476 3096 532 in
3139 478 3383 536 solitudi-

124 578 214 623 rat
246 573 468 638 urgente
513 565 836 622 necessitate
885 575 1112 633 naturae,
1141 577 1196 622 et
1241 568 1496 640 exiguam
1522 567 1698 638 parti-

121 661 300 717 culam
356 658 525 716 vestis
569 657 685 728 ejus
738 667 1036 715 retrorsum
1074 659 1307 715 latenter
1354 661 1607 725 abscidit,
1637 667 1698 714 ut

121 752 368 818 haberet,
423 750 566 806 unde
605 757 946 815 monstraret,
989 751 1260 820 quomodo
1285 751 1335 807 ei
1370 752 1694 822 pepercerit,

120 859 249 900 cum
262 851 444 916 posset
460 843 735 909 occidere,
751 851 912 912 atque
930 843 1004 898 ita
1025 843 1388 912 suspicionem
1417 843 1486 898 de
1517 843 1699 898 animo

117 938 262 1008 ejus,
307 952 411 1007 qua
455 945 704 992 sanctum
736 935 928 1001 David,
956 943 1154 1006 putans
1198 935 1479 991 inimicum
1513 951 1694 1002 suum,

117 1029 469 1085 vehementer
520 1028 968 1097 persequebatur,
996 1026 1236 1083 auferret
1266 1041 1317 1093 α,
1345 1027 1511 1082 futuri
1541 1027 1696 1098 regni

117 1127 240 1174 erat
265 1121 454 1174 umbra
492 1118 548 1173 in
587 1117 894 1174 aeternitate
936 1132 1193 1172 mansura
1225 1135 1237 1171 ε
1271 1117 1464 1172 oleum'
1497 1117 1697 1188 quippe

116 1210 270 1275 illud,
301 1226 407 1280 quo
431 1216 628 1266 unctus
649 1218 734 1266 est
767 1210 1081 1277 chrismate,
1125 1210 1193 1265 ab
1226 1227 1292 1267 eo
1322 1210 1572 1267 Christus
1615 1221 1700 1268 est

117 1303 308 1357 dictus.
351 1300 426 1356 Ne
474 1302 657 1372 itaque
705 1317 832 1356 reus
888 1310 1036 1357 esset
1084 1304 1222 1358 tanti
1273 1303 1599 1358 sacramenti
1640 1301 1695 1357 in

115 1392 280 1448 Saule
315 1391 530 1459 violati,
585 1394 714 1462 quia
759 1393 845 1448 vel
892 1393 1265 1450 indumentum
1308 1395 1452 1468 ejus,
1495 1395 1576 1452 sic
1615 1406 1696 1452 at-

113 1489 384 1556 trectavit,
435 1489 714 1554 extimuit,
756 1489 832 1544 ita
868 1489 1013 1545 enim
1057 1491 1320 1562 scriptum
1365 1500 1450 1548 est
1490 1509 1503 1546 :
1561 1489 1693 1563 (24,

112 1581 170 1648 6,
197 1583 250 1647 5,
276 1583 327 1648 7,
349 1581 478 1652 etc.)
498 1580 568 1634 Et
588 1582 846 1652 percussit
894 1599 984 1637 cor
1013 1581 1186 1636 David
1226 1600 1380 1653 super
1400 1600 1540 1649 eum,
1569 1584 1694 1654 quia

111 1675 325 1729 abstulit
367 1675 580 1743 pinnam
607 1672 884 1728 chlamidis
913 1675 1048 1744 ejus.
1083 1675 1198 1730 Viri
1225 1683 1426 1742 autem,
1451 1676 1541 1746 qui
1569 1691 1692 1730 cum

108 1767 209 1821 illo
238 1773 406 1832 erant,
431 1774 487 1820 et
510 1775 572 1820 ut
599 1765 816 1820 Saulem
837 1766 892 1822 in
924 1781 1118 1822 manus
1159 1782 1286 1822 suas
1328 1767 1584 1822 traditum
1610 1767 1694 1821 in-

1800 575 1925 617 nem
1965 563 2142 629 Maon,
2175 565 2266 619 ubi
2294 565 2574 620 habitabat
2624 565 2811 631 Nabal,
2846 583 3151 640 nomenque
3195 575 3382 630 uxoris

1800 653 1918 724 ejus
1943 654 2180 727 Abigail;
2211 657 2278 711 ad
2296 673 2458 727 quem
2484 658 2705 713 mittens
2729 657 2900 714 David
2929 676 3127 731 pueros
3147 679 3296 731 suos,
3324 675 3385 720 ut

1800 747 2158 818 quodcunque
2188 749 2485 806 invenisset
2523 766 2719 805 manus
2749 748 2889 818 ejus,
2933 753 3174 812 misisset
3211 756 3383 814 David

1799 845 1855 892 et
1885 837 2068 907 pueris
2091 839 2224 894 suis.
2257 839 2402 906 Quos
2431 840 2520 894 ille
2554 841 2716 896 stulte
2749 841 3012 912 repellens
3036 884 3052 909 ,
3096 846 3383 903 nuntiave-

1799 939 1929 986 runt
1949 932 2138 987 David.
2175 944 2197 972 θ
2232 951 2251 985 ‹
2289 933 2441 989 Tunc
2471 934 2641 988 David
2687 936 2961 992 accinctus
2992 937 3181 1005 armis,
3215 938 3386 993 voluit

1801 1038 1924 1079 eum
1949 1024 2260 1093 depredare.
2310 1023 2464 1096 (vers.
2497 1025 2583 1098 l5)
2610 1025 2681 1082 At
2704 1026 2914 1098 Abigail
2968 1028 3121 1100 (vers.
3173 1030 3259 1098 l8,
3289 1031 3382 1105 25)

1799 1115 1933 1170 abiit
1976 1115 2191 1171 obviam
2256 1116 2458 1184 David,
2501 1117 2854 1189 interpellans
2901 1136 3003 1192 pro
3045 1137 3134 1190 se,
3180 1131 3236 1178 et
3283 1138 3384 1194 pro

1798 1206 1961 1263 domo
2001 1223 2118 1275 sua,
2151 1223 2313 1278 quem
2351 1209 2436 1265 vir
2465 1209 2582 1280 ejus
2623 1210 2852 1267 stultitia
2895 1219 2952 1267 et
2993 1214 3257 1272 ebrietate
3297 1232 3384 1273 so-

1797 1299 1944 1368 pitus
1970 1299 2272 1356 offenderat
2299 1319 2312 1355 :
2368 1298 2427 1356 Si
2455 1302 2616 1368 enim,
2648 1302 2919 1372 inquiens,
2962 1307 3116 1375 (vers.
3145 1305 3236 1378 29)
3266 1324 3385 1362 sur-

1799 1392 1992 1445 rexerit
2011 1389 2299 1463 aliquando
2321 1392 2474 1446 ltomo
2503 1410 2813 1464 persequens
2845 1403 2912 1458 te,
2934 1405 2982 1450 et
3008 1414 3246 1467 qua'rens
3268 1417 3384 1453 am-

1796 1500 1937 1538 mam
1977 1494 2159 1552 tuam,
2190 1486 2289 1541 erit
2319 1484 2496 1540 anima
2539 1485 2754 1542 Domini
2794 1490 2894 1543 mei
2941 1491 3201 1557 custodia,
3231 1495 3384 1564 quasi

1795 1572 1852 1627 in
1877 1574 2134 1644 fasciculo
2177 1575 2478 1640 viventium,
2512 1576 2652 1647 apud
2680 1577 2966 1632 Dominum
3009 1579 3178 1634 Deum
3209 1590 3379 1637 tuum.

1797 1661 1969 1720 Porro
1995 1667 2175 1721 anima
2208 1668 2541 1722 inimicorum
2581 1678 2792 1724 tuorum
2826 1671 3109 1740 rotabitur,
3135 1675 3288 1746 quasi
3327 1677 3383 1730 in

1796 1757 1990 1828 impetu
2014 1767 2062 1812 et
2093 1757 2290 1814 circulo
2333 1759 2533 1830 funda.
2561 1759 2935 1818 Pulcherrima
2979 1768 3383 1837 comparatione

110 1859 366 1913 terimere
413 1858 736 1925 suadebant,
766 1874 870 1912 non
914 1858 1064 1924 mihi,
1111 1859 1306 1929 inquit,
1358 1859 1628 1930 contingat
1658 1877 1690 1914 a
1719 1847 1767 1907 Β
1795 1855 1997 1912 statum
2021 1847 2295 1917 Ῑυεῑοτυῐη
2337 1865 2368 1904 ³
2396 1851 2754 1921 reProborum
2782 1862 2930 1911 δοηθ
2957 1855 3218 1914 discernit
3247 1877 3258 1914 ε
3291 1860 3384 1916 h0-

107 1950 358 2016 Domino,
373 1951 418 2006 si
436 1950 606 2020 fecero
620 1952 717 2005 hoc
741 1951 952 2006 verbum
973 1951 1200 2007 Domino
1220 1968 1332 2008 meo
1359 1953 1566 2008 Christo
1586 1952 1695 2009 Do-

107 2043 273 2108 mini,
301 2042 495 2113 inferre
522 2060 738 2097 manum
762 2059 934 2098 meam
953 2061 1110 2114 super
1135 2061 1276 2111 eum,
1300 2045 1424 2116 quia
1454 2045 1691 2101 Christus

109 2136 320 2190 Domini
346 2147 418 2191 est
447 2137 562 2201 hic;
595 2137 722 2192 huic
772 2151 901 2208 ergo
951 2138 1157 2193 umbrae.
1187 2138 1403 2210 futurae
1431 2154 1535 2194 non
1566 2156 1692 2210 pro-

104 2238 228 2299 pter
275 2229 462 2298 ipsam,
515 2228 609 2284 sed
642 2237 865 2300 prepter
909 2229 1076 2296 illud,
1121 2232 1262 2301 quod
1311 2232 1693 2305 prmﬁgurabat

105 2329 262 2376 tanta
302 2322 580 2377 veneratio
631 2322 1011 2377 exhibebatur.
1047 2321 1076 2362 ι)
1113 2340 1131 2374 ‹
1189 2322 1466 2379 Moraliter
1517 2340 1684 2393 vero,

104 2412 238 2481 quid
261 2428 356 2483 per
380 2412 535 2478 Saul,
563 2413 669 2468 nisi
699 2413 827 2466 mali
856 2413 1132 2468 rectores?
1168 2413 1297 2482 quid
1341 2429 1440 2484 per
1479 2414 1647 2470 David
1670 2457 1684 2482 ,

103 2504 214 2557 nisi
235 2504 359 2558 boni
386 2502 587 2558 subditi
630 2502 1027 2574 designantur:
1073 2503 1202 2559 Saul
1244 2505 1408 2577 igitur
1442 2515 1688 2562 ventrem

99 2612 359 2666 purgare,
404 2606 490 2652 est
518 2612 716 2666 pravos
743 2597 1063 2667 praepositos
1083 2608 1400 2669 conceptam
1441 2599 1496 2654 in
1526 2601 1688 2655 corde

99 2690 386 2755 malitiam,
423 2705 594 2760 usque
628 2689 890 2760 adnpera
929 2692 1116 2747 miseri
1149 2690 1332 2748 odoris
1370 2693 1682 2759 extendere,

98 2789 158 2836 et
187 2781 421 2852 cogitata
462 2781 604 2849 apud
631 2796 689 2835 se
713 2781 894 2846 noxia,
941 2781 1100 2838 factis
1129 2784 1495 2839 exterioribus
1533 2801 1686 2842 exse-

98 2871 318 2941 quendo
337 2871 730 2928 demonstrare.
755 2872 926 2939 Quem
951 2882 1133 2929 tamen
1173 2874 1343 2930 David
1370 2875 1534 2932 ferire
1573 2892 1685 2934 me-

98 2965 226 3029 tuit,
261 2965 388 3035 quia
412 2965 514 3036 piae
535 2965 872 3021 subditorum
902 2977 1116 3024 mentes
1147 2969 1216 3024 ab
1260 2971 1407 3025 omni
1450 2986 1510 3026 se
1531 2980 1684 3041 peste

95 3055 512 3112 obtrectationis
530 3057 886 3124 abstinentes,
916 3059 1328 3128 praepositorum
1349 3061 1514 3116 vitam
1535 3062 1684 3117 nullo

95 3147 298 3218 lingua:
360 3148 536 3219 gladio
582 3149 929 3219 percutiunt,
977 3150 1140 3205 etiam
1201 3169 1324 3207 cum
1375 3154 1441 3208 de
1486 3153 1686 3224 imper-

1798 1955 1920 1994 rum
1947 1941 2146 2011 quippe
2175 1942 2386 1998 animas
2401 1943 2636 2014 appellat
2648 1946 2892 2014 viventes,
2908 1956 2968 2002 ut
2983 1949 3201 2006 illorum
3214 1967 3245 2008 e
3260 1968 3384 2008 con-

1799 2033 1968 2088 trario
1993 2034 2263 2104 spirituali
2293 2045 2468 2093 morte
2492 2041 3166 2111 pramccupatas-insinuet
3189 2044 3384 2116 ;juxta

1796 2125 1928 2181 illud
1953 2126 2240 2198 Propheta:
2267 2128 2515 2202 :(Eseclt.
2540 2147 2695 2199 xvm,
2733 2121 3022 2204 4).Anima
3052 2154 3170 2208 qua?
3193 2156 3381 2210 pecca-

1795 2221 1945 2285 verit,
1967 2221 2080 2291 ipsa
2102 2222 2396 2278 morietur:
2425 2223 2525 2281 hos
2550 2224 2833 2293 fasciculo,
2870 2227 2990 2284 illos
3011 2228 3175 2303 lapidi
3202 2231 3383 2290 fundae

1797 2312 2060 2370 assimilat
2098 2330 2112 2368 :
2138 2314 2430 2373 fasciculus
2455 2319 2599 2373 enim
2628 2320 3042 2392 constringitur,
3073 2330 3135 2377 ut
3175 2323 3384 2397 integer

1793 2417 2030 2472 maneat,
2057 2416 2110 2464 et
2137 2419 2508 2477 conservetur,
2538 2411 2676 2482 lapis
2702 2411 2758 2466 in
2786 2412 2952 2468 funda
2982 2415 3264 2486 expeditus
3288 2433 3384 2487 po-

1794 2499 1966 2565 nitur,
1998 2507 2056 2554 ut
2103 2499 2410 2568 abjiciatur.
2444 2501 2535 2560 Sic
2575 2505 2722 2560 enim
2756 2505 2812 2560 in
2851 2505 2956 2562 hoc
2985 2507 3182 2562 saeculo
3225 2507 3384 2564 electi

1793 2593 2065 2662 pressuris
2090 2592 2503 2649 tribulationum
2526 2605 2971 2668 coangustantur,
3023 2601 3170 2655 uthis
3197 2602 3383 2657 admo—

1793 2684 1915 2750 niti,
1943 2684 2146 2740 arctius
2176 2699 2236 2742 se
2271 2687 2339 2741 ad
2393 2687 2624 2744 invicem
2676 2697 2864 2744 mutua
2905 2691 3171 2746 charitate
3200 2691 3220 2731 ί
3253 2708 3383 2748 con-

1793 2784 2040 2842 uectant,
2080 2786 2136 2832 et
2179 2779 2465 2835 coadunati
2515 2782 2584 2837 ad
2641 2782 2874 2838 invicem
2925 2799 3088 2838 manu
3135 2785 3217 2839 sui
3275 2785 3384 2842 Rc-

1793 2867 2091 2938 demptoris
2129 2868 2184 2924 in
2223 2879 2543 2941 perpetuum
2572 2882 2981 2930 conserventur.
3021 2877 3092 2929 At
3117 2891 3246 2931 vero
3296 2892 3383 2932 re-

1790 2957 1966 3027 probi,
2020 2967 2222 3027 quanto
2250 2959 2414 3015 latius
2443 2961 2499 3016 in
2535 2962 2641 3019 hac
2670 2962 2784 3018 vita
2835 2964 3206 3034 voluptatibus
3253 2981 3380 3036 pro-

1790 3051 1946 3120 priis,
1960 3051 2127 3107 veluti
2146 3052 2303 3108 liberi
2318 3053 2688 3123 dimittuntur,
2703 3065 2856 3112 tanto
2881 3057 3096 3128 longius
3117 3058 3171 3113 in
3197 3057 3381 3116 futuro

1795 3159 1825 3198 a
1853 3145 2049 3200 divinae
2063 3145 2291 3202 visionis
2310 3147 2481 3218 gloria
2503 3147 2958 3218 projiciuntur,ut
2985 3151 3051 3205 de
3076 3151 3156 3207 eis
3183 3152 3380 3208 merito

90 3215 337 3295 lectione
365 3215 807 3312 reprehendunt.
861 3241 1001 3309 Qui,
1047 3252 1104 3298 et
1130 3243 1176 3298 si
1221 3245 1438 3314 quando
1464 3215 1686 3316 propter
1713 3215 1760 3280 (ἶ
1791 3238 2002 3294 dicatur
2029 3259 2042 3292 =
2071 3215 2696 3312 (PsalmjoxxvulEt
2723 3241 2934 3314 quidem
2981 3244 3082 3315 ipsi
3114 3244 3179 3297 de
3217 3260 3380 3298 manu

90 3333 472 3388 inﬁrmitatem
497 3347 616 3389 sese
653 3333 932 3390 abstinere
958 3335 1049 3388 vix
1079 3343 1326 3405 possunt,
1358 3343 1416 3389 ut
1441 3345 1686 3391 extrema

89 3426 371 3494 quaedam,
400 3434 562 3497 atque
607 3426 879 3482 exteriora
927 3428 1345 3497 prmpositorum
1394 3427 1554 3494 mala,
1591 3429 1686 3483 sed

93 3526 284 3572 tamen
313 3517 612 3584 humiliter,
656 3517 964 3590 loquantur,
999 3519 1155 3588 quasi
1201 3534 1354 3574 oram
1401 3519 1687 3575 chlamidis

91 3609 323 3664 silenter
365 3610 638 3676 incidunt;
688 3611 816 3682 quia
842 3611 1094 3668 videlicet
1139 3614 1265 3667 dum
1315 3613 1550 3684 praelatae
1599 3616 1684 3669 di-

89 3701 290 3772 gnitati
330 3701 512 3757 saltim
559 3703 798 3769 innoxie,
838 3710 894 3757 et
926 3702 1157 3759 latenter
1199 3704 1483 3776 derogant,
1529 3709 1685 3776 quasi

90 3795 245 3865 regis
267 3795 595 3865 superpositi
627 3804 836 3851 vestem
867 3805 1056 3852 secant
1082 3813 1095 3850 :
1129 3797 1223 3851 sed
1274 3805 1453 3853 tamen
1500 3799 1565 3853 ad
1595 3815 1683 3854 sc-

86 3891 359 3960 metipsos
408 3891 656 3958 redeunt,
698 3906 864 3961 seque
910 3892 1386 3947 vehementissime
1412 3934 1426 3958 ,
1485 3893 1570 3948 vel
1618 3893 1685 3948 de

85 3990 416 4045 tenuissima
454 3991 606 4046 verbi
648 3990 978 4046 laceratione
1035 3991 1460 4061 reprehendunt.
1531 3991 1684 4046 Unde

82 4085 259 4148 bene,
291 4091 345 4139 et
374 4084 481 4140 illic
505 4085 770 4156 scriptum
799 4093 885 4141 est
914 4104 928 4140 :
961 4083 1093 4140 Post
1134 4085 1244 4139 [nec
1273 4084 1445 4139 David
1470 4102 1685 4157 percus-

80 4184 156 4236 sit
211 4199 308 4237 cor
348 4200 497 4238 suum
522 4225 538 4250 ,
581 4201 641 4238 eo
679 4183 817 4254 quod
872 4183 1174 4238 abscidisset
1211 4198 1358 4237 oram
1407 4181 1682 4238 cltlamidis

84 4276 231 4332 Saul
269 4289 289 4328 :
319 4275 462 4332 facta
515 4277 713 4348 quippe
767 4277 1181 4348 praepositorum
1227 4276 1339 4332 oris
1387 4276 1564 4348 gladio
1603 4275 1681 4332 fe-

80 4369 287 4423 rienda
339 4385 447 4424 non
495 4378 642 4434 sunt,
675 4371 839 4425 etiam
883 4386 1006 4425 cum
1045 4369 1490 4438 reprehendenda
1534 4376 1682 4424 recte

70 4461 423 4530 judicantur.
456 4459 514 4517 Si
543 4463 759 4531 quando
793 4477 926 4518 vero
951 4471 1142 4518 contra
1170 4477 1282 4525 eos,
1319 4461 1406 4516 vel
1435 4461 1490 4515 in
1521 4461 1683 4516 mini-

75 4554 192 4608 mis
232 4553 421 4624 lingua
447 4552 668 4620 labitur,
704 4569 928 4610 necesse
965 4562 1068 4620 est,
1111 4562 1171 4608 ut
1201 4568 1301 4624 per
1329 4550 1674 4607 alﬂictionem
1702 4577 1758 4639 D

73 4645 429 4715 paenitentia:
458 4656 480 4685 ο
514 4647 924 4718 comprimatur,
967 4646 1222 4717 quatinus
1255 4645 1323 4700 ad
1358 4645 1678 4716 semetipum

73 4737 304 4803 redeat,
347 4746 403 4793 et
428 4753 552 4795 cum
603 4740 904 4810 przepositae
930 4739 1186 4810 potestati
1218 4737 1530 4810 deliquerit,
1559 4738 1675 4810 ejus

69 4840 288 4886 contra
333 4846 392 4888 se
413 4831 697 4900 judicium,
739 4847 770 4886 a
797 4847 904 4904 quo
934 4831 1037 4887 sibi
1065 4830 1094 4871 τι
1130 4831 1383 4902 praelatus
1427 4839 1532 4898 est,
1558 4846 1680 4901 per-

69 4923 396 4980 horrescat.
421 4923 559 4978 Nam
593 4938 716 4980 cum
745 4923 1051 4996 praepositis
1087 4922 1475 4993 delinquimus,
1499 4921 1676 4978 ordini

67 5016 248 5086 ejus,
306 5016 399 5086 qui
456 5031 550 5072 eos
621 5015 778 5072 nobis
841 5015 1116 5087 praztulit,
1165 5015 1467 5071 obviamus.
1525 5013 1679 5070 Unde

67 5109 294 5166 Moises
347 5125 585 5181 quoque,
618 5125 742 5166 cum
775 5116 966 5165 contra
1013 5124 1093 5174 se,
1125 5115 1181 5164 et
1214 5107 1396 5163 Aaron
1424 5107 1684 5178 conqueri

1787 3343 1880 3387 tua
1907 3336 1932 3374 ε
1957 3334 2153 3406 repulsi
2183 3345 2323 3390 sunt.
2355 3337 2492 3390 Mire
2525 3346 2706 3393 autem
2735 3340 3163 3409 omnipotentem
3199 3343 3382 3412 provi-

1788 3427 2028 3482 dentiam
2075 3428 2336 3484 describit
2385 3431 2607 3500 superni
2658 3434 3003 3502 protectoris,
3036 3447 3161 3488 cum
3203 3433 3376 3490 dicit:

1787 3521 2018 3574 animam
2043 3519 2144 3573 viri
2171 3521 2342 3575 sancti
2363 3523 2515 3592 quasi
2548 3523 2602 3576 in
2629 3522 2886 3593 fasciculo
2917 3525 3198 3580 viventium
3235 3529 3381 3598 apud

1786 3629 1905 3666 eum
1931 3629 2042 3667 esse
2069 3613 2386 3668 custoditum
2420 3627 2438 3665 :
2473 3615 2614 3669 sicut
2638 3615 2783 3670 enim
2814 3615 3130 3672 facillimum
3154 3627 3238 3674 est
3265 3619 3380 3673 cui-

1787 3705 1938 3772 libet,
1968 3706 2284 3762 fasciculum
2311 3707 2514 3773 herbw,
2537 3708 2622 3762 vel
2645 3707 2755 3762 feni
2796 3725 2892 3764 sua
2922 3695 3088 3764 manu
3107 3719 3379 3766 retentum

1787 3815 2138 3866 conservare,
2173 3801 2248 3855 ita
2275 3801 2454 3855 virtus
2509 3799 2723 3855 Domini
2770 3810 2825 3856 et
2873 3800 3173 3857 Salvatoris
3203 3803 3378 3858 nostri

1786 3909 1976 3948 omnes
2002 3910 2100 3964 per
2127 3895 2314 3948 orbem
2355 3893 2580 3958 electos,
2625 3894 2693 3948 ab
2720 3893 2874 3949 initio
2913 3909 3086 3963 usque
3129 3895 3183 3948 in
3211 3895 3375 3951 linem

1786 3982 1990 4046 sznculi,
2029 3998 2096 4037 nc
2124 3983 2216 4052 qui
2246 3998 2314 4038 ex
2352 3983 2431 4038 eis
2459 3983 2563 4036 ulla
2611 3984 2817 4038 ratione
2849 3992 3096 4054 pereant,
3143 3985 3263 4042 sine
3291 3986 3372 4041 la-

1784 4076 1916 4131 bore
1952 4083 2149 4130 tuetur.
2183 4074 2346 4131 Juxta
2375 4077 2517 4146 quod
2540 4077 2654 4146 ipse
2680 4077 2736 4132 in
2757 4076 3049 4150 Evangelia
3076 4079 3175 4136 sub
3198 4079 3370 4152 ﬁgura

1783 4167 1966 4222 ovium
1998 4168 2063 4223 de
2090 4169 2175 4224 his
2213 4167 2441 4238 loquens
2488 4166 2671 4239 (Joan.
2712 4185 2771 4236 x,
2798 4168 2866 4223 27
2897 4178 2947 4224 et
2991 4169 3083 4243 28)
3124 4186 3138 4225 :
3185 4171 3254 4226 Et
3292 4189 3374 4226 se-

1781 4268 2017 4331 quuntur
2054 4276 2156 4324 me,
2188 4259 2384 4328 inquit,
2417 4267 2465 4313 et
2495 4275 2588 4330 ego
2615 4261 2774 4314 vitam
2799 4269 3050 4316 (sternam
3079 4262 3145 4316 do
3171 4263 3245 4316 eis
3275 4277 3292 4314 :
3324 4271 3373 4314 et

1785 4368 1888 4406 non
1909 4350 2147 4421 peribunt
2172 4351 2228 4403 in
2252 4359 2526 4416 veternum,
2567 4368 2658 4405 nec
2689 4352 2853 4423 rapiet
2879 4368 2966 4405 eas
2995 4352 3273 4422 quisquam
3308 4353 3375 4406 de

1781 4459 1944 4496 manu
1974 4458 2108 4497 mea.
2145 4441 2301 4497 Sicut
2333 4439 2623 4498 fasciculus
2650 4459 2788 4499 unus
2822 4443 3154 4513 quibuslibet
3178 4443 3368 4497 vincu-

1781 4534 1850 4588 lis
1891 4533 2160 4605 alligatur,
2205 4533 2282 4588 ita
2333 4533 2512 4588 omnis
2540 4543 2853 4590 sanctorum
2907 4542 3080 4590 castus
3126 4549 3232 4587 una
3281 4548 3374 4587 ca-

1787 4627 2018 4697 demque
2047 4626 2172 4692 fide,
2200 4642 2317 4697 spe,
2345 4635 2401 4682 et
2421 4625 2686 4682 charitate
2729 4629 2799 4683 ad
2832 4628 3062 4682 invicem
3103 4628 3373 4682 constrin-

1787 4722 1954 4791 gitur,
1981 4737 2091 4777 uno
2111 4721 2308 4777 divina:
2328 4723 2680 4792 protectionis
2724 4721 3021 4776 munimine
3063 4720 3370 4775 circumda-

1789 4823 1896 4869 tur.
1941 4814 2098 4870 Patet
2130 4830 2262 4871 sane
2292 4815 2320 4855 ιι
2344 4815 2537 4871 littera:
2561 4830 2771 4880 sensus,
2800 4815 2925 4884 quia
2953 4813 3134 4867 anima
3175 4813 3366 4880 David,

1787 4907 2235 4978 persequentibus
2273 4907 2400 4964 licet
2428 4907 2692 4972 hostibus,
2723 4905 2995 4960 custodita
3025 4918 3240 4974 semper
3268 4903 3373 4960 fuit

1789 5001 1843 5056 in
1870 5009 2019 5057 sorte
2041 5000 2362 5056 viventium.
2392 4999 2564 5055 Porro
2589 4997 2794 5054 inimici
2822 4997 2957 5068 ejus,
2993 4996 3372 5054 insistentibus

1790 5096 1893 5152 sibi
1917 5095 2359 5162 adversitatibus,
2375 5093 2516 5150 sicut
2542 5093 2680 5164 lapis
2701 5091 2867 5148 fundo
2889 5093 3272 5159 circumactus,
3293 5092 3372 5147 sic

1788 5189 2028 5246 instabili
2049 5197 2196 5244 motu
2222 5185 2597 5256 perturbandi,
2620 5192 2676 5238 et
2703 5185 2818 5242 suis
2843 5192 3026 5241 essent
3065 5184 3369 5257 expellendi

1787 5283 1855 5340 de
1900 5281 2121 5346 ﬁnibus,
2150 5277 2239 5333 vel
2279 5277 2444 5333 etiam
2474 5275 2544 5330 ab
2568 5275 2819 5331 humanis
2858 5277 3021 5332 rebus
3067 5273 3367 5331 auferendi.

1792 5379 1811 5419 ί
1845 5375 1916 5431 Et
1942 5375 1998 5431 in
2028 5375 2132 5431 hoc
2158 5371 2304 5428 facto
2340 5366 2572 5440 Abigail,
2622 5368 2752 5440 quid
2783 5368 2941 5426 nobis
2978 5382 3077 5439 per
3121 5366 3371 5427 enuntia‘

61 5202 353 5273 populum
385 5205 724 5273 cognovisset
748 5202 824 5256 ait
863 5219 875 5254 :
909 5200 1110 5273 (Exod.
1157 5215 1272 5266 xvr,
1316 5199 1371 5272 8)
1403 5198 1518 5254 Nos
1544 5199 1684 5254 enim

62 5296 212 5367 quid
243 5297 475 5351 sumus?
500 5313 590 5351 nec
617 5304 802 5351 contra
829 5310 924 5351 nos
943 5302 1020 5350 cst
1041 5308 1284 5348 murmur
1312 5299 1562 5358 vestrum,
1590 5290 1683 5346 sed

58 5399 278 5443 contra
300 5387 608 5443 Dominum.
640 5408 659 5442 ι

146 5513 178 5542 α
212 5499 325 5555 Hic
355 5501 536 5571 aliqua
563 5502 780 5560 desunt.
1789 5490 2018 5603 Βθβιπηο
2679 5557 2689 5568 .

146 5571 180 5603 ι.
213 5569 622 5603 αηιιοηηηηηοςι.
677 5569 961 5603 manum...
990 5584 1058 5603 Δ-
1105 5569 1367 5603 amatum.
1393 5566 1587 5603 Maann
1615 5568 1633 5603 r
1651 5570 1682 5603 κ
1917 5561 2233 5603 (Ἰηηηρι-ιριιι
2254 5572 2271 5603 :
2301 5556 2458 5603 male-
2492 5564 2553 5603 ut
2576 5555 2689 5603 arb:

143 5571 180 5612 δ
213 5555 964 5642 διψεεᾲὖέῄιίἁᾝίᾶίοἱωυε
990 5584 1059 5642 ex
1105 5569 1368 5642 Gregorio
1393 5566 1587 5642 Magno
1614 5568 1683 5642 [5
1865 5555 2271 5642 ζροηηςεςεικε
2299 5556 2460 5625 male,
2492 5564 2553 5614 ut
2576 5555 2830 5615 arbitror.

53 5629 574 5716 parthastoralis
600 5645 816 5698 admon.
845 5659 894 5696 v.
933 5641 967 5696 5
998 5641 1116 5698 haec
1156 5629 1449 5712 tradente].
1483 5629 1511 5639 ”
1616 5629 1635 5642 ⁵
1858 5637 1890 5716 fi
1918 5629 2164 5716 Eapulsi.

145 5728 171 5753 ο
209 5714 368 5769 Editi
406 5731 416 5768 :
449 5730 540 5768 cor
557 5723 844 5785 prematur.
1408 5701 1428 5712 ⁸
1857 5705 1885 5784 1}
1918 5701 2165 5785 aterque.

138 5785 173 5826 ἀ
205 5771 650 5856 Editizprrelata
684 5793 780 5856 est.
892 5855 907 5856 7
988 5855 993 5856 7
1236 5855 1240 5856 7
1384 5853 1396 5856 7
1439 5855 1444 5856 7
1867 5777 1880 5816 ί
1918 5773 2190 5830 Hactenus
2223 5771 2386 5832 Beda.

146 5868 179 5901 ο
209 5851 625 5927 Subsequentia
649 5855 864 5910 edocuit
890 5855 1032 5912 Beda
1057 5855 1353 5926 quiestionc
1372 5853 1404 5911 6
1434 5855 1487 5910 in
1515 5851 1682 5912 libros
1929 5909 1956 5927 ,ι
3173 5873 3188 5902 λ

1929 5909 1956 5928 \

415 5953 691 6016 Ρηιιοι..
735 5947 898 6012 CIV.
2735 5932 2811 5994 22
