3940 6340
157 373 261 433 885

1019 325 1482 441 oumsrioriss
1519 371 1670 428 xxx
1711 358 1936 429 SUPER
1973 371 2221 427 uanos
2258 367 2520 426 uncum.

3301 373 3405 430 686

153 488 467 563 pythonissa
522 487 696 557 ipsum
738 489 1056 559 prophetam
1111 489 1178 545 de
1224 489 1437 546 inferno
1479 496 1733 546 evocave.
1757 494 1810 554 Α
1833 490 2030 556 exitus,
2061 494 2118 545 ‘et
2145 489 2442 559 expeditior
2477 487 2804 554 intellectus,
2834 499 2894 543 ut
2937 505 3045 544 non
3076 505 3204 546 vere
3247 491 3409 560 spiri-

155 585 263 649 rit;
288 595 354 637 an
379 581 615 652 aliquam
642 581 1015 653 imaginariam
1055 581 1355 638 illusionem
1385 582 1598 640 fallacia
1625 586 1731 639 da-

154 689 369 732 monum
402 671 620 728 factam.
666 673 742 727 De
767 688 872 742 qua
912 674 1207 744 quaestione
1247 675 1419 730 beata:
1457 676 1732 731 memoria:

152 765 481 838 Augustinus
524 765 811 836 episcopus
855 764 1204 836 Simpliciano
1253 767 1503 837 episcopo
1532 768 1731 824 Medio-

155 857 359 913 lanensi
390 857 464 911 ita
504 855 764 927 scripsit:
795 869 820 897 ει
849 855 1104 926 Inquiris,
1137 858 1378 928 inquam;
1409 861 1591 915 utrum
1622 861 1732 931 spi-

154 952 291 1006 ritus
321 949 648 1015 immundus,
699 949 790 1018 qui
837 955 955 1004 erat
1003 951 1059 1006 in
1101 952 1442 1022 pythonissa,
1493 955 1732 1024 potuerit

155 1057 330 1113 agere,
362 1048 422 1095 ut
458 1039 674 1096 Samuel
705 1053 739 1096 a
775 1039 938 1097 Sauie
982 1042 1274 1111 videretur,
1320 1051 1377 1100 et
1421 1043 1731 1116 loqueretur

153 1147 277 1188 eum
300 1147 380 1188 eo.
429 1129 535 1198 Sed
568 1131 738 1186 multo
767 1131 987 1201 majoris
1015 1135 1263 1190 miraculi
1301 1144 1404 1200 est,
1443 1136 1587 1207 quod
1614 1137 1730 1208 ipse

155 1221 379 1278 Satanas
422 1222 674 1292 princeps
720 1221 1118 1279 immundorum
1171 1225 1410 1280 omnium
1440 1227 1728 1298 spirituum

151 1318 322 1389 potuit
342 1317 489 1387 loqui
513 1331 637 1373 cum
665 1317 798 1384 Deo,
825 1326 880 1374 et
905 1327 1093 1388 petere
1121 1320 1436 1375 tentandum
1456 1319 1558 1377 Job
1581 1320 1638 1392 (Ι
1641 1322 1723 1376 ob.

152 1423 194 1474 ι,
227 1407 312 1478 li)
344 1406 705 1476 iustissimum
730 1408 926 1474 virum,
965 1408 1118 1479 (Luc.
1165 1425 1264 1476 xu,
1300 1409 1391 1483 5i)
1436 1411 1528 1482 qui
1561 1412 1727 1466 etiam

150 1498 435 1569 Apostolos
461 1499 752 1555 tentandos
778 1500 970 1570 petiit;
999 1509 1092 1554 aut
1125 1499 1172 1555 si
1198 1501 1302 1556 hoc
1327 1501 1447 1556 ideo
1479 1516 1587 1557 non
1624 1504 1724 1557 ba-

151 1593 245 1648 bet
279 1592 539 1667 difﬁcilem
568 1594 938 1663 quaestionem,
984 1595 1113 1664 quia
1147 1605 1245 1664 per
1290 1597 1454 1664 quam
1496 1595 1726 1651 voluerit

151 1685 472 1751 creaturam;
521 1685 607 1740 cui
638 1683 870 1741 voluerit
909 1693 1194 1752 creatum,
1245 1686 1444 1756 ubique
1486 1701 1726 1758 prmsens

151 1779 349 1835 veritas
369 1776 628 1848 loquitur,
653 1791 756 1834 nec
778 1787 1065 1850 propterea
1089 1777 1273 1852 magni
1304 1779 1482 1834 meriti
1503 1787 1607 1844 est,
1635 1780 1724 1835 cui

1833 593 1948 639 tum
1977 582 2242 639 Samuelis
2265 583 2557 638 excitatum
2585 597 2616 636 a
2648 582 2832 651 requie
2853 597 2951 636 sua
2981 583 3286 649 credamus,
3312 585 3408 638 sed

1832 676 2046 747 aliquod
2067 677 2411 748 phantasma,
2425 683 2477 730 et
2494 675 2862 747 imaginariam
2885 675 3186 730 illusionem
3211 677 3411 732 diaboli

1829 765 2316 823 machinationibus
2345 765 2565 834 factam,
2612 783 2774 838 quam
2811 774 3099 838 propterea
3127 765 3413 838 Scriptura

1831 857 2048 912 nomine
2109 855 2378 913 Samuelis
2432 858 2686 928 appellat,
2742 858 2868 929 quia
2923 857 3098 914 solent
3147 858 3413 929 imagines

1829 963 2016 1003 earum
2043 963 2223 1003 rerum
2254 950 2562 1006 nominibus
2587 950 2864 1021 appellari,
2896 965 3126 1021 quarum
3149 951 3410 1023 imagines

1829 1048 1979 1108 sunt,
2008 1041 2150 1097 sicut
2192 1043 2392 1110 omnia,
2424 1045 2545 1113 qua:
2588 1044 2902 1115 pinguntur,
2935 1052 3096 1114 atque
3140 1043 3415 1115 ﬁnguntur

1831 1133 1862 1174 δ
1891 1149 1958 1189 ex
1984 1133 2163 1204 aliqua
2192 1142 2348 1205 parte
2374 1136 2618 1191 materiae
2644 1135 2869 1202 metalli;
2909 1144 3004 1191 aut
3028 1135 3176 1208 ligni,
3208 1137 3293 1191 vel
3321 1149 3416 1193 cu-

1822 1222 2026 1296 jusque
2055 1224 2136 1279 rei
2158 1233 2314 1296 aptae,
2355 1225 2424 1280 ad
2448 1240 2611 1295 opera
2640 1226 2966 1298 huiusmodi,
2998 1242 3226 1298 quaeque
3248 1227 3415 1284 etiam

1828 1317 2080 1372 videntur
2109 1317 2166 1372 in
2208 1317 2434 1383 somnis,
2469 1324 2525 1372 “et
2568 1333 2758 1374 omnes
2785 1317 2900 1376 fere
2925 1319 3187 1390 imagines
3223 1334 3415 1377 earum

1828 1422 2034 1474 rerum,
2058 1423 2289 1479 quarum
2322 1409 2588 1480 imagines
2607 1417 2755 1477 sunt,
2802 1410 3059 1481 appellari
3105 1411 3412 1469 nominibus

1825 1501 2018 1557 solent.
2043 1504 2175 1569 Quis
2189 1503 2336 1557 enim
2355 1511 2455 1567 est,
2477 1504 2569 1573 qui
2586 1504 2857 1560 hominem
2871 1505 3074 1574 pictum
3094 1505 3301 1562 dubitet
3314 1521 3412 1582 vo:

1825 1610 1950 1650 care
1962 1595 2232 1651 hominem
2245 1596 2268 1649 ?
2279 1597 2495 1666 quando
2506 1597 2740 1666 quidem,
2756 1603 2812 1650 et
2824 1597 3156 1668 singulorum
3167 1611 3417 1668 quamm-

1824 1698 1930 1754 que
1949 1686 2217 1754 picturam
2232 1701 2356 1742 cum
2377 1687 2690 1757 aspicimus,
2709 1688 2925 1758 propria
2947 1699 3172 1759 qumque
3191 1689 3413 1745 nomina

1825 1777 2207 1834 incunctanter
2232 1778 2585 1845 adhibemus;
2614 1779 2765 1833 velut
2803 1793 2924 1834 cum
2955 1779 3225 1835 intuentes
3266 1780 3418 1834 tabu-

150 1871 387 1941 loquitur
410 1871 554 1928 Deus
579 1887 592 1926 :
623 1871 854 1928 interest
895 1872 1037 1928 enim
1063 1872 1194 1943 quid
1221 1873 1492 1942 loquatur,
1525 1873 1650 1942 quia
1669 1880 1725 1928 et
1751 1865 1798 1931 B
1826 1871 1954 1938 lam,
1981 1881 2075 1926 aut
2100 1872 2360 1942 parietem
2384 1872 2613 1929 dicimus
2644 1891 2656 1926 :
2687 1871 2779 1928 Ille
2800 1871 2990 1928 Cicero
3015 1880 3097 1927 est
3122 1889 3136 1927 :
3176 1871 3266 1928 ille
3295 1870 3415 1928 Sal-

149 1963 440 2034 imperator
479 1977 604 2018 cum
648 1962 838 2050 multis
872 1963 1252 2019 innocentibus
1298 1961 1407 2017 non
1462 1961 1722 2032 loquitur,

113 2071 116 2074 ’
146 2054 337 2124 quibus
373 2054 844 2124 providentissime
881 2054 1114 2111 consulit
1137 2053 1204 2110 ad
1245 2054 1498 2121 salutem,
1523 2061 1727 2110 etcum

149 2147 330 2204 multis
355 2147 672 2205 nocentibus
711 2149 969 2220 loquitur,
997 2164 1134 2221 quos
1171 2151 1324 2222 jubet
1361 2151 1614 2207 interﬁci.
1665 2150 1725 2206 Si

147 2255 278 2313 ergo
301 2241 424 2296 hinc
447 2241 729 2313 propterea
750 2243 896 2298 nulla
921 2243 1147 2314 quaestio
1168 2251 1272 2312 est,
1303 2243 1452 2300 nulla
1489 2245 1560 2300 sit
1580 2255 1728 2316 quae—

148 2335 272 2397 stio,
302 2335 566 2403 quomodo
607 2335 774 2390 etiam
811 2333 1118 2391 immandus
1146 2336 1369 2406 spiritus
1399 2349 1521 2391 cum
1547 2331 1726 2390 anima

149 2425 320 2480 sancti
365 2425 469 2479 viri
515 2424 662 2496 loqui
709 2425 962 2497 potuerit.
1014 2426 1277 2482 Omnibus
1327 2428 1468 2481 enim
1521 2428 1726 2482 sanctis

149 2516 291 2570 Deus
335 2521 568 2581 creator,
610 2515 666 2571 et
717 2517 1088 2572 sanetiiicator
1122 2517 1282 2589 longe
1314 2518 1500 2587 utique
1554 2517 1728 2586 major

146 2616 250 2664 est.
278 2607 421 2675 Quod
457 2608 502 2664 si
526 2609 630 2663 hoc
659 2616 861 2675 movet,
885 2609 1028 2678 quod
1049 2608 1264 2664 licuerit
1305 2609 1542 2679 maligno
1567 2609 1727 2678 Spiri-

146 2700 226 2754 tui
253 2700 487 2755 excitare
533 2701 768 2755 animam
807 2699 964 2769 justi,
1010 2708 1066 2756 et
1109 2708 1367 2770 tanquam
1417 2699 1483 2754 de
1529 2699 1726 2754 abditis

145 2795 477 2844 mortuorum
517 2791 872 2861 receptaculis
902 2803 1177 2855 revocare,
1220 2797 1398 2845 nonne
1425 2789 1598 2861 magis
1627 2785 1727 2843 nii-

143 2881 367 2937 randum
402 2890 502 2946 est,
536 2882 681 2952 quod
723 2881 952 2939 Satanas
998 2882 1172 2952 ipsum
1201 2881 1491 2938 Dominum
1516 2895 1727 2938 assum-

142 2973 274 3043 psit,
311 2982 363 3027 et
397 2973 678 3032 constituit
721 2987 882 3044 supra
930 2975 1148 3044 pinnam
1204 2974 1434 3044 templi?
1477 2972 1728 3043 Quolibet

140 3065 291 3119 enim
317 3064 472 3119 modo
499 3064 710 3131 iecerit,
745 3065 834 3121 ille
877 3066 1040 3120 etiam
1072 3066 1289 3131 modus,
1335 3079 1443 3136 quo
1487 3065 1726 3121 Samueli

141 3152 346 3209 factum
374 3163 479 3221 est,
508 3163 568 3210 ut
591 3155 944 3222 excitaretur,
983 3157 1231 3212 similiter
1265 3156 1412 3212 latet.
1439 3157 1555 3212 Nisi
1584 3157 1726 3213 forte

139 3248 274 3317 quis
299 3248 491 3303 dixerit
532 3247 829 3306 faciliorem
875 3251 1091 3306 diabolo
1143 3251 1308 3306 fuisse
1352 3252 1624 3307 licentiam
1656 3253 1727 3307 ad
1752 3227 1798 3290 C

136 3340 432 3394 Dominum
456 3341 659 3407 vivum,
689 3343 832 3397 unde
867 3341 1039 3398 voluit
1073 3343 1477 3407 assumendum,
1528 3350 1603 3407 et,
1634 3343 1726 3398 ubi

135 3431 335 3496 voluit,
365 3433 818 3499 constituendum,
860 3434 1022 3503 quam
1069 3434 1137 3487 ad
1187 3430 1456 3488 Samuelis
1485 3431 1725 3488 defuncti

136 3524 392 3594 spiritum
432 3540 463 3578 a
491 3525 606 3580 suis
639 3524 857 3581 sedibus
887 3525 1250 3580 excitandum.
1294 3523 1450 3592 Quod
1495 3525 1540 3580 si
1591 3523 1725 3580 illud

137 3617 200 3671 in
230 3616 520 3688 Evangelio
554 3633 655 3673 nos
698 3619 822 3674 ideo
847 3632 954 3673 non
979 3619 1279 3689 perturbat,
1310 3619 1436 3688 quia
1465 3615 1726 3673 Dominus

136 3707 314 3762 voluit
364 3716 528 3778 atque
559 3709 808 3780 permisit
858 3709 1004 3764 nulla
1043 3711 1398 3765 diminutione
1435 3720 1547 3765 sua),
1573 3717 1728 3780 pote-

135 3800 303 3855 statis
346 3809 402 3854 et
429 3801 727 3857 divinitatis
768 3801 822 3856 id
866 3801 1004 3867 fieri,
1051 3802 1286 3858 sicutab
1328 3802 1458 3870 ipsis
1504 3800 1724 3867 Judaais,

134 3907 471 3962 quamquam
499 3894 772 3964 perver‘sis
799 3901 963 3964 atque
1006 3893 1320 3957 immundis,
1360 3899 1414 3947 et
1439 3891 1584 3948 facta
1613 3891 1728 3946 dia-

128 3984 252 4040 boli
285 3983 625 4050 facientibus,
653 3993 708 4038 et
736 3985 908 4040 teneri
934 4000 1012 4048 se,
1059 3993 1114 4039 ct
1146 3983 1360 4047 vinciri,
1393 3990 1447 4038 et
1473 3982 1643 4047 illudi,
1675 3990 1730 4037 et

127 4073 413 4145 crueiiigi,
439 4082 600 4145 atque
641 4075 872 4131 interﬁci
897 4089 1092 4144 passus
1134 4082 1254 4128 est:
1286 4088 1394 4128 non
1432 4079 1515 4128 est
1540 4072 1731 4127 absur-

127 4167 274 4222 dum
312 4167 529 4223 credere
553 4182 620 4223 ex
648 4167 828 4239 aliqua
869 4167 1269 4237 dispensatione
1296 4167 1490 4222 divinae
1535 4163 1728 4222 volun-

125 4261 270 4316 tatis
301 4261 625 4329 permissum
673 4260 860 4327 fuisse,
892 4270 954 4316 ut
994 4272 1103 4315 non
1144 4261 1368 4325 invitus,
1410 4275 1508 4316 nec
1559 4259 1730 4316 domi-

125 4360 326 4415 nante,
354 4357 512 4420 atque
541 4351 860 4423 subjugante
886 4351 1092 4422 magica
1116 4353 1380 4422 potentia,
1402 4353 1496 4407 sed
1519 4351 1726 4416 volens,

124 4451 310 4512 atque
345 4443 724 4516 obtemperans
757 4445 983 4501 occultae
1017 4446 1408 4515 dispensationi
1451 4439 1570 4509 Del,
1611 4459 1731 4515 quae

119 4531 518 4602 pythonissam
550 4534 718 4599 illam,
762 4542 818 4590 et
853 4533 1160 4591 Samuelem
1206 4535 1422 4600 latebat,
1453 4535 1730 4588 consenti-

121 4632 219 4679 ret
245 4624 472 4694 spiritus
520 4625 804 4697 Prophetae
837 4628 1030 4693 sancti,
1080 4641 1138 4682 se
1172 4625 1384 4681 ostendi
1418 4624 1727 4694 aspectibus

119 4715 309 4783 regis,
332 4715 511 4771 divina
537 4733 660 4772 eum
706 4717 970 4773 sententia
1009 4731 1385 4788 percussurus.
1430 4714 1542 4772 Cur
1583 4715 1726 4770 enim

115 4806 325 4861 anima
353 4807 482 4863 boni
511 4808 746 4864 hominis
773 4823 803 4863 a
847 4809 1004 4863 malis
1032 4809 1169 4863 vivis
1216 4815 1459 4874 evocata,
1491 4807 1538 4862 si
1566 4821 1730 4861 vene-

115 4899 228 4961 rit,
259 4898 518 4955 amittere
543 4900 794 4956 videatur
831 4899 1152 4972 dignitatem
1180 4914 1350 4963 suam,
1383 4913 1506 4954 cum
1537 4907 1591 4954 et
1618 4898 1728 4953 vivi

113 4991 463 5062 plerumque
491 4993 618 5050 boni
654 4995 835 5051 vocati
879 4995 947 5049 ad
982 4993 1152 5049 malos
1195 4993 1436 5058 veniant,
1482 4999 1537 5047 et
1566 4999 1729 5063 agant

108 5100 258 5139 cum
311 5085 413 5150 eis,
442 5087 585 5156 qubd
628 5086 861 5143 oilleium
903 5086 1142 5156 postulat
1173 5085 1464 5156 aequitatis,
1511 5090 1728 5139 servato

1827 1961 2047 2018 lustius:
2073 1961 2165 2017 ille
2177 1962 2414 2017 Achilles
2434 1977 2446 2015 :
2481 1961 2572 2016 ille
2592 1961 2818 2017 Hector:
2843 1962 2944 2016 hoc
2964 1961 3163 2018 ﬂumen
3183 1960 3413 2017 Simois:

1826 2053 1916 2112 illa
1943 2057 2144 2123 Roma;
2175 2067 2300 2113 cum
2320 2056 2465 2111 aliud
2501 2055 2637 2110 nihil
2666 2056 2737 2110 sit
2757 2071 2919 2126 quam
2946 2056 3105 2126 pictae
3129 2055 3410 2128 imagines.

1827 2152 1980 2208 Unde
1991 2150 2282 2207 Cherubim
2299 2147 2458 2223 (Eata.
2477 2165 2604 2217 xxv,
2623 2148 2712 2214 18)
2735 2163 2858 2204 cum
2873 2149 2982 2203 sint
3001 2148 3251 2205 caelestes
3265 2158 3418 2219 pete-

1826 2251 2018 2308 states,
2041 2241 2182 2297 fictae
2205 2251 2387 2297 tamen
2405 2256 2473 2297 ex
2495 2241 2738 2307 metallo,
2763 2240 2907 2310 quod
2934 2239 3220 2310 imperavit
3243 2238 3414 2304 Deus,

1827 2349 1990 2406 super
2038 2347 2226 2390 arcam
2283 2333 2595 2390 testamenti
2654 2335 2862 2404 magnae
2915 2331 2995 2387 rei
3052 2331 3417 2402 signiﬁcanda;

1827 2425 2026 2502 gratia,
2055 2442 2163 2485 non
2191 2429 2338 2485 aliud
2362 2443 2524 2498 quam
2571 2428 2852 2483 Cherubim
2879 2439 2900 2465 ε
2932 2425 3037 2482 illae
3063 2435 3280 2496 quoque
3304 2420 3418 2479 eili-

1827 2522 1942 2593 gies
1969 2522 2296 2578 vocitantur.
2329 2521 2462 2576 item
2493 2520 2740 2590 quisquis
2779 2519 2928 2574 videt
2967 2518 3260 2584 somnium,
3307 2519 3418 2571 non

1828 2614 1971 2669 dicet
1987 2631 2000 2667 :
2016 2613 2139 2670 Vidi
2169 2613 2457 2686 imaginem
2476 2611 2787 2683 Augustini,
2817 2621 2910 2667 aut
2932 2610 3295 2682 Simpliciah‘i,
3320 2608 3417 2666 sed

1826 2705 1937 2759 vidi
1963 2704 2341 2772 Augustinum,
2390 2713 2484 2759 aut
2527 2703 2978 2773 Simplicianum:
3019 2717 3141 2758 cum
3170 2707 3236 2757 eo
3281 2707 3419 2756 tem-

1826 2809 1976 2866 pore,
2020 2805 2128 2865 quo
2158 2794 2265 2850 tale
2293 2794 2497 2864 aliquid
2524 2795 2695 2860 videt,
2730 2809 2832 2850 nos
2860 2794 3172 2864 ignoremus
3197 2809 3213 2860 ς
3239 2805 3418 2862 usque

1828 2885 1963 2942 adeo
1991 2885 2342 2942 manifestum
2381 2895 2486 2954 est,
2528 2901 2638 2943 non
2665 2888 2812 2958 ipsos
2848 2885 3116 2950 homines,
3156 2887 3253 2942 sed
3282 2885 3419 2941 ima-

1827 2983 1980 3054 gines
2039 2981 2242 3048 videri;
2294 2975 2448 3052 (Gen.
2490 2989 2607 3046 χιι,
2642 2980 2730 3052 18)
2777 2987 2832 3035 et
2873 2977 3086 3035 Pharao
3131 2978 3311 3048 spicas
3359 2991 3420 3033 se

1829 3075 1966 3130 dixit
1992 3063 2192 3130 vidisse
2220 3075 2276 3130 in
2306 3073 2537 3142 somnis,
2568 3079 2625 3129 et
2651 3074 2837 3140 boves,
2867 3087 2974 3127 non
3005 3071 3300 3142 spicarum,
3325 3078 3420 3126 aut

1826 3166 2025 3221 bovum
2047 3165 2332 3238 imagines.
2365 3157 2422 3219 Si
2447 3165 2612 3237 igitur
2640 3161 2844 3235 liquido
2871 3169 3083 3218 constat
3109 3162 3419 3217 hominibus

1830 3271 2017 3314 earum
2057 3263 2258 3324 rerum“,
2306 3259 2536 3326 quarum
2563 3255 2830 3325 imagines
2859 3261 3002 3319 sunt,
3033 3253 3251 3309 easdem
3276 3251 3414 3306 ima-

1830 3352 1984 3424 gines
2014 3350 2295 3421 appellari,
2325 3349 2402 3404 nil
2429 3348 2627 3403 mirum
2659 3351 2761 3414 est,
2793 3346 2936 3417 quod
2963 3345 3245 3417 Scriptura
3274 3345 3421 3400 dicat

1830 3441 2138 3497 Samuelem
2166 3441 2366 3507 visum,
2393 3440 2559 3495 etiam
2583 3439 2630 3494 si
2656 3436 2795 3494 forte
2821 3438 3000 3510 imago
3030 3429 3300 3492 Samuelis
3325 3449 3419 3505 ap-

1829 3535 2027 3606 paruit,
2090 3531 2528 3591 machinamento
2575 3532 2710 3603 ejus,
2759 3519 2850 3603 qui
2899 3530 2984 3604 (II
3032 3530 3155 3585 Cor.
3206 3539 3286 3594 ιι,
3327 3528 3418 3600 14)

1830 3627 2180 3698 transfigurat
2227 3641 2284 3683 se
2320 3627 2468 3683 velut
2508 3624 2776 3699 Angelum
2823 3623 2984 3690 lucis,
3029 3631 3086 3679 et
3134 3609 3417 3679 ministros

1829 3729 1956 3774 Suos
1977 3718 2123 3774 velut
2145 3718 2427 3774 ministros
2447 3703 2692 3786 iustitiae.

1907 3881 1925 3912 ι
1953 3861 2075 3916 Jam
2101 3875 2255 3927 vero,
2287 3860 2332 3914 si
2362 3859 2494 3913 illud
2519 3864 2700 3913 movet
2721 3856 3015 3934 quomodo,
3046 3863 3102 3911 et
3121 3871 3151 3909 a
3179 3854 3416 3928 maligno

1831 3951 2023 4021 spiritu
2054 3950 2200 4006 Sauli
2228 3963 2354 4005 vera
2395 3950 2652 4020 praedicta
2693 3949 2822 4013 sint,
2863 3953 3044 4018 potest
3070 3956 3125 4002 et
3151 3946 3281 4002 illud
3317 3947 3417 4002 mi-

1831 4057 1950 4096 rum
1972 4042 2161 4105 videri,
2182 4041 2450 4112 quomodo
2467 4041 2740 4094 daemones
2777 4045 3112 4109 agnoverunt
3141 4036 3416 4093 Christum

1832 4131 2046 4205 (Matth.
2077 4149 2194 4198 Vill,
2220 4133 2335 4204 29),
2360 4147 2519 4202 quem
2540 4128 2709 4186 Judaei
2734 4145 2842 4185 non
2863 4131 3251 4201 agnoscebant.
3274 4130 3411 4188 Cum

1831 4227 1977 4282 enim
2017 4226 2131 4280 vult
2166 4227 2326 4289 Deus,
2365 4226 2529 4280 etiam
2577 4235 2675 4294 per
2716 4222 2744 4264 ἀ
2785 4223 3021 4290 infimos,
3068 4223 3418 4296 infernosqiie

1831 4315 2053 4387 spiritus
2080 4315 2312 4384 aliquem
2349 4329 2476 4368 vera
2515 4327 2876 4385 cognoscere,
2925 4311 3239 4385 temporalia
3281 4312 3416 4367 dun-

1832 4415 2002 4472 taxat,
2034 4415 2196 4476 atque
2226 4407 2293 4461 ad
2329 4405 2487 4461 istam
2533 4406 2920 4462 mortalitatem
2963 4406 3310 4477 pertinentia,
3336 4404 3417 4460 fa-

1832 4501 1932 4557 cile
1961 4509 2064 4567 est,
2099 4510 2154 4555 et
2205 4515 2312 4566 non
2342 4500 2725 4570 incongruum,
2755 4509 2816 4556 ut
2861 4499 3203 4569 omnipotens
3249 4499 3412 4564 Deus,

1753 4583 1808 4644 D
1833 4604 1894 4651 ut
1920 4607 1942 4634 ε
1969 4594 2166 4664 justus,
2195 4593 2263 4647 ad
2290 4607 2475 4648 eorum
2501 4607 2718 4663 poenam
2756 4592 2954 4663 quibus
2985 4591 3090 4646 ista
3116 4591 3415 4661 praedicun-

1833 4697 1944 4753 tur,
1972 4694 2035 4741 ut
2066 4685 2288 4753 malum,
2324 4685 2466 4755 quod
2491 4685 2572 4739 eis
2598 4683 2892 4754 impendet,
2920 4691 3211 4753 antequam
3232 4671 3416 4737 veniat

1828 4776 2213 4849 praanoscendo
2243 4775 2540 4846 patiantur,
2585 4773 2799 4829 occulto
2839 4781 3097 4842 apparatu
3127 4772 3416 4845 mysterio-

1829 4886 1951 4926 rum
1976 4885 2218 4936 suorum,
2251 4868 2417 4923 etiam
2461 4866 2741 4938 spiritibus
2780 4865 2979 4922 talibus
3025 4864 3228 4948 aliquid
3273 4864 3411 4919 divi-

1829 4960 2074 5036 nationis
2088 4959 2362 5029 impertiat
2388 4977 2400 5013 :
2437 4965 2496 5012 ut
2519 4957 2664 5028 quod
2683 4957 2908 5011 audiunt
2929 4955 2998 5011 ab
3015 4955 3254 5028 Angelis,
3276 4971 3412 5028 prae-

1831 5041 2083 5110 nuntient
2117 5053 2464 5108 hominibus:
2505 5037 2714 5106 tantum
2747 5057 2930 5105 autem
2969 5049 3211 5116 audiunt,
3241 5063 3412 5119 quan-

1833 5153 1946 5200 tum
1985 5145 2226 5200 omnium
2264 5143 2542 5211 Dominus,
2576 5149 2739 5213 atque
2775 5141 3086 5208 moderator
3112 5141 3198 5198 vel
3236 5139 3406 5214 iubet,

1832 5237 1917 5308 vel
1944 5236 2089 5292 sinit.
2132 5235 2286 5292 Unde
2327 5235 2491 5290 etiam
2522 5232 2746 5305 spiritus
2769 5231 3100 5304 pythonicus,
3131 5230 3269 5305 (Act.
3298 5248 3406 5297 xvr,

1836 5330 1924 5402 17)
1956 5330 2012 5384 in
2057 5327 2282 5384 Actibus
2326 5325 2710 5399 Apostolorum
2751 5332 3038 5380 attestatur
3081 5323 3247 5380 Paulo
3269 5322 3412 5394 Apo-

1710 5465 1737 5503 ι.
1835 5422 1997 5489 stolo,
2046 5430 2101 5476 et
2139 5418 2481 5491 Evangelista
2519 5432 2638 5472 esse
2671 5424 2918 5472 conatur.
2963 5415 3190 5472 Miscent
3235 5423 3411 5470 tamen

105 5186 306 5245 atque
333 5176 655 5234 inconcusso
680 5178 876 5234 decore
913 5177 1130 5232 virtutis
1156 5190 1286 5242 suae,
1317 5184 1370 5230 et
1411 5175 1627 5230 illorum
1651 5172 1733 5226 vi-

106 5270 220 5325 tiis
251 5285 364 5340 pro
409 5286 588 5328 rerum
630 5272 978 5344 praesentium
1005 5271 1091 5326 vel
1120 5284 1240 5335 usu,
1271 5269 1356 5324 vel
1405 5268 1732 5324 necessitate

102 5364 415 5420 tractatis.

199 5475 222 5507 ι
259 5455 611 5528 Quamquam
637 5458 693 5513 in
713 5458 816 5514 hoc
849 5456 993 5513 facto
1011 5461 1190 5526 potest
1211 5467 1331 5510 esse
1362 5452 1499 5507 alius
1525 5449 1706 5506 facilio

1907 5603 1934 5643 ἀ
1955 5604 2014 5657 in
2043 5603 2228 5656 codice
2254 5599 2514 5671 inﬁrmos,
2531 5615 2858 5671 summosque
2881 5612 2900 5671 ς
2928 5612 3026 5671 per
3045 5599 3416 5671 erroremuti-

1840 5689 1943 5745 que
1972 5667 2392 5745 repugnantibus
2430 5669 2574 5725 edito
2613 5667 2898 5741 Augustini
2930 5667 3082 5734 loco,
3127 5671 3185 5724 et
3228 5669 3415 5725 subse-

1837 5743 2142 5816 quentibus.

1918 5827 1940 5854 θ
1969 5813 2159 5871 Editus
2184 5833 2196 5867 :
2224 5823 2291 5868 et.

195 5629 222 5656 ιι
263 5612 394 5668 Lib.
425 5614 462 5669 2
511 5615 867 5685 αυεειίοηὶιῐη
910 5614 979 5670 ad
1018 5612 1416 5684 Sintplicianum
1447 5618 1638 5681 quaest.
1673 5587 1725 5675 εἰ,

91 5701 292 5745 num.
335 5686 388 5738 1.

192 5756 228 5797 δ
263 5755 468 5827 Editus
495 5775 509 5810 :
537 5773 601 5827 ea:
627 5755 803 5827 aliqua
839 5757 1069 5810 materie.

194 5837 225 5868 °
265 5826 508 5883 Editus:
540 5825 633 5881 illa
657 5825 921 5899 ﬁgmenta.
