3940 6340
641 367 744 424 631
1701 350 1977 408 CLAUDII
2019 349 2486 408 TAURINENSIS
2521 352 2828 410 EPISCOPI
3705 369 3766 428 ωε

638 479 731 535 isti
777 472 1042 538 fallacias,
1080 478 1136 526 et
1175 484 1363 526 verum
1399 469 1543 538 quod
1585 485 1745 524 nosse
1781 468 2079 540 potuerint,
2106 483 2213 523 non
2241 469 2294 530 Α
2318 478 2374 525 et
2395 469 2477 526 sui
2500 470 2698 526 milites
2711 470 2780 525 ad
2799 468 3150 525 revincendos
3171 483 3264 524 eos
3288 469 3678 541 discerent.Quod
3692 497 3767 541 rem

636 565 866 625 docendi
895 562 1090 634 magis,
1133 576 1296 631 quam
1331 560 1632 630 decipiendi
1659 560 1766 614 line
1809 560 2216 628 prmnuntiant:
2325 564 2620 634 sequitur:
2670 564 2807 617 sicut
2862 563 3112 632 scriptum
3173 570 3245 616 est
3298 563 3352 616 in
3400 562 3516 618 libro
3557 568 3767 640 juslorum;

636 671 692 718 et
717 660 858 716 forte
882 659 987 712 hoc
1016 663 1122 721 est,
1153 652 1297 724 quod
1319 668 1442 708 cum
1469 652 1560 707 illa
1586 652 1765 723 imago
1795 651 2064 706 Samuelis
2089 651 2224 705 Sau-
2325 653 2501 725 ipsum
2535 654 2730 710 librum
2757 653 2917 709 hodie
2945 668 3234 723 nusquam,
3263 669 3427 724 neque
3446 657 3566 725 apud
3588 659 3692 729 ipsos
3708 663 3768 719 He.

637 754 743 808 lem
771 749 1094 821 praediceret
1123 744 1466 810 moriturum,
1508 741 1561 815 (Ι
1589 742 1719 814 Reg.
1750 759 1942 808 xxvm,
1973 742 2060 814 19)
2090 742 2225 798 dixit
2325 747 2499 803 breos
2544 746 2775 801 inveniri
2821 761 2980 816 posse
3027 753 3356 811 asseverant,
3388 747 3512 802 sicut
3544 765 3622 805 nec
3650 752 3766 810 librum

638 847 804 902 etiam
829 858 1016 898 secum
1041 839 1304 906 futurum,
1339 840 1482 908 quod
1526 839 1710 908 utique
1741 838 1932 892 falsum
1958 847 2078 893 est:
2110 855 2217 892 ma-
2327 836 2579 891 bellorum
2606 837 2846 905 Domini,
2881 837 3035 908 cujus
3061 836 3228 909 (num.
3260 854 3368 904 xxi,
3405 839 3484 909 14)
3519 841 3566 894 in
3592 841 3691 898 libro
3707 846 3767 900 llu-

637 953 742 1008 gno
764 936 962 1006 quippe
985 931 1286 994 intervallo,
1320 939 1439 1000 post
1465 938 1695 984 mortem
1718 913 1970 999 separari
1995 930 2164 984 bonos
2193 945 2225 983 a
2325 945 2599 985 merorum
2636 931 2841 986 mentio
2885 939 2987 997 est,
3039 929 3159 1002 (III
3206 930 3331 1001 Reg.
3378 931 3461 998 52,
3495 942 3541 987 et
3565 933 3633 1007 55)
3665 954 3765 1009 neque

636 1026 795 1082 malis
822 1026 878 1078 in
914 1022 1202 1094 Evangelio
1229 1021 1478 1092 legimus,
1513 1019 1667 1092 (Luc.
1702 1036 1817 1085 xw,
1845 1019 1934 1088 26)
1965 1035 2088 1074 cum
2123 1019 2226 1074 Do-
2327 1023 2567 1078 carmina
2591 1021 2917 1092 Salomonis,
2948 1037 3124 1092 neque
3150 1022 3514 1092 disputationes
3531 1026 3764 1097 cjussapies

637 1119 818 1174 minus
845 1117 989 1171 inter
1017 1115 1308 1186 superbum
1336 1113 1490 1168 illum
1532 1111 1774 1178 divitem,
1803 1128 1926 1167 cum
1947 1112 2062 1183 jam
2086 1113 2227 1182 apud
2328 1113 2567 1168 tissimas
2593 1114 2657 1168 de
2687 1114 2958 1182 lignorum
2988 1123 3206 1179 natura,
3237 1115 3590 1185 herbarumque
3604 1121 3762 1184 omnium,

636 1210 842 1266 inferos
882 1216 1152 1265 tormenta
1181 1215 1479 1279 pateretur,
1536 1213 1592 1262 et
1637 1206 1810 1273 illum,
1859 1206 1951 1276 qui
1995 1205 2064 1260 ad
2110 1205 2226 1274 ejus
2329 1204 2566 1274 itemque
2608 1205 3002 1275 jumentorum,
3056 1205 3352 1271 volucrum,
3397 1207 3634 1276 reptilium,
3663 1215 3764 1280 upi-

630 1303 860 1372 januam
881 1303 1156 1359 ulcerosus
1176 1300 1416 1371 jacebat,
1431 1298 1544 1368 jam
1566 1299 1620 1353 in
1646 1299 1833 1368 requie
1854 1299 2224 1364 constitutum,
2327 1297 2522 1362 scium,
2543 1297 2625 1352 vel
2653 1300 2796 1367 quod
2834 1298 2889 1353 in
2919 1299 3061 1354 libro
3098 1301 3305 1354 dierum
3335 1301 3513 1354 dicitur
3538 1319 3548 1354 :
3575 1302 3638 1372 (II
3659 1302 3761 1356 Pani.

637 1411 896 1468 magnum
941 1394 1106 1450 chaos
1162 1391 1507 1460 interjectum
1554 1406 1676 1445 esse
1724 1398 1992 1446 testatur:
2043 1398 2135 1444 aut
2182 1389 2228 1444 si
2329 1404 2406 1453 ιι,
2445 1387 2536 1458 29)
2587 1387 2787 1459 reliqua
2839 1406 2956 1444 vero
2997 1407 3156 1459 opera
3205 1388 3505 1456 Salomonis,
3545 1393 3762 1459 priorumcl

634 1495 922 1556 propterea
970 1483 1187 1540 Samuel
1219 1482 1370 1538 Sauli
1410 1481 1584 1536 dixit:
1614 1499 1810 1536 mecum
1851 1482 1974 1549 eris,
2023 1490 2084 1536 ut
2120 1496 2228 1536 non
2330 1478 2727 1532 nouissimorum
2746 1479 2942 1550 scripta
2963 1489 3088 1533 sunt
3110 1478 3165 1532 in
3187 1479 3348 1532 verbis
3370 1478 3559 1532 Nathan
3578 1480 3758 1549 Pmplwlir.

637 1579 705 1634 ad
727 1578 1089 1649 aequalitatem
1120 1576 1414 1641 felicitatis,
1464 1575 1559 1630 sed
1600 1576 1666 1630 ad
1713 1589 1903 1645 parem
1950 1575 2222 1630 conditio-
2329 1577 2386 1623 et
2413 1568 2648 1624 inlibris
2672 1569 2826 1625 Abite
2877 1569 3130 1626 Silonitis
3157 1589 3169 1624 :
3201 1571 3257 1624 in
3296 1572 3479 1626 uisione
3513 1590 3663 1643 quoque
3681 1575 3760 1625 illo

637 1685 763 1727 nem
787 1669 980 1725 mortis
1002 1668 1292 1734 referatur,
1324 1668 1466 1737 quod
1501 1675 1734 1744 uterque
1762 1667 1926 1721 homo
1960 1666 2142 1732 fuerit,
2175 1673 2232 1720 et
2271 1723 2278 1728 ,
2331 1661 2549 1716 videntis
2579 1671 2761 1716 contra
2794 1661 3082 1716 Jeroboam
3109 1662 3281 1732 ﬁlium
3313 1661 3495 1728 Nabal,
3515 1671 3562 1717 et
3583 1663 3747 1718 mululm

635 1768 867 1830 uterque
889 1759 1029 1816 mori
1057 1760 1315 1830 potuerit,
1338 1758 1559 1828 jamque
1586 1765 1832 1812 mortuus
1852 1765 2084 1813 mortem
2107 1756 2230 1811 vivo
2327 1751 2564 1822 jusmodi
2594 1753 2886 1819 volumina,
2914 1769 3036 1823 qua:
3066 1754 3343 1825 Scriptura
3369 1755 3558 1825 quidem
3572 1755 3758 1824 fuissepm

633 1849 1034 1920 praenuntiabat
1058 1867 1072 1917 ;
1101 1849 1383 1920 perspicit,
1411 1858 1672 1919 quantum
1703 1848 1916 1918 opinor,
1940 1847 2230 1917 prudentia
2257 1834 2306 1892 B
2333 1848 2446 1912 bat,
2474 1848 2570 1901 sed
2603 1848 2763 1902 hodie
2788 1855 3005 1902 constat
3034 1864 3147 1903 non
3190 1863 3328 1903 esse.
3362 1849 3555 1903 Vastata
3586 1861 3756 1916 namquea

635 1951 746 2009 tua,
785 1941 1082 2000 secundum
1130 1950 1420 2010 utrumque
1467 1939 1821 2004 intellectum,
1869 1938 2070 1993 habere
2117 1938 2230 1993 exi—
2331 1937 2582 1994 Chaldeis
2625 1937 2826 2004 Judaaa,
2870 1940 3036 1994 etiam
3087 1939 3404 1995 bibliotheca
3452 1940 3674 2009 antiquitus
3692 1955 3756 1993 con-

634 2043 752 2089 tum
787 2048 813 2076 τι
835 2035 950 2105 jam
976 2031 1284 2097 lectionem,
1317 2032 1410 2100 qui
1449 2045 1556 2084 non
1582 2031 1654 2085 sit
1682 2037 1871 2084 contra
1903 2028 2095 2082 tidem:
2125 2027 2231 2084 nisi
2330 2039 2574 2102 gregata,
2608 2031 2750 2086 inter
2777 2031 2912 2086 alias
2949 2032 3247 2102 provincia}
3273 2047 3397 2102 opes
3420 2032 3570 2088 hostili
3594 2033 3756 2102 ignem-

634 2125 777 2182 forte
800 2123 1174 2196 profundiore,
1206 2131 1260 2178 et
1309 2121 1652 2192 perplexiore
1699 2119 2072 2189 inquisitione,
2103 2135 2226 2190 quae
2331 2133 2548 2194 sumpta
2569 2132 2670 2188 est,
2701 2139 2769 2178 ex
2795 2139 2900 2194 qua
2943 2125 3129 2196 pauci,
3161 2127 3251 2195 qui
3296 2143 3430 2182 nunc
3456 2126 3503 2180 in
3523 2135 3656 2180 sancta
3678 2123 3754 2176 Scri-

633 2217 721 2274 vel
754 2217 955 2272 virium
987 2231 1250 2281 mearum,
1279 2215 1364 2269 vel
1392 2215 1651 2284 temporis
1679 2213 1894 2268 excedit
1931 2214 2228 2285 angustias,
2330 2221 2491 2284 plura
2521 2216 2874 2272 continentur
2899 2215 3046 2283 libri,
3078 2219 3413 2288 postmodum
3435 2217 3560 2272 Eme
3575 2215 3752 2272 Ponlilit'is.

634 2310 946 2366 inveniatur
972 2310 1040 2364 ad
1071 2307 1356 2379 liquidum,
1376 2307 1463 2362 vel
1482 2321 1660 2377 posse,
1685 2306 1771 2360 vel
1798 2321 1904 2360 non
1933 2321 2092 2376 posse
2115 2307 2233 2360 ani-
2332 2314 2388 2362 et
2418 2306 2702 2378 Prophetas
2733 2316 2860 2364 sunt
2908 2309 3180 2366 industria
3228 2311 3526 2367 restaurati:
3565 2309 3661 2364 unde
3683 2309 3752 2361 scri-

634 2419 782 2458 mam
806 2403 1117 2469 humanam,
1156 2417 1282 2458 cum
1307 2417 1374 2458 ex
1405 2403 1508 2457 hac
1533 2401 1642 2456 vita
1685 2400 2018 2472 migraverit,
2061 2399 2232 2471 magi-
2331 2407 2484 2469 ptum
2513 2408 2595 2454 est
2645 2401 2714 2456 de
2761 2415 2863 2457 eo:
2910 2401 3068 2473 (Esd.
3106 2420 3148 2470 ι,
3177 2405 3231 2470 7,
3261 2404 3312 2476 6)
3359 2404 3564 2458 Ascendit
3599 2400 3749 2454 Ezmlc

633 2497 714 2552 cis
740 2496 1068 2553 carminibus
1112 2503 1392 2552 evocatam
1437 2497 1490 2562 b,
1532 2496 1778 2552 vivorum
1805 2511 2071 2566 apparere
2100 2510 2230 2550 con-
2332 2488 2625 2559 Babylone,
2662 2499 2712 2545 et
2754 2491 2862 2562 ipse
2899 2494 3075 2548 scriba
3110 2495 3258 2550 velox
3289 2495 3340 2548 in
3376 2494 3472 2565 lege
3503 2490 3746 2561 Mogiin'dm

633 2586 931 2658 spectibus,
961 2587 1123 2643 etiam
1151 2587 1396 2658 corporis
1430 2587 1760 2642 lineamenta
1811 2594 2137 2658 gestantem,
2169 2593 2232 2640 ut
2331 2582 2604 2650 videlicet,
2624 2585 2768 2654 quod
2795 2587 3159 2656 promptiores
3181 2587 3466 2642 litterarum
3485 2585 3746 2655 figurasqum

630 2690 739 2732 non
763 2675 938 2731 solum
962 2676 1132 2732 videri
1172 2677 1368 2742 valeat,
1401 2677 1497 2731 sed
1540 2677 1782 2748 agnosci.
1815 2677 1882 2731 Et
1925 2677 1970 2730 si
2001 2683 2222 2747 potest;
2333 2681 2560 2731 eatenus
2586 2675 2797 2732 Hebmi
2816 2677 3116 2746 habebant,
3140 2681 3353 2751 reperit,
3375 2686 3422 2734 et
3441 2679 3486 2734 in
3507 2672 3747 2748 epistolaregis

628 2775 813 2822 utrum
836 2768 1003 2822 etiam
1025 2768 1157 2838 justi
1189 2768 1389 2833 anima,
1418 2784 1527 2822 non
1549 2769 1767 2838 quidem
1808 2781 2032 2840 cogatur
2058 2769 2229 2839 magi-
2333 2762 2626 2821 Persarum
2656 2765 2822 2840 (Ibid.
2852 2786 2899 2823 υ.
2930 2770 3022 2842 12)
3053 2770 3354 2826 Artaxerses
3383 2769 3482 2824 Rea;
3518 2783 3644 2837 regum
3669 2763 3746 2816 iler

631 2857 734 2921 cis,
781 2867 804 2896 ο
855 2857 951 2912 sed
1003 2857 1253 2927 dignetur
1296 2859 1509 2913 ostendi
1557 2858 1940 2913 occultioribus
1988 2859 2230 2929 imperiis
2333 2853 2608 2911 Sacerdoti
2629 2859 2812 2914 scriba:
2837 2859 2964 2931 legis
2991 2861 3094 2916 Dei
3125 2863 3238 2916 coeli
3275 2861 3554 2924 doctissimo,
3570 2856 3742 2912 salutent

633 2961 864 3001 summas
907 2946 1041 3018 legis
1088 2947 1512 3016 obtemperans;
1560 2957 1621 3002 ut
1662 2947 1708 3002 si
1760 2945 1877 3002 fieri
1914 2962 2021 3003 non
2070 2961 2230 3018 posse
2403 2946 2494 3020 (II
2519 2947 2648 3019 Reg.
2683 2965 2722 3015 ι,
2755 2950 2869 3021 21.)
2910 2951 3118 3008 Montes
3162 2952 3365 3019 Gelboe,
3405 2969 3482 3006 nec
3515 2967 3594 3012 ros,
3619 2943 3745 3010 mpli-

630 3037 912 3104 claruerit,
959 3053 1068 3094 non
1114 3045 1342 3108 uterque
1389 3053 1580 3094 sensus
1621 3037 1675 3093 in
1723 3036 1881 3106 hujus
1933 3036 2227 3107 Scriptura:
2331 3038 2414 3091 via
2451 3040 2623 3093 veniat
2663 3057 2820 3111 super
2858 3059 2944 3097 vos
2977 3058 2997 3096 :
3042 3062 3205 3116 neque
3248 3046 3348 3099 sint
3393 3045 3490 3115 agri
3516 3040 3744 3112 primitianm.

629 3130 982 3186 tractatione;
1008 3139 1171 3200 atque
1217 3129 1556 3200 expositione
1600 3129 1938 3195 admittatur,
1980 3130 2072 3184 sed
2136 3129 2226 3185 illo
2261 3196 2296 3207 η
2332 3130 2456 3200 quia
2496 3131 2566 3186 ibi
2611 3132 2844 3202 abjeclus
2872 3143 2948 3189 est
2995 3135 3207 3207 clypeus
3247 3137 3465 3207 fortium,
3491 3122 3744 3203 clgpmSaul,

628 3223 872 3288 excluso,
925 3221 1244 3292 imaginaria
1299 3221 1577 3276 simulatio
1630 3220 1901 3276 Samuelis
1956 3221 2224 3277 diabolico
2253 3196 2299 3258 (ἶ
2329 3225 2483 3294 quasi
2510 3241 2613 3280 non
2650 3196 2781 3281 esset
2823 3238 3012 3284 unctus
3047 3196 3188 3285 oleo.
3225 3196 3358 3285 Sciri
3399 3196 3745 3293 debet,'quiaven-

634 3313 746 3366 ritu
779 3312 925 3368 facta
967 3311 1315 3382 intelligatur.
1365 3310 1471 3366 Sed
1497 3312 1772 3380 quoniam,
1804 3312 1917 3366 sive
1947 3312 2076 3366 illud
2107 3311 2225 3367 fieri
2329 3315 2468 3368 citer
2499 3314 2648 3382 Saul,
2680 3318 2771 3386 qui
2801 3327 2923 3388 post
2964 3321 3278 3376 unctionem
3323 3318 3476 3375 sancti
3499 3309 3741 3370 chrismatis:

631 3403 824 3471 possit,
875 3402 990 3456 sive
1022 3417 1128 3456 non
1154 3402 1349 3471 possit,
1386 3409 1567 3456 tamen
1612 3401 1826 3458 fallacia
1863 3402 2080 3457 Satanae
2139 3412 2224 3458 at-
2327 3421 2437 3474 quo
2462 3417 2515 3460 et
2553 3405 2791 3462 Christus
2817 3409 3038 3464 Domini
3063 3421 3284 3467 vocatus
3319 3419 3412 3477 est,
3443 3409 3499 3463 ab
3526 3403 3741 3461 hostilium-

631 3507 738 3562 que
768 3490 1063 3561 imaginum
1083 3491 1531 3557 simulandarum,
1563 3493 1761 3548 callida
1798 3495 2042 3564 operatio
2078 3497 2224 3550 deci-
2328 3496 2433 3552 cidi
2473 3500 2696 3565 meruit,
2731 3509 2965 3555 mortem
2998 3503 3116 3557 veri
3160 3501 3535 3570 Christi,'quam
3568 3495 3646 3548 sine
3663 3487 3740 3551 culi1

629 3581 843 3654 piendis
876 3581 1129 3637 humanis
1155 3581 1402 3636 sensibus
1445 3582 1790 3638 multiformis
1834 3584 2101 3656 invigilat,
2133 3601 2227 3655 pe—
2329 3589 2514 3643 subire
2537 3590 2785 3660 dignatus
2807 3601 2913 3657 est,
2942 3593 3205 3649 insinuat.
3233 3593 3424 3648 Montes
3441 3601 3605 3661 quoque
3619 3580 3738 3636 Gelbvr‘.

633 3676 895 3732 detentim
924 3675 1162 3746 quidem,
1200 3690 1270 3729 ne
1308 3675 1751 3745 inquisitionibus
1793 3675 2227 3746 diligentioribus
2332 3679 2386 3734 in
2416 3679 2612 3748 quibus
2638 3681 2867 3749 interiit,
2896 3686 3162 3755 superbos
3190 3684 3412 3741 Iudaicae
3447 3678 3582 3752 plebis
3601 3681 3736 3728 conatus.

629 3765 1065 3836 praescribamus,
1116 3765 1212 3820 sed
1246 3773 1428 3820 tamen
1470 3766 1652 3835 potius
1697 3767 2072 3824 existimemus
2118 3769 2224 3825 tale
2329 3770 2521 3838 quibus
2547 3781 2735 3826 contra
2769 3773 3037 3831 victorem
3066 3778 3192 3833 vita:
3235 3775 3547 3835 rebellabant,
3568 3765 3737 3821 insinua“-

629 3857 834 3928 aliquid
859 3856 1068 3913 factum
1094 3857 1334 3928 maligno
1365 3857 1560 3928 spiritu
1589 3859 1919 3929 pythonissae
1954 3859 2098 3915 illius
2120 3861 2224 3914 mi-
2332 3862 2486 3918 Unde
2536 3865 2674 3920 bene
2724 3864 2927 3922 Gclboe
2977 3869 3246 3937 volutatio,
3297 3869 3400 3924 sive
3441 3865 3628 3918 decursu
3655 3854 3739 3905 inter-

629 3951 880 4016 nisterio,
913 3949 1172 4019 quamdiu
1202 3950 1360 4005 nobis
1400 3949 1606 4020 aliquid
1647 3951 1880 4021 amplius
1915 3952 2227 4022 excogitare
2329 3963 2613 4026 pretatur:
2664 3957 3051 4016 volutabantur
3095 3963 3236 4016 enim
3286 3961 3336 4014 in
3378 3957 3513 4013 sorde
3534 3951 3737 4022 peccatorum

631 4048 795 4110 atque
825 4039 1098 4112 explicare
1135 4057 1244 4096 non
1273 4040 1450 4096 datur.
2322 4045 2478 4116 juxta
2516 4047 2647 4102 illud
2676 4050 3120 4119 proverbiorum:
3157 4066 3179 4093 ε
3206 4063 3252 4108 et
3294 4069 3378 4106 sus
3404 4049 3495 4103 lota
3517 4046 3557 4099 in
3590 4031 3735 4094 solum

703 4131 840 4204 (51.)
875 4150 894 4183 ί
917 4131 1087 4203 igitur
1120 4142 1310 4188 exorto
1345 4133 1533 4204 proelio
1554 4146 1939 4205 percusserunt
1963 4137 2226 4193 Philistaei

2177 4138 2226 4192 εί
2329 4137 2660 4210 ίαίίὶθιιίιιθ
2709 4155 2741 4194 a
2771 4141 3099 4200 rectitudine
3144 4145 3243 4198 via:
3273 4139 3496 4199 salutaris
3532 4131 3733 4188 abemnlﬁs

629 4223 800 4279 Israel
845 4222 1005 4294 plaga
1033 4239 1267 4295 magna:
1301 4233 1356 4279 et
1390 4233 1636 4281 mortuus
1661 4234 1746 4281 est
1793 4225 1944 4291 Sani,
1984 4236 2037 4282 et
2065 4226 2227 4282 Jona-
2321 4230 2437 4301 jam
2457 4229 2680 4302 jamque
2704 4234 2772 4288 ad
2803 4233 3083 4304 inferiora,
3116 4237 3218 4292 hoc
3249 4247 3329 4292 est
3365 4231 3501 4301 hujus
3520 4221 3645 4282 seculi
3661 4213 3731 4269 «ﬁt

637 4315 774 4370 than
798 4312 944 4370 illius
966 4314 1103 4386 ejus.
1129 4333 1149 4368 ι
1178 4312 1264 4387 (ΙΙ
1296 4313 1424 4387 Reg.
1451 4333 1491 4382 ι,
1522 4317 1576 4387 2)
1608 4317 1856 4373 Evadens
1883 4329 2066 4374 autem
2106 4321 2227 4391 qui-
2329 4323 2478 4380 deria
2504 4322 2648 4379 fteda
2675 4325 3059 4395 decurrebant,
3103 4330 3174 4383 ob
3201 4342 3417 4398 quorum
3440 4316 3672 4379 desiderium
3696 4318 3735 4356 τε-
3800 4321 3801 4324 ‘

634 4407 760 4464 dam
783 4407 936 4464 venit
967 4408 1035 4462 ad
1066 4407 1235 4462 David
1266 4406 1322 4462 in
1368 4407 1640 4475 Sicelech,
1669 4418 1723 4465 et
1751 4412 2021 4466 nuntiavit
2058 4412 2226 4466 David
2327 4431 2450 4488 gem
2492 4417 2613 4474 caeli
2652 4427 2708 4473 et
2738 4428 2896 4475 terra:
2934 4421 2989 4474 in
3018 4433 3246 4477 mortem
3289 4419 3478 4475 tradere
3513 4426 3592 4468 non
3622 4400 3733 4488 dub“?

630 4498 844 4570 Plagam
868 4514 1140 4569 magnam,
1167 4513 1289 4570 quae
1318 4499 1463 4554 facta
1501 4508 1585 4556 est
1626 4501 1678 4555 in
1718 4503 1915 4573 populo
1942 4521 1953 4556 :
1988 4502 2140 4574 (vers.
2170 4503 2224 4574 6)
2253 4558 2304 4581 ῃ
2331 4486 2481 4573 bant,
2515 4517 2736 4579 propter
2761 4511 2906 4579 quod
2934 4512 3015 4567 eis
3045 4514 3240 4568 merito
3267 4517 3479 4581 optatur,
3515 4518 3567 4558 ne
3587 4486 3731 4580 rorem
3797 4519 3799 4567 Α

589 4641 602 4652 ,
628 4587 856 4660 insuper
882 4589 1046 4644 etiam
1069 4589 1376 4644 mentiendo
1396 4589 1616 4654 addidit,
1644 4591 1786 4660 quod
1813 4591 1901 4647 ille
1927 4594 2228 4662 percussis—
2251 4581 2305 4618 υ
2332 4600 2489 4668 coelo,
2531 4601 2834 4671 pluviamve
2873 4606 3190 4676 suscipiant,
3230 4603 3364 4675 quod
3395 4598 3526 4656 hodie
3551 4581 3731 4676 rebus)?”

633 4690 716 4738 set
757 4680 889 4738 Saul
918 4691 974 4738 et
1027 4681 1195 4737 lilium
1234 4681 1370 4751 ejus.
1423 4681 1578 4754 (vers.
1613 4682 1700 4753 15)
1732 4683 1802 4737 At
1847 4683 2015 4740 David
2061 4686 2223 4742 Chri-
2331 4693 2574 4749 videmus
2601 4694 2870 4765 expletum
2898 4696 2952 4750 in
2991 4671 3090 4763 eis,
3120 4671 3262 4768 quod
3308 4694 3415 4748 illos
3454 4683 3586 4760 gratia
3607 4671 3730 4799 calt-‘1:
3795 4691 3797 4805 )

633 4783 775 4805 ειη...
825 4774 1034 4805 ηηηηςης
1075 4773 1353 4805 manu“...
1400 4772 1556 4805 ξηροςι
1585 4790 1705 4805 ...πη
1749 4774 1995 4805 “Mum...
2021 4794 2033 4805 .
2068 4775 2202 4805 1..-..-
2338 4783 2587 4805 3---..-“
2632 4785 2692 4805 ,Α
2743 4786 2947 4805 -ιΑιηη,
3118 4789 3151 4805 ,υ
3179 4804 3182 4805 ,
3215 4802 3241 4805 Α
3293 4780 3512 4805 .----ι..ι..
3550 4775 3633 4805 οςιο
3663 4767 3714 4805 aut

632 4783 777 4830 stum
823 4774 1037 4831 Domini
1075 4773 1357 4828 vindicans
1395 4772 1560 4842 jussit
1584 4790 1707 4830 eum
1748 4774 2034 4830 occidere:
2067 4775 2221 4847 (vers.
2331 4783 2590 4838 deserens
2629 4749 2696 4839 ad
2743 4786 2954 4856 plebem
3008 4749 3248 4859 gentium
3293 4749 3514 4840 translata
3549 4775 3633 4826 est;
3663 4749 3730 4824 illi)"1

631 4881 732 4930 xu,
763 4864 852 4935 17)
901 4866 1108 4936 planxit
1146 4864 1317 4920 David
1361 4863 1733 4934 hujuscemodi
1779 4880 1942 4937 super
1991 4867 2142 4933 Saul,
2175 4879 2222 4924 et
2340 4873 2503 4927 etiam
2532 4873 2700 4930 Isaias
2729 4876 2830 4931 sub
2861 4856 3036 4948 figura
3056 4878 3226 4933 vinea:
3256 4874 3472 4929 futurum
3507 4861 3588 4919 illis
3609 4866 3650 4908 οι

640 4972 796 5024 super
830 4955 1100 5011 Jonathan
1135 4953 1308 5026 ﬁlium
1337 4956 1471 5026 ejus.
1503 4954 1656 5029 (vers.
1687 4956 1774 5030 18)
1796 4977 1815 5010 ι
1849 4957 1919 5012 Et
1956 4961 2223 5030 pra'cepit,
2333 4979 2465 5018 sona
2496 4963 2709 5020 Domini
2739 4939 3098 5024 comminatus
3144 4977 3244 5034 est,
3275 4967 3473 5022 dicens:
3507 4939 3728 5034 (Ιωιτι

644 5056 699 5099 ut
723 5046 965 5102 docerent
992 5047 1132 5118 ﬁlios
1171 5048 1316 5103 Iuda
1367 5066 1573 5116 arcum,
1617 5019 1767 5106 sicut,
1791 5053 2041 5123 scriptum
2066 5019 2141 5107 est
2173 5054 2227 5106 in
2335 5057 2556 5111 nubibus
2578 5060 2862 5124 mandabo,
2887 5078 2950 5115 ne
2965 5061 3149 5132 pluunt
3173 5019 3322 5132 super
3343 5071 3444 5113 eam
3465 5047 3633 5132 imbrem:

638 5135 774 5190 libro
785 5136 1073 5205 justorum.
1117 5138 1232 5196 Hoc
1277 5139 1398 5196 ideo
1447 5139 1596 5208 fecit,
1627 5151 1688 5197 ut
1711 5144 1836 5213 quia
1864 5144 1892 5184 ἀ
1922 5144 2228 5202 Philistaeos
2333 5156 2421 5204 est
2445 5159 2632 5220 aperte
2660 5151 2843 5207 dicere
2882 5171 2894 5206 :
2935 5128 3204 5224 Apostolis
3235 5128 3387 5221 atque
3412 5128 3726 5224 Apostolicisllil’

642 5230 944 5301 sagittariis
977 5233 1252 5290 abundare
1277 5232 1390 5302 jam
1419 5244 1668 5302 noverat,
1699 5237 1841 5292 unde
1869 5245 1924 5292 et
1959 5237 2088 5293 Saul
2114 5254 2228 5293 ma—
2331 5245 2582 5300 omnibus
2620 5247 2910 5313 mandabo,
2953 5220 3023 5305 ne
3053 5249 3159 5305 illis
3183 5220 3322 5302 ultra
3349 5240 3532 5296 verbum
3555 5225 3634 5277 νίιίε

635 5323 780 5378 xime
804 5323 998 5377 horum
1022 5323 1218 5380 ictibus
1238 5326 1493 5395 perierat,
1523 5329 1768 5385 eamdem
1789 5328 2024 5386 bellandi
2049 5338 2224 5386 artem
2331 5337 2530 5406 dicem,
2561 5337 2656 5394 sed
2683 5309 2999 5412 ετιιίεειίδηθ
3024 5342 3172 5397 verbi
3218 5332 3448 5394 ρωιρδιίς,
3474 5317 3617 5395 quoda
3633 5317 3668 5360 βε
3687 5309 3723 5346 ri”

707 5515 734 5580 ῗ
965 5519 1104 5580 ειξηιν
1127 5518 1220 5558 se“
1249 5505 1416 5560 ίίίαή·
2333 5523 2588 5579 Rabanus
2613 5521 2664 5577 in
2697 5521 2874 5578 locum
2900 5522 3064 5578 hunc.
3539 5567 3548 5580 .
3571 5552 3719 5580 _--:..m.

706 5559 1226 5659 biiditiz‘oivorum.
1323 5648 1333 5658 ι
1384 5559 1388 5560 ν

2333 5559 3127 5659 ‘"e"ii'i'>2if'iif”§é'.'63355:
3169 5587 3302 5644 enim
3341 5581 3412 5659 ei_s
3447 5559 3715 5659 ίηυίζνςξξῖἶξζ

707 5655 732 5732 Ϊ
757 5643 1132 5732 ὲᾴῴιῃὲἒῴιί
1155 5659 1170 5698 ³
1197 5648 1378 5732 δᾳενίξῖ
1492 5720 1524 5732 ..
2142 5729 2153 5732 _
2331 5631 2503 5721 verbii
2567 5631 2736 5719 Ean-5.3,
3276 5653 3504 5711 comitum:
3531 5643 3567 5693 εί
3590 5639 3645 5683 ⁸⁸³
3666 5631 3717 5664 ψ

701 5715 740 5798 εἰ,
761 5714 892 5798 Quae
919 5714 1320 5798 stibsequuntur
1347 5718 1557 5775 lineolis
1601 5737 1698 5798 pro
1724 5739 1874 5798 more
1910 5735 2092 5782 notata
2123 5729 2218 5783 do-
2333 5714 2816 5792 iii-ib'lutabroluli.

636 5787 749 5843 cuit
775 5783 919 5842 Beda
949 5783 1162 5860 [quaesL
1195 5787 1266 5858 7],
1301 5806 1462 5858 quem
1493 5783 1730 5848 consitio.
1765 5795 1886 5850 Haec
1915 5798 2024 5866 ipsa
2059 5800 2221 5854 habet
