3940 6340
172 374 285 432 689

889 368 1350 438 ΟῸᾸΞΒΤΙΟΝΕΞ
1391 367 1539 424 XXX
1576 367 1776 424 SIIPEI

1888 367 2086 424 IBROS
2127 367 2386 424 REGUM.
2421 399 2490 408 —
2521 366 2723 423 LIBER
2759 368 2823 423 II.

3341 369 3446 426 690

172 489 453 566 pulerunt,
483 482 732 554 indignos
758 483 813 538 in
836 498 932 537 sua
975 484 1260 539 sterilitate
1304 497 1522 547 vacuos,
1553 497 1616 536 ac
1638 497 1763 552 per—
1789 484 1842 544 Α
1865 481 2128 536 bonorum
2157 483 2297 536 mala
2336 482 2612 538 hominum
2638 489 2789 553 gesta
2817 482 3168 552 accipiantur.
3207 483 3449 554 Denique

171 589 344 653 petuo
371 577 483 648 igni
527 574 920 629 comburendos
961 574 1285 644 relinquant.
1322 588 1345 615 α
1377 595 1393 625 ‹
1441 576 1516 630 De
1545 575 1758 644 quibus,

171 682 231 729 et
251 673 390 727 bene
412 669 612 724 dicitur
631 682 644 720 :
672 677 726 720 ut
749 669 862 738 agri
881 669 1230 738 primitiarmn
1255 683 1374 723 esse
1396 685 1500 722 non
1523 667 1758 738 possint:

171 761 412 836 superbe
460 761 657 833 quippe
681 758 1028 814 Hebraeorum
1076 768 1285 814 mentes
1317 760 1618 830 primitivos
1652 758 1766 813 fru-

171 865 300 910 ctus
327 868 436 909 non
474 850 696 916 ferunt;
739 851 866 920 quia
911 851 968 904 in
1007 851 1382 921 Redemptoris
1415 849 1647 905 adventu
1697 865 1764 904 ex

171 951 334 1015 parte
385 942 620 1004 maxima
668 941 724 994 in
778 941 1002 1010 perﬁdia
1053 950 1415 1009 remanentes,
1466 941 1764 1012 primordia

175 1036 309 1092 ﬁdei
355 1035 507 1104 sequi
551 1033 876 1088 noluerunt:
924 1041 1110 1089 sancta
1148 1049 1380 1104 namque
1425 1032 1667 1088 Ecclesia
1709 1032 1766 1088 in

171 1125 435 1197 primitiis
483 1123 594 1178 suis
634 1123 975 1178 multitudine
1010 1125 1248 1196 gentium
1300 1123 1586 1179 fecundata
1615 1164 1629 1189 ,
1673 1121 1768 1176 vix

175 1217 232 1271 in
273 1216 380 1270 ﬁne
409 1215 616 1280 mundi,
644 1214 880 1281 Judteos,
918 1231 1052 1286 quos
1080 1217 1367 1282 invenerit,
1408 1215 1685 1285 suscipiet,
1713 1221 1769 1269 et

172 1316 422 1363 extrema
447 1307 718 1379 colligens,
753 1322 846 1362 eos
874 1309 1030 1378 quasi
1055 1307 1315 1379 reliquias
1344 1307 1559 1380 frugum
1579 1313 1764 1377 ponet.

173 1401 256 1456 De
283 1401 481 1470 quibus
500 1400 756 1454 nimirum
779 1400 1022 1470 reliquiis
1044 1401 1212 1456 Isaias
1233 1402 1362 1457 dicit
1389 1419 1402 1455 :
1436 1400 1570 1472 (Isa.
1596 1419 1651 1467 x,
1675 1400 1766 1466 22,

178 1489 342 1544 Rom.
376 1505 452 1554 lx,
474 1488 565 1559 27)
615 1488 674 1543 Si
701 1489 859 1559 fuerit
883 1507 1128 1545 numerus
1146 1491 1377 1560 ﬁliorum
1400 1489 1591 1558 Israel,
1617 1489 1771 1561 quasi

177 1599 346 1636 arena
390 1581 575 1646 maris,
609 1579 843 1641 reliquid:
871 1581 1030 1637 salva:
1058 1583 1202 1651 ﬁent.
1253 1583 1486 1638 Possunt
1514 1583 1661 1638 enim
1691 1581 1772 1637 id-

178 1671 333 1726 circo
363 1669 563 1726 Gelboe
592 1680 804 1726 montes
826 1687 921 1727 ore
955 1671 1235 1743 Propheta:
1261 1673 1532 1740 maledici,
1562 1681 1622 1728 ut
1643 1673 1773 1729 dum

176 1763 394 1818 fructus
439 1779 506 1818 ex
545 1771 827 1820 arescente
877 1775 1022 1820 terra
1053 1780 1161 1820 non
1188 1766 1380 1831 oritur,
1429 1780 1773 1836 possessores

1867 571 2050 628 Uriam
2082 575 2449 631 ﬁdelissimum
2479 575 2647 630 David
2696 575 2840 646 regis
2867 576 3093 632 militem
3118 577 3184 631 ad
3208 577 3451 647 piissima

1868 675 2030 736 atque
2062 668 2504 724 innocentissima
2537 667 2652 737 ejus
2683 682 2868 738 opera,
2903 668 2989 723 vel
3032 669 3175 724 dicta
3208 670 3263 724 in
3307 670 3453 727 mala

1867 755 2283 827 signiﬁcatione,
2313 768 2368 814 et
2390 766 2579 814 contra
2610 760 2785 830 ipsum
2813 758 2983 814 David
3014 761 3068 814 in
3092 759 3328 813 maximo
3353 774 3453 816 suo

1867 847 2074 902 scelere
2098 847 2150 901 in
2175 849 2313 903 bona
2337 850 2706 920 accipiendum
2725 850 3182 920 interpretantur:
3214 850 3454 922 alioquin

1867 936 1915 991 si
1942 953 2049 992 non
2088 945 2144 993 et
2169 953 2267 1008 per
2296 940 2437 993 mala
2469 941 2686 1006 bonum,
2719 949 2775 996 et
2800 941 3000 995 malum
3031 940 3328 1012 signiﬁcari
3356 956 3456 1012 per

1867 1030 2010 1083 bona
2056 1036 2262 1100 posset,
2305 1047 2582 1100 nunquam
2612 1032 2800 1086 liceret
2843 1032 2998 1102 nigro
3027 1038 3330 1085 atramento
3356 1045 3457 1084 no-

1869 1138 1992 1178 men
2023 1123 2138 1189 Dei,
2171 1123 2265 1178 sed
2291 1137 2503 1194 semper
2528 1123 2706 1180 lucido
2733 1138 2865 1178 auro
2893 1123 3090 1178 debere
3119 1123 3304 1186 scribi,
3328 1122 3457 1192 quia

1870 1215 2012 1270 Deus
2039 1215 2131 1269 lux
2180 1223 2287 1281 est,
2319 1225 2375 1272 et
2403 1217 2638 1270 tenebrze
2669 1217 2724 1270 in
2764 1231 2830 1272 eo
2870 1230 2976 1270 non
3009 1223 3136 1271 sunt
3176 1215 3319 1280 ullae,
3347 1229 3450 1269 nec

1871 1322 2085 1363 rursum
2143 1309 2194 1362 in
2251 1309 2422 1363 titulis
2467 1308 2804 1364 Psalmorum
2852 1323 3048 1364 nomen
3095 1308 3354 1372 Absalon,
3403 1308 3510 1386 et";

1871 1405 2053 1460 Doech
2107 1403 2383 1458 hominum
2436 1405 2788 1474 reproborum
2838 1403 3008 1458 minio
3055 1401 3312 1471 fulgente,
3364 1400 3518 1480 sed;

1871 1497 1988 1553 solo
2026 1497 2318 1550 atramenti
2355 1495 2536 1550 colore
2586 1496 2803 1550 deceret
2847 1492 3100 1549 adscribi.
3146 1491 3300 1546 Sicut
3327 1505 3459 1562 ergo

1873 1587 1928 1641 in
1948 1587 2159 1657 paginis
2181 1585 2439 1640 librorum
2463 1585 2655 1655 quovis
2680 1584 2881 1651 colore,
2904 1591 2958 1639 et
2988 1583 3125 1637 mala
3149 1597 3459 1652 possumus,
3519 1629 3522 1632 .

1873 1688 1930 1734 et
1978 1681 2119 1734 bona
2181 1679 2384 1748 absque
2435 1677 2542 1731 ulla
2595 1676 3012 1747 reprehensione
3060 1675 3326 1744 ﬁgurare,
3385 1672 3462 1726 ita

1877 1771 2043 1826 etiam
2083 1771 2136 1825 in
2182 1777 2335 1841 parte
2367 1769 2842 1839 signiﬁcationum,
2873 1780 2970 1837 per
2997 1765 3250 1835 quaelibet
3276 1763 3456 1818 homi-

178 1862 347 1907 teme
373 1852 676 1908 sterilitatis
698 1855 894 1909 damno
921 1854 1207 1921 feriantur,
1239 1866 1506 1927 quatenus
1536 1858 1637 1928 ipsi
1658 1871 1774 1912 ma-
1801 1840 1848 1900 B
1875 1879 2004 1917 num
2037 1840 2205 1933 gesta,
2235 1869 2287 1915 et
2325 1862 2462 1915 bona
2495 1859 2819 1923 rectissime,
2850 1866 2902 1912 et
2928 1858 3070 1910 mala
3111 1864 3336 1926 possunt
3369 1870 3463 1909 ex-

175 1944 485 2000 ledictionis
515 1946 837 1999 sententiam
876 1947 1167 2016 accipiant,
1206 1948 1297 2018 qui
1336 1948 1476 2018 apud
1505 1964 1581 2012 se,
1615 1964 1765 2004 mor-

177 2045 292 2090 tem
338 2036 482 2105 regis
528 2036 825 2106 suscipere,
882 2036 1169 2106 iniquitate
1213 2052 1311 2092 sua
1358 2039 1628 2108 exigente,
1661 2053 1776 2094 me-

178 2125 442 2180 ruissent.
468 2144 487 2177 ›
516 2126 542 2165 h
575 2125 684 2181 Nec
711 2127 807 2182 tibi
835 2129 1126 2183 absurdum
1151 2128 1324 2183 videri
1350 2128 1530 2195 debet,
1553 2137 1615 2184 ut
1633 2130 1774 2186 mala

181 2220 542 2290 reproborum
578 2229 722 2286 acta,
750 2221 877 2276 boni
903 2221 1106 2292 aliquid
1155 2221 1500 2292 signiﬁcent:
1542 2231 1776 2278 autrur-

180 2327 307 2366 sum
334 2311 473 2367 bona
491 2312 762 2383 justorum
791 2329 955 2384 opera
999 2313 1053 2368 in
1079 2313 1353 2368 contraria
1379 2312 1777 2385 signiﬁcatione

178 2415 497 2475 ponantur;
542 2405 658 2477 lege
688 2406 832 2461 enim
864 2405 1085 2462 Moralia
1125 2405 1296 2462 sancti
1323 2405 1482 2475 Papre
1504 2404 1773 2476 Gregorii,

177 2495 275 2550 ubi
305 2497 576 2567 exposuit,
614 2496 883 2568 quomodo
903 2497 1096 2553 beatus
1117 2496 1217 2553 Job
1242 2497 1523 2552 maledixit
1555 2499 1658 2553 diei
1679 2514 1777 2554 suo

177 2585 404 2642 dicens:
436 2588 624 2643 Pereat
652 2590 782 2656 dies,
815 2591 868 2644 in
896 2607 1000 2662 qua
1028 2599 1183 2645 natus
1211 2606 1351 2656 sum,
1381 2598 1489 2645 etc.
1527 2601 1574 2655 ο,
1605 2599 1661 2645 et
1695 2591 1778 2645 vi-

180 2677 341 2733 debis
371 2681 494 2750 quia
525 2682 939 2738 usitatissimum
963 2683 1128 2739 estin
1157 2681 1474 2754 Scripturis,
1507 2691 1565 2737 ut
1595 2690 1651 2737 et
1675 2682 1774 2738 bo-

178 2780 254 2819 na
283 2767 337 2822 in
383 2770 646 2826 malorum
690 2771 1105 2842 signiﬁcatione,
1154 2782 1208 2829 et
1245 2773 1300 2828 in
1341 2771 1772 2830 sanctiﬁcatione

261 2915 289 2943 α
321 2901 715 2975 Subsequentia
741 2907 937 2976 allegat
961 2908 1234 2973 Paterius,
1260 2909 1352 2979 qui
1379 2923 1444 2964 ea
1471 2907 1774 2978 desumpsit

271 2976 446 3032 capite
470 2976 502 3029 4
539 2978 870 3032 przefationis
899 2980 951 3032 in
976 2979 1067 3032 lib.
1100 2995 1155 3032 ιν
1180 2980 1387 3032 Morali.

175 2991 248 3029 ex
271 2980 446 3100 calpite
470 2980 502 3029 4
539 2980 870 3046 przefationis
899 2980 951 3033 in
976 2980 1067 3035 lib.
1100 2995 1155 3034 ιν
1180 2980 1387 3035 Morali.

175 3117 190 3121 Α
257 3046 288 3085 ι)
365 3055 585 3121 actenus
612 3047 926 3121 Gregorius,
956 3059 1009 3106 et
1052 3066 1120 3108 ex
1149 3065 1213 3107 eo
1237 3052 1402 3107 etiam
1429 3050 1687 3106 Rabanus
1717 3047 1772 3105 in

75 3161 98 3174 .
175 3117 362 3174 locum
387 3118 546 3174 hunc.

266 3199 289 3228 ε
335 3188 467 3244 Vide
505 3189 561 3244 S.
612 3189 860 3264 Gregorii
900 3194 1197 3266 Epistolam
1241 3195 1310 3250 ad
1356 3193 1414 3250 S.
1466 3193 1776 3251 Leandrum
1804 3183 1848 3249 C

1872 1954 2036 2024 primi
2061 1971 2072 2006 :
2105 1951 2374 2024 quamvis,
2404 1959 2459 2006 et
2486 1951 2654 2004 multo
2684 1949 2879 2019 saepius
2901 1948 3198 2018 contingat,
3224 1954 3277 1999 et
3296 1943 3464 1999 multo

1876 2045 2085 2101 dulcius
2129 2044 2396 2109 audiatur,
2426 2042 2569 2098 bona
2613 2057 2712 2112 per
2753 2041 2918 2104 bona,
2967 2046 3022 2093 et
3064 2037 3206 2092 mala
3243 2034 3466 2108 ﬁgurari

1875 2155 1973 2210 per
2001 2137 2162 2192 mala.
2209 2135 2363 2190 Sicut
2404 2143 2584 2189 autem
2626 2133 2679 2187 in
2709 2132 2918 2202 pictura
2969 2130 3260 2200 parietum,
3290 2142 3465 2197 neque

1876 2233 2165 2286 obscurum
2196 2229 2509 2299 Ethiopem
2541 2226 2792 2291 candido,
2823 2237 2997 2294 neque
3019 2222 3234 2277 candidi
3263 2235 3460 2290 corpo—

1879 2321 1976 2387 ris,
2009 2321 2125 2376 sive
2149 2320 2347 2390 capilli,
2379 2319 2648 2373 Saxonem
2679 2326 2798 2372 atro
2827 2317 2984 2370 decet
3011 2313 3192 2368 colore
3223 2311 3462 2382 depingi,

1878 2411 1954 2465 ita
1999 2412 2053 2465 in
2095 2412 2451 2467 retributione
2495 2410 2813 2464 meritorum
2850 2406 3006 2476 juxta
3047 2421 3204 2461 suum
3238 2405 3467 2474 quisque

1879 2521 2012 2575 opus
2038 2504 2286 2575 recipiet,
2317 2518 2381 2556 ac
2409 2501 2584 2572 qualis
2606 2500 2710 2554 erit
2739 2508 2885 2564 actu,
2916 2499 3042 2553 talis
3069 2498 3230 2553 etiam
3257 2494 3468 2566 parebit

1879 2594 1932 2649 in
1963 2592 2208 2663 judicio;
2242 2607 2418 2662 neque
2454 2591 2673 2646 omnino
2718 2590 2785 2644 ad
2829 2605 2946 2644 rem
2989 2589 3118 2661 quid
3149 2588 3377 2658 quisque
3405 2585 3467 2639 ﬁ-

1879 2688 2106 2759 gurarit,
2141 2687 2234 2744 sed
2263 2686 2394 2758 quid
2416 2685 2589 2756 egerit
2617 2683 2929 2756 pertinebit.

1881 2912 2232 2982 prtepositam
2279 2907 2608 2982 expositioni
2655 2906 2778 2962 libri
2820 2904 2920 2982 Job
2970 2903 3122 2982 [_ca_p.
3155 2903 3229 2982 _5,_
3261 2903 3470 2982 ἄλῃ-ξι

1881 2974 2109 3056 captiti
2155 2982 2278 3036 libri
2307 2974 2628 3056 tv'ehtsdem
2679 2974 3032 3056 expositionis
3059 2974 3270 3056 in_Job.
3315 2974 3466 3056 Adde

2013 3054 2285 3181 (deinceps
2323 3052 2389 3107 de
2420 3045 2683 3105 Bctsabee
2710 3045 2776 3103 ex
2804 3047 3065 3118 Gregorio
3090 3046 3280 3117 Magno
3306 3045 3470 3101 tradit

1944 3142 2010 3182 au
2052 3140 2154 3180 IIIS.

195 3324 3438 3355 MM

1214 3428 1614 3493 INCIPIUNT
1659 3425 2051 3490 CAPITULA
2100 3425 2312 3486 LIBRI
2358 3423 2437 3485 Il.

248 3650 328 3702 De
352 3663 433 3713 eo,
459 3651 848 3716 qu_odscrlptum
875 3659 969 3713 est,
999 3653 1129 3714 quod
1157 3659 1266 3716 post
1305 3661 1518 3705 mortem
1545 3655 1661 3705 Saul
1684 3669 1774 3707 ve-

181 3721 374 3778 nerunt
401 3717 488 3778 vtri
511 3713 744 3778 Juda,__et
782 3713 1032 3764 unxerunt
1075 3713 1225 3764 David
1252 3730 1424 3778 regem
1456 3721 1504 3768 in
1525 3719 1728 3768 Hebron
1757 3754 1772 3777 ,

184 3782 241 3825 et
266 3775 333 3824 de
360 3777 527 3825 Abner
551 3776 646 3839 tilio
665 3775 766 3839 Ner
789 3779 872 3839 qui
897 3779 1152 3828 constituit
1168 3775 1436 3829 Hisboseth
1479 3779 1630 3830 tilium
1659 3775 1772 3830 Saul

183 3851 367 3900 regem
387 3851 534 3900 super
560 3837 731 3887 Israel.

259 3900 338 3964 De
363 3900 472 3949 ﬁliis
492 3901 680 3950 Remon
707 3901 974 3952 Berothltae
1003 3939 1015 3963 ,
1058 3903 1143 3964 qui
1187 3902 1551 3954 interfecerunt
1594 3904 1776 3954 Hisbo-

184 3963 502 4089 sfillielaude
538 4024 687 4074 David
715 4063 729 4086 ,
777 4026 862 4087 qui
902 4027 1222 4088 congregavit
1269 4028 1470 4089 triginta
1516 4025 1676 4089 millia
1707 4039 1770 4076 ex

186 4083 374 4152 electis
400 4085 564 4152 Israel,
581 4095 646 4152 fut
672 4083 943 4152 educerent
981 4083 1138 4136 arcam
1160 4089 1274 4145 Dei,
1297 4083 1446 4152 at'que
1469 4097 1626 4138 morte
1651 4088 1770 4139 Oza.

253 4146 857 4213 Ammonitio'[)avid,iubi
901 4152 1205 4200 instruitura
1246 4146 1518 4213 propheta,
1564 4163 1628 4199 ue
1665 4154 1770 4212 Ipse

185 4209 459 4320 ﬁdi-{liceret
482 4211 713 4274 templum
736 4209 932 4262 Domini
959 4250 973 4272 ,
1014 4213 1102 4262 sed
1126 4209 1260 4263 ﬁlius'
1278 4209 1404 4276 ejus,
1434 4221 1487 4264 et
1506 4209 1633 4264 actio
1658 4209 1774 4274 gra-

235 4285 275 4334 a_
329 4285 374 4319 m
400 4286 520 4334 ejus.

187 4332 542 4445 "ﬁgamus
563 4336 735 4399 David,
767 4349 892 4401 quos
915 4338 1043 4388 misit
1065 4338 1122 4388 ad
1147 4337 1319 4391 Annon
1359 4351 1536 4403 regem
1575 4337 1779 4391 Ammo-

1943 3654 2021 3718 De
2041 3658 2242 3718 peccato
2263 3653 2417 3704 David
2439 3654 2488 3718 in
2503 3651 2780 3718 _Bersabea,
2807 3655 2859 3702 et
2883 3654 3041 3718 morte
3065 3651 3231 3718 Uria;

1944 3713 2252 3767 Ubi'Nathan
2273 3719 2409 3766 venit
2430 3717 2486 3765 ad
2501 3716 2674 3778 David,
2692 3723 2743 3764 et
2760 3716 3006 3776 praposuit
3028 3716 3075 3762 ei
3096 3713 3464 3765 similitudinem

1877 3779 1943 3829 de
1965 3779 2116 3830 divite
2135 3787 2187 3829 et
2209 3791 2445 3838 paupere.

1949 3842 2020 3890 De
2044 3841 2156 3903 fuga
2183 3835 2335 3890 David
2360 3845 2560 3903 propter
2582 3837 2792 3903 Absalon
2818 3873 2850 3903 ,Α
2872 3836 3064 3896 quando
3099 3835 3239 3884 nudis
3261 3837 3470 3899 pedibus

1881 3899 2121 3952 incedens
2144 3903 2343 3962 reliquit
2360 3899 2604 3948 Civitatem
2626 3899 2953 3949 Hierusalem.

1943 3964 2020 4012 De
2046 3964 2211 4023 praello
2230 3960 2441 4011 Absalou
2462 4000 2476 4023 ,
2505 3968 2557 4011 et
2585 3964 2922 4024 percussione,
2944 3965 3090 4022 atque
3113 3963 3273 4010 morte
3297 3960 3422 4024 ejus.

1948 4024 2023 4074 De
2051 4025 2237 4073 l’salmo
2261 4026 2472 4084 septimo
2491 4024 2699 4072 decimo.

1942 4087 2019 4137 De
2045 4089 2239 4136 nomine
2263 4085 2458 4134 fortium
2483 4085 2656 4135 David.

1945 4151 2022 4200 De
2063 4149 2232 4210 praelio
2267 4148 2415 4197 David
2457 4156 2628 4197 contra
2686 4146 3023 4208 Philistltzeos,
3063 4145 3254 4208 quando
3289 4147 3467 4200 sitiens

1885 4225 2056 4275 aquam
2082 4211 2473 4275 Bethlemiticam
2493 4211 2809 4275 desideravit.

1952 4276 2028 4325 De
2054 4281 2258 4336 peccato
2277 4271 2426 4324 David
2448 4310 2462 4334 ,
2511 4272 2706 4335 quando
2750 4271 2979 4336 ponulum
3022 4272 3325 4323 numerando
3346 4283 3465 4337 pec-

1884 4340 2025 4389 cavit.

1252 4532 1546 4596 INCIPIT
1591 4531 2022 4600 PRJEFATIO
2065 4531 2277 4593 LIBRI
2321 4530 2404 4592 II.

264 4689 293 4718 α
325 4695 343 4727 ι
371 4675 762 4733 Promissiones
785 4678 901 4744 Dei,
926 4693 1046 4748 quze
1069 4677 1221 4733 factte
1241 4685 1366 4733 sunt
1387 4677 1455 4732 ad
1477 4676 1772 4743 Abraham,
1800 4680 1854 4740 D
1881 4685 2044 4747 atque
2076 4675 2199 4730 inde
2246 4675 2541 4730 secundum
2583 4676 2759 4731 sancti
2801 4674 3084 4731 Hieremize
3111 4674 3466 4748 prophetiam,

185 4770 350 4840 cujus
380 4769 592 4835 semini,
616 4777 670 4824 et
699 4779 914 4841 gentem
942 4771 1293 4826 Israeliticam
1325 4770 1621 4826 secundum
1661 4785 1786 4825 car-

185 4876 344 4925 nem,
367 4870 421 4916 et
448 4876 638 4917 omnes
680 4873 866 4933 gentes
895 4865 1077 4919 deberi
1123 4865 1416 4920 secundum
1460 4865 1641 4932 ﬁdem,
1673 4865 1784 4920 Deo

184 4953 481 5025 pollicente
530 4956 851 5021 didicimus;
894 4958 1344 5026 quemadmodum
1391 4957 1783 5028 compleantur,

185 5061 296 5116 per
321 5045 564 5100 ordinem
607 5055 910 5118 temporum
939 5063 1266 5117 procurrens
1302 5049 1398 5104 Dei
1430 5049 1620 5104 civitas
1647 5049 1786 5104 indi-

186 5135 363 5192 cavit.
389 5135 651 5203 Quoniam
680 5153 809 5209 ergo
829 5138 1124 5208 superioris
1139 5139 1259 5194 libri
1281 5154 1449 5208 usque
1469 5140 1536 5193 ad
1557 5153 1784 5208 regnum

189 5229 370 5285 David
399 5229 574 5286 factus
605 5239 690 5286 est
735 5231 876 5295 ﬁnis,
911 5247 1052 5287 nunc
1091 5232 1160 5286 ab
1188 5231 1376 5286 eodem
1404 5245 1592 5300 regno,
1619 5245 1786 5300 quan-

187 5333 250 5380 to
284 5331 534 5395 suscepto
562 5324 711 5396 operi
745 5323 992 5381 sufﬁcere
1017 5325 1254 5391 videtur,
1284 5331 1500 5388 caetera,
1548 5337 1668 5392 quae
1696 5337 1784 5376 se-

187 5423 456 5486 quuntur,
509 5416 847 5488 attingimus.
900 5415 1015 5472 Hoc
1069 5417 1251 5486 itaque
1295 5423 1524 5485 tempus,
1574 5429 1640 5469 ex
1679 5429 1788 5484 quo

189 5517 424 5565 sanctus
466 5507 684 5565 Samuel
731 5510 1053 5582 prophetare
1080 5509 1263 5580 carpit,
1309 5517 1364 5564 et
1393 5508 1666 5579 deinceps,
1696 5507 1791 5562 do-

192 5616 302 5658 nec
328 5601 558 5676 populus
580 5602 744 5658 Israel
767 5604 1010 5675 captivus
1040 5603 1094 5658 in
1119 5600 1457 5658 Babiloniam
1477 5600 1788 5664 duceretur,

273 5751 304 5781 ι
330 5737 586 5797 Ρτωΐειίο
613 5741 730 5796 haec
751 5748 864 5796 tota
886 5740 1167 5810 desumpta
1191 5745 1364 5810 estex
1389 5734 1637 5810 capitulis
1670 5732 1723 5799 l,
1747 5732 1791 5810 _2

201 5817 264 5867 et
308 5809 344 5866 Ξ
386 5811 510 5867 libri
539 5825 649 5867 xvu
679 5810 743 5866 de
793 5809 1042 5876 Cioitatc,
1079 5805 1400 5874 'nonnullis,
1455 5805 1552 5863 sed
1601 5805 1792 5876 paucis

1890 4768 2026 4842 (Jer.
2066 4783 2194 4832 xxv,
2230 4767 2318 4840 II)
2347 4777 2469 4837 post
2490 4767 2832 4839 septuaginta
2854 4783 3024 4822 annos
3047 4770 3280 4824 reversis
3301 4769 3471 4826 Israe-

1888 4864 2020 4930 litis,
2046 4863 2141 4918 Dei
2172 4861 2362 4917 domus
2393 4862 2806 4927 instauraretur,
2837 4868 3005 4916 totum
3049 4871 3132 4916 est
3169 4862 3470 4933 Propheta-

1889 4971 2011 5011 rum
2052 4963 2283 5025 tcmpus.
2316 4952 2574 5020 Quamvis
2616 4952 2760 5007 enim
2801 4960 2856 5008 et
2894 4953 3068 5022 ipsum
3097 4953 3209 5010 Noe
3232 4954 3472 5011 Patriar-

1892 5048 2074 5112 cham,
2106 5046 2160 5100 in
2191 5043 2344 5113 cujus
2388 5045 2574 5100 diebus
2621 5043 2870 5099 universa
2899 5042 3100 5100 diluvio
3127 5055 3270 5102 terra
3297 5047 3472 5104 deleta

1891 5146 1998 5205 est,
2029 5145 2082 5193 et
2123 5137 2256 5192 alios
2286 5151 2468 5205 supra,
2496 5144 2553 5192 et
2597 5134 2736 5190 infra
2783 5149 2954 5205 usque
2997 5137 3064 5191 ad
3111 5137 3212 5193 hoc
3240 5146 3469 5208 tempus,

1887 5248 1996 5303 quo
2021 5247 2176 5303 reges
2205 5233 2259 5286 in
2287 5231 2482 5302 populo
2511 5231 2607 5285 Dei
2629 5243 2747 5284 esse
2767 5239 3068 5301 ceperunt,
3089 5240 3308 5301 propter
3327 5248 3473 5302 qua:—

1891 5324 2013 5379 dam
2041 5338 2139 5393 per
2165 5338 2260 5378 cos
2290 5323 2490 5385 futura,
2521 5320 2635 5374 sive
2682 5333 2786 5388 quo
2830 5319 3098 5389 quomodo
3141 5320 3467 5390 signiﬁcata,

1891 5413 2005 5468 sive
2026 5413 2304 5483 praedicta,
2332 5425 2451 5480 qua:
2477 5409 2812 5480 pertinerent
2838 5409 2904 5464 ad
2935 5409 3208 5465 civitatem
3235 5410 3353 5477 Dei,
3387 5427 3472 5467 re-

1893 5517 2166 5574 gnumque
2193 5500 2472 5566 caelorum,
2505 5515 2612 5555 non
2658 5499 2928 5554 immerito
2975 5514 3257 5569 possumus
3285 5499 3469 5571 appel-

1894 5595 2007 5650 lare
2032 5593 2322 5664 prophetas
2349 5609 2363 5659 ;
2392 5592 2691 5662 priesertim
2718 5591 2843 5664 quia
2875 5593 3160 5648 nonnullos
3204 5607 3389 5648 eorum
3417 5593 3472 5648 id

1896 5729 2146 5800 demptis.
2196 5728 2346 5784 Hanc
2391 5729 2570 5799 itaque
2615 5727 2991 5801 przefationeni
3040 5743 3162 5783 cum
3219 5730 3302 5794 iis,
3351 5745 3472 5801 qua:

1900 5797 2035 5868 dixi,
2062 5801 2350 5869 capitibus,
2377 5797 2673 5869 comparet,
2705 5800 2954 5860 obsecro,
2977 5797 3166 5853 lector.
