3940 6340
503 296 608 354 695

1562 302 1835 360 CLAUDII
1876 303 2337 365 TAURINENSIS
2375 309 2683 370 EPlSCOPl

3685 328 3782 388 696

495 415 583 470 nis
609 412 774 469 lsrael
799 427 982 469 coram
1018 413 1244 472 Domino
1282 417 1508 474 diversis
1550 419 1879 475 musicorum
1917 437 2078 492 gene-
2103 425 2155 484 Α
2179 421 2269 476 vid
2320 423 2560 493 inducet,
2604 429 2731 498 quia
2778 429 3056 498 Dominus,
3103 433 3286 490 Enoch
3329 446 3385 493 et
3430 437 3556 495 Elia
3589 447 3782 512 ρι-ειιάί.

495 507 668 572 ribus,
709 507 836 576 quia
881 523 1006 563 mox
1047 509 1335 566 inchoante
1379 528 1531 567 nova:
1575 514 1762 584 gratim
1806 517 2075 585 praeconio

492 596 753 654 Dominus
773 599 842 654 ad
865 601 1194 657 exhibendas
1212 603 1322 658 Deo
1350 603 1496 659 Patri
1521 605 1706 662 laudes
1730 608 2072 678 humilitatis,

491 707 680 749 omnes
703 693 914 760 invitat,
944 694 1128 750 dicens
1156 714 1170 749 τ
1195 694 1375 770 (Joan.
1408 697 1507 769 xu)
1539 698 1644 764 Qui
1660 700 1788 754 mihi
1809 703 2072 758 ministrat

488 801 570 840 me
605 792 892 856 sequatur:
925 785 976 855 (Ι
1000 782 1121 840 Cor.
1147 803 1248 852 ιιι,
1279 789 1334 856 8,
1363 789 1492 862 etc.)
1527 790 1615 844 alii
1643 791 1816 848 dando
1842 809 1940 863 per
1962 795 2072 864 spi-

489 873 656 928 ritum
692 890 979 929 sermonem
1014 876 1308 945 sapientiaa,
1356 879 1450 934 alii
1489 896 1776 936 sermonem
1815 884 2066 952 scientiae,

488 965 583 1019 alii
601 982 793 1037 genera
828 965 1148 1037 linguarum,
1174 967 1268 1022 alii
1304 975 1528 1042 gratiam
1570 975 1926 1041 curationum,
1956 983 2062 1032 etc.

488 1055 596 1113 Sed
643 1057 740 1114 his
772 1064 935 1126 atque
988 1056 1287 1128 hujusmodi
1339 1062 1729 1119 charismatum
1777 1067 2066 1137 generibus

481 1149 859 1220 progrediente
885 1165 1034 1217 arca,
1067 1151 1118 1206 id
1158 1160 1262 1218 est,
1311 1163 1592 1211 crescente
1619 1157 1861 1214 Ecclesia
1884 1160 2065 1228 primi-

486 1241 616 1304 tiva,
643 1247 860 1296 ventum
892 1250 974 1296 est
1000 1242 1065 1295 ad
1109 1257 1288 1296 aream
1318 1243 1530 1302 Nachor
1558 1245 1848 1320 (Nachon),
1875 1250 1928 1305 id
1957 1259 2060 1318 est,

480 1347 662 1387 aream
705 1342 1093 1402 praeparatam,
1145 1338 1385 1406 gentium
1439 1341 1687 1396 videlicet
1736 1343 2056 1412 Ecclesiam,

479 1423 603 1478 ﬁdei
629 1427 858 1482 veritate
891 1430 1334 1498 consecrandam,
1385 1433 1451 1489 de
1495 1451 1600 1505 qua
1630 1435 1866 1493 Joannes
1916 1439 1992 1493 ait
2041 1458 2055 1494 :

478 1513 694 1583 (Matt/1.
733 1532 814 1583 ur,
849 1517 937 1588 12)
970 1518 1040 1573 Et
1061 1523 1427 1592 permundabit
1461 1541 1640 1580 aream
1668 1543 1840 1583 suam.
1869 1529 1948 1585 lbi
1970 1546 2058 1586 sa-

474 1609 684 1675 cerdos,
714 1611 803 1679 qui
837 1626 1021 1668 arcam
1051 1614 1341 1686 incautius,
1371 1619 1526 1687 quasi
1569 1620 1888 1692 corrigendo
1933 1625 2057 1679 teti-

471 1698 572 1769 git,
596 1713 718 1754 mox
739 1715 769 1754 a
796 1701 1023 1760 Domino
1042 1720 1330 1776 percussus
1356 1709 1609 1765 occubuit
1639 1730 1652 1765 :
1688 1714 1816 1782 quia
1837 1713 2054 1772 Iudaeo-

2179 516 2464 586 cantibus,
2523 519 2674 592 (Luc.
2732 539 2784 591 ι,
2833 523 2890 596 v)
2937 536 3192 582 convertet
3249 531 3410 584 corda
3459 543 3692 603 patrum
3731 541 3780 596 in

2175 604 2336 674 ﬁlios.

2251 717 2270 750 ‹
2292 699 2458 757 Boves
2478 711 2528 758 et
2552 705 2741 762 arietes
2759 706 3067 776 immolans,
3092 712 3196 768 hoc
3219 721 3324 782 est,
3345 730 3446 772 eos
3465 718 3572 789 qui
3596 734 3776 778 aream

2173 789 2386 846 Domini
2432 793 2709 862 triturant,
2755 805 2811 852 et
2857 799 3042 854 ovium
3088 801 3204 872 ejus
3247 804 3506 863 ducatum
3554 823 3770 881 gerunt.

2171 882 2413 954 martyrii
2443 887 2708 958 sanguine
2741 903 3028 960 coronans,
3064 901 3119 949 et
3148 895 3264 966 ipse
3290 913 3509 970 quoque
3542 917 3669 957 sum
3695 903 3775 958 Iu-

2169 973 2498 1030 carnationis
2531 984 2586 1032 et
2629 979 2899 1049 passionis
2939 985 3245 1055 exemplum
3291 997 3522 1048 eatenus
3574 991 3773 1050 Judmis

2167 1075 2273 1115 non
2303 1065 2564 1121 creditum
2586 1069 2767 1138 palam
2810 1073 3164 1131 manifestans
3195 1097 3208 1131 :
3239 1079 3339 1138 hoc
3368 1084 3518 1138 enim
3565 1086 3772 1157 signiti-

2166 1159 2253 1206 cat
2280 1156 2424 1225 quod
2455 1165 2512 1212 et
2539 1158 2657 1229 ipse
2684 1160 2858 1218 David
2891 1165 3169 1223 accinctus
3197 1178 3317 1224 erat
3354 1172 3542 1243 Ephot
3592 1156 3766 1244 lineo;

2164 1257 2291 1296 nam
2318 1245 2486 1300 linum
2521 1250 2666 1317 quod
2701 1251 2766 1306 de
2800 1259 2948 1308 terra
2975 1268 3322 1326 procreatum
3357 1266 3670 1336 multiplici
3700 1270 3768 1324 la-

2162 1332 2295 1388 bore
2331 1333 2398 1389 ad
2435 1338 2723 1395 candorem
2770 1345 2939 1400 vestis
2981 1351 3251 1418 pervenit,
3311 1357 3620 1413 veritatem
3675 1363 3768 1416 hu-

2161 1438 2336 1480 manae
2389 1429 2567 1484 carnis
2621 1431 2764 1487 inter
2815 1433 3026 1507 ﬂagella
3072 1441 3458 1514 triumphantis
3494 1455 3762 1509 ostendit.

2160 1515 2361 1572 Verum
2405 1521 2616 1576 cunctis
2659 1524 3052 1584 exsultantibus
3101 1539 3156 1586 et
3204 1521 3270 1588 ad
3322 1553 3467 1594 area:
3515 1543 3764 1598 cmiestis

2158 1606 2440 1665 introitum
2496 1613 2728 1684 hymnos
2776 1621 3174 1689 resonantibus,
3224 1625 3338 1681 sola
3390 1629 3603 1686 Michol
3659 1634 3762 1691 tilia

2159 1700 2285 1757 Saul
2313 1720 2495 1761 arcam
2533 1706 2852 1765 ducentibus
2883 1713 3055 1779 abest,
3095 1717 3225 1785 quin
3265 1719 3431 1775 etiam
3459 1737 3491 1777 e
3519 1728 3761 1794 speculis

472 1805 592 1845 rum
615 1793 842 1863 populus
878 1796 1003 1850 dum
1045 1798 1294 1869 gentibus
1324 1800 1548 1868 invidet,
1592 1803 1781 1860 salutis
1826 1821 1884 1862 se
1935 1795 2129 1865 mu-B
2157 1792 2326 1850 David
2377 1796 2715 1854 humiliauﬂn
2761 1802 3030 1872 ἀθεβίοῖιν
3093 1808 3222 1878 ‘1“ia
3283 1814 3647 1872 credentibus
3709 1821 3761 1874 ill

466 1897 598 1939 nere
617 1886 817 1954 privat,
859 1888 1094 1959 dumque
1120 1890 1292 1962 legem
1330 1893 1444 1947 vult
1478 1893 1770 1968 Evangelia
1798 1899 2050 1968 miscere,

467 1977 747 2047 utriusque
781 1979 883 2034 sibi
915 1981 1145 2051 gratiam
1181 1983 1339 2038 tollit.

540 2085 560 2118 ι
597 2068 665 2122 Et
700 2071 883 2136 tenuit,
916 2072 1108 2143 inquit,
1141 2091 1278 2140 eam,
1307 2078 1555 2147 quoniam
1582 2079 1923 2137 calcitrabant
1960 2085 2051 2139 bo-

462 2175 565 2212 ves.
597 2160 768 2217 Boves
788 2163 987 2232 quippe
1014 2165 1316 2234 calcitrare,
1351 2175 1434 2222 est
1459 2171 1842 2238 praedicatores
1868 2172 2048 2230 Evan-

461 2248 586 2318 gelii
640 2250 861 2307 liberius
910 2252 1056 2308 circa
1114 2254 1275 2310 ﬁdem
1311 2273 1491 2329 agere,
1536 2275 1710 2330 neque
1751 2265 2048 2322 secundum

461 2341 905 2396 consuetudinem
950 2342 1085 2414 legis
1130 2345 1361 2416 ingredi,
1412 2349 1507 2403 sed
1538 2351 1782 2420 sabbata,
1822 2371 2044 2411 neome-

459 2428 601 2496 nias,
652 2431 1120 2491 circumcisionem
1170 2436 1526 2510 victimasque
1563 2442 1920 2512 spiritualiter
1964 2447 2046 2502 in-

457 2529 770 2598 terpretari,
802 2545 936 2600 quos
977 2532 1126 2587 velut
1156 2542 1400 2590 errantes
1430 2537 1704 2608 corrigere
1736 2541 2042 2609 tentabant,

453 2619 545 2690 qui
576 2619 964 2678 descendentes
991 2624 1056 2680 de
1081 2622 1265 2680 Iudaea
1306 2626 1573 2684 docebant
1601 2627 1796 2685 fratres
1839 2649 1851 2685 :
1901 2631 2038 2704 (Act.

452 2713 544 2786 xv)
567 2715 693 2786 quia
715 2716 819 2771 nisi
840 2717 1291 2772 circumcidamini
1318 2720 1602 2775 secundum
1622 2739 1818 2778 morem
1847 2723 2036 2796 Moysi,

454 2825 559 2862 non
586 2809 800 2879 potestis
823 2808 953 2863 salvi
978 2810 1118 2878 ﬁeri,
1147 2817 1202 2865 et
1227 2811 1293 2865 de
1327 2812 1523 2882 quibus
1544 2811 1777 2870 Jacobus
1805 2819 1872 2870 ad
1902 2815 2040 2871 Pau-

451 2899 601 2954 lum:
638 2899 776 2971 (Act.
822 2900 1166 2971 xxr),Vides,
1213 2904 1406 2974 inquit,
1456 2905 1642 2975 frater,
1688 2910 1828 2980 quod
1871 2911 2039 2969 millia

449 3000 573 3046 sunt
595 2992 648 3047 in
669 2991 874 3048 Juda’is
900 2994 990 3064 qui
1013 2993 1365 3062 crediderunt,
1401 3005 1449 3050 et
1482 3013 1660 3053 omnes
1704 3000 2036 3059 wmalutores

449 3094 569 3140 sunt
600 3083 744 3154 legis,
1205 3133 1210 3136 -
1461 3100 1468 3109 ’

2153 1887 2338 1941 mundi
2380 1887 2541 1943 ﬁnem
2577 1889 2797 1958 Iudaeis,
2838 1904 2998 1950 erunt
3046 1901 3288 1956 nonnulli
3337 1905 3431 1973 qui
3474 1905 3759 1966 Christum

2151 1979 2511 2049 professione,
2539 1985 2632 2039 sed
2654 2000 2816 2056 opere
2843 2001 3138 2059 sequantur
3158 1993 3563 2054 Antichristum
3599 2016 3616 2053 :
3651 2005 3760 2072 qui-

2150 2071 2252 2126 bus
2279 2073 2472 2128 merito
2501 2079 2752 2148 congruit
2791 2082 2932 2149 quod
2971 2085 3160 2145 eadem
3196 2086 3394 2142 Michol
3419 2091 3493 2144 ob
3516 2071 3758 2163 ﬁguran-

2151 2167 2272 2221 dam
2305 2169 2710 2227 instabilitatem
2739 2173 3061 2242 carnalium,
3098 2196 3239 2250 aqua
3269 2183 3441 2237 omnis
3483 2185 3756 2257 interpre-

2149 2264 2314 2323 tatur,
2345 2275 2452 2314 non
2473 2277 2613 2315 uxor
2632 2261 2823 2330 David,
2855 2267 2948 2321 sed
2978 2267 3086 2322 ﬁlia
3116 2267 3245 2325 Saul
3269 2273 3604 2342 appellatur,
3631 2279 3750 2348 quia

2148 2349 2241 2418 qui
2266 2349 2371 2406 ﬁde
2399 2359 2554 2408 tenus
2591 2353 2808 2409 Christo
2835 2358 3076 2414 serviunt
3104 2377 3212 2419 non
3258 2363 3404 2420 illius
3450 2381 3629 2438 regno
3669 2385 3751 2424 ω-

2147 2439 2398 2506 ronandi,
2433 2442 2528 2496 sed
2559 2456 2969 2514 persecutorum
3012 2451 3159 2521 ejus,
3201 2470 3338 2524 quos
3368 2456 3748 2529 imitaverunt,

2146 2527 2490 2584 anathemate
2536 2532 2848 2590 damnandi.
2898 2539 3098 2595 Verum
3146 2546 3301 2612 pravi
3351 2562 3747 2620 succenseant,

2144 2619 2505 2678 humilitatem
2544 2624 2801 2684 Ecclesiae
2832 2641 3198 2701 contemnant,
3236 2638 3600 2699 nihilominus
3624 2619 3746 2702 arca

2143 2710 2356 2768 Domini
2397 2730 2553 2771 suum
2583 2717 2762 2774 locum
2792 2720 3112 2791 ingreditur.

2217 2820 2236 2852 ι
2270 2801 2499 2860 Ponitur
2527 2809 2582 2862 in
2613 2810 2784 2866 medio
2829 2813 3154 2872 tabernaculi
3182 2822 3324 2891 quod
3353 2827 3656 2884 tetenderat
3694 2835 3740 2887 ei

2139 2891 2341 2962 David,
2381 2897 2435 2952 id
2485 2909 2591 2966 est,
2641 2900 2775 2958 ﬁdes
2817 2902 3074 2986 Ecclesiae
3111 2913 3463 2982 praedicatur,
3501 2922 3736 2989 proﬁcit,

2139 2983 2400 3042 inseritur
2428 2991 2681 3048 cordibus
2707 2983 2968 3064 omnium,
3004 3015 3138 3069 quos
3168 3002 3434 3062 Dominus
3465 3012 3536 3065 ad
3575 3015 3739 3069 vitam

2139 3082 2602 3149 praeordinaverat
2636 3096 2915 3145 aeternam.
2950 3090 3090 3164 (Act.
3121 3111 3236 3162 xm,
3266 3100 3386 3172 48.)
3429 3102 3594 3160 Oﬂ'ert
3631 3109 3739 3161 Da-

523 3217 543 3252 ι
577 3198 656 3257 0b
686 3214 907 3256 causam
935 3215 1065 3272 ergo
1101 3203 1397 3259 sacerdotis
1449 3203 1616 3260 occisi
1658 3205 1827 3261 David
1862 3206 2034 3266 noluit
2061 3166 2107 3232 C
2257 3171 2569 3272 hopcausia
2613 3185 2668 3233 et
2714 3181 2940 3250 paciﬁca
2989 3200 3173 3241 coram
3227 3189 3486 3259 Domino’
3529 3198 3581 3252 id
3623 3211 3734 3266 es"

447 3311 470 3338 ιι
497 3297 690 3352 diverti
720 3297 790 3352 ad
817 3313 875 3353 se
901 3313 1080 3354 aream
1108 3298 1319 3354 Domini
1349 3300 1404 3354 in
1431 3302 1702 3360 civitatem
1726 3306 1913 3373 David,
1935 3308 2029 3362 sed

445 3389 666 3443 divertit
704 3404 824 3444 eam
870 3389 922 3443 in
977 3390 1196 3444 domum
1247 3390 1581 3449 Obethedom
1628 3395 1855 3464 Gethzei,
1904 3401 2030 3469 quia

444 3479 824 3548 respuentibus
849 3478 1074 3533 verbum
1104 3477 1318 3544 Judaeis,
1366 3497 1435 3536 ne
1476 3485 1704 3555 amplius
1750 3489 1933 3545 audita
1973 3499 2029 3547 et

443 3587 550 3626 non
578 3577 825 3642 suscepta
865 3570 1178 3641 praedicatio
1204 3581 1442 3640 noceret,
1471 3578 1702 3646 apostoli
1736 3581 1802 3634 ab
1829 3582 1908 3637 eis
1934 3582 2027 3636 ab-

441 3662 535 3716 lati
561 3671 616 3717 et
643 3664 710 3718 ad
732 3673 918 3735 gentes
944 3663 1262 3721 imbuendas
1300 3673 1428 3721 sunt
1454 3669 1626 3724 missi.
1659 3669 1810 3727 Unde
1849 3681 1904 3727 et
1948 3673 2026 3728 lo-

439 3769 535 3810 cus
563 3770 705 3812 areae
730 3757 963 3825 Nachor,
993 3775 1112 3830 qua:
1139 3761 1376 3833 gentium
1409 3761 1568 3817 ﬁdem
1596 3761 1809 3817 Domini
1837 3765 2026 3834 gratiae

434 3858 797 3919 praeparatam
820 3851 1174 3920 demonstrat,
1197 3855 1473 3924 percussio
1507 3852 1618 3910 Oza
1654 3864 2040 3926 nuncupatur,-

435 3948 684 4004 videlicet
711 3949 837 4020 quia
862 3949 1038 4021 (Rom.
1064 3949 1162 4023 xu)
1189 3949 1400 4005 illorum
1426 3949 1615 4006 delicto
1639 3951 1782 4007 salus
1805 3953 2020 4024 contigit

431 4043 688 4112 gentibus.
720 4042 1053 4099 Obethedom
1093 4059 1328 4116 namque
1361 4045 1750 4115 interpretatur
1790 4047 2018 4101 serviens

431 4135 586 4188 homo
619 4147 637 4186 :
668 4135 757 4190 ille
784 4146 867 4191 est
893 4139 1077 4208 utique
1104 4140 1169 4195 de
1195 4156 1302 4211 quo
1333 4141 1591 4196 Dominus
1640 4143 1708 4197 ad
1754 4142 1970 4198 Patrem
1999 4162 2011 4198 :

432 4223 604 4296 (Psal.
632 4227 764 4300 xvu)
796 4227 1118 4298 Constitues,
1162 4231 1354 4302 inquit,
1384 4250 1464 4287 me
1493 4233 1548 4287 in
1578 4244 1732 4304 caput
1760 4238 2011 4305 gentium,

427 4317 750 4392 populusque
790 4339 940 4394 quem
977 4341 1078 4378 non
1117 4327 1330 4396 cognovi
1372 4327 1575 4381 servivit
1624 4328 1773 4382 mihi.
1816 4329 1916 4385 Ubi
1962 4339 2017 4384 et

427 4408 732 4467 Judaaorum
769 4412 1145 4482 abjectionem,
1180 4418 1337 4487 quasi
1366 4417 1490 4474 02a:
1512 4427 1742 4475 mortem
1778 4422 2015 4491 praemit-

426 4509 569 4568 tens,
597 4504 672 4559 ait
698 4523 710 4558 :
745 4504 993 4576 (Ibidem,
1021 4525 1066 4561 ιν.
1093 4507 1183 4575 44)
1212 4508 1417 4580 Eripies
1447 4527 1527 4563 me
1553 4511 1616 4564 de
1642 4513 2013 4568 contradictio-

423 4593 575 4648 nibus
617 4595 837 4665 populi;
883 4610 1078 4650 nomen
1109 4612 1322 4666 quoque
1366 4599 1514 4654 urbis
1541 4601 1790 4670 congruit
1821 4620 1832 4655 :
1871 4600 2009 4658 Geth

423 4685 567 4739 enim
613 4686 1001 4756 interpretatur
1042 4689 1298 4754 torcular,
1346 4690 1657 4760 signiﬁcans
1693 4709 1918 4759 crucem,
1952 4694 2008 4749 in

423 4791 530 4847 qua
561 4778 688 4833 vitis
713 4793 842 4834 vera
881 4779 1081 4835 calcari
1110 4789 1165 4836 et
1192 4781 1421 4851 exprimi
1449 4784 1665 4855 dignata
1696 4793 1812 4851 est;
1846 4802 1874 4840 a
1901 4802 2007 4855 qua

422 4875 650 4925 cunctus
686 4870 927 4940 gentium
975 4871 1204 4942 populus
1241 4873 1437 4929 merito
1472 4873 1714 4930 Cet/usus
1750 4877 2007 4947 appellari

419 4967 619 5031 potest,
650 4963 734 5017 cui
762 4964 994 5020 dicitur:
1034 4964 1169 5020 Mihi
1191 4977 1361 5022 autem
1395 4969 1527 5025 absit
1555 4970 1793 5042 gloriari,
1828 4973 1928 5029 nisi
1950 4973 2001 5030 in

419 5067 574 5106 cruce
601 5042 817 5108 Domini
834 5058 999 5112 nostri
1029 5055 1158 5112 Iesu
1187 5059 1382 5115 Christi
1401 5061 1450 5116 δ.

495 5182 515 5215 ‹
551 5163 686 5220 Tres
708 5175 886 5222 autem
907 5185 1140 5237 menses,
1172 5174 1369 5244 quibus
1395 5176 1590 5233 ibidem
1615 5193 1739 5235 arca
1765 5180 2006 5239 demora-

417 5263 526 5320 tur,
557 5254 709 5323 ﬁdes,
737 5273 860 5328 spes
881 5245 936 5316 et
959 5263 1198 5320 charitas
1223 5274 1325 5322 est.
1351 5266 1504 5324 Sicut
1531 5273 1674 5326 enim
1702 5273 1890 5329 diebus
1913 5275 2003 5330 ad-

418 5348 672 5419 impletur
717 5354 940 5420 mensis,
976 5357 1052 5411 ita
1096 5357 1320 5430 singula:
1355 5361 1581 5418 virtutes
1615 5365 1727 5419 suis
1771 5380 1999 5435 quaeque

415 5441 664 5513 passibus
711 5444 779 5499 ad
835 5445 1222 5516 perfectionem
1282 5454 1620 5523 perveniunt.
1674 5455 1739 5510 lli
1781 5471 1996 5514 menses

415 5547 698 5604 quousque
722 5536 999 5606 plenitudo
1023 5539 1259 5609 gentium
1291 5543 1472 5609 intret,
1497 5560 1716 5602 currere
1741 5563 1848 5603 non
1877 5562 1995 5604 ces-

416 5633 555 5678 sant.
589 5625 829 5682 Tandem
851 5631 1066 5688 rediens
1099 5631 1268 5704 David
1295 5651 1476 5692 arcam
1501 5639 1556 5693 in
1583 5640 1860 5696 civitatem
1889 5641 1993 5697 Da-

485 5747 512 5775 ι
539 5736 834 5795 Divertere.

2135 3262 2292 3317 ﬁdem
2349 3265 2796 3341 devotionemque
2850 3273 3105 3332 Ecclesiae
3172 3286 3526 3341 commendat
3583 3262 3732 3346 Patri

2131 3350 2380 3410 Christus
2411 3355 2590 3428 (Rom.
2625 3375 2742 3428 vm,
2772 3362 2884 3436 54),
2934 3367 3025 3437 qui
3060 3377 3135 3422 est
3178 3371 3248 3425 ad
3291 3373 3570 3434 dexteram
3614 3382 3732 3450 Dei,

2131 3445 2220 3516 qui
2248 3447 2408 3502 etiam
2427 3449 2726 3522 interpellat
2747 3473 2841 3526 pro
2866 3458 3033 3514 nobis.
3060 3460 3162 3529 Qui
3204 3464 3259 3520 in
3297 3471 3614 3540 exemplum

2127 3536 2217 3590 vid
2247 3536 2432 3593 ﬁdeles
2480 3539 2818 3615 humilesque
2865 3548 3192 3610 benedicens
3223 3536 3476 3614 salubris—
3498 3567 3730 3634 mysterii

2127 3626 2300 3694 pascit
2337 3628 2630 3686 alimentis.
2673 3635 2915 3692 Partitur
2961 3642 3183 3713 singulis
3225 3626 3726 3724 collyridam'patu's

2126 3733 2304 3784 unam,
2345 3719 2432 3789 (ΙΙ
2461 3720 2591 3793 Reg.
2623 3739 2698 3792 vr,
2744 3727 2796 3792 6,
2829 3730 2958 3803 etc.)
2988 3732 3131 3790 illius
3162 3736 3354 3808 utique
3386 3741 3481 3810 qui
3515 3719 3725 3798 decdo

2123 3809 2409 3877 descendit,
2450 3821 2506 3867 et
2544 3815 2636 3871 dat
2677 3818 2835 3872 vitam
2867 3820 2987 3876 huic
3036 3826 3253 3881 mundo.
3296 3809 3485 3899 (Joan.
3529 3850 3608 3898 τι,
3641 3836 3720 3898 33,

2122 3897 2210 3965 48,
2240 3901 2371 3974 etc.)
2409 3904 2476 3959 Et
2513 3916 2809 3963 assaturam
2860 3912 3068 3970 bubqu
3118 3897 3316 3973 carnis
3345 3939 3538 3991 unam,
3589 3897 3722 3982 illius

2122 3991 2327 4048 scilicet
2349 3996 2500 4051 vituli
2529 3999 2782 4069 saginati,
2816 4004 2907 4073 qui
2937 4022 3037 4076 pro
3068 4019 3376 4069 revertente
3404 4018 3474 4071 ad
3513 4031 3724 4089 patrem

2120 4080 2230 4139 ﬁlio
2251 4085 2467 4154 juniore
2508 4098 2776 4147 mactatus
2811 4102 2864 4149 et
2893 4096 3017 4168 igne
3056 4102 3330 4170 passionis
3362 4119 3590 4168 assatus
3624 4127 3723 4174 est.

2119 4175 2342 4231 dicens:
2374 4179 2601 4248 (Psalm.
2642 4200 2756 4250 xxx,
2796 4186 2882 4259 16)
2930 4187 3158 4245 Exaruit
3202 4194 3341 4249 velut
3377 4208 3518 4254 testa
3568 4207 3723 4258 rimis

2118 4282 2251 4320 mea.
2285 4267 2370 4338 (II
2402 4268 2531 4340 Reg.
2574 4286 2648 4335 v1,
2685 4273 2774 4345 19)
2822 4275 2890 4329 Et
2933 4278 3162 4335 similam
3197 4283 3400 4351 [rixam
3439 4289 3582 4358 oleo,
3613 4310 3714 4347 car-

2116 4369 2240 4408 nem
2279 4357 2530 4414 videlicet
2577 4376 2607 4414 a
2653 4363 2858 4432 peccati
2890 4365 3013 4425 labe
3041 4372 3489 4442 mundissimam,
3529 4382 3629 4435 sed
3659 4383 3723 4436 ob

2117 4448 2368 4504 humanae
2407 4451 2596 4508 salutis
2626 4454 2957 4513 uberrimam
2991 4460 3354 4529 dilectionem,
3383 4471 3575 4527 erucis
3615 4490 3714 4528 sar-

2037 4553 2090 4614 D
2117 4542 2296 4628 tagine
2323 4550 2536 4598 testam.
2565 4545 2632 4599 Et
2663 4548 2858 4604 merito
2889 4567 2994 4605 una
3022 4554 3179 4622 panis
3209 4555 3501 4630 collyrida,
3532 4573 3590 4619 et
3623 4583 3724 4620 una

2116 4633 2297 4688 carnis
2336 4643 2579 4691 assatura
2608 4637 2786 4704 datur,
2823 4641 2947 4711 quia
2982 4642 3196 4715 (Ephes.
3229 4663 3304 4714 tv,
3337 4648 3392 4721 5)
3444 4669 3590 4709 unus
3621 4657 3716 4710 Do-

2114 4727 2305 4790 minus,
2328 4744 2437 4783 una
2463 4730 2614 4798 ﬁdes,
2638 4749 2800 4787 unum
2831 4734 3104 4807 baptisma,
3135 4757 3271 4795 unus
3297 4741 3473 4811 Deus,
3495 4758 3551 4800 et
3577 4764 3722 4818 pater

2112 4820 2364 4874 omnium.
2388 4821 2560 4876 Aliter
2584 4825 2699 4878 hmo
2720 4841 2944 4881 munera
2967 4828 3152 4884 ﬁdeles
3178 4833 3483 4904 accipiunt,
3502 4841 3721 4908 quando

2113 4908 2164 4980 (Ι
2196 4909 2316 4965 Cor.
2349 4927 2402 4972 x,
2435 4911 2521 4984 17)
2547 4930 2683 4969 unus
2719 4919 2872 4986 panis
2906 4927 2953 4973 et
2990 4937 3152 4975 unum
3197 4940 3386 4995 corpus
3429 4930 3597 4984 multi
3634 4951 3718 4985 su-

2110 5017 2227 5056 mus
2254 5003 2310 5056 in
2338 5002 2581 5071 Christo,
2611 5015 2665 5061 et
2695 5022 2804 5063 sua:
2849 5011 3031 5066 carnis
3065 5013 3259 5083 singuli
3288 5015 3586 5077 lasciviam
3632 5040 3719 5079 ca—

2107 5091 2367 5161 stigantes
2416 5110 2481 5151 ac
2529 5097 2777 5153 servituti
2823 5101 3194 5171 subjicientes,
3244 5111 3421 5164 sancti
3475 5112 3717 5182 Spiritus

2104 5182 2228 5253 igne
2250 5185 2573 5256 decoquunt,
2602 5203 2701 5244 nec
2723 5205 2829 5245 non
2853 5201 2910 5247 et
2927 5191 3134 5252 fructus
3160 5211 3385 5267 operum
3411 5201 3708 5266 bonorum,

2101 5273 2220 5330 oleo
2253 5277 2643 5335 misericordiae
2677 5282 3033 5353 pinguissimo
3059 5291 3436 5358 compassione
3467 5298 3710 5365 proximi

2099 5362 2309 5419 fervere
2340 5364 2566 5422 faciunt.
2603 5370 2688 5442 (II
2719 5371 2869 5445 Reg.,
2910 5392 2984 5444 vr,
3019 5395 3065 5433 v.
3106 5378 3196 5453 25)
3231 5381 3300 5435 At
3348 5362 3546 5440 contra
3596 5387 3709 5441 ﬁlia

2099 5453 2226 5510 Saul
2259 5455 2458 5514 frustra
2502 5461 2807 5520 cubiculum
2857 5469 3000 5540 regis
3041 5469 3302 5541 ingressa,
3354 5475 3534 5532 nullos
3578 5493 3705 5532 con-

2095 5553 2236 5621 cepti
2262 5554 2485 5610 seminis
2513 5555 2719 5615 fructus
2747 5561 2838 5616 dat
2865 5580 2878 5617 :
2909 5563 3034 5633 quia
3061 5565 3155 5634 qui
3184 5566 3408 5621 verbum
3438 5569 3533 5624 Dei
3561 5586 3700 5625 aure

2094 5647 2252 5697 tenus
2305 5647 2644 5716 percipiunt,
2696 5652 2898 5721 absque
2941 5653 3067 5708 boni
3116 5656 3296 5726 operis
3340 5657 3496 5727 prole
3544 5659 3694 5713 diem

2162 5751 2470 5834 h‘Videqute
2492 5759 2651 5816 tradit
2668 5763 2997 5834 Augustinus
3016 5782 3165 5823 num.
3181 5769 3215 5825 5
3230 5768 3610 5827 Enarrationis
3633 5773 3688 5830 in.

2042 5886 2072 5900 _
2089 5819 2225 5890 psal.
2256 5835 2342 5880 ιν.
