3940 6340
136 367 248 427 697

784 365 1246 436 QUESTIONES
1285 368 1436 426 XXX
1475 365 1702 424 SUPER
1740 361 1989 421 LIBROS
2025 365 2288 424 REGUM.
2326 395 2398 408 -—
2435 365 2635 422 LIBER
2670 366 2732 422 ll.

3287 371 3390 428 698

130 491 409 558 perpetuat
453 482 646 538 mortis
697 491 1026 553 exspectant.
1068 503 1086 537 ›
1147 497 1174 525 α
1218 483 1277 539 In
1334 486 1437 540 hac
1490 483 1715 539 historia
1742 481 1978 539 Anibus
2004 490 2277 554 appetunt,
2327 491 2485 552 atque
2513 497 2672 537 omne
2699 482 2840 551 quod
2866 491 3010 550 sunt,
3056 484 3291 554 dejeetos
3332 501 3391 541 se

134 577 280 632 beati
316 575 458 646 regis
503 584 558 629 et
598 576 873 646 prophetas
917 576 1102 641 David,
1129 591 1235 646 qua
1279 591 1460 632 arcam
1488 577 1582 631 Dei
1625 577 1718 632 ad-

135 669 355 723 duxisse
409 678 696 733 narratur,
745 670 1020 726 moraliter
1058 671 1334 727 humilitas
1390 673 1715 740 approbata,

135 757 386 826 superbia
417 757 668 813 damnata
696 766 751 814 et
775 760 1050 815 temeritas
1071 759 1341 816 vindicata
1363 769 1715 828 monstratur,

136 851 264 921 quia
296 860 352 907 et
391 852 505 921 ipse
554 853 724 908 David
760 870 946 911 coram
1001 871 1128 911 arca
1184 857 1398 913 Domini
1437 857 1720 930 humiliter

135 946 336 1001 saltare
360 961 468 1000 non
491 947 707 1001 erubuit
741 945 812 1020 (υ.
847 947 958 1020 14),
988 964 1114 1004 mox
1142 948 1553 1020 promissionem
1595 948 1718 1004 Filii

136 1036 338 1105 Dei.ex
361 1051 456 1090 sua
487 1037 655 1106 stirpe
690 1039 950 1093 nascituri
990 1041 1264 1110 suscipere
1306 1041 1638 1111 promeruit:
1665 1051 1719 1097 et

133 1127 353 1196 conjux,
401 1145 520 1199 quae
568 1130 814 1185 eamdem
860 1131 1003 1187 illius
1043 1131 1398 1188 humilitatem
1452 1134 1716 1204 despexit,

133 1222 253 1292 ejus
301 1222 507 1277 semine
546 1222 826 1278 fecundari
853 1239 961 1279 non
983 1226 1198 1292 merita,
1227 1236 1502 1297 perpetua:
1524 1227 1720 1283 sterili-

136 1315 262 1368 tatis
293 1328 485 1383 pmnas
515 1314 632 1368 luit.
660 1315 863 1370 Intueri
896 1317 1041 1372 enim
1066 1317 1196 1374 libet
1232 1329 1432 1389 quanta
1459 1320 1720 1376 virtutum

131 1420 358 1459 munera
388 1405 557 1459 David
581 1407 863 1476 percipiat,
893 1417 1056 1479 atque
1081 1409 1134 1463 in
1158 1409 1243 1466 bis
1262 1411 1536 1476 omnibus,
1557 1426 1719 1481 quam

132 1492 344 1548 fortiter
370 1510 428 1549 se
458 1495 761 1550 humilitate
790 1497 1060 1552 servabat.
1087 1499 1116 1537 δ
1161 1517 1180 1551 ‹
1214 1499 1384 1567 Quem
1424 1501 1569 1555 enim
1611 1515 1720 1555 non

99 1571 415 1657 iextolleret
461 1602 557 1642 ora
603 1586 822 1642 leonum
862 1587 1154 1658 frangere?
1196 1607 1451 1646 ursorum
1498 1592 1719 1648 brachia

131 1679 414 1748 dissipare,
451 1679 504 1750 (Ι
531 1679 654 1750 Reg.
701 1696 832 1747 xvn,
877 1679 967 1752 58)
1014 1682 1280 1752 despectis
1304 1684 1578 1755 prioribus
1612 1685 1722 1740 fra-

130 1770 310 1824 tribus
336 1769 477 1841 eligi,
508 1769 638 1842 (xvi,
680 1771 767 1836 12,
797 1779 843 1825 et
875 1786 1028 1837 xvm,
1058 1773 1462 1846 28);reprobato
1493 1791 1618 1847 rege
1652 1776 1720 1831 ad

129 1862 283 1930 regni
309 1863 672 1932 gubernacula
699 1865 826 1937 ungi
851 1863 1148 1919 timendum
1170 1866 1380 1921 cunctis
1408 1882 1514 1921 uno
1539 1866 1715 1937 lapide

128 1953 340 2009 Goliam
381 1963 625 2011 sternere
655 1956 785 2029 (xvi,
816 1959 931 2032 50),
974 1975 1004 2014 a
1037 1975 1163 2032 rege
1203 1961 1478 2029 proposita
1509 1960 1716 2015 exstin-

129 2045 233 2099 ctis
259 2045 538 2117 aIIOphylis
583 2063 868 2104 numerosa
893 2051 1155 2122 przeputia
1194 2059 1495 2120 reportare,
1531 2050 1710 2122 (xvut,

130 2136 222 2209 27)
252 2139 571 2207 promissum
604 2142 822 2197 tandem
850 2157 1074 2214 regnum
1102 2145 1401 2214 percipere,
1433 2153 1714 2200 cunctum-

128 2245 234 2300 que
280 2229 635 2287 lsraeliticum
677 2235 935 2305 populum
975 2238 1091 2292 sine
1135 2237 1240 2292 ulla
1288 2237 1715 2293 contradictione

127 2320 436 2389 possidere?
463 2320 551 2391 (II
585 2321 710 2394 Reg.
741 2341 796 2392 v,
831 2326 882 2399 1)
913 2325 980 2381 Et
1007 2336 1183 2383 tamen
1225 2343 1348 2382 cum
1398 2343 1580 2385 aream
1619 2329 1714 2384 Dei

131 2410 464 2466 Hierusalem
495 2422 729 2482 revocat,
767 2418 922 2485 quasi
968 2417 1166 2473 oblitus
1208 2419 1486 2489 praelatum
1513 2435 1572 2474 se
1599 2435 1716 2474 om-

129 2504 318 2570 nibus,
357 2503 619 2561 admistus
667 2508 875 2579 populis
905 2518 1031 2566 ante
1073 2525 1255 2565 arcam
1287 2510 1467 2565 saltat.
1497 2510 1564 2565 Et
1590 2512 1715 2580 quia

128 2610 311 2649 coram
359 2611 485 2652 arca
531 2597 747 2665 saltare,
790 2608 848 2654 ut
893 2602 1152 2669 creditur,
1195 2602 1338 2672 vulgi
1360 2619 1490 2673 .mos
1517 2602 1712 2670 fuerat,

127 2702 224 2740 rex
257 2703 312 2742 se
351 2688 406 2743 in
453 2689 632 2744 divino
678 2691 935 2763 obsequio
979 2708 1079 2764 per
1119 2693 1313 2748 saltum
1343 2701 1505 2748 rotat.
1552 2694 1712 2760 Ecce,

127 2794 288 2850 quem
335 2781 593 2839 Dominus
636 2785 848 2840 cunctis
887 2785 1237 2857 singulariter
1280 2787 1555 2858 praetulit,
1598 2802 1716 2843 sese

128 2875 230 2927 sub
285 2873 550 2938 Domino,
629 2884 685 2931 et
729 2878 1061 2948 exmquando
1121 2879 1359 2934 minimis
1405 2888 1460 2935 et
1507 2877 1716 2950 abjecta

125 2966 430 3024 exhibendo
459 2972 776 3025 contemnit.
808 2970 926 3028 Non
954 2980 1196 3042 potestas
1224 2974 1374 3044 regni
1419 2974 1486 3027 ad
1514 2988 1719 3029 memo-

124 3060 265 3115 riam
317 3061 622 3130 reducitur,
666 3079 775 3120 non
829 3065 1197 3134 subjectorum
1245 3066 1418 3121 oculis
1472 3065 1718 3121 saltando

125 3153 386 3208 vilescere
411 3155 604 3210 metuit
633 3173 645 3210 :
675 3171 783 3210 non
818 3171 876 3212 se
915 3157 1120 3212 honore
1160 3157 1440 3227 praelatum
1483 3158 1714 3226 czeteris,

123 3256 259 3302 ante
288 3247 398 3317 ejus
425 3263 629 3317 arcam,
671 3250 763 3320 qui
786 3251 1046 3305 honorem
1088 3251 1312 3305 dederat
1355 3250 1716 3322 recognoscit.

124 3339 331 3395 Coram
355 3341 576 3396 Domino
606 3343 716 3413 egit
746 3353 767 3381 ο
806 3343 1002 3397 debilia
1029 3343 1115 3397 vel
1139 3351 1403 3408 extrema,
1446 3352 1506 3397 ut
1534 3343 1622 3396 illa
1649 3360 1717 3398 ex

125 3434 434 3490 humilitate
479 3436 734 3490 solidaret
763 3451 882 3507 quae
910 3451 1092 3493 coram
1130 3437 1438 3492 hominibus
1475 3444 1718 3507 gesserat

125 3527 309 3582 fortia.
337 3527 474 3593 Quid
499 3528 566 3582 de
592 3525 708 3595 ejus
733 3527 890 3583 factis
916 3527 984 3582 ab
1016 3528 1134 3585 aliis
1166 3529 1449 3595 sentiatur,
1483 3529 1671 3599 ignoro
1699 3545 1712 3581 :

125 3632 228 3689 ego
256 3617 421 3672 David
444 3617 562 3687 plus
586 3618 873 3673 saltantem
904 3625 1112 3690 stupeo,
1149 3635 1309 3688 quam
1350 3627 1714 3691 pugnantem;

123 3710 413 3782 pugnando
449 3710 644 3780 quippe
692 3711 902 3765 hostem
941 3711 1196 3777 subdidit,
1241 3697 1491 3766 saltando
1536 3717 1718 3765 autem

124 3816 308 3856 coram
343 3801 570 3856 Domino
595 3802 942 3872 semetipsum
977 3802 1146 3857 vicit:
1183 3816 1342 3872 quem
1385 3802 1580 3858 Michol
1607 3802 1718 3858 ﬁlia

125 3893 260 3948 Saul
286 3894 462 3948 adhuc
490 3909 558 3949 ex
602 3904 811 3951 tumore
854 3894 882 3934 ἀ
930 3896 1093 3967 regiae
1125 3897 1300 3966 gentis
1344 3897 1555 3963 insana,
1594 3913 1719 3954 cum

121 3985 469 4042 humiliatum
493 3987 810 4057 despiceret,
845 3987 1031 4043 dicens
1057 4007 1069 4040 :
1102 3986 1256 4059 (vers.
1286 3987 1376 4060 20)
1405 3986 1574 4053 Quam
1603 3987 1719 4059 glo-

120 4078 304 4131 riosus
325 4075 422 4146 fuit
456 4076 609 4130 hodie
633 4093 722 4130 rea:
751 4075 940 4142 Israel,
976 4077 1357 4146 discooperiens
1389 4095 1443 4131 se
1483 4087 1602 4132 ante
1625 4095 1721 4132 an-

122 4167 282 4222 cillas
307 4183 569 4222 servorum
599 4183 836 4233 suorum,
875 4175 924 4221 et
964 4166 1192 4220 nudatus
1234 4176 1330 4233 est,
1359 4168 1512 4238 quasi
1545 4169 1590 4221 si
1622 4184 1722 4221 nu-

121 4259 284 4311 detur
307 4274 444 4312 unus
480 4257 542 4311 de
577 4258 796 4323 scurris,
826 4256 1073 4327 protinus
1116 4257 1321 4312 audivit
1365 4274 1380 4314 :
1427 4263 1579 4330 (vers.
1628 4258 1720 4330 22)

131 4350 274 4404 Vivit
300 4349 579 4416 Dominus,
609 4350 732 4420 quia
766 4349 946 4403 ludam
977 4359 1097 4404 ante
1131 4351 1416 4405 Dominum
1455 4353 1544 4422 qui
1572 4349 1722 4421 elegit

122 4459 209 4496 me
230 4442 406 4512 potius
445 4458 601 4512 quam
628 4450 829 4512 patrem
859 4451 1026 4494 tuum.
1060 4442 1128 4496 Et
1150 4442 1312 4512 paulo
1354 4451 1477 4513 post
1503 4443 1580 4497 ait
1612 4461 1623 4498 :
1653 4441 1723 4496 Et

1818 574 2138 640 exhibendo,
2163 583 2544 642 contemnunt;
2586 575 2679 629 sed
2710 583 2889 630 tamen
2927 577 3066 646 apud
3105 593 3162 633 se
3191 578 3393 632 intror-

1818 683 1931 732 sus,
1959 669 2113 737 quasi
2155 683 2223 723 ex
2249 669 2363 739 ipso
2402 668 2596 724 merito
2634 674 2866 722 ostensae
2893 667 3118 723 vilitatis
3163 669 3393 724 intume-

1817 765 1996 823 scunt,
2026 766 2080 812 et
2118 767 2268 814 tanto
2311 759 2482 831 magis
2521 759 2576 813 in
2626 759 2788 814 corde
2831 758 2956 814 elati
3002 767 3146 824 sunt,
3193 769 3393 829 quanto

1818 849 2045 919 amplius
2088 849 2143 903 in
2191 851 2369 920 specie
2394 850 2680 905 elationem
2708 858 2977 920 premunt.
3009 851 3139 918 Quae
3165 860 3394 922 utraque

1816 941 1978 997 unius
2004 941 2250 997 elationis
2287 942 2448 1008 bella,
2478 958 2670 1015 magna
2720 943 2888 997 David
2917 943 3398 1014 circumspectione

1819 1035 2192 1106 deprehendit,
2219 1035 2356 1089 mira
2398 1036 2599 1090 virtute
2630 1036 2918 1106 superavit.
2965 1036 3100 1103 Quia
3140 1037 3283 1091 enim
3333 1038 3399 1092 de

1819 1128 2108 1197 semetipso
2153 1127 2301 1181 intus
2331 1126 2552 1180 humilia
2582 1127 2840 1192 sentiens,
2870 1126 3133 1182 honorem
3162 1109 3400 1181 exterius

1818 1233 1925 1273 non
1939 1217 2154 1286 qurerit,
2171 1216 2429 1281 insinuat,
2449 1216 2634 1271 dicens
2659 1236 2671 1270 :
2691 1216 2842 1288 (vers.
2859 1215 2951 1289 22)
2968 1215 3171 1271 Ludam
3191 1228 3236 1271 et
3250 1217 3402 1271 vilior

1818 1310 1963 1380 ﬁam.
2003 1311 2070 1364 Et
2103 1311 2229 1381 quia
2257 1325 2355 1380 per
2396 1312 2499 1365 hoc
2527 1311 2670 1380 quod
2698 1311 2859 1366 vilem
2893 1327 2952 1367 se
2985 1313 3222 1367 exterius
3263 1328 3400 1382 prte-

1817 1402 1954 1468 buit,
1979 1416 2320 1472 nequaquam
2349 1400 2575 1456 interius
2607 1402 2931 1468 intumescit,
2954 1401 3194 1472 adjungit
3222 1421 3234 1456 :
3265 1401 3404 1455 Ero-

1818 1512 1916 1567 que
1941 1494 2153 1549 humilis
2194 1496 2247 1548 in
2291 1494 2456 1549 oculis
2494 1495 2658 1560 meis;
2689 1511 2753 1550 ac
2787 1495 2833 1550 si
2860 1495 3004 1550 dicat
3033 1514 3046 1549 :
3075 1495 3287 1564 qualem
3317 1509 3403 1548 me

1820 1588 2058 1643 exterius
2082 1587 2386 1656 despiciens
2425 1587 2675 1653 exhibeo,
2714 1586 2876 1644 talem
2921 1603 3009 1641 me
3049 1587 3274 1641 interius
3322 1593 3404 1638 at-

1821 1680 2001 1735 tendo.
2031 1679 2168 1746 Quid
2195 1693 2323 1750 ergo
2367 1679 2540 1734 acturi
2585 1687 2731 1745 sunt,
2759 1695 2894 1749 quos
2937 1680 3179 1735 doctrina
3205 1680 3400 1745 elevat,

1822 1774 1867 1828 si
1894 1773 2064 1828 David
2108 1789 2174 1828 ex
2221 1788 2386 1828 carne
2427 1789 2524 1828 sua
2553 1781 2838 1829 venturum
2871 1773 3284 1844 Redemptorem
3315 1790 3406 1828 no-

1746 1845 1793 1907 Β
1821 1874 1992 1931 verat,
2021 1865 2244 1935 ejusque
2268 1865 2462 1936 gaudia
2488 1866 2858 1937 prophetando
2885 1866 3185 1930 nuntiabat,
3233 1873 3286 1919 et
3322 1873 3404 1919 ta-

1817 1973 1941 2012 men
1962 1958 2014 2011 in
2046 1957 2333 2026 semetipso
2362 1957 2628 2012 cervicem
2656 1957 2836 2013 cordis
2862 1957 3038 2012 valida
3065 1958 3407 2014 discretionis

1816 2049 1964 2106 calce
1989 2049 2342 2120 deprimebat,
2373 2049 2559 2105 dicens
2602 2069 2612 2102 :
2663 2048 2874 2121 Eroque
2915 2049 3128 2103 humilis
3160 2050 3214 2103 in
3243 2050 3407 2104 oculis

1816 2141 1964 2194 meis.

1893 2251 1910 2284 ι
1945 2244 1967 2272 θ
1999 2232 2265 2289 Sacerdos
2293 2249 2527 2304 quoque.
2559 2235 2650 2304 qui
2678 2250 2863 2290 aream
2892 2235 3294 2292 inconsiderata
3331 2245 3410 2292 te-

1817 2325 2068 2380 meritate
2095 2327 2292 2397 tetigit,
2328 2342 2491 2382 ausus
2517 2328 2599 2383 sui
2643 2337 2855 2383 reatum
2895 2330 3188 2384 immatura
3235 2338 3410 2386 morte

1814 2419 2066 2489 purgavit
2097 2417 2116 2456 ί
2160 2418 2400 2475 minores
2447 2421 2851 2492 deterioresque
2898 2422 3266 2488 demonstrat,
3317 2422 3411 2493 qui

1817 2507 2115 2579 intelligere
2165 2523 2272 2563 non
2322 2510 2520 2577 valent,
2561 2519 2617 2565 et
2656 2512 2961 2582 despiciunt
3011 2513 3096 2568 vel
3137 2513 3280 2569 facta
3322 2526 3411 2580 vel

1817 2597 1960 2652 dicta
1989 2598 2294 2663 meliorum,
2323 2599 2419 2654 sed
2447 2613 2510 2654 eo
2543 2601 2610 2655 ab
2635 2601 2715 2655 eis
2745 2615 2851 2654 non
2887 2610 3092 2657 temere
3119 2604 3411 2672 reprehen-

1817 2689 1990 2744 denda
2039 2698 2184 2760 sunt,
2217 2706 2323 2761 quo
2365 2691 2696 2760 apprehendi
2750 2693 3019 2748 veraciter
3068 2708 3411 2763 nequaquam

1815 2789 2061 2850 possunt.
2121 2779 2273 2852 Saepe
2329 2780 2533 2850 aliquid
2585 2796 2615 2835 a
2672 2783 2969 2852 majoribus
3019 2782 3412 2852 dispensatorie

1818 2873 2014 2943 agitur,
2055 2873 2200 2943 quod
2223 2889 2251 2926 a
2283 2873 2585 2928 minoribus
2615 2889 2769 2929 error
2790 2882 3031 2944 putatur,
3061 2890 3201 2945 saepe
3241 2874 3410 2931 multa

1819 2982 1850 3020 a
1878 2966 2106 3022 fortibus
2142 2966 2414 3030 dicuntur,
2461 2980 2582 3036 quae
2627 2966 2829 3021 idcirco
2859 2965 3059 3021 infirmi
3089 2965 3406 3034 dijudicant,

1819 3059 1944 3129 quia
1988 3059 2259 3130 ignorant.
2295 3057 2450 3125 Quod
2496 3059 2633 3113 bene
2672 3058 2844 3114 bobus
2891 3057 3300 3113 calcitrantibus
3329 3059 3412 3112 in-

1822 3151 2019 3207 clinata
2064 3151 2156 3206 illa
2196 3151 2506 3206 testamenti
2555 3165 2684 3206 arca
2733 3150 3076 3223 significavit,
3109 3167 3271 3221 quam
3319 3151 3411 3221 qui

1824 3259 2074 3299 casuram
2096 3243 2322 3298 credens
2364 3242 2555 3298 levites
2593 3243 2804 3313 erigere
2827 3241 3017 3308 voluit,
3050 3246 3184 3296 mox‘
3200 3249 3414 3296 senten-

1824 3336 1954 3390 tiam
1993 3334 2185 3390 mortis
2226 3334 2454 3405 accepit.
2493 3333 2633 3402 Quid
2681 3342 2763 3388 est
2805 3349 3041 3404 namque
3073 3348 3226 3388 mens
3253 3331 3410 3402 justi,

1819 3430 1926 3486 nisi
1958 3445 2085 3485 arca
2131 3428 2465 3495 testamenti,
2500 3442 2622 3498 quae
2660 3435 2874 3500 gestata
2918 3427 3090 3482 bobus
3127 3426 3415 3482 calcitran-

1821 3523 1963 3579 tibus
1984 3521 2309 3576 inclinatur?
2337 3520 2474 3587 Quia
2501 3535 2888 3589 nonnunquam
2932 3519 3098 3574 etiam
3139 3519 3234 3590 qui
3275 3519 3414 3573 bene

1817 3624 2050 3690 praeest,
2116 3615 2242 3671 dum
2295 3613 2660 3682 subjectorum
2709 3612 3030 3685 populorum
3096 3610 3412 3667 confusione

1819 3708 2150 3773 concutitur,
2203 3706 2270 3760 ad
2317 3705 2734 3774 dispensationis
2784 3704 3296 3760 condescensionem
3342 3719 3412 3759 ex

1820 3801 1934 3856 sola
1954 3799 2242 3854 dilectione
2281 3807 2583 3868 promovet.
2629 3797 2736 3851 Sed
2774 3797 2830 3852 in
2877 3798 2981 3852 hoc
3023 3796 3165 3866 quod
3197 3796 3413 3864 dispen-

1820 3893 2028 3948 satione
2055 3890 2251 3962 agitur,
2293 3889 2569 3943 inclinatio
2596 3890 2710 3957 ipsa
2747 3888 3100 3953 fortitudinis,
3129 3903 3288 3943 casus
3314 3903 3413 3958 pu-

1822 3992 1970 4039 tatur
2020 3980 2304 4052 imperitis.
2349 3979 2502 4035 Unde
2547 3987 2602 4033 et
2641 3978 2884 4033 nonnulli
2953 3979 3154 4034 subditi
3219 3988 3411 4035 contra

1821 4077 1963 4130 hanc
1986 4087 2205 4128 manum
2224 4070 2660 4140 reprehensionis
2687 4071 2907 4124 mittunt
2931 4086 2945 4136 ;
2978 4070 3072 4126 sed
3095 4086 3125 4125 a
3152 4071 3264 4126 vita
3291 4086 3414 4142 pro-

1824 4168 1968 4223 tinus
2017 4168 2132 4239 ipsa
2190 4181 2286 4222 sua
2340 4167 2643 4222 temeritate
2689 4166 2965 4222 deficiunt.
3015 4166 3230 4222 Levites
3282 4182 3412 4238 ergo

1823 4260 1977 4332 quasi
2004 4259 2264 4330 adjuvans
2293 4275 2513 4315 manum
2558 4259 2784 4314 tetendit
2809 4277 2822 4314 :
2851 4260 2945 4315 sed
2991 4259 3307 4329 delinquens
3331 4260 3412 4315 vi-

1826 4359 1935 4407 tam
1963 4353 2218 4424 perdidit,
2244 4353 2369 4423 quia
2409 4353 2537 4408 dum
2576 4352 2774 4408 inﬁrmi
2798 4353 2997 4424 quique
3023 4351 3242 4408 fortium
3268 4351 3410 4406 facta

1825 4445 2146 4514 corripiunt,
2180 4445 2281 4516 ipsi
2313 4461 2345 4501 a
2372 4446 2670 4501 viventium
2700 4453 2844 4501 sorte
2889 4445 3269 4516 reprobantur.
3299 4442 3413 4497 Ali-

122 4533 346 4600 ludam,
379 4542 427 4588 et
456 4533 609 4588 vilior
650 4533 778 4603 [iam
818 4533 1095 4606 plusquam
1141 4535 1313 4604 factus
1350 4553 1465 4590 sum
1487 4577 1502 4603 ,
1533 4553 1722 4608 eroque
1746 4573 1800 4634 D
1825 4539 2040 4610 quando
2075 4539 2237 4595 etiam
2267 4540 2440 4594 sancti
2490 4540 2592 4594 viri
2636 4540 2880 4610 quaedam
2926 4539 3166 4593 minimis
3211 4536 3410 4592 conde-

120 4625 346 4679 humilis
371 4625 426 4678 in
454 4624 619 4681 oculis
658 4625 805 4679 meis.
838 4624 918 4681 Ac
943 4627 987 4680 si
1016 4635 1202 4696 aperte
1233 4627 1376 4682 dicat
1406 4645 1417 4680 :
1448 4626 1719 4684 Vilescere

121 4732 318 4773 coram
370 4715 676 4771 hominibus
723 4725 933 4788 appeto,
976 4718 1103 4788 quia
1151 4733 1370 4773 scrvare
1414 4733 1500 4772 me
1534 4734 1719 4774 coram

118 4809 364 4864 Domino
414 4808 706 4880 ingenuum
755 4825 854 4880 per
908 4809 1270 4865 humilitatem
1325 4826 1525 4880 quaero.
1584 4810 1722 4867 Sunt

119 4918 262 4957 vero
311 4901 550 4956 nonnulli
596 4903 688 4972 qui
738 4902 803 4957 de
858 4903 1159 4972 semetipsis
1189 4903 1412 4957 humilia
1456 4906 1719 4972 sentiunt,

118 4996 260 5068 quia
282 4996 338 5050 in
365 4996 661 5051 hoiioribus
690 4997 849 5065 positi
897 4997 1032 5050 nihil
1053 5012 1111 5052 se
1145 5013 1282 5064 esse,
1315 4999 1419 5053 nisi
1444 4999 1721 5069 pulverem

118 5087 502 5158 favillamque,
527 5089 895 5159 perpendunt;
928 5089 1022 5144 sed
1067 5097 1244 5143 tamen
1273 5104 1454 5145 coram
1490 5093 1724 5147 homini-

117 5183 232 5237 bus
260 5181 396 5236 viles
422 5196 681 5252 apparere
711 5180 1001 5254 refugiunt,
1033 5192 1086 5237 et
1109 5191 1299 5237 contra
1328 5184 1452 5249 hoc,
1490 5184 1633 5255 quod
1659 5185 1725 5240 de

119 5291 186 5331 se
221 5275 456 5330 interius
484 5275 744 5346 cogitant,
775 5276 929 5344 quasi
962 5276 1133 5346 rigida
1182 5276 1421 5330 exterius
1447 5285 1727 5334 venustate

117 5367 450 5438 palliantur.
474 5367 541 5422 Et
565 5376 690 5422 sunt
717 5367 958 5424 nonnulli
981 5368 1074 5438 qui
1103 5367 1239 5422 viles
1260 5367 1431 5422 videri
1463 5367 1530 5422 ab
1554 5369 1728 5426 homi-

201 5512 232 5542 ει
270 5498 542 5555 Hactenus
577 5499 743 5555 etiam
777 5499 1050 5555 Rabanus.

201 5571 235 5610 δ
283 5571 416 5638 Quae
443 5572 843 5642 subsequuntur
879 5571 1179 5642 expressim
1214 5568 1454 5642 invenies
1479 5586 1596 5642 cap.
1633 5572 1726 5642 46,

116 5643 274 5699 alias
297 5658 448 5696 num.
468 5641 533 5694 77
552 5650 606 5698 et
627 5642 692 5695 78
714 5642 834 5697 libri
851 5657 998 5697 xxvii
1025 5641 1306 5697 Moralium
1337 5642 1392 5696 in
1421 5641 1520 5699 Job
1545 5641 1574 5698 a
1604 5659 1730 5700 san-

115 5724 222 5770 cto
253 5711 520 5784 Gregorio
551 5713 1010 5769 elucubratorum.

204 5783 433 5859 Elidit},
476 5783 624 5859 vilia;
667 5785 1145 5859 sed__retinendum
1186 5792 1316 5858 puto
1362 5785 1572 5856 debilia,
1609 5802 1731 5859 (Ιιιω

116 5854 355 5912 scilicet
378 5853 683 5913 humilitate
711 5854 987 5914 solidaret.

1825 4631 2148 4686 scendentes
2190 4631 2398 4698 dicunt,
2448 4631 2695 4701 quaedam
2741 4645 2871 4686 vero
2917 4645 3125 4686 summa
3170 4637 3410 4684 contem-

1822 4724 2033 4794 plantes
2055 4723 2370 4795 proferunt:
2403 4725 2638 4796 dumque
2665 4726 2776 4779 vim
2815 4724 2901 4780 vel
2940 4723 3410 4780 condescensionis

1823 4815 1905 4868 vel
1927 4815 2222 4870 altitudinis
2245 4817 2513 4883 nesciunt,
2537 4818 2794 4871 audacter
2815 4816 2930 4871 haec
2952 4815 3099 4870 stulti
3122 4817 3410 4885 reprehen-

1824 4907 1978 4961 dunt.
2005 4907 2074 4961 Et
2094 4907 2225 4978 quid
2249 4905 2552 4976 estjustum
2581 4908 2646 4962 de
2670 4922 2766 4962 sua
2795 4907 3248 4964 condescensione
3273 4908 3411 4964 velle

1825 5001 2118 5070 corrigere,
2160 5000 2261 5054 nisi
2293 5000 2600 5056 inclinatam
2637 5016 2820 5055 arcam
2847 4998 3076 5070 superba
3119 5001 3410 5072 reprehen-

1827 5094 1994 5149 sionis
2022 5108 2183 5147 manu
2213 5091 2488 5148 relevare?
2534 5093 2672 5160 Quid
2697 5100 2778 5148 est
2811 5091 3018 5161 justum
3051 5094 3117 5148 de
3156 5103 3181 5141 8
3225 5094 3412 5150 incon-

1827 5187 1938 5242 dita
1963 5185 2235 5242 locutione
2261 5185 2679 5255 reprehendere,
2724 5184 2825 5241 nisi
2862 5192 3066 5239 motum
3107 5185 3224 5256 ejus
3253 5183 3409 5240 forti-

1828 5277 2048 5345 tudinis,
2081 5277 2284 5332 erroris
2306 5278 2512 5346 lapsum
2542 5276 2768 5347 putare?
2794 5275 2890 5331 sed
2924 5277 3100 5345 perdit
3123 5278 3289 5332 vitam
3314 5278 3408 5347 qui

1827 5385 2012 5426 arcam
2052 5369 2148 5424 Dei
2196 5368 2396 5423 tumide
2441 5368 2706 5434 sublevat,
2743 5367 2869 5439 quia
2907 5382 3245 5441 nequaquam
3289 5369 3410 5440 quis

1901 5503 1928 5544 ά
1956 5503 2124 5570 Edit.,
2156 5502 2283 5572 regii
2315 5502 2537 5572 generis.

1908 5585 1931 5645 ε
1958 5571 2440 5645 ἓειςθτᾱοῐθῃιξιεηθ
2467 5571 2718 5645 iptellige.

1909 5643 1927 5683 ί
1953 5644 2077 5715 llaec
2098 5643 2354 5715 exscribit
2375 5658 2444 5715 ex
2463 5641 2704 5715 Gregorii
2726 5641 2863 5700 libro
2877 5643 3203 5702 vMoralium
3232 5641 3405 5715 [nun].

1829 5714 2084 5796 24,_alias
2110 5728 2227 5784 cap.
2260 5713 2294 5770 9
2321 5714 2402 5771 vel
2430 5714 2517 5788 10]
2539 5713 2808 5779 Claudius,
2835 5717 2926 5786 qui
2951 5726 3129 5772 tamen
3151 5713 3407 5771 nonnulla

1831 5792 2079 5845 mutavit.

1906 5856 1932 5900 ο
1955 5853 2126 5927 Edlt.,
2160 5854 2443 5930 incognita.
