3940 6340
163 326 271 381 705

819 322 980 391 ρυλε
991 322 1278 382 STIONES
1316 321 1466 379 XXX
1505 316 1730 378 SUPER

1861 313 2017 376 IROS
2052 318 2316 377 REGUM.
2357 347 2428 360 —-
2462 317 2670 377 LIBER
2712 320 2779 377 ll.

3313 324 3420 382 706

155 451 215 497 et
238 457 310 495 ne
333 440 403 494 ad
431 437 862 508 desperationem
883 454 1218 504 corruamus,
1250 436 1463 493 fulcit.n
1487 436 1594 493 Sed
1619 437 1746 508 quia
1771 429 1826 492 Α
1849 431 2102 502 diximus,
2135 436 2336 493 electos
2366 450 2495 493 suos
2524 435 2784 492 Dominus
2824 449 2966 510 saepe
3012 439 3267 497 tentatori
3305 443 3432 498 sub-

155 532 413 600 exigente
439 543 626 593 causa,
658 527 826 582 David
853 529 919 583 ad
941 528 1179 583 medium
1205 528 1434 584 deducto
1451 567 1464 592 ,
1509 527 1644 582 tanti
1672 526 1752 581 fa-

155 622 372 678 cinoris
401 620 719 676 memoriam
746 619 1003 685 fecimus,
1033 620 1251 676 lectoris
1281 619 1510 675 fortasse
1537 620 1750 675 animus

157 723 438 776 movetur,
469 727 568 767 cur
598 712 938 782 omnipotens
963 711 1105 767 Deus
1133 727 1261 778 eos,
1307 726 1442 780 quos
1482 711 1536 765 in
1561 725 1752 780 perpe-

156 815 318 860 tuum
347 805 542 876 elegit,
574 820 709 875 quos
736 805 804 859 ad
847 805 1110 861 donorum
1139 820 1352 876 quoque
1385 805 1751 877 spiritualium

157 899 377 954 culmen
425 899 684 962 assumit,
731 897 926 953 illazsos
967 916 998 953 a
1045 898 1416 968 corporalibus
1451 898 1598 952 vitiis
1643 913 1752 952 non

158 989 444 1044 custodit?
482 989 634 1044 Unde
659 989 785 1058 quia
814 989 1066 1044 satisfieri
1111 990 1270 1044 citius
1294 989 1563 1045 credimus
1583 1029 1596 1054 ,
1627 989 1751 1043 bre-

157 1084 304 1138 viter
335 1086 724 1152 respondemus
745 1123 760 1148 ,
785 1083 1028 1138 nonnulli
1054 1083 1198 1138 enim
1226 1098 1322 1152 per
1351 1090 1572 1152 accepta
1612 1083 1751 1137 dona

156 1175 461 1235 virtutum,
493 1189 592 1243 per
638 1174 934 1244 impensam
965 1175 1195 1245 gratiam
1236 1175 1498 1229 bonorum
1528 1189 1752 1244 operum

159 1266 216 1319 in
245 1264 516 1333 superbia:
550 1263 739 1317 vitium
783 1264 1015 1330 cadunt;
1061 1265 1155 1319 sed
1202 1273 1381 1319 tamen
1422 1265 1451 1305 b
1487 1265 1753 1335 quomodo

158 1356 498 1421 ceciderunt,
529 1371 637 1410 non
660 1366 978 1425 agnoscunt.
1001 1356 1236 1412 Proinde
1261 1367 1449 1413 contra
1471 1374 1565 1414 eos
1583 1359 1754 1415 hostis

156 1452 442 1520 antiquus,
470 1452 561 1519 qui
583 1451 697 1520 jam
726 1449 956 1506 interius
976 1451 1306 1517 dominatur,
1330 1453 1569 1507 exterius
1589 1453 1754 1506 etiam

162 1543 360 1596 szevire
391 1543 755 1611 permittitur,
800 1551 859 1596 ut
888 1543 980 1614 qui
1016 1543 1069 1597 in
1099 1543 1424 1614 cogitatione
1451 1543 1575 1598 elati
1606 1551 1752 1609 sunt,

159 1648 263 1700 per
306 1633 487 1687 carnis
515 1631 785 1686 luxuriam
824 1641 1255 1703 prosternuntur.
1310 1634 1524 1690 Scimus
1571 1641 1754 1689 autem

161 1723 294 1792 quia
325 1723 609 1792 aliquando
652 1723 830 1778 minus
861 1733 943 1779 est
981 1726 1035 1779 in
1077 1727 1321 1795 corporis
1349 1727 1753 1796 corruptionem

1847 526 2008 598 jicit;
2045 529 2186 586 sicut
2219 538 2341 600 post
2380 515 2619 601 paradisi
2655 529 2888 584 claustra
2909 571 2924 598 ,
2965 541 3089 602 post
3123 535 3271 590 tertii
3305 535 3433 592 οωιί

1853 629 2092 686 secreta,
2125 636 2196 676 ne
2224 622 2610 678 revelationum
2650 622 3018 693 magnitudine
3057 623 3258 682 Paulus
3302 642 3430 698 apo-

1853 713 2025 768 stolus
2052 713 2235 769 extolli
2280 715 2561 784 potuisset,
2601 711 2699 785 (II
2735 711 2858 768 Cor.
2895 730 3005 781 xu,
3035 714 3098 788 7)
3130 717 3180 772 ei
3216 716 3433 778 Satanae

1853 805 2077 874 angelus
2103 807 2260 861 datus
2287 816 2404 862 est:
2453 806 2548 862 sed
2591 814 2652 860 ut
2679 806 2889 876 praefati
2923 823 3126 872 sumus,
3175 809 3290 879 ipsa
3334 811 3436 866 hac

1853 895 2151 950 tentatione
2187 895 2510 964 disponitur,
2537 903 2600 950 ut
2627 897 2720 966 qui
2760 897 2888 951 elati
2932 899 3114 968 perire
3151 907 3433 969 poterant,

1855 985 2119 1040 humiliati
2143 1001 2171 1039 a
2197 987 2500 1055 perditione
2524 998 2826 1042 serventur.
2847 987 3068 1044 Secreto
3085 1004 3215 1060 ergo
3231 991 3437 1062 dispen-

1855 1074 2084 1131 sationis
2127 1075 2336 1140 ordine,
2386 1078 2530 1130 unde
2571 1079 2762 1133 saevire
2804 1079 3141 1148 permittitur
3180 1082 3438 1151 iniquitas

1855 1169 2069 1232 diaboli,
2089 1168 2212 1223 inde
2234 1170 2320 1240 pie
2346 1169 2624 1238 perficitur
2643 1171 2946 1242 benignitas
2970 1173 3089 1238 Dei,
3105 1173 3234 1244 quia
3255 1174 3438 1230 adver-

1854 1261 2035 1316 sarius
2061 1268 2243 1316 noster
2281 1259 2406 1315 inde
2428 1261 2764 1332 obtemperat
2788 1264 3008 1319 nutibus
3043 1279 3290 1335 superna:
3317 1279 3438 1334 gra-

1855 1354 1961 1418 tiae,
1990 1355 2132 1409 unde
2161 1364 2414 1410 exerceat
2449 1355 2583 1409 iram
2612 1356 2958 1425 nequissima:
2985 1357 3276 1414 voluntatis
3305 1374 3433 1415 sum.

1930 1446 2082 1519 (Cap.
2110 1447 2196 1511 12,
2228 1464 2358 1502 vers.
2403 1448 2480 1517 l.)
2524 1447 2621 1503 His
2648 1448 2721 1502 ita
2751 1449 2950 1520 gestis,
3002 1451 3150 1505 misit
3178 1451 3438 1508 Dominus

1856 1536 2070 1592 Nathan
2095 1536 2163 1591 ad
2189 1537 2376 1592 David.
2408 1536 2636 1593 Veniens
2658 1536 2867 1592 Nathan
2887 1541 3168 1610 proposuit
3194 1541 3438 1598 similitu-

1857 1630 2036 1686 dinem
2071 1631 2137 1686 de
2181 1630 2349 1685 divite
2394 1638 2448 1684 et
2489 1645 2728 1700 paupere
2773 1650 2786 1686 :
2828 1629 2974 1686 Unus
3006 1631 3200 1686 habens
3226 1649 3362 1699 oves,
3391 1642 3440 1688 et

1860 1721 2040 1788 boves,
2087 1721 2222 1775 alter
2252 1720 2613 1775 tantummodo
2664 1738 2806 1775 ovem
2856 1735 3058 1776 unam:
3105 1722 3239 1776 hanc
3279 1739 3441 1778 unam

161 1815 382 1880 cadere,
416 1791 579 1883 quam
607 1815 934 1886 cogitatione
967 1818 1131 1872 tacita
1151 1791 1190 1883 ,—
1211 1825 1266 1873 et
1303 1791 1599 1875 deliberata
1643 1820 1753 1876 εἰει-
1780 1791 1830 1852 Β
1858 1831 2003 1868 ovem
2025 1814 2270 1884 pauperis
2297 1813 2416 1866 tulit
2435 1814 2596 1866 dives.
2621 1813 2815 1867 Audito
2845 1813 3015 1868 David
3037 1815 3340 1884 indignatus
3366 1814 3441 1868 ait

163 1907 312 1962 tione
338 1922 563 1976 peccare
588 1925 600 1961 :
631 1909 726 1962 sed
753 1925 875 1965 cum
902 1910 1080 1964 minus
1104 1910 1274 1979 turpis
1298 1911 1548 1980 superbia
1579 1912 1753 1967 credi-

162 2005 274 2061 tur,
305 1999 484 2053 minus
507 1999 732 2054 vitatur.
761 1999 1056 2055 Luxuriam
1081 2015 1209 2056 vero
1229 2016 1292 2056 eo
1319 2002 1492 2073 magis
1521 2005 1752 2059 erubes-

162 2097 296 2142 cunt
323 2090 600 2157 homines,
649 2105 756 2160 quo
783 2091 941 2146 simul
977 2107 1164 2146 omnes
1207 2101 1417 2161 turpem
1464 2101 1748 2148 noverunt.

164 2180 320 2236 Unde
347 2179 407 2234 fit
427 2181 778 2251 plerumque,
818 2193 877 2237 ut
904 2183 1143 2238 nonnulli
1181 2193 1302 2254 post
1345 2185 1655 2255 superbiam
1698 2187 1752 2242 in

160 2271 436 2328 luxuriam
461 2283 798 2340 corruentes,
848 2291 915 2331 ex
961 2284 1146 2346 aperto
1191 2293 1320 2333 casu
1357 2279 1558 2334 malum
1583 2280 1752 2350 culpa:

160 2362 384 2420 latentis
413 2367 766 2422 erubescant:
798 2375 852 2423 et
880 2378 1010 2424 tunc
1035 2370 1197 2423 etiam
1221 2367 1428 2438 majora
1449 2373 1747 2443 corrigunt,

164 2473 289 2512 cum
311 2459 568 2528 prostrati
598 2459 653 2514 in
674 2460 912 2516 minimis
933 2462 1151 2532 gravius
1172 2461 1604 2517 confunduntur:
1630 2479 1753 2520 reos

161 2551 311 2604 enim
344 2567 401 2605 se
428 2552 570 2606 inter
599 2553 807 2610 minora
833 2554 1196 2622 conspiciunt,
1226 2555 1318 2625 qui
1347 2569 1404 2610 se
1431 2555 1632 2612 liberos
1670 2557 1752 2611 in-

163 2653 252 2698 ter
281 2645 527 2714 graviora
555 2646 915 2701 crediderant.
950 2647 1045 2701 Pia
1073 2663 1202 2718 ergo
1228 2648 1440 2702 Domini
1473 2649 1754 2720 dispensa-

163 2737 314 2791 tione
361 2737 569 2793 laxatus
616 2755 1002 2808 nonnunquam
1044 2750 1066 2778 ο
1102 2740 1370 2810 malignus
1417 2740 1637 2810 spiritus
1687 2740 1754 2795 de

162 2827 323 2896 culpa
347 2828 414 2881 ad
441 2827 652 2896 culpam
695 2830 882 2894 trahit,
925 2837 980 2884 et
1011 2830 1137 2884 dum
1181 2830 1302 2900 plus
1329 2831 1586 2900 percutit,
1629 2831 1753 2886 inde

163 2934 311 2981 eum,
341 2935 498 2989 quem
522 2929 761 2990 ceperat,
788 2921 988 2975 amittit
1019 2939 1033 2975 :
1063 2931 1224 2992 atque
1246 2921 1388 2977 unde
1414 2923 1612 2978 vicisse
1635 2936 1752 2976 cer-

163 3011 332 3074 nitur,
366 3011 487 3065 inde
511 3020 815 3081 superatur.
849 3012 1209 3069 Considerare
1234 3015 1368 3069 libet
1406 3016 1546 3069 intra
1576 3015 1753 3070 muni-

161 3109 283 3154 tum
310 3101 495 3172 gratiae
521 3103 718 3169 sinum,
749 3112 949 3174 quanto
972 3104 1114 3161 Deus
1152 3106 1537 3162 misericordim
1563 3106 1750 3163 favore

164 3209 271 3248 nos
295 3195 548 3249 continet.
579 3196 719 3252 Ecce
743 3198 835 3267 qui
865 3199 930 3252 de
958 3199 1158 3253 virtute
1205 3212 1264 3254 se
1287 3199 1513 3263 extollit,
1547 3215 1644 3270 per
1667 3200 1750 3254 vi-

167 3285 310 3340 tium
340 3287 406 3341 ad
434 3288 791 3344 humilitatem
822 3290 980 3345 redit.
1019 3290 1120 3358 Qui
1146 3306 1274 3346 vero
1304 3291 1540 3360 acceptis
1579 3291 1752 3346 virtu-

165 3375 315 3430 tibus
337 3378 626 3444 extollitur,
658 3395 764 3434 non
792 3380 990 3451 gladio,
1015 3382 1130 3446 sed,
1160 3391 1220 3435 ut
1246 3382 1319 3437 ita
1345 3382 1573 3437 dixerim
1591 3424 1604 3446 ,
1640 3398 1753 3438 me-

167 3466 477 3524 dicamento
504 3470 838 3525 vulneratur.
871 3472 1011 3538 Quid
1049 3473 1193 3527 enim
1222 3473 1426 3538 virtus,
1454 3473 1560 3528 nisi
1587 3473 1756 3529 medi-

168 3570 479 3616 camentum
503 3564 526 3617 ?
554 3564 621 3617 Et
665 3565 793 3634 quid
838 3574 920 3619 est
947 3567 1133 3620 vitium
1157 3607 1170 3632 ,
1214 3567 1317 3621 nisi
1355 3567 1580 3622 vulnus?
1619 3567 1754 3634 Quia

167 3668 300 3722 ergo
328 3669 426 3709 nos
468 3655 534 3710 de
564 3656 958 3713 medicamento
987 3657 1179 3713 vulnus
1217 3658 1464 3724 facimus,
1511 3659 1642 3715 facit
1668 3660 1756 3714 ille

168 3746 238 3799 de
267 3745 487 3800 vulnere
527 3747 1019 3813 medicamentum;
1061 3757 1121 3803 ut
1159 3749 1250 3818 qui
1276 3749 1475 3802 virtute
1520 3750 1757 3819 percuti-

167 3854 318 3903 mur,
347 3838 480 3894 vitio
509 3854 780 3894 curemur.
823 3840 933 3896 Nos
962 3856 1196 3910 namque
1215 3841 1472 3894 virtutum
1503 3841 1644 3896 dona
1673 3856 1758 3896 re-

169 3940 490 4001 torquemus
513 3933 568 3987 in
593 3951 749 3989 usum
770 3935 1058 3990 vitiorum:
1084 3936 1173 3990 ille
1199 3937 1453 3990 vitiorum
1477 3936 1757 3992 illecebras

168 4023 404 4076 assumit
425 4024 476 4077 in
503 4034 676 4079 artem
698 4026 978 4093 virtutum,
999 4035 1055 4082 et
1074 4027 1261 4082 salutis
1285 4035 1480 4081 statum
1501 4027 1755 4097 percutit,

169 4124 237 4168 ut
271 4125 482 4169 servet:
517 4125 574 4170 ut
611 4117 704 4186 qui
757 4117 1116 4172 humilitatem
1167 4127 1446 4173 currentes
1488 4117 1755 4189 fugimus,

165 4205 194 4244 ἀ
213 4205 377 4260 saluti
401 4208 655 4263 cadentes
685 4209 1003 4264 haereamus.
1031 4208 1137 4265 Sed
1165 4211 1306 4265 inter
1335 4211 1450 4266 haec
1479 4212 1756 4266 sciendum

165 4306 279 4362 est,
307 4298 448 4367 quod
469 4299 710 4369 plerique
738 4300 1037 4367 hominum,
1061 4301 1245 4371 quoin
1269 4301 1455 4357 multis
1475 4310 1754 4368 corruunt,

167 4389 378 4443 arctius
413 4389 684 4460 ligantur:
723 4407 955 4462 cumque
997 4408 1091 4448 eos
1121 4404 1144 4431 θ
1177 4394 1434 4463 antiquus
1477 4395 1649 4449 hostis
1691 4409 1759 4448 ex

1855 1907 2106 1960 adversus
2133 1907 2396 1961 hominem
2423 1907 2571 1959 illum
2597 1921 2616 1958 :
2655 1907 2778 1961 vivit
2808 1906 3068 1961 Dominus
3097 1907 3343 1978 quoniam
3371 1907 3440 1970 ﬁ-

1855 1999 1956 2054 lius
1983 1999 2165 2053 mortis
2191 2009 2266 2053 est
2291 2000 2370 2053 vir
2401 2000 2490 2071 qui
2521 1999 2641 2069 fecit
2680 2000 2795 2054 hoc.
2840 1999 2989 2053 Dixit
3018 2009 3191 2054 autem
3223 1999 3442 2055 Nathan

1854 2093 1923 2147 ad
1953 2092 2125 2147 David
2144 2110 2162 2147 :
2193 2102 2249 2146 tu
2280 2109 2331 2146 es
2357 2092 2445 2146 ille
2470 2094 2567 2146 vir.
2596 2092 2666 2146 Et
2695 2093 2828 2147 dixit
2863 2093 3034 2147 David
3069 2093 3138 2146 ad
3178 2092 3398 2147 Nathan
3419 2109 3438 2146 :

1852 2186 2060 2256 peccavi
2088 2185 2352 2238 Domino:
2387 2185 2622 2254 dixitque
2654 2181 2873 2238 Nathan
2902 2184 2970 2237 ad
2996 2183 3167 2238 David
3191 2201 3209 2237 :
3252 2183 3438 2238 Denti-

1854 2294 1952 2331 nus
1995 2293 2196 2348 quoque
2223 2276 2491 2330 transtulit
2522 2284 2792 2347 peccatum
2821 2285 2994 2342 tuum,
3041 2292 3145 2329 non
3179 2275 3438 2330 morieris.

1859 2369 1916 2420 ch
1933 2367 1990 2423 Si
2013 2378 2294 2438 peccatum
2311 2368 2480 2423 David
2503 2375 2612 2422 tam
2638 2366 2956 2423 detestabile
2983 2367 3246 2422 Dominus
3268 2375 3443 2422 trans-

1853 2459 1995 2524 tulit,
2029 2460 2158 2528 quid
2187 2468 2271 2514 est
2303 2460 2446 2529 quod
2483 2458 2665 2514 omnia
2709 2473 2828 2528 qua:
2872 2458 2939 2513 de
2985 2457 3178 2513 eodem
3220 2464 3444 2528 peccato

1851 2565 1950 2620 per
1973 2550 2300 2620 Pr0phetam
2329 2551 2544 2607 Domini
2572 2551 2716 2606 dicta
2745 2558 2889 2616 sunt,
2927 2550 3275 2620 postmodum
3305 2550 3442 2606 tole-

1853 2642 2036 2696 ravit?
2065 2642 2158 2696 sed
2184 2643 2370 2712 procul
2395 2642 2558 2698 dubio
2595 2643 2611 2682 ί
2645 2641 2908 2696 Dominus
2929 2640 3185 2696 delictum
3211 2640 3328 2695 sine
3355 2638 3440 2694 ul-

1854 2739 1999 2793 tione
2029 2754 2137 2794 non
2167 2738 2400 2794 deserit:
2442 2745 2538 2792 aut
2577 2737 2722 2792 enim
2763 2737 2878 2806 ipse
2928 2737 3034 2791 hoc
3075 2735 3236 2790 homo
3284 2734 3341 2789 in
3383 2749 3444 2789 se

1852 2832 2122 2899 pmnitens
2143 2830 2319 2900 punit,
2343 2838 2436 2884 aut
2463 2831 2568 2885 hoc
2593 2831 2735 2885 Deus
2764 2837 2887 2884 'cum
2910 2829 3130 2884 homine
3154 2827 3440 2884 vindicans

1849 2922 2108 2991 percutit.
2140 2921 2489 2991 Nequaquam
2519 2921 2686 2992 igitur
2730 2927 2954 2992 peccato
2996 2919 3274 2988 parcitur:
3311 2919 3438 2989 quia

1851 3013 2158 3070 nullatenus
2189 3017 2306 3070 sine
2351 3015 2590 3070 vindicta
2620 3013 2853 3068 laxatur.
2906 3012 2998 3068 Sic
3036 3012 3208 3067 David
3255 3013 3443 3069 audire

1851 3114 1975 3178 post
2018 3105 2415 3162 confessionem
2452 3107 2685 3160 meruit:
2727 3103 2984 3158 Dominus
3021 3101 3286 3156 transtulit
3325 3119 3442 3173 pec-

1853 3209 2048 3266 catum,
2083 3207 2138 3256 et
2162 3208 2342 3254 tamen
2367 3197 2554 3253 multis
2579 3204 2704 3267 post
2731 3195 3062 3251 cruciatibus
3096 3193 3348 3259 afﬂictus,
3377 3209 3443 3250 ac

1853 3291 2068 3362 fugiens
2093 3299 2302 3346 reatum
2331 3290 2502 3361 culpae
2545 3304 2709 3358 quam
2735 3295 3160 3358 perpetraverat,
3187 3287 3438 3342 exsolvit.

1856 3381 1948 3438 Sic
1972 3397 2070 3438 nos
2099 3382 2290 3437 salutis
2314 3381 2456 3436 unda
2485 3396 2516 3434 a
2544 3379 2701 3449 culpa
2735 3379 2896 3449 primi
2918 3379 3160 3449 parentis
3187 3377 3438 3445 absolvit,

1855 3475 1951 3530 sed
1979 3483 2160 3528 tamen
2192 3481 2404 3529 reatum
2433 3472 2675 3542 ejusdem
2703 3471 2874 3540 culpae
2911 3471 3166 3525 diluentis
3207 3469 3442 3526 absoluti

1857 3581 2071 3636 quoque
2093 3565 2266 3621 adhuc
2285 3564 2581 3620 carnaliter
2599 3563 2832 3627 obimus,
2857 3562 2983 3632 quia
3013 3560 3209 3617 delicta
3231 3570 3440 3627 nostra,

1857 3661 1972 3714 sive
2017 3672 2116 3727 per
2161 3672 2293 3724 nos,
2342 3672 2437 3713 seu
2470 3671 2568 3728 per
2599 3655 2948 3724 semetipsum
2986 3663 3228 3720 resecat,
3277 3654 3444 3710 etiam

1858 3765 1983 3805 cum
2018 3749 2248 3804 relaxat.
2278 3749 2360 3803 Ab
2394 3747 2580 3803 electis
2617 3747 2762 3801 enim
2791 3747 2906 3801 suis
2947 3745 3292 3814 iniquitatum
3330 3761 3444 3800 ma-

1858 3840 2008 3895 culas
2036 3840 2214 3894 studet
2236 3837 2517 3908 temporali
2547 3835 2834 3890 afﬂictione
2860 3845 3092 3906 tergere,
3121 3850 3257 3906 quas
3281 3835 3338 3890 in
3364 3837 3446 3893 eis

1858 3935 1912 3988 in
1944 3940 2266 4002 perpetuum
2291 3946 2400 3986 non
2428 3929 2542 3984 vult
2569 3929 2853 3984 vindicari.

1933 4026 1946 4078 i
1989 4027 2142 4094 Quod
2165 4041 2295 4082 vero
2333 4025 2497 4091 dicit,
2541 4023 2646 4078 duo
2689 4023 2923 4078 homines
2961 4031 3110 4076 erant
3148 4023 3204 4077 in
3238 4023 3445 4078 civitate

1859 4139 1965 4177 una
1987 4139 2005 4175 :
2047 4120 2228 4186 Urias,
2259 4128 2315 4175 et
2353 4117 2522 4174 David
2549 4116 2868 4188 intelligitur
2887 4156 2902 4183 ,
2933 4125 2960 4156 κ
2998 4125 3054 4172 et
3083 4116 3300 4174 addisce
3326 4131 3449 4188 per-

1859 4229 2038 4269 sonas.
2064 4212 2383 4284 Pauperculi
2408 4227 2562 4267 ovem
2588 4211 2859 4266 mulierem
2885 4211 3044 4267 dicit:
3072 4213 3177 4268 hoc
3205 4220 3288 4267 est
3314 4226 3448 4265 uxo—

1861 4322 1976 4362 rem
2007 4303 2144 4374 ejus,
2191 4320 2312 4374 qua:
2349 4304 2651 4359 adulterata
2685 4311 2791 4369 est,
2827 4318 2946 4372 quae
2989 4303 3056 4357 de
3100 4316 3289 4356 mensa
3333 4299 3449 4368 ejus

1860 4399 2202 4464 vescebatur,
2248 4404 2303 4452 et
2345 4397 2410 4450 de
2451 4394 2618 4450 calice
2645 4393 2761 4463 ejus
2787 4396 3029 4466 potabat,
3057 4401 3112 4449 et
3154 4393 3208 4447 in
3243 4391 3448 4461 gremio

168 4496 283 4535 υηο
308 4482 438 4535 Viuo
457 4485 710 4552 Ρθτοιιιίῐ,
736 4492 796 4538 ιιι
821 4486 1126 4550 Conﬁdam,
1150 4502 1215 4541 0X
1240 4485 1342 4540 alio
1364 4502 1580 4556 quoque
1604 4486 1754 4558 ligat,
1783 4522 1837 4582 D
1862 4491 1977 4561 ejus
2011 4490 2263 4545 cubabat.
2286 4487 2581 4544 Considera
2606 4500 2920 4557 pauperem,
2942 4484 3210 4540 incentiva
3230 4481 3450 4550 pietatis

163 4587 241 4626 ne
277 4582 517 4644 surgant.
560 4573 877 4631 Consideret
917 4577 1096 4646 itaque
1133 4577 1295 4632 homo
1319 4592 1443 4631 cum
1469 4593 1575 4646 quo
1612 4578 1631 4617 ί
1665 4581 1758 4633 ad-

163 4667 419 4721 versario
444 4667 642 4722 bellum
666 4677 836 4740 gerat,
865 4678 919 4724 et
941 4671 986 4725 si
1010 4669 1121 4739 jam
1147 4669 1283 4742 (jam
1311 4688 1364 4725 se
1395 4672 1448 4725 in
1476 4671 1672 4743 aliqua)
1703 4673 1758 4728 in

161 4773 230 4810 se
271 4756 471 4827 aliquid
497 4759 784 4829 deliquisse
813 4762 1131 4831 perpendit,
1173 4761 1352 4817 saltim
1401 4778 1500 4832 per
1546 4764 1758 4834 culpam

162 4855 243 4909 ad
271 4855 482 4925 culpam
509 4859 749 4926 pertrahi
771 4860 1148 4928 pertimescat:
1173 4869 1234 4915 ut
1259 4860 1500 4915 studiose
1520 4860 1761 4915 vitentur

161 4947 428 5014 vulnera,
479 4951 675 5020 Quibus
705 4950 1018 5022 frequenter
1057 4951 1411 5017 interficitur,
1452 4951 1577 5022 quia
1605 4951 1761 5006 valde

159 5055 358 5110 rarum
398 5046 511 5106 est,
556 5039 701 5110 quod
744 5041 918 5096 hostis
954 5051 1142 5097 noster
1185 5042 1482 5097 electorum
1527 5039 1758 5095 salutem

159 5100 342 5186 etiﬁi
367 5100 682 5190 vulneribus
717 5141 916 5190 servet.
953 5135 978 5175 8
1007 5133 1343 5190 Erudiendos
1391 5133 1570 5199 enim,
1621 5133 1762 5188 sicut

246 5302 273 5362 ρ
302 5289 568 5346 Nonnulla
593 5290 840 5362 Gregorii
862 5291 1065 5362 monita
1096 5291 1335 5362 prieterit
1360 5287 1637 5362 Claudius,
1664 5288 1758 5360 qui

161 5361 561 5435 subsequentia
585 5379 652 5418 ex
680 5359 942 5435 Gregorio
971 5359 1142 5435 {nun}.
1173 5361 1264 5434 25]
1293 5359 1573 5416 exscribit.

247 5431 278 5470 δ
307 5433 473 5499 Edit.,
500 5451 602 5502 quo
632 5431 911 5490 ceciderint
932 5450 950 5489 :
972 5431 1130 5490 lectio
1156 5431 1342 5488 nostra
1368 5439 1607 5502 prastat.

252 5511 275 5542 ε
307 5503 475 5570 Edit.,
499 5503 766 5560 Behemot.

248 5572 275 5610 ά
309 5573 450 5629 Edit.
472 5575 560 5639 ,ei.

257 5655 280 5682 θ
309 5644 574 5702 Beltemot.

259 5716 276 5753 ί
310 5714 497 5772 Hoste.

255 5787 279 5826 ε
310 5783 437 5842 Ha’ec
464 5789 633 5846 habes
657 5805 881 5848 numero
908 5784 994 5858 ‘28,
1027 5790 1159 5848 alias
1179 5805 1298 5861 cap.
1332 5789 1416 5857 H.
1443 5786 1562 5862 [seu
1588 5785 1724 5860 151ο.

1863 4587 2065 4642 habere
2090 4603 2104 4640 :
2147 4583 2203 4639 in
2240 4583 2495 4639 divitibus
2525 4588 2706 4636 autem
2737 4579 3012 4634 fulcimina
3044 4576 3231 4640 multa,
3261 4588 3452 4643 super-

1841 4680 2009 4752 .biam
2037 4698 2049 4733 :
2083 4679 2224 4750 apud
2268 4689 2532 4748 pauperes
2559 4688 2728 4738 uxor,
2769 4679 2824 4727 et
2851 4669 3076 4734 ancilla,
3107 4675 3162 4722 et
3201 4663 3449 4720 ministra

1863 4780 1946 4828 est
1971 4791 1982 4826 :
2025 4780 2080 4827 et
2105 4776 2357 4841 procreat
2383 4767 2542 4832 filios,
2573 4773 2629 4820 et
2655 4765 2775 4834 ipsa
2809 4769 3006 4826 mater,
3031 4765 3087 4813 et
3113 4754 3301 4810 nutrix
3325 4761 3445 4808 est:

1863 4863 2005 4935 apud
2033 4862 2228 4917 divites
2269 4868 2448 4914 autem
2477 4873 2585 4913 non
2614 4864 2698 4912 est
2741 4855 2837 4910 ita.
2891 4851 2995 4907 Sed
3026 4865 3149 4905 cum
3175 4845 3452 4919 generavit

1865 4958 2057 5022 filium,
2084 4955 2266 5012 statim
2291 4969 2415 5010 eum
2453 4950 2621 5006 tradit
2661 4947 2797 5003 foris
2824 4965 2850 5008 ε,
2875 4953 2930 5001 et
2959 4942 3178 5014 pietatis
3219 4939 3450 5011 insignia

1866 5047 2097 5104 abscidit
2137 5044 2408 5116 superbia.
2459 5038 2746 5099 Erubescit
2780 5037 2898 5092 fieri
2925 5033 3130 5099 nutrix,
3159 5047 3278 5102 qua:
3309 5029 3450 5084 facta

1863 5151 1951 5198 est
1972 5148 2167 5198 mater.
2199 5137 2481 5206 Quomodo
2517 5147 2646 5208 ergo
2679 5133 2738 5190 in
2773 5117 2980 5204 gremio
3021 5126 3138 5198 ejus
3177 5122 3452 5182 cubabat?

1874 5331 1877 5334 -
1935 5300 2198 5358 hHaeeiu
2227 5297 2454 5354 Rabano
2479 5293 2753 5368 perquire.
2870 5361 2980 5368 η
3166 5356 3216 5368 η
3317 5354 3351 5368 η

1943 5375 1962 5415 ί
1990 5354 2126 5441 ᾗδὲ
2144 5354 2549 5441 subsequuntur
2571 5354 2904 5441 exﬁregorii
2927 5361 3064 5417 libro
3087 5375 3150 5441 rx
3166 5354 3446 5441 Lloralium

1943 5385 1962 5415 ι
1995 5384 2126 5441 Quae
2147 5384 2310 5427 subse
2349 5384 2549 5422 nuntur
2571 5384 2637 5420 ex
2660 5384 2904 5436 uregoru
2927 5384 3064 5417 nuru
3089 5384 3144 5415 Ix
3167 5384 3446 5413 murauum

1888 5459 2034 5499 num.
2069 5443 2160 5510 54,
2189 5384 2429 5512 cap.q5l,
2455 5437 2585 5492 olim
2605 5434 2698 5509 27]
2725 5434 3064 5504 exscripsere
3110 5430 3366 5484 Rabanus
3394 5434 3449 5479 et

1905 5515 2458 5653 lzjugblgsequuntur,
2491 5580 2742 5653 videntur
2779 5593 2843 5633 ex
2875 5572 3182 5653 Augustino
3225 5568 3445 5623 desum-

1863 5667 1974 5729 pta,
1994 5649 2100 5729 _scd
2121 5649 2298 5729 locum
2332 5651 2575 5729 invenire
2613 5665 2717 5729 non
2741 5649 2914 5729 potui.

1938 5715 1971 5766 ¹ί’
1993 5726 2169 5784 Locus
2202 5725 2305 5782 iste
2333 5725 2389 5781 in
2413 5722 2626 5793 vulgato
2652 5715 2920 5777 Eucherio
2947 5721 3235 5784 corruptus
3262 5715 3364 5765 est.
