3940 6340
648 311 751 374 107

1709 310 1981 369 CLAUDII
2021 307 2370 367 TAURINEN
2380 309 2482 367 SIS
2519 310 2825 370 EPISCOPI
3497 362 3500 364 .
3669 333 3726 392 τω

645 428 810 490 Auxit
833 429 1146 501 parabolam
1174 428 1488 484 narratione
1520 427 1755 498 pietatis.
1790 425 1949 482 Venit
1975 439 2104 497 ergo
2129 439 2222 495 pe-
2245 427 2301 489 Α
2323 425 2586 482 stration'e
2621 427 3025 499 compungitur,
3057 439 3238 489 sancto
3263 435 3494 495 desiderio
3526 443 3577 496 de
3599 445 3678 505 imis
3693 458 3727 509 ad

645 522 895 596 regriiius
921 523 1084 577 hamo
1115 521 1182 576 ad
1211 530 1392 591 regem
1420 520 1590 575 illum.
1628 519 1758 586 Quis
1801 519 1980 587 itaque
2015 526 2100 573 est
2124 528 2220 588 pe:-

2325 533 2534 575 summa
2560 523 2735 587 evehi,
2764 537 3007 592 supernae
3041 527 3472 598 contemplationis
3499 549 3627 604 penna
3647 542 3728 599 festi.

643 616 934 690 regi-inus?
963 615 1398 684 concupiscentia
1425 613 1692 668 videlicet.
1722 613 1790 669 Ut
1817 627 1945 682 ergo
1971 612 2113 668 illius
2137 627 2224 667 os-
2322 619 2447 679 nat,
2489 615 2604 669 haec
2630 615 2776 670 beati
2823 617 2964 687 regis
3009 617 3170 673 David
3191 659 3204 686 ,
3236 631 3286 676 et
3321 623 3516 680 aliorum
3535 641 3726 690 sanctorum

642 704 888 766 tenderet
933 705 1280 772 castitatem;
1333 705 1677 776 peregrinam
1725 704 2221 774 concupiscentiam

639 799 958 856 numinavit.
975 799 1262 869 Nunquam
1285 798 1431 852 enim
1452 797 1655 852 alienas
1674 798 1887 867 nuptias
1907 795 2214 866 dissipavit:

642 895 818 964 neque
843 890 1043 960 iniquis
1067 887 1350 959 conspexit
1373 889 1561 954 oculis,
1591 889 1688 945 sed
1725 903 2014 958 percussus
2043 887 2099 941 in
2129 886 2220 940 illa

641 984 864 1040 muliere
891 981 1125 1054 perdidit
1169 977 1512 1036 castitatem:
1553 979 1678 1050 quia
1721 978 1996 1049 paululum
2029 977 2220 1033 Hamis-

640 1073 836 1132 sibrem
865 1087 925 1129 se
946 1069 1250 1129 reddiderat
1285 1071 1575 1126 securitate
1598 1070 1766 1141 pacis.
1799 1068 1959 1125 Venit
1980 1067 2218 1138 peregri-

639 1177 774 1233 nus;
806 1165 1028 1237 iniqua,
1072 1169 1128 1221 et
1169 1164 1400 1235 agrestis
1435 1161 1908 1232 concupiscentia:
1951 1160 2018 1216 ad
2066 1157 2216 1214 illum

638 1262 858 1318 divitem
887 1259 1055 1316 venit.
1084 1255 1179 1314 ille
1223 1269 1330 1312 non
1359 1256 1570 1324 accepit
1596 1255 1662 1309 de
1687 1252 1962 1324 gregibus,
1991 1259 2085 1307 aut
2121 1265 2214 1305 ar-

636 1354 833 1410 mentis
869 1353 1001 1417 suis,
1032 1358 1091 1406 ut
1119 1348 1404 1420 peregrino
1448 1352 1666 1417 pararet
1693 1345 1909 1414 epulas,
1939 1345 2033 1400 sed
2067 1343 2218 1400 misit

633 1451 690 1500 et
709 1442 890 1515 rapuit
918 1455 1073 1498 ovem
1099 1441 1376 1512 pauperis,
1403 1443 1522 1508 qua:
1552 1438 1606 1492 in
1635 1437 1755 1492 sinu
1779 1435 1896 1506 ejus
1919 1435 2209 1500 cubitabat,

631 1541 688 1591 et
727 1530 794 1590 de
843 1541 1030 1589 mensa
1067 1531 1281 1588 edebat;
1325 1529 1460 1584 Cum
1490 1529 1606 1583 haec
1646 1527 1811 1598 igitur
1851 1527 2088 1582 audisset
2116 1540 2214 1582 rex

632 1627 819 1691 David;
847 1623 1019 1680 iratus
1051 1630 1136 1679 est
1168 1621 1322 1676 valde
1351 1621 1609 1675 adversus
1650 1618 1923 1673 hominem
1952 1616 2131 1682 illum,
2159 1623 2216 1671 et

629 1717 766 1773 dixit
790 1716 858 1770 ad
883 1715 1129 1770 Nathan:
1171 1712 1302 1768 Vivit
1330 1711 1610 1776 Dominus,
1633 1710 1881 1782 quoniam
1909 1710 2051 1778 ﬁlius
2076 1721 2214 1764 mor-

2318 709 2737 776 przecedentium
2759 709 2979 765 Patrum
3007 721 3176 784 geSta,
3202 715 3289 770 ubi
3316 715 3493 787 aliquid
3513 721 3652 790 injuste
3665 743 3728 796 pei-

2319 799 2462 867 pessi
2489 807 2634 866 sunt,
2661 809 2788 857 ante
2812 804 3009 858 mentis
3031 805 3212 860 oculos
3237 815 3408 876 ponat,
3437 819 3567 880 atque
3587 814 3626 869 in
3643 819 3728 874 uss

2319 889 2618 947 imitatione
2642 896 2942 950 exercendo
2980 897 3250 966 proficiat,
3293 906 3343 953 et
3369 901 3493 967 quod
3519 903 3560 956 in
3579 913 3726 974 presenti

2318 982 2503 1038 titillat
2529 999 2595 1040 ex
2627 985 2782 1052 vitio,
2809 987 2893 1042 vel
2917 989 3305 1058 praeteritorum
3331 992 3556 1048 malorum
3576 1003 3726 1054 memoria

2319 1075 2610 1145 reprimat,
2643 1078 2727 1134 vel
2760 1080 3024 1135 donorum
3069 1082 3463 1151 praecedentium
3495 1088 3725 1146 consolatione

2318 1167 2627 1238 restringat,
2657 1168 2742 1224 vel
2783 1170 2948 1226 etiam
2974 1172 3290 1239 imitatione,
3321 1184 3374 1252 ut
3397 1177 3561 1232 dictum
3581 1189 3648 1243 est,
3672 1181 3724 1236 Pa

2316 1262 2462 1311 trum
2488 1260 2910 1328 praecedentium
2935 1272 3256 1333 provocetur
3276 1265 3339 1320 ad
3367 1267 3544 1322 melius.
3565 1269 3663 1337 Quod
3674 1288 3725 1326 ni.-

2316 1361 2471 1403 cesse
2509 1358 2594 1406 est
2619 1358 2714 1418 ut,
2745 1353 2886 1407 sicut
2912 1355 3285 1424 proposuimus
3309 1359 3532 1428 exemplis
3551 1362 3724 1417 evidentio-

2317 1435 2488 1506 ribus,
2525 1443 2903 1511 approbemus.
2936 1455 2957 1484 ο
2993 1444 3066 1502 Ut
3107 1447 3248 1500 enim
3279 1463 3431 1502 unum
3456 1449 3510 1502 de
3544 1451 3665 1506 multis
3687 1454 3724 1506 i0-

2315 1543 2473 1598 quar,
2505 1541 2771 1600 quatenus
2792 1535 3066 1591 studiosus
3096 1536 3261 1592 lector
3283 1538 3435 1592 multa
3461 1539 3506 1594 in
3525 1556 3602 1596 uno
3619 1543 3723 1597 intelli-

2315 1629 2451 1689 gat:
2503 1623 2748 1694 quisquis
2793 1625 3081 1682 verborum
3127 1630 3444 1684 contumeliis
3480 1647 3636 1700 pressus
3661 1651 3721 1689 cui

2316 1712 2571 1768 virtutem
2590 1715 2866 1784 patientia:
2889 1733 3107 1774 servare
3129 1735 3235 1774 non
3258 1720 3453 1785 suﬂicit,
3472 1721 3598 1777 David
3613 1723 3720 1779 factum

627 1800 694 1862 iis
731 1815 808 1861 est
833 1807 914 1861 air
935 1805 1025 1860 ille
1057 1804 1148 1876 qui
1177 1804 1298 1874 fecit
1333 1804 1450 1857 hoc.
1490 1803 1651 1857 Ovem
1686 1801 1863 1857 reddet
1895 1799 1950 1855 in
1974 1800 2212 1871 quadru-
2239 1782 2287 1844 Β
2315 1806 2382 1859 ad
2413 1782 2733 1861 memoriam
2762 1810 3025 1864 reducat:
3070 1812 3195 1880 quia
3239 1827 3354 1868 cum
3395 1782 3540 1868 semei
3575 1818 3720 1870 conviciis

624 1897 792 1970 plum,
820 1909 869 1953 et
895 1901 1006 1969 ipse
1031 1896 1209 1968 gladio
1237 1897 1500 1967 punietur.
1540 1894 1585 1951 Ο
1601 1893 1791 1963 judicii
1825 1891 2210 1962 supereﬂluen-

624 1991 736 2048 tein
756 1989 1062 2061 justitiam!
1101 1991 1210 2044 non
1239 1995 1357 2042 erat
1400 1987 1602 2042 amoris
1646 1985 1801 2051 fibra,
1835 1993 1893 2038 ut
1914 1982 2061 2052 juste
2099 1997 2207 2038 non

624 2080 850 2138 diceret.
877 2077 1041 2134 Jubet
1068 2078 1284 2147 quidem
1316 2077 1372 2131 in
1403 2075 1762 2146 quadruplum
1806 2073 2102 2128 secundum
2134 2071 2212 2126 ie-

623 2171 745 2244 gem
769 2173 784 2226 :
825 2171 909 2226 lex
941 2169 1084 2225 enim
1106 2169 1349 2239 prmcipit
1378 2167 1649 2222 furantem
1678 2165 1974 2236 quadrupli
1990 2164 2212 2220 restitu-

625 2263 771 2318 tione
806 2261 1030 2317 vinciri:
1064 2261 1263 2333 (Exod.
1309 2277 1445 2325 XXII;
1486 2260 1539 2330 i)
1573 2260 1675 2315 iste
1703 2267 1907 2326 autem,
1945 2267 2001 2316 et
2034 2259 2209 2331 legem

623 2365 708 2413 est
729 2361 1178 2428 praetergressus;
1197 2355 1350 2424 jubet
1373 2355 1639 2426 siquidem
1664 2362 1719 2411 et
1742 2354 1918 2424 ipsum
1944 2353 2207 2420 interimi,

621 2450 679 2506 et
707 2447 1067 2520 quadruplum
1096 2449 1387 2505 obnoxium
1426 2447 1673 2508 detineri.
1711 2447 1986 2517 Prompsit
2027 2447 2210 2516 itaque

619 2531 969 2608 sententiam,
993 2540 1328 2611 etjudicium
1357 2553 1383 2581 ι
1415 2540 1771 2596 eliminatum.
1811 2537 1949 2595 Cum
1975 2539 2080 2594 hoc
2108 2554 2207 2594 au-

619 2627 786 2692 disset
810 2634 1078 2705 Propheta
1098 2675 1113 2701 ,
1143 2633 1386 2704 iactabat
1412 2641 1628 2689 omnem
1656 2633 1908 2687 umbram
1933 2631 2206 2702 imaginis,

617 2735 674 2781 et
711 2728 765 2780 in
803 2726 1042 2781 medium
1070 2724 1277 2796 profert
1299 2725 1559 2797 gladium,
1582 2733 1637 2778 et
1662 2737 1785 2779 cum
1815 2723 2012 2779 fiducia
2042 2722 2202 2777 dicit:

619 2818 696 2872 Tu
725 2817 778 2873 ἐξ
810 2815 1049 2888 Rex,qui
1079 2819 1179 2872 hoc
1207 2835 1337 2889 opus
1365 2817 1555 2886 fecisti.
1584 2816 1628 2873 Ο
1653 2831 1864 2882 secure,
1896 2831 2005 2871 non
2029 2815 2207 2887 gladio

621 2923 813 2965 secans
841 2923 1058 2964 sensum
1090 2909 1314 2975 doloris,
1345 2909 1441 2963 sed
1468 2908 1521 2962 in
1553 2908 1872 2978 compendio
1899 2907 2204 2962 accusatio-

620 2999 725 3054 nis.
752 2998 887 3054 Cum
914 2999 1018 3054 ho'c
1041 3000 1304 3070 oportuit,
1329 2997 1622 3054 occultavit
1646 2997 2013 3053 narrationem
2037 3013 2051 3051 :
2081 3012 2205 3052 cum

621 3105 750 3146 vero
794 3099 1006 3161 tempus
1049 3091 1284 3157 invenit,
1330 3090 1514 3146 statim
1562 3089 1829 3161 percussit
1878 3095 1933 3144 et
1975 3089 2205 3144 abscidit

617 3182 737 3237 sine
779 3183 971 3254 grandi
1018 3182 1187 3254 pingit
1217 3181 1464 3248 vulnere,
1495 3181 1591 3236 sed
1617 3181 1720 3236 hoc
1756 3179 2094 3236 solummodo
2121 3180 2202 3235 di-

617 3287 784 3328 cens:
824 3282 884 3328 tu
924 3290 978 3328 es
1010 3272 1154 3328 Rem:
1190 3281 1246 3327 at
1291 3273 1380 3346 ille
1425 3272 1684 3328 velociter
1715 3272 1783 3327 ad
1812 3272 2200 3328 conscientiam

618 3365 850 3429 rediens,
883 3375 1142 3434 tanquam
1180 3365 1354 3421 fidelis
1379 3373 1433 3421 et
1458 3366 1683 3421 idoneus
1723 3379 1943 3430 servus,
1988 3365 2202 3435 culpam

617 3456 938 3525 simpliciter
961 3457 1282 3520 confitetur,
1311 3465 1366 3512 et
1400 3457 1566 3511 dicit:
1602 3455 1819 3510 Peccavi
1861 3456 2118 3522 Domino,
2149 3464 2205 3510 et

617 3549 889 3618 Propheta
933 3549 1248 3620 respondit:
1298 3549 1557 3604 Dominus
1617 3548 1885 3602 transtulit
1932 3557 2200 3620 peccatum

615 3641 786 3696 tuum.
836 3641 1004 3697 Velox
1054 3641 1358 3697 confessio:
1413 3639 1652 3696 velocior
1700 3639 2007 3696 medicina:
2058 3639 2202 3697 facto

615 3735 889 3804 peccavit:
921 3735 1089 3790 verbo
1116 3735 1404 3813 paenituit:
1439 3735 1628 3791 annuit
1655 3737 1828 3791 Deus:
1854 3744 1910 3792 et
1931 3737 2199 3808 correptio

615 3823 760 3880 facta
784 3835 906 3892 est;
945 3825 1140 3880 vulnus
1193 3825 1406 3896 aperuit
1431 3831 1487 3881 et
1516 3826 1721 3883 sanitas
1760 3827 1936 3894 redit;
1971 3827 2065 3883 sed
2092 3842 2200 3883 non

616 3919 716 3975 fuit
739 3923 824 3978 his
845 3922 1113 3992 Pr0pheta
1143 3927 1452 3987 contentus,
1481 3938 1605 3976 nam
1631 3930 1752 3992 post
1778 3923 2198 3993 correptionem,

615 4017 736 4083 poet
760 4014 1154 4083 paenitentiam,
1202 4021 1325 4082 post
1361 4014 1824 4080 emendationem,
1852 4023 1974 4084 post
2003 4027 2196 4083 pecca-

617 4112 797 4159 torum
824 4104 1238 4169 absolutionem,
1267 4106 1531 4175 psalmum
1556 4106 1624 4160 ob
1655 4107 1795 4160 hanc
1821 4121 2040 4161 causam
2070 4119 2200 4160 con-

615 4195 857 4266 scripsit,
888 4195 963 4250 ita
986 4204 1046 4248 ut
1075 4195 1239 4250 etiam
1271 4204 1499 4266 postera:
1540 4197 1903 4265 generationis
1934 4196 2026 4250 fiat
2055 4195 2197 4250 illius

615 4288 816 4358 passio,
845 4286 1146 4350 medicina;
1185 4293 1247 4340 ut
1269 4286 1413 4342 illius
1449 4287 1783 4357 naufragium
1809 4287 1878 4341 sit
1911 4287 2031 4341 aliis
2064 4302 2194 4356 por-

618 4385 739 4433 tus:
774 4385 831 4432 et
872 4378 1067 4446 quibus
1110 4377 1202 4434 ille
1248 4378 1560 4433 vulneratus
1583 4420 1596 4444 ,
1643 4378 1984 4444 emendavit,
2016 4378 2107 4433 alii
2136 4379 2192 4434 in

2227 3139 2275 3206 α

2310 1908 2626 1968 urgeretur,
2665 1909 2721 1956 et
2766 1904 2961 1958 armati
2988 1920 3241 1975 proceres
3262 1905 3430 1961 ulcisci
3460 1909 3719 1970 contenderent

2311 1988 2426 2043 ait:
2461 1990 2613 2061 (vers.
2645 1993 2734 2065 ιο)
2795 1993 2934 2060 Quid
2977 1980 3107 2050 mihi
3143 2007 3190 2050 et
3219 1997 3350 2051 vobis
3377 2006 3470 2064 est,
3491 1999 3565 2066 ﬁlii
3584 1998 3720 2053 sine:

2309 2081 2570 2138 Dimittite
2591 2102 2730 2152 eum,
2761 2098 2818 2141 ut
2842 2087 3126 2143 maledicat
3143 2106 3161 2143 :
3183 2089 3423 2144 Dominus
3454 2091 3560 2145 enim
3584 2094 3720 2161 precept

2307 2175 2377 2240 ei,
2408 2184 2466 2229 ut
2500 2177 2834 2234 malediceret
2861 2180 3055 2236 David.
3097 2182 3167 2236 Et
3207 2185 3319 2254 quis
3344 2185 3507 2256 estqui
3541 2185 3664 2238 audeat
3677 2185 3718 2235 li-

2309 2283 2448 2335 cere,
2477 2283 2636 2341 quare
2657 2272 2732 2326 sic
2763 2273 2886 2343 fecit
2910 2275 2935 2328 ?
2956 2275 3030 2330 Et
3057 2276 3218 2346 paulo
3245 2285 3360 2346 post
3383 2294 3394 2330 :
3422 2276 3588 2331 Dimitte
3601 2293 3681 2338 eis,
3693 2286 3718 2328 li

2308 2359 2760 2432 maledicatjurrta
2785 2377 3105 2436 prrrceptum
3129 2366 3333 2422 Domini
3356 2383 3373 2420 :
3407 2369 3448 2422 si
3468 2369 3570 2437 forte
3586 2367 3717 2434 respiciet

2306 2449 2566 2506 Dominus
2609 2454 2936 2524 aﬂiictianem
2981 2471 3198 2512 meam:
3237 2468 3284 2513 et
3322 2458 3481 2512 reddat
3511 2457 3717 2511 miluinis

2306 2556 2401 2609 pro
2421 2540 2786 2598 maledictione
2805 2546 2903 2599 liae
2923 2547 3204 2602 hodierna.
3231 2547 3418 2615 Quibus
3435 2547 3614 2618 proiecto

2307 2631 2530 2700 indicat,
2553 2634 2676 2704 quia
2702 2645 3016 2707 perpetrato
3042 2625 3304 2695 Bersabee
3328 2639 3514 2703 scelere,
3538 2650 3713 2705 exsartu-

2308 2729 2418 2778 tem
2459 2732 2647 2780 contra
2690 2742 2748 2782 se
2787 2728 2956 2783 filium
2986 2728 3235 2799 fugiens,
3263 2731 3453 2786 reduxit
3485 2730 3537 2783 ad
3567 2728 3715 2784 animum.

2305 2815 2532 2883 malum,
2559 2819 2701 2887 quod
2721 2822 3082 2890 perpetravit,
3097 2830 3151 2876 et
3170 2821 3513 2876 contumeliosa
3530 2818 3649 2876 verba.
3662 2829 3715 2868 non

2306 2915 2418 2964 tam
2453 2911 2726 2976 convicia,
2775 2927 2939 2981 quam
2981 2912 3251 2984 adjutoria
3282 2913 3512 2984 credidit,
3543 2909 3665 2980 quibus
3687 2920 3715 2958 se

2303 3005 2547 3076 purgari,
2581 3005 2792 3076 sibique
2818 3007 3073 3063 misereri
3099 3005 3510 3078 possejudicavit.
3528 2998 3715 3058 Tunceniu

2305 3094 2456 3150 illata
2487 3096 2731 3152 convicia
2760 3098 2898 3152 bene
2929 3097 3248 3165 toleramus,
3273 3114 3385 3153 cum
3409 3098 3455 3151 in
3479 3101 3717 3151 sccretomen-

2306 3186 2375 3242 tis
2398 3187 2467 3242 ad
2501 3186 2642 3242 mala
2679 3197 2989 3258 perpetrata
3020 3189 3364 3244 recurrimus.
3403 3186 3518 3240 Leve
3537 3175 3715 3251 ιιαὶρικτί·

2304 3279 2540 3345 debitur,
2572 3279 2715 3349 quod
2761 3278 2956 3348 injuria
2983 3281 3352 3350 percutimur,
3398 3278 3503 3332 dum
3534 3275 3573 3329 in
3597 3270 3713 3324 actione

2303 3379 2488 3424 nostra
2514 3369 2893 3438 conspicimus,
2926 3371 3056 3439 quia
3086 3371 3237 3441 pejus
3257 3377 3349 3432 est,
3387 3366 3503 3438 quod
3523 3370 3711 3417 meremur:

2303 3460 2490 3530 sicque
2513 3461 2592 3527 fit,
2622 3470 2683 3516 ut
2707 3461 3053 3518 contumeliis
3073 3463 3245 3540 gratia
3272 3461 3426 3532 magis
3456 3471 3577 3529 quam
3598 3453 3647 3507 ira
3668 3448 3713 3499 de

2300 3551 2518 3618 beatur,
2545 3567 2772 3623 quarum
2797 3552 3109 3608 interventu
3138 3539 3243 3610 Deo
3257 3551 3439 3622 judice,
3458 3560 3577 3620 paena
3593 3539 3712 3611 gratior

2301 3641 2558 3699 declinari
2579 3659 2737 3714 posse
2759 3643 3069 3699 confiditur.

2372 3733 2400 3773 ἀ
2440 3753 2459 3786 ‹
2491 3734 2626 3790 lllud
2655 3749 2784 3790 vero
2812 3735 2942 3805 quid
2967 3735 3256 3806 signiﬁcet,
3279 3733 3409 3805 quod
3431 3724 3626 3803 parricida
3637 3718 3711 3815 ille

2297 3827 2535 3883 Absalon
2579 3836 2787 3896 patrem
2817 3827 3141 3898 insequens,
3189 3828 3355 3899 primo
3379 3831 3508 3896 pater
3528 3809 3711 3904 θὲυδδθώξ

2300 3933 2437 3975 nans
2467 3919 2605 3990 fugit
2642 3928 2767 3974 ante
2794 3919 2987 3975 faciem
3017 3921 3138 3990 ejus
3162 3935 3372 3976 securus
3396 3918 3452 3971 de
3469 3907 3649 3966 victoria,
3667 3913 3710 3967 qm

2299 4009 2599 4078 aspiciebat
2630 4009 2917 4079 imperium
2947 4011 3131 4081 perire
3158 4029 3170 4063 :
3211 4023 3360 4080 quem
3385 4005 3520 4060 etiam
3542 3995 3712 4052 flevitnr

2298 4115 2404 4172 gno
2432 4099 2600 4166 luctu,
2632 4108 2689 4154 et
2713 4100 3011 4170 deploravit
3042 4103 3246 4156 exitum
3276 4096 3535 4170 parricidis.
3556 4085 3712 4143 Scrihill"

2297 4190 2443 4245 enim
2488 4190 2689 4260 fugisse
2725 4190 2896 4266 David
2935 4207 2966 4246 a
3011 4191 3152 4248 facie
3198 4190 3427 4247 bellantis
3461 4181 3710 4266 adversum?e

2298 4280 2468 4354 (Edit.
2502 4256 2629 4352 sibi)
2656 4282 2774 4336 filii.
2805 4259 2872 4337 Et
2902 4285 3160 4353 quoniam
3184 4283 3422 4352 scriptum
3448 4285 3516 4330 est
3539 4271 3585 4324 de
3604 4256 3711 4358 nul?

2294 4371 2629 4429 Jerusalem:
2661 4374 2797 4446 (Isa.
2823 4390 2865 4440 ι,
2891 4369 2948 4446 2)
2971 4373 3142 4429 Filios
3168 4373 3370 4437 nutriri,
3392 4378 3434 4423 et
3452 4357 3710 4446 exsultavit?“

615 4468 807 4524 iisdem
854 4442 1191 4534 incidentes;
1247 4468 1364 4538 ipsa
1408 4442 1617 4539 possint
1662 4469 1738 4524 uti
1785 4442 2088 4536 medicina,
2135 4478 2190 4525 et
2214 4497 2270 4559 Β
2297 4481 2416 4520 vero
2447 4442 2745 4536 spreverunt
2773 4482 2874 4531 me.
2908 4442 3051 4520 filius
3081 4481 3209 4536 ergo
3230 4465 3340 4534 ejus
3373 4459 3535 4528 impius
3555 4442 3711 4559 δίείξίθῖῗ

613 4554 988 4615 emendatione
1009 4559 1210 4614 sanari.

684 4651 836 4721 (Cap.
856 4650 966 4722 16.)
996 4650 1230 4722 Fugiens
1253 4651 1420 4707 David
1443 4651 1676 4706 Absalon
1697 4651 1868 4721 ﬁlium
1893 4669 2068 4720 suum,
2099 4671 2194 4709 nu-

613 4746 795 4817 disque
839 4745 1056 4817 pedibus
1102 4745 1344 4801 incedens
1391 4759 1746 4816 transgressus
1791 4754 1866 4799 est
1911 4754 2190 4801 torrentem

615 4838 839 4905 Cedron,
871 4848 919 4892 et
963 4845 1178 4893 cunctus
1223 4836 1446 4909 papulas
1472 4854 1591 4892 cum
1631 4853 1712 4902 eo,
1760 4845 1806 4890 et
1851 4847 2192 4907 pervenerunt

615 4933 774 4999 uariae
805 4929 1079 4984 Bahurim.
1121 4929 1256 4984 Ecce
1283 4943 1516 5000 egressus
1546 4928 1749 4993 Semei,
1778 4927 1920 4997 ﬁlius
1965 4925 2101 4982 Cera
2128 4932 2192 4982 de

613 5024 919 5094 cognatione
947 5026 1132 5080 domus
1164 5024 1315 5090 Saul,
1355 5025 1563 5080 mittens
1587 5023 1786 5094 lapides
1809 5064 1824 5089 ,
1851 5023 2191 5077 maledicebut

617 5115 803 5188 Regem
837 5118 1046 5172 dicens:
1073 5117 1334 5190 egredere,
1370 5117 1632 5196 egredere,
1655 5117 1732 5172 vir
1771 5118 2107 5188 sanguinum,
2145 5126 2195 5172 et

615 5208 692 5263 vir
719 5207 908 5264 Belial.
939 5208 968 5249 ι)
1001 5228 1019 5262 s
1054 5209 1307 5282 Quisquis
1352 5208 1591 5265 fidelium
1619 5209 1812 5265 divina:
1856 5209 2046 5281 gratia:
2074 5209 2195 5264 illu-

685 5374 712 5403 α
737 5353 1068 5436 lliimitatum
1091 5381 1122 5436 :_
1151 5364 1206 5421 id
1240 5371 1326 5436 est
1369 5378 1631 5435 superans
1660 5366 1861 5422 limites
1887 5365 2040 5436 legis,
2071 5380 2192 5436 quas

615 5435 857 5506 mortem-
875 5431 1008 5506 f‘uris
1038 5431 1144 5490 non
1167 5431 1531 5506 praecipiebat.

685 5505 714 5545 δ
746 5503 1015 5559 Paterium
1048 5507 1135 5560 hic
1163 5503 1424 5561 exscribit
1469 5507 1750 5573 claudius,
1801 5507 2031 5575 ideoque
2056 5519 2192 5563 non-

612 5575 758 5649 nulla
787 5575 1047 5649 adjungit,
1082 5586 1202 5649 quae
1228 5577 1632 5649 expressissime
1661 5578 1717 5632 in
1756 5577 1895 5633 libro
1925 5593 2032 5649 xxx
2077 5578 2190 5633 Mo-

615 5646 1046 5717 ralium,‘qu‘em
1095 5646 1338 5701 Patertus
1376 5647 1602 5716 allegat,
1647 5664 1753 5703 non
1799 5648 2064 5704 invenies.
2106 5650 2189 5703 An

614 5718 738 5789 quia
761 5717 1008 5772 Paterius
1035 5718 1212 5789 aliqua
1243 5720 1305 5770 de
1334 5733 1432 5772 suo
1468 5720 1676 5782 inserit,
1711 5720 1921 5773 tametsi
1943 5719 2189 5789 Gregorii

616 5788 796 5843 verbis
825 5787 1284 5858 conjunctissima,
1326 5797 1382 5841 ut
1428 5789 1635 5842 scilicet
1655 5789 2000 5858 explicationi
2029 5787 2189 5846 libro-

2302 4565 2391 4612 tur
2419 4529 2646 4626 tropice,
2674 4555 2729 4610 id
2760 4563 2844 4610 est
2862 4529 3094 4625 populus
3125 4529 3392 4614 Iudaicus,
3417 4548 3493 4618 qui
3517 4529 3712 4630 eum

2299 4648 2411 4704 dit:
2447 4647 2681 4704 Absalon
2710 4656 2910 4714 autem,
2941 4632 3080 4703 sicut
3107 4648 3320 4718 quidam
3342 4635 3710 4722 interpretatum?

2299 4741 2558 4813 telligitur
2580 4743 2746 4814 patris
2771 4760 2897 4814 pax.
2923 4741 3075 4809 Quod
3100 4743 3292 4797 mirum
3318 4738 3502 4793 videtur
3523 4730 3564 4783 in
3581 4723 3710 4778 histom

2297 4835 2752 4906 quemadmodum
2774 4835 2944 4904 patris
2963 4851 3067 4905 pax
3090 4829 3254 4906 possit
3276 4827 3490 4899 intelligi,
3511 4819 3577 4892 qui
3594 4819 3709 4909 Ρ³¹ἷ⁸¹¹¹

2297 4926 2438 4982 beuo
2461 4937 2777 5000 Persecums
2796 4937 2898 4984 εει.
2921 4927 3028 4983 Sed
3047 4929 3137 4998 qui
3161 4909 3425 5000 diligenter
3444 4917 3498 4971 ad
3519 4909 3710 4975 allegorl’éﬁl

2297 5022 2602 5088 intendunt,
2637 5001 2931 5092 inspiciunt
2957 5004 3189 5095 Absalon
3224 5033 3338 5074 esse
3372 5003 3710 5095 Jerusalem,”qu

2296 5113 2460 5184 etiam
2489 5121 2544 5168 et
2573 5083 2689 5183 ipsa
2712 5083 2816 5185 pax
2844 5094 3248 5188 interpretatur,
3271 5123 3314 5188 |a
3342 5099 3474 5174 cuius
3498 5095 3599 5152 faeie

2297 5213 2412 5261 stus
2433 5172 2821 5276 fugit,.qua'ndo
2842 5221 2961 5261 eam
2981 5172 3491 5277 patiendodeserens,
3507 5189 3547 5242 in
3563 5172 3709 5254 gentiblh

2299 5341 2646 5446 inuitem
2673 5364 3182 5446 ita"
3221 5341 3711 5446 mitissimi‘ili

2295 5414 2426 5510 {iis—ti
2441 5414 2733 5510 fassae;
2743 5414 3101 5510 insessis
3118 5414 3359 5488 norinihil
3377 5414 3687 5510 (inaremitti

2295 5506 2738 5587 strisji’riorem
2771 5507 3094 5587 sententiam
3125 5510 3392 5587 postrema:

2369 5559 2819 5645 cWSurbsequentia
2869 5559 3288 5645 invenies‘nun}.
3321 5567 3408 5629 57,
3430 5561 3540 5645 alias
3567 5559 3647 5615 Cal):
3667 5559 3712 5588 ’ν’

2295 5647 2422 5704 olim
2457 5647 2537 5711 i7,
2563 5641 2656 5701 lib.
2685 5663 2790 5701 xxx
2817 5645 3001 5701 Moral.
3042 5644 3215 5701 sancti
3239 5641 3476 5706 Gregorii.
3695 5686 3713 5714 L

2367 5717 2388 5737 ,ι
2427 5716 2546 5737 πμ-
2581 5717 2860 5737 .e__-,-__:__:.
2893 5733 2947 5737 -__
2971 5718 3175 5737 l_:j-_..
3209 5711 3279 5737 τε..
3308 5710 3372 5737 ιιιι
3410 5720 3442 5737 η
3467 5687 3696 5737 ιωυωΜ

2365 5699 2550 5771 «ΓΗωὲ
2575 5699 2863 5787 exscripsit
2880 5699 3179 5772 ﬁexrlsidoro
3209 5711 3280 5782 [in
3307 5699 3388 5762 lib.
3410 5720 3443 5757 ιι
3467 5699 3632 5765 Restm
3649 5699 3663 5729 (ί

2298 5788 2352 5860 5]
2383 5788 2655 5858 Claudius.
