3940 6340
496 304 589 359 7H

1559 296 1834 356 CLAUDII
1871 292 2337 355 TAURINENSIS
2373 289 2682 352 EPISCOPI

3679 292 3792 348 ἨΞ

567 416 839 472 Protector
866 429 1031 479 meus,
1057 419 1104 468 et
1130 429 1293 468 cornu
1320 413 1505 470 salutis
1528 431 1675 481 mere,
1703 423 1750 468 et
1778 413 2073 484 redemptor
2097 413 2153 474 Α
2246 409 2315 463 Et
2339 407 2573 464 ascendit
2597 423 2755 477 super
2777 403 3080 472 Cherubim,
3099 412 3148 459 et
3173 403 3389 460 volavit.
3411 423 3431 456 ‹
3468 404 3793 478 (Cherubin

493 526 658 564 meus.
694 526 712 558 ‹
747 505 1029 562 Protector
1048 521 1220 572 meus,
1251 506 1376 578 quia
1403 522 1511 562 non
1539 507 1606 561 de
1630 521 1715 561 me
1734 505 2070 577 praesumpsi,

493 601 649 672 quasi
690 600 905 672 erigens
946 599 1234 654 adversum
1270 608 1324 654 te
1350 615 1518 654 cornu
1550 600 1844 669 superbiae,
1881 601 1976 655 sed
2022 607 2078 655 te

494 692 667 762 ipsum
691 706 878 756 cornu,
907 689 1014 746 hoc
1031 698 1118 745 est
1145 689 1356 744 ﬁrmam
1384 690 1758 746 celsitudinem
1781 691 1970 747 salutis
1999 691 2075 746 in-

492 783 651 837 veni:
685 782 832 853 quod
859 789 918 837 ut
949 781 1265 848 invenirem,
1294 781 1568 838 redemisti
1595 797 1700 836 me.
1737 802 1755 835 ›

567 873 818 930 Laudant
865 873 1099 928 invocavi
1140 873 1456 941 Dominum,
1491 884 1537 929 et
1583 875 1646 929 ab
1690 874 1914 930 inimicis
1946 875 2074 929 meis

493 965 668 1020 salvus
694 983 802 1021 ero.
840 984 858 1017 ‹
891 965 1007 1020 Non
1035 981 1210 1020 meam
1249 965 1506 1036 gloriam,
1549 966 1643 1021 sed
1673 965 1885 1020 Domini
1930 981 2075 1036 quae-

493 1073 643 1124 rens,
673 1057 936 1113 invocabo
964 1057 1272 1123 Dominum,
1300 1065 1356 1112 et
1382 1073 1489 1114 non
1523 1057 1630 1113 erit
1649 1058 1789 1114 unde
1820 1057 1954 1114 mihi
1982 1073 2077 1113 no-

495 1161 655 1207 ceant
681 1151 977 1222 impietatis
1005 1166 1238 1208 errores.
1282 1170 1302 1204 ι

566 1239 1034 1298 Circumdederunt
1056 1261 1137 1298 me
1161 1243 1367 1299 dolores
1390 1246 1593 1301 mortis.
1622 1263 1641 1297 ‹
1669 1244 1728 1301 Id
1746 1253 1828 1302 est
1848 1246 2077 1302 circum-

497 1333 881 1404 dederuntgme
913 1335 1126 1392 dolores
1154 1338 1355 1396 carnis.
1391 1338 1458 1393 Et
1489 1349 1746 1394 torrentes
1784 1341 2076 1412 iniquitatis

495 1428 935 1483 conturbauerunt
961 1446 1060 1484 me.
1115 1429 1310 1486 Turbae
1349 1430 1548 1501 iniquae
1576 1433 1644 1488 ad
1675 1443 1890 1504 tempus
1931 1448 2078 1490 com-

493 1530 653 1575 mota:
677 1521 823 1576 velut
861 1521 1081 1577 ﬁumina
1120 1522 1374 1593 pluvialis
1403 1525 1514 1580 cito
1542 1525 1783 1582 desitura
1827 1536 2074 1599 egerunt,

492 1623 553 1668 ut
577 1615 960 1670 conturbarent
987 1631 1093 1672 me.
1139 1635 1157 1670 ι

557 1705 783 1761 Dolores
829 1706 1024 1776 inferni
1067 1709 1523 1766 circumdederunt
1556 1728 1657 1767 me.
1705 1730 1723 1763 ‹
1764 1711 1822 1767 In
1858 1713 1944 1768 his
1984 1713 2076 1783 qui

2179 503 2378 573 quippe
2414 501 2468 555 id
2488 508 2574 556 est
2600 498 2871 572 plenitudo
2906 497 3140 551 scientia:
3167 497 3483 552 ascendisse
3521 498 3799 568 perhibe~

2177 603 2267 650 tur
2295 636 2309 661 ,
2337 603 2391 650 et
2439 593 2651 650 volasse
2682 633 2698 660 ,
2730 592 2858 663 quia
2889 589 3191 661 majestatis
3218 590 3336 660 ejus
3385 591 3793 648 celsitudinem

2176 689 2406 745 scientia
2452 687 2601 744 nulla
2647 686 3075 756 comprehendit.
3133 685 3350 740 Volavit
3403 701 3547 756 ergo
3576 727 3593 749 ,
3639 687 3794 756 quia

2176 783 2334 856 longe
2359 785 2412 840 in
2453 783 2620 838 altum
2641 781 2710 837 ab
2734 780 3016 836 intellectu
3071 788 3260 834 nostro
3298 795 3356 835 se
3393 779 3650 850 rapuit),
3685 780 3714 819 ιο
3741 790 3795 834 ut

2176 892 2336 934 nemo
2355 878 2421 933 ad
2433 876 2602 931 Deum
2619 875 2951 946 perveniret,
2966 873 3070 928 nisi
3087 888 3185 943 per
3199 874 3539 928 charitatem
3563 891 3580 938 ;
3614 873 3792 945 (Rom.

2180 971 2263 1025 15.
2304 968 2392 1042 10)
2455 968 2737 1040 plenitudo
2801 967 2946 1022 enim
2995 965 3130 1034 legis
3174 966 3422 1020 Charitas
3474 974 3576 1020 est
3622 983 3638 1018 :
3696 968 3795 1022 cito

2177 1062 2322 1116 enim
2351 1077 2410 1116 se
2450 1059 3060 1132 incomprehensibilem
3101 1075 3222 1115 esse
3253 1059 3610 1114 monstravit
3635 1060 3794 1115 dileco

2177 1153 2388 1210 toribus
2416 1153 2529 1209 suis
2554 1195 2568 1219 ,
2593 1169 2661 1208 ne
2689 1153 2842 1207 illum
2870 1151 3152 1222 corporeis
3191 1150 3710 1222 imaginationibus
3743 1167 3794 1204 se

2178 1245 2640 1317 comprehendere
2715 1245 3137 1301 arbitrarentur.
3208 1245 3283 1318 (ο
3335 1245 3521 1316 Super
3595 1242 3794 1298 Clien-

2180 1336 2268 1391 bin
2291 1335 2546 1390 Dominus
2569 1337 2828 1404 ascendit,
2860 1347 2908 1392 et
2935 1337 3146 1392 volavit.
3179 1336 3316 1404 Quia
3343 1353 3517 1408 super
3555 1337 3793 1408 plenitu-

2180 1428 2359 1483 dinem
2389 1427 2626 1483 scientia:
2655 1469 2670 1493 ,
2711 1443 2832 1498 qua:
2853 1443 2973 1483 esse
3017 1429 3074 1482 in
3103 1427 3417 1483 hominibus
3443 1429 3656 1497 potuit
3682 1471 3696 1494 ,
3721 1429 3794 1482 hi-

2180 1519 2520 1576 carnationis
2544 1536 2653 1576 sua:
2667 1519 2894 1591 gloriam
2910 1521 3428 1590 exaltare’dignatus
3457 1532 3581 1588 est,
3615 1531 3681 1576 ut
3703 1521 3792 1576 hoc

2178 1612 2295 1681 ejus
2320 1613 2506 1668 volare
2523 1613 2594 1669 sit
2623 1614 2878 1683 potentia:
2903 1629 3016 1669 sum
3042 1615 3364 1686 mysterium
3389 1614 3788 1680 abjntellertu

2179 1705 2416 1762 humano
2464 1705 2803 1761 subducere:
2839 1707 3178 1776 quantalibet
3230 1708 3401 1762 cnim-
3437 1708 3791 1778 plenitudine

493 1787 1094 1863 nrt-circumdederunt,
1115 1806 1176 1852 ut
1195 1801 1504 1870 perderent,
1529 1810 1686 1857 erant
1708 1803 1922 1858 dolores
1947 1803 2079 1858 invi-
2105 1807 2153 1867 B
2181 1799 2421 1854 scientiae
2441 1798 2552 1852 vita
2577 1798 2934 1868 spiritualium
2966 1800 3195 1872 fulgeat,
3227 1801 3671 1870 apprehendere
3697 1819 3790 1857 non

493 1885 614 1960 dite,
643 1886 731 1956 qui
761 1897 994 1942 mortem
1021 1899 1332 1958 cperantur,
1373 1892 1782 1963 perducuntque
1810 1893 1878 1948 ad
1910 1894 2079 1948 infer-

495 1992 622 2030 num
650 1978 876 2047 peccati.
910 1975 1284 2034 Prwvenerunt
1311 1998 1392 2036 me
1422 1981 1594 2053 laquei
1634 1985 1837 2038 mortis.
1866 1983 2080 2040 Praeve-

493 2079 693 2124 nerunt
715 2086 820 2136 me,
847 2079 906 2126 ut
928 2071 1140 2140 priores
1167 2087 1363 2128 nocere
1387 2073 1606 2138 vellent,
1630 2074 1773 2142 quod
1799 2074 1877 2128 eis
1896 2082 2078 2143 postea

496 2162 832 2217 redderetur.
873 2162 1032 2217 Tales
1076 2170 1258 2218 autem
1303 2164 1549 2219 homines
1577 2163 1795 2232 capiunt
1821 2163 1876 2218 in
1903 2164 2082 2234 perdi-

495 2250 720 2317 tionem,
763 2251 959 2320 quibus
999 2251 1140 2305 mala
1179 2261 1568 2320 persuaserunt
1582 2251 1883 2321 jactatione
1922 2251 2083 2321 justi-

495 2341 602 2395 tite.
641 2339 805 2409 Cujus
836 2357 941 2396 non
977 2355 1059 2409 re,
1084 2341 1178 2398 sed
1209 2343 1448 2409 nomine,
1481 2344 1741 2399 adversus
1765 2351 1952 2414 gentes
1975 2344 2081 2416 glo-

501 2431 731 2486 riantur.

568 2520 637 2576 Et
659 2523 715 2578 in
739 2541 982 2595 pressura
1021 2541 1136 2579 mea
1163 2525 1410 2592 [invocavi
1435 2524 1742 2593 Dominum,
1758 2535 1806 2582 et
1820 2527 1890 2582 ad
1909 2527 2080 2583 Deum

493 2629 664 2668 meum
686 2613 908 2670 clamavi
930 2633 948 2670 :
974 2626 1024 2670 et
1044 2617 1313 2672 exaudivit
1343 2618 1408 2672 de
1442 2618 1635 2690 templo
1658 2629 1841 2674 sancto
1866 2639 1962 2676 suo
1991 2639 2081 2676 vo-

492 2721 603 2758 cem
631 2721 818 2759 meam.
844 2724 862 2757 ι
883 2706 1238 2762 Etexaudivit
1267 2708 1333 2762 de
1359 2709 1520 2764 corde
1539 2725 1681 2775 meo,
1705 2709 1761 2764 in
1790 2726 1898 2780 quo
1929 2712 2082 2767 habi-

494 2800 594 2860 tat,
618 2811 806 2850 vocem
837 2811 1037 2852 meam.
1056 2798 1125 2852 Et
1155 2798 1358 2853 clamor
1381 2817 1526 2855 meus
1555 2802 1609 2855 in
1640 2812 1917 2872 conspectu
1943 2804 2077 2874 ejus.

493 2886 562 2941 Et
588 2886 790 2943 clamor
816 2904 992 2956 meus,
1019 2905 1182 2960 quem
1206 2907 1312 2947 non
1335 2893 1388 2947 in
1408 2893 1631 2951 auribus
1661 2895 1960 2963 hominum,
1986 2898 2081 2954 sed

495 2991 681 3032 coram
702 2978 817 3047 ipso
844 2979 988 3034 intus
1011 2980 1206 3048 habeo,
1231 2983 1464 3037 introivit
1486 2985 1541 3037 in
1569 3002 1724 3039 aures
1755 2986 1890 3055 ejus.
1925 3007 1943 3039 ι

566 3067 635 3122 Ει
656 3079 913 3124 commota
945 3079 1021 3126 est
1051 3112 1065 3137 ,
1095 3081 1142 3128 et
1183 3076 1492 3128 contremuit
1515 3085 1676 3136 terra.
1721 3094 1740 3128 ι
1773 3076 1851 3131 Ita
1882 3076 2081 3134 clariﬁ-

2180 1889 2356 1955 valet,
2390 1891 2656 1960 quomodo
2684 1888 2890 1944 factum
2920 1889 3012 1954 sit,
3042 1897 3102 1943 ut
3129 1890 3222 1959 qui
3247 1891 3483 1956 exstitit,
3529 1893 3792 1962 concipe-

2180 1988 2330 2034 retur
2359 2020 2373 2045 ,
2403 1988 2457 2034 et
2486 1987 2610 2035 ante
2660 1978 2859 2034 szccula
2898 1986 3087 2033 auctor
3111 1978 3394 2033 hominum
3453 1990 3793 2035 nasceretur

2181 2071 2344 2126 homo
2366 2071 2421 2125 in
2438 2070 2601 2126 ﬁnem
2655 2069 3041 2137 dsaeculorum,
3074 2071 3214 2127 Deus
3261 2089 3390 2128 caro
3419 2083 3583 2128 esset
3615 2093 3632 2139 ;
3667 2075 3789 2129 Ver-

2179 2165 2308 2218 bum
2339 2163 2517 2219 infans
2545 2163 2718 2219 ﬁeret.
2774 2164 2927 2220 Unde
2971 2173 3120 2220 recte
3148 2174 3202 2220 et
3231 2165 3339 2220 illic
3368 2167 3614 2220 additur
3649 2186 3664 2219 :
3705 2165 3794 2220 Vo-

2181 2254 2306 2309 lavit
2334 2273 2491 2326 super
2511 2273 2708 2327 pennas
2735 2266 3005 2310 ventorum
3028 2271 3046 2308 .'
3063 2257 3192 2328 quia
3210 2257 3468 2313 videlicet
3495 2268 3791 2312 transcen-

2181 2347 2260 2402 dit
2290 2363 2481 2403 omnes
2505 2349 2810 2404 intellectus
2832 2350 3156 2405 animarum.
3215 2350 3390 2406 Vento
3419 2353 3646 2423 quippe
3689 2355 3791 2406 ani-

2180 2453 2327 2494 mam
2350 2439 2570 2510 ﬁgurari
2604 2481 2619 2506 ,
2645 2456 2744 2512 pro
2773 2440 3060 2496 velocitate
3095 2457 3204 2496 sum
3235 2443 3603 2514 cogitationis
3644 2486 3660 2508 ,
3686 2460 3782 2498 non

2181 2529 2628 2586 inconvenienter
2653 2530 2994 2603 accipimus.)
3027 2531 3124 2586 Illa
3149 2541 3332 2587 autem
3361 2533 3666 2598 celeritas,
3694 2551 3785 2604 qua

2181 2636 2240 2678 se
2274 2621 2879 2692 incomprehensibilem
2902 2639 3021 2678 esse
3054 2627 3380 2681 monstravit
3407 2668 3422 2690 ,
3476 2642 3662 2696 super
3692 2629 3786 2680 vir-

2181 2721 2324 2769 tutes
2346 2715 2649 2770 animarum
2671 2723 2772 2780 est,
2791 2716 2989 2785 quibus
3016 2733 3074 2772 se
3105 2717 3274 2772 veluti
3297 2720 3500 2789 pennis
3528 2721 3606 2774 ab
3635 2730 3785 2775 aster-

2183 2804 2266 2858 nis
2297 2805 2583 2862 timoribus
2605 2807 2661 2862 in
2693 2822 2853 2862 auras
2891 2807 3158 2865 libertatis
3193 2809 3484 2865 extollunt.
3536 2831 3555 2865 ι

2253 2897 2321 2952 Ει
2363 2900 2538 2969 posuit
2587 2899 2824 2955 tenebras
2876 2901 3157 2956 latibulum
3207 2920 3384 2957 suum.
3435 2922 3455 2954 ‹
3495 2904 3568 2958 Et
3599 2907 3778 2975 posuit

2181 2987 2569 3046 obscuritatem
2597 3001 3064 3049 sacramentorum
3093 3035 3107 3061 ,
3149 3003 3203 3049 et
3228 2995 3504 3051 occultam
3539 3011 3703 3066 spem
3733 2999 3782 3051 in

2183 3083 2346 3138 corde
2371 3085 2734 3151 credentium,
2761 3086 2852 3140 ubi
2878 3086 3072 3142 lateret
3094 3088 3207 3157 ipse
3227 3103 3337 3143 non
3365 3105 3462 3144 eos
3490 3091 3777 3145 deserens.

493 3165 616 3212 cato
647 3156 756 3212 ﬁlio
779 3159 1017 3216 hominis
1041 3202 1055 3227 ,
1083 3165 1342 3219 commoti
1365 3172 1528 3231 sunt,
1553 3173 1608 3220 et
1635 3175 2080 3225 contremuerunt
2105 3175 2152 3238 C
2189 3186 2211 3214 ο
2244 3176 2404 3247 (Quia
2437 3177 2564 3232 dum
2601 3178 2832 3250 caligine
2873 3187 3074 3234 nostrae
3113 3156 3456 3236 inﬁrmitatis
3502 3182 3776 3236 obscura-

493 3256 827 3315 peccatores.
856 3248 926 3303 Et
947 3250 1289 3320 fundamenta
1319 3256 1576 3310 montium
1601 3258 1912 3315 conturbata
1933 3270 2075 3316 sunt.

494 3336 564 3391 Et
610 3341 966 3409 superborum
1014 3358 1173 3414 spes,
1216 3361 1336 3416 quae
1365 3347 1420 3401 in
1463 3348 1568 3404 hoc
1611 3349 1807 3404 saeculo
1836 3348 2076 3417 fuerunt,

497 3431 832 3485 conturbatm
859 3441 999 3486 sunt.
1032 3434 1102 3488 Et
1149 3448 1405 3492 commota
1441 3450 1562 3493 sunt
1595 3481 1609 3505 ,
1638 3442 1889 3510 quoniam
1911 3443 2079 3497 iratus

497 3529 572 3574 est
598 3521 670 3574 eis
699 3519 860 3576 Deus.
895 3523 965 3578 Ut
988 3525 1192 3583 scilicet
1201 3529 1313 3599 jam
1349 3530 1750 3589 ﬁrmamentum
1777 3551 1887 3590 non
1915 3536 2081 3592 habe-

501 3618 584 3664 ret
611 3610 663 3664 in
714 3613 966 3670 cordibus
996 3617 1277 3672 hominum
1306 3635 1430 3690 spes
1481 3624 1861 3692 temporalium
1905 3627 2080 3684 hono-

501 3717 641 3756 rum.
685 3722 702 3756 ›

570 3794 813 3851 Ascendit
841 3799 1020 3868 fumus
1059 3800 1114 3854 in
1153 3799 1235 3856 ira
1265 3803 1402 3873 ejus.
1432 3821 1450 3856 t
1486 3805 1747 3862 Ascendit
1774 3807 2081 3882 lacrymosa

499 3888 806 3959 deprecatio
825 3892 1226 3962 pcenitentium,
1261 3910 1384 3950 cum
1416 3901 1794 3970 cognovissent
1819 3903 1949 3973 quid
1975 3907 2082 3960 mi-

498 3995 658 4040 netur
688 3989 832 4043 Deus
860 3989 1058 4061 impiis.
1087 3991 1156 4047 Et
1195 3994 1332 4064 ignis
1372 4013 1404 4048 a
1435 3995 1571 4065 facie
1607 3997 1722 4067 ejus
1753 4000 2081 4055 exardescit:

498 4080 568 4134 Et
580 4082 858 4152 ﬂagrantia
871 4086 1153 4142 charitatis
1164 4096 1285 4157 post
1295 4089 1671 4159 paenitentiam
1684 4091 1750 4146 de
1764 4093 1954 4148 notitia
1968 4093 2086 4162 ejus

499 4173 826 4228 exardescit.
870 4172 1133 4232 Carbones
1162 4182 1398 4234 succensi
1445 4191 1564 4236 sunt
1606 4183 1673 4236 ab
1709 4199 1786 4237 eo.
1844 4184 1946 4251 Qui
1969 4185 2084 4255 jam

500 4264 698 4318 mortui
729 4273 909 4332 erant,
941 4267 1140 4322 deserti
1169 4271 1236 4324 ab
1265 4271 1386 4341 igne
1407 4271 1534 4326 boni
1569 4271 1848 4341 desiderii,
1877 4291 1941 4330 ac
1964 4276 2084 4332 luce

494 4353 721 4423 justitiae
748 4397 762 4422 ,
797 4367 851 4412 et
873 4356 1053 4428 frigidi
1079 4401 1092 4425 ,
1121 4360 1504 4433 tenebrosique
1536 4377 1931 4434 remanserant,
1964 4383 2086 4421 rur-

501 4464 594 4504 sus
620 4451 835 4506 accensi
859 4459 913 4507 et
942 4452 1227 4508 illuminati
1257 4457 1593 4513 revixerunt.
1644 4480 1662 4513 ι

2183 3283 2307 3323 mur
2335 3285 2430 3339 per
2472 3269 2833 3341 ignorantium
2867 3281 3106 3328 nostram
3133 3315 3148 3339 ,
3182 3273 3342 3329 nobis
3397 3276 3777 3339 absconditur,

2183 3376 2252 3417 ne
2278 3377 2308 3416 a
2338 3363 2491 3420 nobis
2515 3363 2672 3420 modo
2695 3365 2751 3420 in
2773 3375 2975 3421 mterna
3014 3376 3069 3422 et
3097 3367 3256 3422 ﬁrma
3283 3368 3558 3424 charitate
3595 3371 3776 3425 videa-

2184 3453 2314 3526 tur.)
2346 3452 2365 3492 τ
2399 3455 2456 3509 In
2503 3456 2588 3512 his
2613 3457 2777 3512 etiam
2810 3459 3050 3514 tenebris
3078 3501 3092 3526 ,
3121 3461 3212 3515 ubi
3260 3477 3361 3530 per
3401 3461 3571 3517 ﬁdem
3598 3464 3775 3518 adhuc

2184 3547 2540 3613 ambulamus,
2573 3565 2681 3604 non
2700 3565 2800 3620 per
2827 3553 3060 3622 speciem
3084 3594 3099 3618 ,
3129 3553 3372 3622 quandiu
3396 3555 3546 3623 quod
3569 3571 3680 3611 non
3701 3557 3777 3610 vi-

2185 3639 2372 3694 demus
2406 3679 2420 3704 ,
2469 3654 2751 3710 speramus
2780 3650 2835 3696 et
2867 3657 2964 3712 per
3001 3644 3322 3714 patientiam
3367 3657 3771 3716 exspectamus.

2186 3730 2237 3803 (g
2277 3731 2412 3799 Quia
2437 3748 2567 3788 vero
2589 3742 2781 3789 auctor
2809 3743 2996 3790 noster
3023 3778 3037 3801 ,
3063 3737 3221 3792 nobis
3257 3737 3313 3792 in
3341 3737 3450 3794 hoc
3474 3740 3646 3796 exilio
3689 3742 3774 3795 de

2179 3823 2359 3895 jectis,
2385 3823 2560 3880 lucem
2591 3842 2701 3882 suae
2730 3828 2954 3883 visionis
2979 3828 3222 3895 abstulit,
3255 3831 3302 3885 si
3333 3848 3395 3886 se
3421 3834 3635 3888 nostris
3653 3850 3774 3889 οωο

2186 3915 2269 3980 lis,
2321 3917 2474 3986 quasi
2523 3917 2579 3971 in
2610 3920 2958 3974 tenebrarum
3003 3921 3227 3977 latibulo
3258 3923 3576 3980 abscondit.
3632 3925 3769 3992 Quas

2185 4010 2440 4065 nimirum
2487 4011 2748 4067 caecitatis
2804 4021 3005 4068 nostra:
3056 4015 3312 4070 tenebras
3354 4031 3486 4070 cum
3536 4018 3764 4072 studiose

2187 4103 2548 4172 conspicimus
2579 4145 2592 4169 ,
2630 4113 2868 4158 mentem
2904 4106 2972 4160 ad
3003 4105 3237 4160 lamenta
3269 4120 3620 4164 revocamus.
3661 4109 3764 4162 Flet

2185 4194 2330 4248 enim
2363 4195 2660 4250 cmcitatem
2686 4235 2701 4260 ,
2746 4211 2908 4265 quam
2949 4196 3082 4251 foris
3117 4197 3324 4268 patitur
3347 4238 3364 4263 ,
3417 4199 3464 4254 si
3499 4201 3763 4254 humiliter

2187 4285 2467 4351 meminit,
2501 4287 2643 4355 quod
2691 4287 2936 4343 interiori
2985 4289 3188 4344 lumine
3225 4290 3503 4360 privatur.
3539 4292 3766 4362 Cumque

2187 4377 2439 4432 tenebras
2464 4419 2477 4442 ,
2512 4378 2706 4447 quibus
2733 4379 3100 4433 circumdatur
3128 4419 3140 4444 ,
3179 4381 3430 4450 respicit,
3477 4383 3763 4453 splendoris

2189 4465 2363 4520 intimi
2389 4467 2599 4521 ardenti
2632 4483 2690 4523 se
2721 4469 2991 4524 desiderio
3021 4469 3208 4540 afﬂigit
3232 4512 3246 4535 ,
3293 4473 3561 4542 omnique
3606 4477 3762 4528 inten—

573 4540 642 4594 Et
668 4541 933 4597 inclinavit
974 4542 1183 4612 caelum,
1224 4556 1271 4600 et
1303 4547 1590 4604 descendit.
1639 4569 1656 4601 ε
1687 4552 1756 4606 Et
1773 4551 2082 4609 humiliavit
2105 4539 2158 4600 Ῑ)
2187 4555 2350 4610 tionis
2375 4557 2495 4612 nisu
2519 4559 2810 4628 semetipsa
2836 4560 3079 4614 concutit
3109 4601 3123 4624 ,
3142 4539 3215 4613 iet
3253 4539 3561 4630 supernam
3593 4564 3762 4626 lucem,

496 4631 724 4702 justum,
754 4642 812 4689 ut
839 4633 1192 4690 descenderet
1208 4637 1274 4691 ad
1291 4637 1569 4694 hominum
1593 4641 1986 4700 inﬁrmitatem.
2013 4643 2084 4698 Et

501 4723 673 4794 caligo
715 4725 807 4780 sub
836 4726 1052 4797 pedibus
1083 4728 1219 4798 ejus.
1252 4743 1276 4768 ιι
1307 4729 1515 4803 (Caligo
1561 4731 1678 4801 ejus
1703 4735 1802 4789 sub
1833 4737 2082 4806 pedibus,

503 4817 629 4887 quia
659 4834 766 4873 non
804 4833 866 4873 ea
894 4819 1144 4874 claritate
1183 4822 1253 4875 ab
1280 4822 1626 4880 inferioribus
1659 4825 1931 4894 cernitur,
1977 4843 2084 4896 qua

506 4908 560 4962 in
597 4911 964 4979 superioribus
993 4913 1350 4984 dominatur.)
1376 4916 1530 4987 [mpii
1553 4919 1721 4985 enim,
1753 4920 1843 4989 qui
1869 4928 2085 4978 terrena

507 4999 744 5067 sapiunt,
774 5001 1002 5074 caligine
1025 5002 1247 5058 malitiae
1269 5021 1379 5060 sum
1406 5023 1513 5062 non
1536 5018 1909 5080 cognoverunt
1924 5026 2083 5066 eum:

509 5098 653 5143 terra
679 5091 821 5146 enim
843 5094 942 5148 sub
970 5096 1197 5165 pedibus
1222 5097 1342 5167 ejus
1372 5103 1630 5170 tanquam
1673 5101 1969 5158 scabellum
1996 5118 2090 5174 pe-

509 5179 635 5232 dum
667 5179 804 5232 eius.
843 5201 861 5232 ι

546 5195 635 5233 um
667 5195 804 5249 ejus.
843 5201 861 5235 ι

580 5335 889 5425 ςᾉιῖξξιλᾳιιφ
928 5339 1019 5425 hic
1065 5346 1376 5425 parenthesi
1405 5347 1595 5416 clausi,
1615 5364 1680 5425 ea
1702 5365 1939 5425 quoque,
1967 5369 2089 5425 quae

507 5405 762 5490 deinceps
785 5405 1112 5490 ipare‘nthe'si
1143 5415 1396 5490 plaudam
1425 5460 1441 5484 ,
1481 5405 1694 5476 noverit
1718 5405 1939 5490 ‘ic‘c'idi,’
1973 5405 2086 5479 i163

511 5477 565 5554 in
595 5477 881 5554 Augustini
908 5481 1264 5554 Enarratione
1317 5477 1551 5545 inveniri
1578 5531 1592 5554 ,
1636 5495 1730 5547 sed
1779 5477 2084 5551 insertare;

507 5546 769 5636 gregario
793 5549 1025 5636 allegat‘o
1053 5553 1109 5636 in
1143 5553 1320 5613 locum
1351 5559 1494 5616 hunc
1515 5577 1546 5615 a
1581 5546 2083 5636 Paterio,q—ue_m—s—i

508 5617 663 5683 vult,
714 5617 960 5677 consulat
982 5621 1170 5679 lector.

580 5688 610 5773 ιξ
641 5687 715 5773 με
752 5709 901 5773 nemo
924 5711 942 5751 :
959 5697 1343 5773 Iursusghabes
1363 5701 1416 5755 in
1438 5702 1760 5773 Augustino.

587 5771 609 5800 ε
641 5760 844 5820 lterum
875 5764 929 5819 in
952 5764 1216 5838 Gregorio
1240 5770 1354 5826 haec
1381 5760 1658 5842 perquire.

2192 4661 2354 4715 quam
2379 4647 2595 4703 condita
2621 4649 2883 4716 deseruit,
2908 4650 3122 4721 repulsa
3149 4667 3260 4721 qua
3273 4652 3364 4706 rit.
3381 4653 3571 4722 _Unde
3602 4657 3662 4711 ﬁt
3683 4656 3768 4726 plc-

2195 4757 2443 4811 rumque,
2479 4752 2538 4796 ut
2567 4743 2622 4798 in
2660 4743 2792 4812 ipsis
2821 4745 2925 4815 piis
2950 4744 3168 4800 ﬂetibus
3220 4745 3310 4800 illa
3353 4746 3570 4803 interni
3603 4748 3760 4822 gaudii

2192 4831 2412 4886 claritas
2443 4843 2710 4904 erumpat,
2734 4842 2965 4891 et-mens
2991 4852 3110 4906 quae
3134 4837 3188 4891 in
3213 4845 3468 4908 tempore
3499 4843 3662 4912 prius
3686 4857 3762 4895 ne

2195 4940 2260 4980 ca
2284 4925 2532 4994 jacucrat
2555 4967 2568 4990 ,
2595 4927 2663 4981 ad
2696 4926 3087 4995 inspectionem
3119 4928 3343 5000 fulgoris
3403 4932 3593 4988 intimi
3624 4938 3671 4998 δ,
3693 4949 3766 4987 su-

2192 5023 2377 5092 perius
2400 5031 2652 5092 vegetata
2702 5023 3089 5097 convalescat.)
3115 5024 3183 5079 In
3209 5028 3443 5080 circuitu
3468 5029 3592 5098 ejus
3624 5031 3763 5084 tuber-

2194 5113 2444 5168 naculum
2464 5113 2602 5184 ejus.
2634 5114 2891 5169 Com'ersi
2917 5124 3094 5170 tamen
3121 5116 3187 5170 ad
3215 5117 3394 5186 ipsum
3423 5118 3762 5187 ambiuntqui

2192 5204 2420 5261 credunt
2451 5204 2526 5271 ei,
2552 5205 2680 5276 quia
2702 5205 2759 5262 in
2787 5205 2966 5264 medio
2995 5221 3182 5262 eorum
3217 5215 3303 5264 est
3335 5250 3352 5276 ,
3377 5225 3510 5266 cum
3537 5213 3765 5268 omnibus

2265 5359 2292 5399 ἀ
2318 5359 2462 5414 Edit.
2487 5359 2540 5412 in
2568 5359 2688 5414 ﬁne.

2267 5359 2292 5399 τι
2403 5359 2414 5372 ⁹
2449 5398 2462 5412 .
2493 5359 2506 5370 ’
2676 5401 2688 5414 .

2267 5441 2292 5470 ο
2481 5358 2802 5504 sgq’iiziitur,
2834 5430 3008 5504 donec
3047 5433 3336 5504 pervenias
3367 5450 3382 5489 :
3411 5436 3475 5492 in
3519 5438 3608 5493 bis
3633 5439 3768 5493 etiam

2192 5516 2293 5586 nec
2314 5501 2368 5586 in
2393 5501 2714 5586 Augustino,
2741 5517 2842 5586 nec
2863 5504 2922 5586 i_n
2952 5501 3214 5586 Gregorio
3243 5507 3447 5577 reperi.

2271 5571 2291 5646 ξ
2315 5571 2652 5646 liursu__s__nos
2680 5573 2838 5646 docet
2863 5571 3218 5646 Augustinus.

2268 5645 2292 5681 8
2315 5641 2440 5719 ligno
2468 5641 3178 5719 diligentissimepromere
3204 5648 3502 5719 exscripsit
3532 5667 3601 5708 ex
3628 5649 3765 5705 Pate-

2193 5714 2294 5796 ri0_,
2325 5712 2554 5796 ideoque
2575 5712 2951 5796 exﬁlregorio,
2985 5715 3260 5796 Claudius.

2264 5785 2288 5824 ιι
2323 5783 2490 5852 Edit.,
2516 5783 2998 5858 suspiriisfaptius,
3028 5796 3088 5845 ut
3108 5789 3365 5845 arbitror.
