3940 6340
144 343 264 411 τηε

799 353 1264 432 QUESTIONES
1300 366 1454 432 XXX
1491 372 1721 434 SUPER
1759 374 2010 437 LIBROS
2045 380 2313 442 REGUM.
2354 415 2426 428 -
2461 382 2667 446 LIBER
2702 386 2769 450 ιι.

3313 347 3431 468 4m

142 469 442 542 aequaliter
464 469 628 541 favet,
663 474 719 532 in
744 480 962 552 quibus,
992 493 1254 560 tanquam
1275 488 1333 545 in
1361 492 1740 563 tabernaculo,
1767 500 1822 562 Α
1844 496 2180 554 multitudine
2205 517 2482 574 aquarum.
2513 502 2826 578 Assumpsit
2855 522 2946 567 me
2987 511 3056 572 de
3081 515 3434 585 multitudine

143 564 368 620 habitat
392 565 495 622 hoc
530 575 794 639 tempore.
825 572 1121 635 Tcnebrosa
1157 599 1298 654 aqua
1325 585 1384 639 in
1409 585 1632 642 nubibus
1656 604 1746 644 ae-

145 659 247 711 ris.
275 657 390 714 Nec
415 668 703 730 propterea
736 655 1024 739 quisquam
1039 670 1094 726 in
1125 673 1215 728 illa
1245 675 1385 745 luce,
1416 693 1536 749 quae
1565 679 1746 738 futura

143 760 254 817 est,
287 768 413 808 cum
442 769 508 809 ex
545 755 649 811 lide
667 757 736 812 ad
761 761 998 829 speciem
1020 766 1351 834 venerimus,
1382 768 1495 840 jam
1528 785 1588 826 se
1625 788 1746 830 esse

145 844 470 910 arbitretur,
500 847 542 902 si
570 846 881 920 Scripturas
908 864 1055 910 recte
1082 856 1353 930 intelligit.
1383 861 1440 916 In
1463 865 1745 934 prophetis

145 936 322 1003 enim,
358 946 522 1009 atque
546 941 599 994 in
628 944 881 1000 omnibus
911 947 1082 1004 divini
1110 952 1265 1008 verbi
1287 955 1741 1024 praedicatoribus

143 1029 380 1087 obscura
409 1033 658 1090 doctrina
706 1045 790 1092 est
815 1050 840 1080 α
870 1039 1038 1112 (quia
1068 1053 1193 1101 ante
1227 1047 1518 1106 adventum
1553 1052 1740 1109 Domi-

143 1125 224 1189 ni,
255 1127 382 1180 dum
417 1127 646 1183 occultis
681 1134 1040 1190 sacramentis
1072 1137 1280 1203 gravidi
1307 1180 1323 1206 ,
1349 1144 1606 1213 mysteria
1641 1146 1742 1201 im-

142 1233 330 1273 mensa
347 1229 649 1290 gestarent,
669 1223 996 1283 intuentium
1009 1229 1202 1300 oculis,
1219 1248 1407 1291 eorum
1431 1237 1739 1313 intelligen-

142 1312 220 1364 tia
255 1313 572 1387 caligabat.)
604 1336 623 1368 ι

215 1402 340 1459 Prw
368 1405 576 1478 fulgore
597 1410 651 1464 in
679 1423 958 1484 conspectu
990 1415 1104 1488 ejus
1135 1432 1154 1471 :
1191 1439 1210 1473 ι
1240 1421 1293 1476 ἰιι
1328 1425 1736 1497 comparatione

139 1497 388 1569 fulgoris,
431 1503 519 1572 qui
548 1512 630 1560 est
657 1506 713 1561 in
741 1521 1031 1580 conspectu
1067 1555 1083 1579 ,
1111 1516 1567 1577 manifestationis
1591 1523 1729 1594 ejus.

139 1589 323 1647 Nubes
348 1595 512 1664 ipsius
564 1600 920 1659 transierunt.
963 1604 1354 1667 Praedicatores
1385 1613 1538 1668 verbi
1591 1589 1726 1683 ejus,

136 1698 251 1738 non
279 1683 394 1752 jam
414 1684 614 1744 ludii-aa
642 1691 839 1749 ﬁnibus
867 1698 1237 1768 continentur,
1273 1705 1368 1760 sed
1394 1707 1732 1764 transierunt

133 1777 209 1830 ad
262 1785 462 1848 gentes.
519 1779 808 1852 (Universa
854 1789 1044 1844 mundi
1100 1794 1275 1862 spatia
1332 1796 1722 1854 miraculorum

1848 590 2192 662 populorum.
2231 613 2252 649 ι

1918 686 2078 742 Eruit
2115 706 2198 746 me
2223 693 2289 749 de
2312 694 2538 751 inimicis
2570 699 2700 756 meis
2729 701 3052 773 fortissimis.
3103 729 3124 763 ο
3163 711 3321 773 Eruit
3341 733 3430 776 me

1847 783 1915 838 de
1941 781 2176 840 inimicis
2201 789 2366 855 meis,
2400 792 2494 862 qui
2521 795 2922 862 praevaluerunt
2969 802 3037 857 ad
3064 803 3429 881 aﬁligendam,

1843 880 1902 928 et
1933 875 2000 929 ad
2025 881 2439 945 pervertendam
2468 883 2630 939 istam
2650 890 3005 958 temporalem
3032 875 3200 952 vitam
3228 917 3426 960 meam.

1844 965 1916 1020 Et
1952 967 2017 1021 ab
2044 969 2125 1024 Itis
2168 973 2259 1042 qui
2307 975 2529 1032 oderunt
2557 995 2638 1034 me
2660 1022 2676 1047 ,
2702 985 2952 1053 quoniam
2993 992 3279 1062 confortati
3303 1009 3429 1053 sunt

1841 1075 1999 1130 super
2025 1079 2106 1116 me
2134 1075 2153 1114 :
2178 1067 2418 1134 quandiu
2451 1069 2551 1124 sub
2576 1070 2708 1141 ipsis
2737 1089 2857 1130 sum
2888 1077 3144 1148 ignorans
3179 1083 3367 1143 Deum.
3405 1114 3422 1142 ι

1915 1149 2291 1212 Prwvenerunt
2307 1176 2387 1213 me
2407 1162 2460 1214 in
2473 1162 2557 1216 die
2569 1165 2861 1236 aﬂlictionis
2875 1186 3022 1227 mete.
3055 1193 3073 1226 t
3095 1175 3312 1236 Priores
3328 1183 3432 1238 mi-

1839 1245 1894 1301 hi
1915 1259 2217 1306 nocuerunt
2247 1252 2302 1307 in
2331 1261 2574 1325 tempore
2602 1274 2711 1330 quo
2738 1263 2985 1332 mortale,
3009 1275 3064 1322 et
3090 1268 3426 1332 laboriosum

1839 1355 2036 1411 corpus
2081 1358 2230 1414 gero.
2280 1345 2351 1400 Et
2399 1346 2572 1416 factus
2601 1361 2678 1407 est
2727 1353 2987 1413 Dominus
3031 1360 3427 1430 ﬁrmamentum

1837 1447 2029 1487 meum.
2062 1432 2130 1488 Et
2172 1437 2429 1506 quoniam
2470 1441 2831 1500 amaritudine
2857 1448 3200 1509 miseriarum
3241 1455 3428 1513 ﬁrma-

1835 1532 2079 1580 mentum
2110 1535 2341 1583 terreuae
2365 1528 2395 1569 ι’
2428 1530 2723 1590 voluntatis
2751 1538 3174 1599 contribulatum
3199 1585 3216 1613 ,
3260 1555 3428 1618 atque

1835 1616 2153 1673 convulsum
2201 1627 2323 1688 est,
2371 1620 2546 1682 factus
2585 1633 2672 1683 est
2717 1626 2982 1688 Dominus
3017 1616 3425 1720 ﬁrmamentum

1833 1720 2035 1763 meum.
2072 1727 2092 1762 ι

1904 1797 1975 1852 Et
2003 1799 2185 1855 eduxit
2214 1818 2296 1859 me
2341 1803 2398 1861 in
2427 1801 2784 1866 latitudinem.
2825 1831 2846 1865 ι
2875 1811 2945 1869 Et
2998 1817 3126 1887 quia
3168 1820 3422 1878 carnates

133 1865 393 1924 claritate
420 1874 792 1948 percurrunt.)
820 1874 1037 1934 Grande
1069 1891 1118 1935 et
1155 1884 1408 1940 carbones
1435 1888 1591 1959 ignis.
1615 1889 1718 1946 Ob-
1744 1888 1795 1951 B
1822 1888 2134 1959 patiebatur
2161 1896 2459 1966 angustias,
2485 1899 2672 1955 eduxit
2695 1917 2783 1958 me
2797 1903 2852 1959 in
2877 1906 3212 1978 spiritualem
3237 1912 3426 1970 latitu-

129 1957 457 2030 jurgationis
477 1963 741 2034 ﬁguratae,
766 1969 962 2039 quibus
985 1972 1131 2028 velut
1153 1977 1419 2046 grandine
1441 1957 1606 2036 corda
1621 1981 1721 2038 du-

131 2066 193 2104 ra
229 2053 550 2110 tunduntur.
582 2055 640 2112 Si
677 2066 859 2115 autem
897 2071 1042 2118 terra
1073 2066 1237 2134 culta,
1265 2076 1320 2123 et
1353 2071 1518 2136 mitis,
1554 2071 1607 2128 id
1635 2082 1721 2130 est

130 2144 256 2213 pius
282 2147 495 2204 animus
520 2153 836 2223 exceperit,
864 2155 1063 2212 duritia
1087 2160 1364 2231 grandinis
1408 2163 1466 2219 in
1486 2181 1682 2238 aquam
1701 2209 1717 2236 ,

130 2233 184 2288 id
205 2243 289 2290 est
312 2247 486 2293 terror
512 2238 798 2312 fulgurata:
830 2285 846 2311 ,
873 2256 928 2302 et
956 2250 1112 2318 quasi
1144 2253 1442 2322 congelataa
1470 2233 1721 2331 objurga-

131 2327 297 2383 tionis
331 2329 388 2384 in
439 2331 742 2389 doctrinam
791 2338 1084 2395 satiantem
1111 2342 1420 2400 resolvitur.
1469 2327 1596 2419 Igne
1625 2365 1721 2405 au-

132 2427 243 2474 tem
267 2422 550 2481 charitatis
572 2442 805 2484 accensa
821 2431 984 2486 corda
1009 2435 1358 2492 reviviscunt.
1392 2437 1519 2495 Hinc
1537 2444 1719 2498 omnia

127 2511 186 2566 in
210 2514 441 2572 nubibus
462 2517 630 2587 ipsius
660 2519 725 2574 ad
754 2531 942 2592 gentes
987 2527 1342 2583 transierunt.
1370 2530 1389 2603 (
1417 2531 1553 2599 Quia
1574 2534 1722 2589 vide-

127 2602 261 2659 licet
285 2607 461 2663 sancti
492 2610 593 2666 viri
644 2613 809 2670 corda
841 2616 1176 2674 audientium
1203 2661 1219 2687 ,
1263 2630 1319 2676 et
1345 2602 1616 2681 térrentcs
1644 2625 1721 2682 fe-

129 2696 298 2763 riunt,
324 2707 380 2754 et
406 2699 748 2759 blandientes
769 2705 1081 2762 infundunt.
1108 2709 1245 2765 Nam
1261 2713 1720 2782 quemathnodum

127 2787 346 2857 feriant,
369 2794 636 2864 propheta
659 2804 847 2854 noster
871 2808 1103 2856 testatur
1130 2803 1318 2861 dicens
1333 2805 1506 2878 (Psal.
1536 2824 1715 2876 cxuv,

125 2880 183 2952 6)
217 2897 234 2937 :
274 2880 526 2940 Virtutem
556 2888 872 2945 terribilium
913 2902 1124 2950 tuorum
1153 2897 1346 2965 dicent,
1377 2909 1426 2954 et
1455 2901 1720 2973 magnitu-

120 2972 302 3028 dinem
353 2984 501 3032 tuam
546 2980 844 3038 narrabant
893 3000 913 3039 :
949 2992 1004 3040 et
1054 2990 1511 3057 quemadmodum
1549 2972 1713 3048 Man--

124 3063 339 3122 dientes
369 3067 594 3140 vigent,
628 3081 847 3130 secutus
894 3074 1141 3145 adjunxit
1166 3078 1355 3152 (Ibid.,
1387 3099 1432 3137 υ.
1464 3084 1519 3156 7)
1554 3101 1568 3139 :
1599 3083 1716 3139 Me-

116 3157 348 3211 moriam
396 3158 735 3217 abundantia:
783 3167 1058 3223 suavitatis
1108 3179 1214 3226 tua:
1259 3172 1590 3230 eructabunt.
1643 3174 1716 3230 Et

110 3247 336 3318 iustitia
360 3257 451 3306 tua
465 3252 862 3330 exsultabant.)
896 3278 916 3312 ι

194 3357 268 3414 Et
294 3361 512 3419 intonuit
535 3365 600 3421 de
625 3367 752 3424 caelo
770 3370 1051 3428 Dominus.
1074 3392 1094 3427 ι
1135 3373 1204 3430 Ει
1228 3377 1542 3450 evangelica
1572 3380 1714 3436 ﬁdu-

115 3455 207 3512 cia
235 3456 302 3513 de
322 3458 483 3515 corde
498 3459 632 3532 justi
657 3465 838 3520 sonuit
858 3467 1227 3533 Dominus.fEt
1247 3471 1548 3528 Altissimus
1567 3475 1712 3530 dedit

114 3562 292 3602 vocem
313 3566 486 3607 suam.
517 3552 588 3610 Ut
622 3555 947 3615 haberemus
986 3575 1127 3629 eam,
1155 3573 1210 3619 et
1232 3564 1290 3620 in
1318 3564 1587 3636 profundo
1627 3584 1708 3626 re-

114 3654 240 3696 rum
262 3642 623 3703 humanarum
648 3650 962 3710 audiremus
989 3654 1253 3713 coelestia.
1294 3678 1314 3712 ι

188 3757 260 3812 Et
284 3761 428 3816 ntisit
459 3765 679 3835 sagittas
708 3783 865 3836 suas,
910 3779 961 3825 et
981 3771 1251 3845 dissipavit
1279 3791 1386 3831 eos.
1431 3793 1452 3829 t
1482 3777 1550 3834 Et
1579 3780 1708 3836 emi-

111 3847 189 3905 sit
210 3849 583 3925 Evangelistas
595 3859 788 3928 pennis
809 3861 1070 3920 virtutum
1086 3874 1234 3922 recta
1248 3867 1442 3926 itinera
1457 3879 1707 3928 transvo-

110 3939 312 4010 lantes,
352 3960 463 4001 non
489 3948 622 4015 suis,
649 3951 747 4006 sed
765 3950 883 4021 ejus
909 3969 941 4008 a
971 3970 1078 4025 quo
1118 3959 1272 4014 missi
1305 3969 1434 4016 sunt
1471 3962 1699 4020 viribus.

104 4034 183 4091 Et
202 4037 458 4109 dispersit
481 4057 599 4110 eos,
630 4047 698 4102 ad
732 4061 869 4118 quos
892 4048 1040 4105 missi
1066 4063 1192 4108 sunt
1211 4094 1227 4121 ,
1260 4063 1320 4110 ut
1346 4055 1470 4112 aliis
1512 4073 1702 4115 eorum

103 4135 301 4182 essent
318 4127 451 4185 odor
471 4133 595 4190 vitae
623 4135 680 4191 in
712 4136 901 4204 vitam,
927 4139 1047 4197 aliis
1083 4141 1220 4198 odor
1247 4147 1439 4203 mortis
1463 4149 1518 4204 in
1557 4165 1702 4206 mor-

105 4227 244 4273 tem.
271 4219 344 4274 Et
379 4227 765 4283 coruscationes
815 4230 1180 4304 multiplicauit
1212 4276 1228 4303 ,
1275 4247 1325 4292 et
1375 4242 1700 4297 conturbavit

104 4326 218 4366 cos.
251 4311 320 4368 Et
347 4315 610 4374 miracula
647 4321 1050 4398 multiplicavit,
1085 4335 1141 4382 et
1162 4331 1508 4388 conturbavit
1545 4349 1693 4391 eos.»

180 4423 255 4479 Et
275 4443 632 4500 apparuerunt
659 4435 828 4506 fontes
854 4457 1133 4511 aquarum.
1173 4463 1193 4497 ι
1235 4444 1303 4501 Ει
1327 4460 1702 4518 apparuerunt

102 4517 204 4587 qui
228 4517 358 4575 facti
380 4532 538 4578 erant
577 4525 633 4580 in
657 4530 1083 4598 praedicantibus
1108 4532 1286 4593 fontes
1305 4517 1488 4610 (ιὸξιη.
1514 4558 1590 4609 ιν,
1608 4543 1698 4616 14)

101 4629 374 4685 aquarum
409 4619 712 4678 salientium
743 4625 799 4681 in
837 4627 1002 4683 vitam
1033 4640 1312 4689 aeternam.
1358 4635 1428 4690 Et
1469 4637 1696 4694 revelata
1723 4646 1778 4706 D
1874 4648 1944 4704 Et
1969 4667 2128 4706 secun

98 4718 230 4761 sunt
259 4707 604 4779 fundamenta
647 4717 786 4774 orbis
813 4729 1096 4778 terrarum.
1128 4723 1377 4784 Revelati
1411 4738 1540 4786 sunt
1568 4747 1695 4803 pro-

96 4803 304 4872 phetae,
335 4806 428 4875 qui
459 4823 564 4863 non
596 4811 1036 4883 intelligebantur
1060 4860 1076 4886 ,
1108 4835 1273 4894 super
1295 4839 1432 4895 quos
1458 4825 1696 4884 aediﬁca-

95 4902 259 4947 retur
290 4895 438 4952 orbis
461 4906 730 4957 terrarum
753 4904 981 4962 credens
1003 4907 1250 4967 Domino.
1279 4911 1358 4967 Ab
1380 4915 1695 4988 increpatio-

92 5001 166 5040 ne
188 4997 304 5053 tua,
327 4987 550 5048 Domine
590 4993 875 5053 clamantis
915 4998 1066 5073 (Luc.
1084 5018 1144 5072 ι,
1171 5003 1265 5078 9):
1293 5011 1696 5084 appropinqua-

87 5080 178 5133 vit
201 5095 368 5151 super
390 5097 487 5141 vos
529 5102 759 5160 regnum
787 5090 884 5146 Dei
911 5110 925 5146 :
965 5093 1042 5148 Ab
1081 5096 1441 5168 increpatione
1470 5080 1690 5173 spiritus

85 5172 195 5226 ira:
238 5181 391 5230 tute:
418 5177 648 5235 dicentis
689 5179 840 5254 (Luc.
882 5199 1004 5253 xiii,
1034 5185 1090 5259 5)
1132 5205 1145 5242 :
1183 5189 1286 5244 nisi
1331 5172 1689 5263 paenitentiam

82 5267 326 5338 egeritis,
360 5287 535 5328 omnes
560 5273 806 5332 similiter
830 5280 1151 5337 moriemini.
1183 5301 1205 5336 s

167 5377 320 5435 Misit
337 5382 403 5439 de
427 5401 659 5455 summa,
696 5397 748 5445 et
769 5391 967 5462 accepit
994 5408 1096 5447 me.
1134 5411 1156 5446 ι
1179 5390 1440 5452 Vocando
1465 5411 1534 5453 ex
1550 5411 1685 5469 gen-

79 5472 244 5530 tibus
296 5474 353 5531 in
397 5477 773 5538 baereditatem
822 5482 1113 5554 gloriosam
1143 5524 1160 5554 ,
1199 5484 1501 5544 Ecclesiam
1531 5528 1548 5557 ,
1577 5505 1686 5547 non

75 5567 392 5629 habentem
435 5573 731 5646 maculam,
761 5584 859 5632 aut
885 5591 1078 5650 rugam
1109 5594 1126 5636 :
1169 5579 1466 5654 Assumpsit
1509 5599 1592 5639 me
1617 5583 1684 5639 de

161 5753 192 5858 ἓ
217 5745 810 5858 ﬁbﬁqpentia
831 5753 1100 5830 Paterius,
1117 5757 1349 5858 ideoque
1363 5758 1682 5836 Gregorius.
1723 5805 1728 5810 -

159 5816 192 5860 δ
218 5819 367 5896 [Idib
393 5816 696 5896 uoluptatis.

155 5898 185 5932 ο
225 5889 374 5952 Edit.
407 5889 658 5952 latitudo.

125 6029 214 6064 εν,
494 5987 772 6057 Parnm“
806 5989 968 6068 CIV.

1824 1979 2006 2037 dinem
2017 1982 2160 2040 ﬁdei.
2188 1985 2344 2041 Eruit
2358 2005 2460 2056 me,
2474 1992 2723 2063 quoniam
2733 1995 2898 2052 voluit
2917 2015 3016 2054 me.
3034 2002 3339 2076 Antequam
3360 2008 3424 2063 il—

1821 2067 1934 2127 lum
1956 2089 2055 2145 ego
2069 2076 2284 2145 vellem,
2307 2081 2547 2138 eruitme
2569 2085 2637 2140 de
2671 2086 2906 2146 inimicis
2945 2093 3082 2150 meis
3104 2099 3422 2165 potentissi-

1822 2161 1946 2229 mis,
1969 2165 2060 2234 qui
2093 2166 2225 2222 mihi
2251 2168 2492 2227 invident
2504 2171 2620 2242 jam
2645 2176 2846 2234 volenti
2869 2196 3017 2248 eum,
3043 2161 3189 2241 et—ab
3213 2188 3301 2246 his
3326 2188 3424 2261 qui

1821 2254 2055 2313 oderunt
2074 2274 2180 2326 me,
2219 2262 2346 2332 quia
2368 2265 2492 2321 volo
2521 2283 2666 2323 eum.
2707 2289 2727 2322 ι

1892 2346 1964 2404 Et
2012 2352 2260 2408 retribuet
2311 2357 2441 2411 mihi
2502 2359 2760 2418 Dominus
2811 2369 3099 2425 secundum
3147 2371 3421 2444 justitiam

1821 2453 2010 2494 meam.
2043 2459 2062 2491 ι
2090 2441 2377 2502 Retribuet
2393 2449 2527 2504 mihi
2545 2450 2807 2511 Dominus
2822 2461 3122 2518 secundum
3139 2441 3417 2534 justitiam

1820 2527 1978 2586 bona)
2009 2531 2322 2604 voluntatis,
2372 2544 2464 2610 qui
2490 2543 2643 2614 prior
2670 2549 2904 2617 praebuit
2955 2527 3414 2628 misericordiam,

1821 2630 2116 2694 antequam
2134 2627 2391 2687 haberem
2415 2635 2608 2692 bonam
2623 2639 2977 2700 voluntatem.
3025 2647 3097 2703 Et
3124 2627 3417 2708 secundum

1818 2713 2101 2781 puritatem
2133 2733 2386 2776 manuum
2416 2741 2653 2782 mearum
2672 2732 2918 2788 retribuet
2945 2737 3094 2792 milii.
3124 2739 3191 2796 Et
3215 2758 3416 2800 secun-

1821 2803 1950 2861 dum
1996 2810 2292 2878 puritatem
2323 2815 2594 2876 factorum
2646 2840 2890 2883 meorum
2923 2833 3189 2891 retribuet
3254 2838 3414 2908 mihi,

1820 2894 1912 2985 qui
1939 2898 2128 2954 tribuit
2157 2903 2289 2959 mihi
2313 2945 2328 2972 ,
2363 2916 2422 2962 ut
2446 2907 2588 2967 bene
2610 2910 2846 2972 facerem
2867 2958 2882 2984 ,
2914 2919 3198 2979 educendo
3225 2940 3315 2982 me
3352 2894 3412 2985 iii

1820 2979 2158 3048 latitudinem
2181 2996 2324 3052 lidei.
2360 3017 2379 3051 ι

1895 3079 2035 3146 Quia
2061 3086 2460 3152 custodiuiaias
2493 3091 2731 3153 Domini.
2773 3119 2793 3152 ι
2831 3101 2902 3158 Ut
2926 3102 2983 3159 in
3015 3117 3036 3145 ο
3063 3105 3410 3170 latitudinem

1818 3166 2087 3229 bonorum
2111 3191 2357 3248 Operum,
2391 3199 2513 3254 qua:
2541 3181 2640 3257 per
2659 3189 2822 3247 ﬁdem
2845 3203 2990 3264 sunt,
3014 3205 3069 3253 et
3088 3166 3412 3274 longanimi-

1743 3273 1789 3339 ρ
1823 3267 1907 3319 tas
1940 3272 2342 3334 perseverando
2369 3289 2750 3348 consequatur.
2791 3304 2811 3337 ι

1895 3353 2011 3411 Nec
2036 3358 2190 3431 impie
2213 3365 2349 3434 gessi
2382 3385 2416 3421 a
2441 3367 2552 3424 Deo
2592 3388 2706 3427 meo
2735 3416 2750 3443 ,
2777 3381 3028 3449 quoniam
3061 3389 3237 3444 omnia
3250 3390 3408 3461 judi-

1818 3446 1901 3501 cia
1922 3448 2036 3518 ejus
2053 3451 2108 3505 in
2128 3467 2404 3528 conspectu
2427 3478 2540 3518 meo
2563 3477 2685 3522 sunt
2707 3486 2927 3542 semper.
2959 3494 2978 3526 ‹
3012 3477 3279 3545 Quoniam
3294 3499 3410 3541 om-

1817 3537 1908 3594 nia
1921 3538 2125 3610 judicia
2148 3544 2286 3616 ejus,
2313 3550 2369 3607 id
2381 3562 2467 3609 est
2485 3555 2512 3595 ἀ
2536 3572 2636 3630 per
2659 3563 3094 3627 misericordiam
3107 3573 3406 3647 iustorum,

1815 3641 1871 3688 et
1888 3633 2094 3704 lpmuas
2138 3641 2427 3713 impiorum
2451 3691 2466 3715 ,
2498 3661 2556 3708 et
2586 3652 2795 3727 ﬂagella
2830 3633 3274 3736 corrigendorum
3301 3712 3317 3738 ,
3351 3633 3408 3728 et

1815 3729 2145 3788 tentationes
2195 3738 2599 3806 probandorum
2648 3729 3024 3818 perseveranti
3073 3729 3405 3832 contempla-

1813 3815 1962 3874 tione
1990 3824 2292 3883 considero.
2335 3829 2406 3885 Et
2445 3815 2687 3903 justitids
2726 3841 2842 3911 ejus
2895 3861 3000 3900 non
3036 3851 3206 3920 repuli
3235 3870 3268 3906 a
3291 3815 3400 3910 ine.

1812 3906 1966 3974 Quod
1984 3910 2192 3970 faciunt
2213 3919 2524 3979 deﬁcientes
2543 3927 2645 3984 sub
2674 3906 2886 3989 sarcina
2913 3906 3124 4007 earum,
3148 3949 3203 3996 et
3219 3957 3397 4000 rever-

1812 4004 2002 4054 tuntur
2023 4005 2093 4059 ad
2121 4009 2383 4066 vomitum
2408 4027 2588 4071 suum.
2629 4038 2650 4072 ι

1880 4089 1952 4144 Et
2012 4112 2102 4153 ero
2150 4099 2522 4163 immaculatus
2563 4127 2742 4169 coram
2783 4131 2864 4186 eo,
2894 4127 2945 4174 et
2989 4121 3290 4196 observabof
3315 4144 3400 4184 me

1807 4179 1874 4236 ab
1895 4182 2168 4255 iniquitate
2193 4208 2327 4250 mea.
2357 4196 2429 4253 Et
2454 4203 2706 4259 retribuet
2728 4179 2861 4263 milii
2913 4210 3169 4272 Dominus
3211 4190 3398 4275 secun-

1806 4280 1932 4336 dum
1962 4283 2233 4354 justitiam
2258 4304 2448 4345 meam.
2487 4311 2507 4344 ι
2531 4294 2718 4367 Itaque
2745 4315 2853 4356 non
2875 4302 3050 4360 solum
3073 4317 3296 4379 propter
3317 4311 3398 4366 la-

1810 4373 2097 4432 titudinem
2121 4378 2246 4435 ﬁdei
2274 4421 2290 4448 ,
2319 4398 2440 4453 quae
2459 4402 2560 4456 per
2583 4389 2932 4452 dilectionem
2964 4373 3224 4470 operatur
3251 4445 3266 4470 ,
3296 4405 3395 4462 sed

1805 4556 1940 4612 mihi
1970 4559 2233 4619 Dominus
2255 4569 2554 4625 secundum
2577 4573 2849 4645 justitiam
2873 4596 3068 4637 meam.
3106 4605 3125 4638 ο

2129 4653 2257 4709 dum
2274 4659 2558 4729 puritatem
2587 4683 2840 4724 manuum
2865 4689 3098 4729 mearum
3145 4679 3394 4738 retribuet

1800 4741 1930 4797 mihi
1971 4745 2025 4800 in
2072 4759 2348 4821 conspectu
2391 4756 2666 4814 oculorum
2713 4762 2847 4832 ejus.
2901 4784 2921 4816 ι
2955 4767 3225 4834 Quoniam
3267 4791 3391 4846 quae

1799 4833 2074 4906 videntur,
2101 4845 2423 4914 temporalia
2452 4859 2616 4919 sunt;
2647 4868 2767 4924 quae
2792 4833 3106 4918 autemnon
3135 4833 3394 4925 viden-tur

1798 4936 2004 4986 aeterna
2025 4943 2172 5003 sunt,
2204 4952 2313 5008 quo
2337 4941 2576 5011 pertinet
2601 4944 2830 5005 altitudo
2855 4952 2990 5021 spei.
3027 4974 3048 5007 ›

1871 5021 2004 5079 Cum
2031 5039 2215 5084 saneto
2248 5043 2464 5090 sanctus
2486 5037 2610 5091 eris.
2647 5055 2667 5090 ι
2698 5038 2795 5096 Est
2819 5043 2984 5098 etiam
3013 5050 3224 5106 occulta
3255 5068 3385 5123 pro-

1794 5113 2056 5189 funditas,
2100 5137 2207 5193 qua
2256 5125 2572 5201 intelligeris
2626 5147 2749 5188 cum
2779 5145 2968 5194 sancto
3001 5153 3222 5201 sanctus
3249 5113 3381 5216 eris,

1795 5209 1922 5278 quia
1953 5217 2010 5266 tu
2037 5216 2367 5273 sanctiﬁcas.
2416 5218 2487 5275 Et
2514 5237 2632 5277 cum
2660 5225 2770 5281 viro
2813 5227 3088 5288 innocente
3129 5236 3382 5294 inuocem

1791 5304 1938 5359 eris:
1965 5312 2022 5360 et
2041 5308 2168 5377 quia
2188 5311 2323 5366 nulli
2363 5327 2527 5370 noces
2543 5356 2558 5382 ,
2604 5318 2700 5374 sed
2727 5321 3004 5379 criniculis
3026 5339 3378 5396 peccatorum

1792 5411 2016 5454 suorum
2043 5404 2416 5476 unusquisque
2443 5411 2855 5484 constringitur.
2890 5435 2911 5470 ι

1863 5488 2072 5548 Etcum
2101 5493 2260 5551 electo
2290 5497 2482 5555 electus
2504 5503 2628 5559 eris.
2664 5525 2682 5556 ι
2718 5506 2788 5563 Et
2811 5508 2879 5564 ab
2908 5525 2974 5568 eo
3002 5529 3167 5586 quem
3197 5516 3371 5589 eligis,

1789 5583 2037 5658 elegeris.
2069 5587 2137 5644 Et
2164 5601 2188 5631 ο
2219 5607 2338 5647 cum
2357 5597 2611 5666 perversis
2639 5600 2974 5662 subveneris.
3000 5583 3070 5665 Et
3090 5623 3220 5668 cum
3244 5583 3378 5684 per;

1857 5766 1887 5810 ιι
2087 5781 2141 5828 et
2165 5776 2386 5847 praemia
2403 5777 2697 5850 justorum.

1863 5851 1889 5882 ο
1917 5839 2061 5902 Edit.
2088 5839 2360 5933 peruersus
2389 5839 2510 5912 e'ris.
