3940 6340
616 374 727 450 ἠδ’

1674 374 1950 441 CLAUDII
1986 370 2445 437 TAURINENSIS
2479 364 2789 434 episcopi
3665 388 3727 449 tu

613 519 779 573 verso
818 498 1025 565 videris
1046 512 1343 575 pervorsus
1370 516 1385 556 :
1416 511 1446 544 ι
1478 499 1551 557 ob
1594 501 1739 573 quod
1768 500 1849 555 eis
1877 514 1985 554 non
2026 496 2195 564 faves,
2222 497 2276 559 Α
2301 497 2471 567 quilla
2501 535 2517 563 ,
2550 503 2604 552 et
2642 495 2827 552 mollia
2860 533 2877 562 ,
2905 486 3001 551 sed
3029 483 3192 550 etiam
3239 500 3334 568 per
3363 506 3524 568 aspera
3549 538 3563 566 ,
3588 510 3628 558 et
3651 505 3729 566 om

615 611 904 668 perversus
929 610 1050 651 esse
1070 593 1276 650 videris
1299 634 1315 660 ,
1339 592 1595 664 quoniam
1620 592 1808 648 dicunt
1831 606 1941 648 non
1959 596 2045 646 est
2071 603 2195 646 rec-

617 697 672 745 ta
698 689 786 749 via
815 684 1031 743 Domini
1059 701 1074 743 ;
1098 692 1168 742 et
1202 684 1449 754 ipsorum
1474 683 1565 741 via
1591 694 1703 743 non
1740 689 1825 739 est
1848 689 2025 738 recta.
2062 700 2081 734 ι

689 782 957 850 Quoniam
981 788 1041 834 tu
1060 776 1311 851 populum
1323 776 1571 835 humilem
1588 775 1790 833 saluum
1815 775 1998 847 facies.
2019 782 2052 827 ἐ
2081 772 2195 830 Hoc

616 882 798 931 autem
828 886 1168 945 perversum,
1188 870 1401 926 videtur
1421 870 1698 941 perversis
1713 910 1732 936 ,
1757 869 1901 942 quod
1926 866 2192 925 conﬁten-

614 976 700 1022 tes
720 974 943 1038 peccata
987 980 1085 1020 sua
1105 960 1282 1018 salvos
1303 961 1491 1019 facies.
1520 960 1588 1016 Et
1612 959 1792 1016 oculos
1843 959 2189 1031 superborum

615 1058 938 1115 Immiliabis.
966 1057 1284 1130 lgnorantes
1307 1063 1491 1111 autem
1516 1053 1615 1110 Dei
1636 1052 1930 1124 justitiam,
1959 1059 2015 1107 et
2038 1064 2194 1107 suam

616 1148 861 1204 volentes
888 1147 1236 1210 constituere,
1261 1144 1595 1201 bumiliabis.
1633 1164 1653 1198 ι

691 1240 953 1307 Quoniam
999 1248 1055 1293 tu
1092 1238 1121 1279 δ
1167 1235 1488 1292 illuminabis
1551 1235 1821 1292 lucernam
1848 1252 2041 1301 meam,
2081 1232 2217 1289 Dor

613 1330 773 1386 mine.
832 1349 852 1383 ‹
888 1329 1154 1398 Quoniam
1179 1343 1289 1385 non
1321 1337 1405 1386 est
1432 1336 1677 1384 nostrum
1702 1328 1885 1383 lumen
1927 1343 1995 1384 ex
2017 1326 2196 1389 nobis.

586 1422 712 1498 .scd
756 1430 813 1480 tu
860 1420 1190 1479 illuminabis
1214 1419 1492 1477 lucernam
1527 1434 1706 1479 meam
1728 1461 1745 1487 ,
1774 1419 2021 1476 Domine.
2053 1418 2197 1473 Deus

613 1533 783 1584 meus,
832 1515 1075 1573 illumina
1103 1516 1339 1573 tenebras
1383 1532 1549 1573 ineas.
1607 1514 1719 1572 Nos
1767 1515 1915 1571 enim
1958 1514 2199 1585 peccatis

614 1609 817 1666 nostris
849 1608 1089 1665 tenebrae
1113 1623 1333 1676 sumus,
1371 1608 1465 1667 sed
1500 1608 1645 1665 Deus
1689 1622 1843 1665 meus
1868 1606 2201 1663 illuminabit

615 1701 869 1757 tenebras
898 1715 1068 1756 meas.
1102 1720 1122 1754 ι

684 1791 953 1860 Quoniam
970 1811 1004 1848 a
1023 1802 1072 1849 te
1095 1803 1118 1835 ο
1141 1794 1340 1864 eripior
1356 1811 1389 1849 a
1418 1793 1717 1851 tentstione.
1752 1810 1772 1844 ι
1799 1790 2064 1859 Quoniam
2088 1806 2198 1846 non

2294 588 2611 645 transimus.
2643 589 2789 645 Bene
2827 602 2959 660 ergo
2998 601 3101 659 per
3126 588 3441 659 psalmist
3465 591 3728 664 dicimuoii

2291 681 2512 753 perfecit
2545 682 2701 754 pedes
2722 697 2866 737 meos
2894 690 3144 754 tanquam
3170 683 3321 737 cerei.
3347 681 3525 740 Cervus
3543 686 3728 746 euincunt

2292 771 2561 827 montium
2592 773 2721 844 juga
2769 772 3106 839 conscendit,
3136 788 3355 845 quaeque
3379 788 3565 847 aspera,
3591 793 3729 851 quaque

2295 879 2355 920 se
2378 862 2638 933 objiciunt
2650 865 2891 922 sentibus
2904 864 3133 938 illigata,
3148 867 3272 921 dato
3291 867 3420 922 saltu
3440 872 3728 941 transgreditur,

2294 964 2353 1013 et
2407 958 2611 1028 absque
2636 958 2745 1014 ullo
2773 973 2969 1014 cursus
2997 958 3082 1015 sui
3122 958 3388 1015 obstaculo
3406 1000 3420 1027 ,
3448 962 3471 1002 ε
3489 960 3730 1031 iusuperiori-

2295 1049 2398 1106 bus
2419 1051 2684 1108 elevatur.
2698 1053 2778 1108 Ita
2791 1053 2958 1107 etiam
2973 1051 3264 1109 electorum
3274 1061 3465 1109 mentes
3479 1094 3493 1119 ,
3503 1069 3663 1125 qunque
3675 1048 3729 1109 sibi
3802 1080 3803 1083 η

2296 1142 2355 1198 in
2385 1143 2490 1199 hoc
2522 1145 2726 1201 mundo
2755 1144 3046 1212 obsistere,
3078 1153 3237 1217 atque
3261 1145 3464 1203 obviare
3484 1147 3728 1217 conspiciunt,

2299 1236 2774 1306 contemplationis
2794 1236 2933 1293 saltu
2967 1237 3350 1293 transcendunt
3377 1252 3391 1291 :
3417 1247 3466 1292 et
3495 1251 3609 1292 more
3627 1253 3732 1292 ceno-

2299 1344 2440 1393 rum,
2467 1329 2735 1400 despectis
2764 1338 3104 1387 terrenarum
3132 1346 3309 1387 rerum
3334 1330 3558 1400 sentibus,
3575 1331 3731 1402 insuper-

2301 1436 2373 1476 na
2396 1434 2454 1477 se
2478 1424 2735 1478 evehunt.
2766 1442 2789 1478 ι
2886 1426 2897 1457 ’-

2372 1512 2443 1568 Et
2473 1529 2631 1585 super
2654 1513 2860 1570 excelsa
2894 1523 3095 1571 statuet
3120 1531 3224 1570 me.
3268 1533 3289 1568 ι
3322 1512 3386 1571 Et
3411 1527 3550 1586 super
3566 1512 3730 1570 culum

2302 1603 2691 1662 habitationem
2712 1607 2840 1678 liget
2877 1607 3237 1663 intentionem
3276 1621 3457 1672 meam,
3478 1614 3528 1661 ut
3546 1605 3731 1676 impletin

2304 1695 2465 1768 (Eph.
2490 1715 2575 1765 Ill,
2608 1699 2697 1769 i9)
2725 1716 2941 1758 omnem
2970 1699 3355 1772 plenitudinem
3389 1698 3491 1756 Dei.
3520 1718 3536 1752 ι

2378 1788 2486 1855 Qui
2504 1790 2655 1861 docet
2684 1808 2873 1848 manus
2919 1810 3066 1848 meas
3093 1794 3163 1848 ad
3193 1791 3438 1865 prndium.
3498 1809 3514 1842 t
3546 1789 3618 1858 Qui
3649 1788 3731 1843 deos

612 1902 644 1942 a
667 1902 776 1953 me,
812 1886 910 1944 sed
938 1902 970 1942 a
999 1894 1054 1944 te
1086 1927 1104 1952 ,
1146 1902 1309 1943 eruar
1343 1879 1398 1944 a'
1418 1887 1735 1945 tentatione.
1767 1885 1839 1942 Et
1860 1887 1917 1941 in
1944 1885 2056 1941 Deo
2092 1901 2208 1940 meo
2236 1864 2286 1929 Β
2316 1896 2405 1937 me
2430 1886 2643 1954 operari
2668 1887 2735 1941 ad
2764 1887 3102 1957 superandos
3131 1864 3388 1951 inimicos,
3422 1882 3500 1954 qui
3517 1881 3629 1937 nobis
3644 1881 3731 1935 intu-

611 1980 972 2052 transgredior
990 1997 1218 2036 murum.
1247 1980 1317 2036 Et
1336 1996 1445 2037 non
1474 1981 1529 2037 in
1558 1995 1666 2047 me,
1709 1980 1805 2036 sed
1845 1980 1903 2034 in
1947 1979 2063 2034 Deo
2087 1993 2211 2034 meo

611 2073 981 2145 transgrediar
992 2089 1228 2141 murum,
1242 2089 1405 2145 quem
1418 2074 1561 2129 inter
1573 2060 1843 2141 homines,
1864 2071 2209 2128 etcmlestem

613 2166 953 2227 Hierusalem
988 2176 1211 2238 peccata
1239 2174 1555 2222 erexerunt.
1585 2186 1605 2220 ι

682 2258 823 2313 Deus
844 2275 989 2313 meus
1017 2299 1032 2323 ,
1065 2257 1407 2313 immaculata
1432 2267 1506 2314 est
1534 2258 1618 2313 ria
1638 2259 1774 2331 ejus.
1813 2276 1833 2310 ι
1868 2257 2019 2313 Deus
2043 2271 2202 2313 meus

610 2364 724 2409 non
750 2349 899 2405 venit
922 2350 976 2405 in
1001 2349 1250 2405 homines
1275 2388 1291 2415 ,
1317 2349 1423 2406 nisi
1450 2349 1838 2406 mundaverint
1881 2350 2027 2405 viam
2056 2349 2204 2415 ﬁdei,

616 2457 726 2514 qua
751 2441 935 2497 veniat
982 2441 1052 2497 ad
1092 2456 1188 2497 eos
1214 2481 1231 2507 ,
1256 2440 1386 2512 quia
1434 2440 1783 2497 immaculata
1811 2450 1897 2497 est
1925 2442 2015 2496 via
2064 2440 2204 2510 ejus.

615 2533 846 2612 Eloquia
892 2532 1106 2589 Domini
1149 2534 1269 2604 igne
1311 2534 1633 2589 examinata.
1712 2534 1938 2605 Eloquia
1986 2533 2206 2589 Domini

614 2628 741 2701 igne
761 2625 789 2667 ἀ
818 2627 1241 2684 examinationis
1292 2628 1612 2698 probantur.
1668 2626 1944 2683 Protector
1965 2638 2041 2684 est
2088 2645 2206 2683 orn-

616 2720 766 2775 nium
796 2719 1185 2790 sperantiumiu
1203 2736 1280 2777 se.
1306 2720 1375 2777 Et
1401 2736 1615 2788 omnes,
1642 2721 1735 2792 qui
1760 2736 1869 2777 non
1892 2721 1948 2776 in
1971 2736 2031 2777 se
2051 2721 2202 2791 ipsis,

615 2812 710 2867 sed
742 2812 796 2866 in
828 2810 918 2866 illo
955 2818 1216 2882 sperant,
1258 2810 1446 2868 eadem
1482 2812 1835 2868 tribulatione
1863 2827 1972 2867 non
2001 2827 2204 2868 consuo

616 2910 835 2957 mentur
863 2921 879 2957 ;
908 2917 1034 2973 spes
1057 2902 1205 2957 enim
1238 2903 1486 2971 sequitur
1516 2902 1698 2959 ﬁdem.
1730 2923 1749 2956 ι

693 2990 958 3058 Quoniam
982 2993 1097 3065 quis
1119 2993 1260 3047 Deus
1282 2994 1767 3065 prmterDominum
1786 2994 1812 3048 Γ
1831 3012 1851 3045 t
1884 2993 1983 3050 Cui
2012 3005 2037 3036 ο
2059 2995 2204 3051 servi

616 3101 826 3145 sumus.
856 3085 923 3143 Et
942 3086 1066 3159 quis
1095 3085 1267 3154 Deus,
1297 3094 1498 3158 praeter
1524 3086 1836 3161 Dominum,
1862 3102 2045 3158 quem,
2076 3095 2203 3159 post

577 3244 581 3248 ,
616 3179 818 3249 bonam
863 3180 1186 3237 servitutem
1212 3186 1473 3252 tanquam
1511 3179 1889 3236 haereditatem
1925 3190 2202 3252 speratam

618 3272 715 3330 lilii
746 3272 1181 3343 possidebimus?
1213 3292 1232 3326 ι

693 3367 835 3423 Deus
865 3366 954 3437 qui
975 3367 1255 3437 prmcinxit
1273 3383 1358 3421 me
1377 3367 1587 3423 uirtute.
1618 3385 1638 3420 ι
1665 3368 1811 3425 Deus
1836 3368 1928 3438 qui
1951 3383 2040 3423 me
2066 3383 2206 3439 pra:-

621 3459 796 3514 cinxit
825 3498 839 3524 ,
865 3465 927 3513 ut
950 3456 1107 3513 fortis
1133 3458 1237 3514 sim
1267 3476 1281 3512 :
1312 3474 1381 3515 ne
1405 3458 1712 3515 dililuentes
1751 3460 1905 3516 sinus
1932 3460 2203 3531 cupidita-

624 3549 696 3604 tis
725 3548 1025 3621 impediant
1048 3563 1241 3620 opera,
1293 3557 1350 3605 et
1375 3564 1598 3621 gressus
1622 3565 1793 3606 meos.
1821 3550 1892 3605 Et
1912 3552 2086 3622 posuit
2114 3551 2209 3606 im-

624 3639 946 3695 maculatum
962 3640 1100 3696 viam
1121 3656 1309 3694 meam.
1337 3639 1407 3696 Et
1426 3640 1609 3711 posuit
1636 3640 2043 3698 immaculatum
2062 3642 2209 3698 viam

625 3732 930 3800 cbaritatis,
945 3748 1052 3804 qua
1070 3733 1139 3788 ad
1152 3732 1307 3789 illum
1331 3732 1569 3801 veniam,
1585 3733 1727 3790 sicut
1749 3734 2097 3791 immaculata
2124 3742 2210 3791 est

626 3826 783 3891 ﬁdes,
815 3842 922 3897 qua
950 3828 1101 3883 venit
1125 3826 1195 3883 ad
1221 3841 1330 3883 me.
1377 3846 1398 3883 ο

699 3917 800 3985 Qui
821 3918 1038 3990 perfecit
1075 3918 1231 3990 pedes
1253 3934 1394 3974 meos
1420 3927 1673 3992 tanquam
1694 3923 1851 3977 cervi.
1889 3941 1911 3975 ι
1946 3916 2049 3991 Qui
2086 3937 2213 3995 per-

626 4009 755 4065 fecit
806 4025 1047 4065 amorem
1077 4025 1258 4066 meum
1300 4012 1369 4067 ad
1406 4014 1838 4070 transcendenda
1884 4016 2126 4086 spinosa,
2156 4024 2213 4072 et

626 4101 878 4157 umbrosa
919 4099 1323 4171 implicamenta
1351 4102 1513 4173 hujus
1561 4105 1765 4161 saeculi.
1797 4106 1819 4146 τ
1851 4106 2075 4173 Cervos,
2103 4109 2213 4180 spi—

626 4191 850 4246 rituales
893 4192 1042 4248 viros
1090 4194 1328 4264 appellat
1360 4203 1585 4266 propter
1640 4197 1977 4255 alacritatem
2032 4201 2209 4258 veloci

626 4302 791 4342 cursu
826 4300 841 4339 :
873 4285 1224 4343 robustorum
1255 4287 1400 4345 enim
1442 4297 1654 4345 mentes
1680 4290 1737 4345 in
1765 4290 1877 4346 Deo
1922 4292 2215 4350 immobili-

624 4387 709 4435 ter
734 4377 856 4433 lixa:
883 4386 1036 4434 tanto
1062 4377 1291 4435 adversa
1331 4394 1563 4451 qumque
1610 4382 1915 4452 despiciunt
1942 4425 1956 4448 ,
2009 4395 2218 4455 quanto

625 4478 899 4537 cernunt,
932 4470 1078 4541 quod
1124 4480 1319 4533 contra
1362 4480 1636 4549 praecepta
1683 4475 1981 4533 conditoris
2023 4492 2218 4532 excre-

2233 3236 2281 3302 C

2318 1973 2539 2030 cludere
2572 1976 2813 2032 caelestia
2853 1992 3021 2051 regna
3053 1986 3329 2033 conantur.
3366 1974 3430 2030 Et
3450 1973 3733 2047 posuisti,sttr-

2318 2083 2439 2121 cum
2459 2084 2677 2136 meum,
2702 2070 2914 2125 brachia
2938 2087 3076 2126 mea.
3120 2069 3188 2125 Et
3233 2068 3447 2140 posuisti
3479 2064 3731 2139 infatigabika

2317 2156 2671 2215 intentionem
2700 2160 2965 2216 bonorum
2995 2176 3222 2231 operum
3246 2175 3487 2217 meorum.
3519 2178 3535 2212 ι

2388 2250 2459 2304 Et
2490 2250 2681 2306 dedisti
2706 2252 2835 2307 mihi
2868 2257 3243 2324 protectionem
3271 2252 3441 2308 salutis
3475 2258 3645 2305 meant
3669 2246 3731 2301 ἀα-
3808 2246 3809 2309 1

2317 2352 2430 2398 tera
2469 2354 2565 2399 tua
2587 2347 2811 2417 suscepit
2838 2361 2937 2400 me.
2980 2365 2999 2397 ι
3035 2347 3095 2403 id
3122 2356 3207 2403 est
3246 2347 3390 2401 favor
3422 2345 3572 2417 gratia
3590 2351 3730 2397 tuasn-

2315 2438 2463 2508 cepit
2494 2455 2600 2494 me.
2634 2439 2704 2494 Et
2748 2440 3029 2512 disciplina
3051 2451 3144 2496 tua
3173 2441 3358 2496 direxit
3398 2457 3467 2495 me
3490 2440 3535 2493 in
3568 2433 3731 2508 βλέπει

2313 2530 2345 2572 δ
2367 2531 2636 2587 correctio
2673 2540 2765 2586 tua
2791 2546 2878 2587 me
2926 2533 3147 2589 deviare
3172 2548 3276 2589 non
3302 2533 3465 2588 sinens
3489 2573 3502 2597 ,
3527 2528 3731 2588 direxit,tt

2314 2621 2575 2692 quidquid
2600 2636 2701 2694 ago
2725 2662 2741 2688 ,
2793 2623 2847 2677 in
2877 2637 3004 2678 eum
3036 2625 3200 2679 ﬁnem
3225 2620 3443 2680 referam
3470 2662 3483 2685 .
3513 2634 3592 2690 quo
3617 2622 3626 2656 ί
3649 2629 3731 2670 NW“

2312 2723 2477 2770 netur
2502 2714 2657 2769 mihi.
2691 2714 2761 2770 Et
2789 2715 3074 2788 disciplina
3100 2726 3192 2771 tua
3217 2715 3326 2788 ipsa
3349 2731 3422 2769 me
3444 2711 3611 2767 docebit.
3631 2708 3729 2762 Elea-

2320 2807 2442 2862 dem
2482 2807 2753 2863 correctio
2783 2814 2875 2863 tua
2902 2822 2993 2863 me
3045 2807 3260 2865 docebit
3282 2806 3533 2881 pervenire
3554 2797 3670 2872 ,quod
3692 2795 3731 2850 li“

2310 2898 2473 2956 rexit.
2495 2920 2516 2953 ι

2380 2991 2633 3047 Dilatasti
2666 3009 2873 3064 gressus
2905 3010 3052 3050 meos
3076 2993 3252 3049 subter
3273 3007 3373 3047 me.
3406 3008 3425 3043 ι
3451 2986 3539 3043 Nec
3559 2978 3732 3053 impedit“

2310 3084 2556 3141 carnales
2583 3087 2864 3157 angustiae,
2897 3087 3158 3158 quoniam
3182 3087 3341 3143 latam
3368 3081 3515 3141 fecisti
3537 3075 3733 3135 citat-lutea

2312 3191 2492 3232 meam
2517 3185 2833 3248 operantem
2857 3177 3128 3245 hilariter,
3166 3179 3327 3235 etiam
3352 3177 3411 3231 de
3435 3172 3553 3244 ipsis,
3567 3180 3639 3240 qua
3657 3161 3733 3217 sub-

2312 3273 2399 3321 ter
2423 3283 2510 3323 me
2541 3276 2667 3323 sunt
2701 3308 2717 3335 ,
2750 3268 3077 3325 mortalibus
3096 3270 3278 3335 rebus,
3299 3276 3352 3323 et
3374 3261 3593 3321 membris.
3612 3254 3654 3309 Ει
3678 3264 3733 3304 ιῡη

2311 3369 2433 3415 “illi
2448 3359 2720 3427 ίηβηηαεα
2731 3360 2943 3431 vestigia
2968 3378 3111 3417 mea.
3134 3361 3205 3416 Et
3223 3376 3325 3416 non
3346 3365 3457 3414 sunt
3477 3351 3663 3409 inﬁma:
3673 3342 3731 3397 siit

2311 3450 2511 3508 itinera
2540 3465 2681 3517 mea,
2718 3453 2835 3508 sive
2858 3452 3015 3525 signa
3046 3495 3064 3523 ,
3104 3471 3225 3526 qua
3248 3453 3484 3525 impressa
3513 3436 3731 3503 sunttdini-

2317 3545 2547 3602 tandum
2576 3547 2953 3617 sequentibus.
2986 3568 3009 3602 ι

2383 3635 2679 3711 Persequar
2706 3639 2947 3697 inimicos
2974 3658 3119 3698 meos
3156 3683 3173 3710 ,
3196 3651 3244 3698 et
3277 3631 3629 3710 comprehendi!
3657 3621 3730 3677 δυασ

2320 3754 2340 3788 ι
2370 3734 2674 3806 Persequar
2724 3735 2952 3794 allectus
2979 3738 3231 3799 carnales
3255 3751 3413 3801 meos,
3450 3724 3731 3791 neshsiml-

2312 3823 2625 3895 prehendar
2641 3840 2656 3881 :
2673 3825 2767 3882 sed
2783 3827 3243 3900 comprehendam
3263 3826 3392 3892 illos,
3408 3830 3461 3879 ut
3477 3817 3709 3876 aluum!”llr
3723 3818 3732 3856 ³

2318 3915 2388 3971 Et
2433 3934 2536 3974 non
2563 3914 2835 3975 conver'lar
2862 3921 3030 3977 donec
3088 3922 3346 3993 deﬁciant.
3374 3912 3513 3972 Etab
3548 3907 3620 3963 i5“
3638 3902 3731 3993 im:
3814 3918 3815 3925 “

2317 4011 2466 4066 tione
2488 4026 2596 4067 non
2630 4021 2918 4071 convertar
2946 4013 3018 4069 ad
3038 4014 3295 4089 quietem,
3326 3996 3667 4068 dulcem"
3687 3997 3732 4055 Ψ
3814 4020 3815 4079 ἰ

2317 4107 2642 4178 obstrepunt
2664 4108 2819 4165 mihi.
2851 4127 2872 4163 ι
3596 4180 3618 4193 η
3644 4168 3702 4193 λέ

2391 4200 2461 4256 Et
2492 4170 2821 4273 confringam
2843 4200 2963 4257 illos
2985 4218 3007 4269 ;
3033 4217 3128 4258 nec
3150 4203 3381 4273 poterunt
3394 4200 3530 4251 stare.
3557 4170 3733 4273 ι

2321 4308 2446 4365 gam
2471 4261 2614 4359 illos,
2634 4261 2739 4349 nec
2756 4261 3031 4350 durabunt
3057 4261 3337 4350 adversum
3352 4300 3449 4344 me.
3469 4275 3618 4336 CM

2320 4353 2474 4456 pedes
2494 4353 2656 4439 me...
2697 4384 2898 4441 Deictis
2921 4384 3062 4453 illis,
3090 4395 3389 4457 praeponam
3429 4379 3612 4432 amores,
3629 4353 3733 4428 qui“

2323 4476 2540 4531 ambulo
2566 4476 2619 4531 in
2641 4484 2927 4533 aeternum.
2967 4498 2986 4531 ι

625 4574 784 4621 scunt
814 4584 827 4619 :
859 4534 1187 4671 aeternitatis
1210 4534 1407 4637 quippe
1435 4534 1659 4636 praemia
1677 4569 2055 4638 praestolantes
2082 4613 2097 4637 ,
2132 4573 2215 4627 vi—
2240 4604 2296 4671 Β
2393 4567 2464 4621 Et
2486 4569 2813 4641 prwcinxisti
2838 4585 2919 4624 me
2941 4572 3129 4625 virtute
3155 4568 3224 4624 ad
3248 4563 3439 4621 bellum.

625 4672 714 4713 res
741 4672 808 4712 ex
837 4656 1260 4715 adversitatibus
1287 4667 1528 4723 sumunt,
1560 4659 1687 4728 quia
1716 4669 1998 4718 crescente
2028 4678 2212 4735 pugna

627 4747 1004 4818 gloriosiorem
1038 4748 1144 4805 sibi
1173 4764 1284 4804 non
1324 4748 1609 4821 ambigunt
1654 4766 1879 4809 manere
1902 4756 2208 4813 victoriam.

631 4839 721 4896 Sic
753 4840 936 4914 itaque
968 4840 1267 4898 electorum
1294 4840 1565 4898 desideria
1591 4844 1722 4899 dum
1755 4855 2079 4916 premuntur
2112 4849 2214 4903 ad«

628 4932 885 4987 versitate
915 4974 931 4999 ,
956 4932 1252 5002 proficiunt
1269 4972 1287 5000 ,
1311 4932 1455 4988 sicut
1480 4933 1622 5003 ignis
1646 4932 1778 4993 ﬂatu
1824 4937 2111 5007 premitur,
2151 4947 2214 4995 ut

629 5032 842 5079 crescat
870 5033 965 5092 ;et
984 5025 1130 5083 unde
1164 5024 1322 5097 quasi
1341 5025 1587 5097 extingui
1611 5027 1871 5093 cernitur,
1906 5027 2031 5085 inde
2058 5030 2216 5088 robo-

635 5126 806 5172 ratur.
846 5117 907 5172 ln
933 5132 1001 5174 eo
1042 5133 1279 5189 namque
1304 5118 1644 5176 ostendimus
1677 5160 1694 5186 ,
1719 5128 1924 5191 quanta
1945 5123 2014 5179 ad
2043 5123 2215 5180 Deum

632 5207 926 5281 cupiditate
945 5206 1260 5282 ﬂagramus,
1284 5211 1332 5268 si
1369 5226 1477 5271 non
1507 5211 1683 5268 solum
1701 5214 1772 5269 ad
1801 5228 1926 5269 eum
1950 5230 2049 5286 per
2069 5223 2219 5273 tran-

705 5401 730 5431 ιι
762 5387 940 5444 Verba
966 5387 1084 5446 haec
1112 5406 1126 5443 ε
1154 5388 1218 5444 ob
1238 5376 1481 5473 multo
1503 5377 1590 5448 est
1604 5378 1995 5473 ob'ltocuquod]
2017 5396 2091 5451 eis
2112 5412 2239 5467 non

632 5461 783 5549 futiles.
793 5475 1068 5549 periret-sus
1095 5477 1205 5544 esse
1229 5461 1425 5549 videris
1443 5463 1641 5549 desunt
1664 5462 1718 5519 in
1745 5461 1925 5521 editis.

694 5533 733 5614 οι»
764 5530 904 5614 uidit.
936 5530 1227 5589 illuminas.
1252 5533 1320 5589 Et
1341 5547 1533 5590 revera
1559 5534 1813 5609 deinceps
1843 5538 2061 5609 repetit,
2090 5539 2213 5599 illu-

631 5602 888 5661 ntiuabis.

706 5685 729 5758 ξ
768 5670 939 5758 Edita,
964 5692 1144 5758 ςηεαη·

692 5745 730 5814 ,δ
767 5746 937 5813 Edit.,
967 5747 1347 5803 tribulationis.

704 5827 730 5857 ο
752 5815 921 5883 Edit.,
944 5818 1219 5873 servimus.

708 5884 730 5926 ί
756 5886 934 5944 Verba
947 5888 1067 5943 haec
1096 5888 1787 5967 :cervos,spiritualesviros
1813 5894 2040 5967 appellat
2063 5915 2226 5972 prop-

2320 4658 2451 4715 xisti
2486 4636 2720 4715 'ﬂuentia
2745 4659 3011 4717 desideria
3056 4659 3238 4717 carnis
3264 4670 3406 4719 mets.
3448 4636 3731 4731 vim”?

2318 4753 2415 4808 tali
2442 4768 2620 4825 pugna
2647 4754 2992 4825 praepedirer.
3024 4748 3375 4827 Supplanlasli
3395 4740 3644 4827 insurge”?

2323 4820 2503 4900 subter
2518 4820 2629 4901 ine.
2647 4820 2848 4917 Dec-ipi
2874 4844 3051 4909 fecisti
3073 4820 3187 4913 eos,
3215 4842 3301 4917 qui
3328 4854 3407 4896 me
3439 4820 3732 4917 ἰηεείιυθῳψῗ

2319 4944 2382 4994 ιιι
2401 4939 2587 4995 subter
2610 4954 2697 4994 me
2726 4912 2939 5008 tierent,
2964 4940 3055 5011 qui
3082 4912 3249 5010 super
3273 4948 3353 4991 me
3380 4942 3483 4987 esse
3501 4912 3731 5019 concilii:

2392 5032 2463 5088 Et
2482 5032 2722 5090 inimicos
2743 5052 2881 5091 meos
2900 5006 3091 5092 dedisti
3112 5006 3236 5089 mihi
3253 5029 3465 5085 dorsum.
3487 5036 3502 5070 ι
3522 5013 3573 5071 Et
3588 5006 3731 5062 inium

2321 5144 2473 5185 neos
2511 5130 2829 5187 convertisti
2851 5172 2865 5195 ,
2902 5138 2955 5186 et
2988 5129 3205 5195 dorsum
3233 5121 3357 5187 mihi
3383 5130 3463 5174 θοε
3488 5099 3618 5166 rem“
3641 5099 3732 5195 δεῖ]

2320 5219 2379 5277 id
2389 5226 2491 5287 est,
2508 5227 2569 5276 ut
2596 5173 2953 5293 sequereritur
2977 5237 3084 5279 me.
3116 5190 3184 5274 Et
3205 5214 3318 5272 odio
3331 5208 3539 5264 habentes
3553 5206 3625 5255 tu.
3637 5173 3731 5255 ραδν

2323 5407 2403 5453 ter
2424 5396 2770 5496 alae-ritabat”.
2794 5395 2954 5453 veloci
2995 5362 3730 5496 Aliiﬁbmdcsgtg

2322 5449 2417 5525 seu
2427 5449 3228 5535 éi'ns','i€&iazn£atgi.;enhah
3243 5466 3361 5519 sani
3379 5471 3394 5511 ε
3418 5449 3730 5524 Mum"

2327 5540 2500 5572 nam:
2535 5541 2749 5572 ηιιηηηοε
2784 5558 2809 5572 η
2838 5539 3052 5572 n.......:..
3090 5557 3152 5572 ην
3181 5538 3250 5572 tit.
3287 5546 3368 5572 nu
3397 5498 3731 5572 Morabl’iw

2324 5514 3370 5613 sineangue";natanata.
3394 5514 3618 5582 κατέλεκτ’

2854 5611 2983 5703 0RD}
3008 5610 3301 5703 1011.4--.“
3321 5672 3357 5703 α
3396 5627 3737 5703 armorum“

2403 5666 2429 5723 ἒ
2467 5681 2559 5765 Sic
2594 5666 2862 5750 Pa'terius,
2886 5684 2980 5739 sed
3005 5666 3062 5740 in
3086 5666 3303 5759 vulgato
3321 5666 3737 5732 Sﬁwmm"
3812 5666 3815 5683 1

2510 5770 2626 5810 ora.

2460 5824 2605 5898 ﬁdit.
2637 5825 2917 5898 correptio.

2408 5896 2428 5939 ί
2462 5895 2610 5953 Edit.
2645 5895 2938 5955 conteretur
2958 5898 3077 5955 tibi.
