3940 6340
129 367 224 434 7η

729 361 895 435 ΩΙΙᾸΞ
903 353 1192 421 STIONES
1227 357 1380 419 XXX
1416 355 1647 420 SUPER

1789 349 1940 412 lROS
1975 349 2239 410 REGUM.
2270 378 2343 395 --
2374 347 2580 410 LIBER
2614 341 2687 408 Il.

3244 345 3354 422 7l8

127 489 258 548 disti.
285 483 418 543 Alios
448 488 629 544 autem
657 495 870 550 eorum,
907 482 1002 555 qui
1031 482 1087 540 in
1123 479 1248 543 odio
1277 477 1665 551 perdurarunt,
1694 469 1842 538 A=Et
1869 470 2066 532 nomini
2105 477 2197 526 tuo
2230 467 2476 542 psallam.
2511 467 2582 526 Et
2631 464 2798 532 latius
2842 466 3154 532 innotesces
3195 467 3362 547 boni;

123 577 421 650 disperdisti.
463 597 485 630 ι

191 670 534 726 Clamaverunt
575 681 668 722 nec
713 675 826 726 erat
867 666 960 739 qui
1007 663 1180 722 salvos
1227 661 1444 736 faceret.
1481 679 1502 716 ι
1534 655 1670 728 Quis

119 764 255 822 enim
278 761 441 818 salvos
477 758 722 825 faceret,
755 774 892 830 quos
928 766 986 813 tu
1014 773 1122 814 non
1151 755 1403 814 faceres?
1426 753 1509 815 Ad
1555 753 1672 810 Do-

117 857 302 910 minum
328 868 409 910 nec
446 850 716 906 exaudivit
754 866 860 906 eos.
894 848 1008 907 Nec
1034 849 1103 906 ad
1137 846 1454 920 quemlibet,
1485 845 1579 902 sed
1604 845 1671 902 ad

117 947 376 1002 Dominum
412 943 812 1010 clamaverunt,
842 955 947 998 nec
987 939 1333 1002 exauditione
1373 937 1563 1010 dignos
1584 933 1670 1008 ju-

116 1040 302 1095 dicabit
329 1052 426 1094 non
457 1035 774 1092 recedentes
802 1048 834 1096 a
867 1032 1075 1090 malitia
1115 1047 1234 1088 sua.
1273 1051 1294 1084 ι

184 1131 249 1186 Et
275 1128 610 1186 comminuam
656 1124 776 1180 illas
799 1165 818 1192 ,
864 1133 922 1182 ul
941 1122 1202 1196 pulverem
1229 1122 1391 1194 juxta
1419 1134 1446 1170 ι
1479 1120 1671 1193 faciem

119 1224 268 1278 renti.
307 1241 323 1272 ι
351 1220 415 1276 Ει
439 1218 804 1278 comminuam
833 1216 956 1274 illos
988 1234 1002 1270 :
1032 1215 1170 1272 aridi
1199 1215 1343 1272 enim
1368 1220 1516 1280 sunt,
1562 1227 1670 1268 non

117 1313 416 1384 recipientes
456 1309 686 1368 imbrem
716 1305 1106 1367 misericordias
1135 1304 1272 1372 Dei,
1310 1313 1370 1360 ut
1409 1303 1578 1370 elati,
1614 1311 1672 1358 et

114 1409 275 1465 inﬂati
303 1406 543 1477 superbia
570 1406 639 1462 ab
666 1419 762 1475 spe
783 1403 961 1470 ﬁrma,
980 1411 1036 1458 et
1061 1403 1382 1460 inconcussa
1407 1410 1671 1471 tanquam

113 1511 268 1560 term
303 1499 583 1564 soliditate,
615 1507 673 1554 et
715 1497 1012 1560 stabilitate
1038 1497 1338 1568 rapiantur.
1390 1494 1458 1550 Ut
1497 1495 1670 1552 lutum

111 1597 388 1668 platearum
410 1592 590 1654 delebo
615 1609 724 1650 eos.
752 1591 859 1648 Per
907 1591 1046 1650 latas
1080 1631 1096 1659 ,
1133 1606 1271 1662 quas
1295 1589 1453 1648 multi
1479 1590 1670 1646 ambu-

110 1689 243 1755 lant,
261 1686 559 1760 perditionis
573 1685 708 1753 vias,
733 1683 1089 1748 luxuriantes,
1119 1692 1176 1741 et
1201 1684 1442 1741 lubricos
1471 1680 1665 1738 delebo

106 1799 224 1840 COS.
255 1803 274 1837 ι

177 1875 340 1930 Erues
365 1889 440 1928 me
468 1871 533 1928 de
554 1869 1050 1928 contradictionibus
1077 1868 1274 1942 populi.
1312 1885 1334 1920 ο
1367 1867 1541 1924 Erues
1582 1879 1670 1921 me
1696 1857 1745 1919 B

107 1965 174 2021 de
201 1963 700 2021 contradictionibus
734 1977 943 2029 eorum,
978 1963 1072 2032 qui
1105 1961 1400 2016 dixerunt:
1429 1959 1487 2015 Si
1511 1957 1670 2016 dimi-

107 2058 331 2114 serimus
343 2072 461 2112 enm
477 2057 656 2116 vivum
673 2054 726 2122 ιι,
739 2070 900 2112 omne
923 2053 1178 2110 sacculum
1203 2060 1325 2123 post
1343 2066 1466 2108 eum
1495 2052 1611 2107 ibit.
1646 2071 1667 2105 ι

178 2148 455 2203 Constituet
485 2164 565 2203 me
593 2145 648 2202 in
671 2155 826 2218 caput
850 2145 1102 2218 gentium.
1131 2143 1372 2216 Populus
1390 2159 1543 2215 quem
1567 2159 1674 2198 non

106 2240 317 2311 cognovi
347 2279 363 2304 ,
391 2249 413 2278 ε
442 2238 626 2294 serviet
651 2237 800 2294 mihi.
833 2257 854 2290 ε
902 2237 1140 2308 Populus
1166 2237 1406 2309 gentium
1435 2277 1451 2301 ,
1508 2249 1672 2306 quem

102 2329 362 2400 corporali
388 2329 674 2401 praesentia
713 2344 822 2384 non
849 2329 1068 2384 visitavi
1098 2367 1114 2395 ,
1147 2327 1371 2384 servivit
1417 2327 1570 2382 mihi.
1599 2325 1668 2381 In

102 2421 349 2480 obauditu
393 2421 538 2478 auris
577 2420 798 2476 obedivit
835 2420 984 2475 mihi.
1015 2419 1127 2477 Nec
1153 2420 1325 2480 oculis
1374 2435 1461 2475 me
1512 2420 1669 2485 vidit,

100 2517 200 2572 sed
229 2516 486 2588 recipiens
521 2515 908 2588 praedicatores
937 2529 1088 2572 meos
1116 2515 1172 2574 in
1216 2514 1476 2572 obauditu
1525 2515 1673 2570 auris

97 2610 370 2666 obaudivit
397 2609 551 2665 mihi.
588 2627 608 2664 ι

169 2701 298 2756 Filii
335 2700 492 2757 alieni
516 2701 720 2757 mentiti
741 2709 863 2756 sunt
885 2699 1032 2758 mihi.
1078 2717 1097 2752 ι
1131 2697 1254 2755 Filii
1300 2713 1410 2756 non
1447 2698 1557 2754 mei
1587 2698 1672 2754 di-

95 2794 279 2861 cendi,
304 2793 395 2848 sed
418 2792 599 2864 potius
617 2791 799 2858 alieni,
818 2791 1015 2862 quibus
1038 2801 1188 2846 recte
1211 2789 1408 2846 dicitur
1435 2807 1448 2845 :
1490 2788 1588 2844 Vos
1609 2804 1675 2844 ea:

92 2897 246 2958 patre
263 2884 467 2940 diabolo
488 2886 630 2950 estis,
661 2884 859 2939 mentiti
885 2894 1005 2939 sunt
1028 2883 1174 2938 mihi.
1197 2880 1326 2937 Filii
1347 2880 1508 2944 alieni
1528 2881 1673 2936 inve-

93 2987 411 3036 teraverunt.
449 2977 572 3033 Filii
612 2977 794 3041 alieni,
827 2977 1022 3048 quibus
1051 2985 1112 3032 ut
1140 2982 1554 3040 renovarentur,
1575 2990 1675 3036 no-

91 3089 223 3128 vum
263 3080 641 3130 testamentum
669 3069 846 3137 attuli,
879 3070 934 3126 in
965 3069 990 3109 τι
1021 3076 1258 3125 veterem
1286 3068 1560 3123 hominem
1587 3081 1674 3120 re-

92 3172 436 3219 manserunt.
468 3161 538 3216 Et
569 3161 994 3218 claudicaverunt
1023 3178 1056 3214 a
1087 3159 1284 3214 semitis
1308 3158 1438 3214 suis.
1459 3157 1528 3212 Et
1558 3165 1674 3214 tan-

1765 562 2028 636 operibus
2063 561 2220 626 meis,
2255 581 2298 640 r

1837 654 2189 727 Magniﬁcam
2229 654 2426 716 salutes
2484 653 2616 727 regis
2644 653 2832 727 ipsius.
2867 671 2888 714 ς
2924 653 3070 716 Deus
3107 655 3202 728 qui
3229 671 3352 719 ma-

1768 747 2012 822 gniﬁcat,
2052 755 2112 805 ut
2139 747 2534 816 admirabilem,
2556 746 2722 808 faciat
2774 745 2979 810 salutes
3002 787 3020 816 ,
3049 763 3192 822 quas
3235 749 3360 822 ejus

1768 842 1912 898 ﬁlius
1974 841 2070 898 dat
2132 842 2499 904 credentibus.
2557 841 2626 897 Et
2675 842 2873 914 {uicus
2931 841 3354 904 miscricordiam

1772 934 1980 992 Christo
2005 952 2125 992 suo.
2166 935 2313 994 Deus
2351 935 2446 1008 qui
2499 934 2632 994 facit
2669 933 3100 997 misericordiam
3135 933 3358 1003 Christo

1771 1044 1891 1086 suo.
1919 1028 2112 1094 David,
2143 1036 2192 1084 et
2216 1028 2329 1084 seni
2350 1029 2468 1100 ejus
2505 1045 2669 1100 usque
2694 1028 2752 1083 in
2771 1027 3041 1086 steculttm.
3081 1025 3192 1099 Ipsi
3216 1025 3357 1090 iibe-

1785 1120 1958 1178 ratori
1983 1135 2145 1176 manu
2169 1120 2394 1191 potenti,
2411 1119 2504 1190 qui
2533 1119 2665 1176 vicit
2689 1120 2836 1176 hunc
2864 1119 3149 1190 mundum,
3189 1127 3249 1184 et
3276 1118 3360 1188 eis

1783 1219 1834 1282 ε,
1861 1227 1998 1283 quos
2025 1211 2082 1268 in
2109 1195 2388 1283 evangelio
2443 1211 2628 1283 genuit
2647 1211 2703 1266 in
2725 1217 3009 1275 mternum.
3051 1229 3074 1272 ι

1847 1345 1867 1379 r
1902 1327 2266 1397 Quacumque
2292 1325 2348 1381 in
2376 1324 2480 1382 hoc
2504 1323 2720 1380 Pssimo
2746 1324 2890 1380 dicta
2913 1330 3058 1393 sunt,
3094 1339 3217 1396 qua
3245 1324 3355 1397 ipsi

1770 1433 1880 1475 non
1915 1417 2137 1490 proprie
2160 1416 2389 1472 Domino
2421 1456 2438 1482 ,
2470 1417 2526 1472 id
2551 1425 2640 1472 est
2691 1417 2858 1488 capiti
2889 1416 3147 1473 Ecclesia;
3171 1457 3188 1486 ,
3218 1431 3356 1474 cori-

1771 1527 1970 1584 gruere
1991 1519 2223 1582 possunt
2245 1551 2261 1576 ,
2287 1511 2356 1566 ad
2375 1509 2675 1567 Ecclesium
2697 1510 2981 1568 referenda
3009 1520 3154 1568 sunt.
3189 1512 3362 1570 Totus

1770 1603 1920 1659 enim
1935 1601 2187 1660 Christus
2216 1602 2307 1657 hic
2325 1601 2590 1673 loquitur,
2617 1602 2674 1658 in
2702 1617 2812 1674 quo
2832 1605 3164 1661 suntomnia
3185 1619 3356 1662 mem—

1770 1694 1872 1750 bra
1895 1693 2034 1764 ejus.
2070 1715 2089 1749 ι

1845 1803 1932 1877 (Il
1954 1803 2084 1877 Reg.
2115 1823 2232 1877 cap.
2264 1821 2400 1860 χχιιι
2419 1846 2433 1872 ,
2467 1801 2700 1877 1.)Πωο
2737 1812 2912 1859 autem
2931 1815 3052 1861 sunt
3075 1805 3230 1861 verba
3254 1823 3354 1863 no-

1773 1899 2009 1964 vissima,
2040 1913 2159 1971 qute
2184 1899 2317 1953 dixit
2333 1897 2508 1952 David
2525 1896 2672 1968 ﬁlius
2697 1896 2832 1952 Isai.
2861 1899 3042 1956 Verba
3067 1900 3363 1957 novissima

1775 1989 1946 2045 David
1973 2003 2078 2045 non
2106 1988 2341 2044 ﬁnienda
2371 1989 2502 2044 dicit
2533 2030 2549 2055 ,
2577 1989 2673 2044 sed
2697 1989 3046 2060 perﬁcienda,
3085 2008 3193 2048 non
3231 2009 3362 2050 con-

1776 2083 2062 2148 sumenda,
2088 2083 2180 2137 sed
2212 2097 2333 2153 quae
2353 2081 2565 2138 cunctis
2603 2081 2852 2138 ﬁdelibus
2869 2083 3224 2154 perfectionis
3247 2085 3362 2158 ple-

1775 2175 2075 2232 nitudinem
2102 2175 2405 2232 conferant.

1849 2287 2031 2360 (Vers.
2058 2287 2136 2362 2.)
2171 2289 2406 2361 Spiritus
2430 2288 2648 2344 Domini
2669 2288 2875 2348 locutus
2901 2301 2975 2348 est
3005 2293 3035 2334 h
3065 2311 3222 2367 super
3256 2313 3364 2366 me,

1773 2392 1824 2437 et
1850 2399 2021 2442 sermo
2056 2383 2170 2453 eius
2209 2401 2302 2456 per
2340 2382 2573 2456 linguam
2608 2400 2800 2440 meam.
2832 2383 3097 2458 Spiritum
3126 2390 3363 2457 Domini,

1777 2471 2040 2546 Spiritum
2082 2471 2341 2529 Sanctum
2369 2473 2502 2529 dicit
2533 2492 2545 2530 :
2580 2489 2762 2532 sermo
2784 2475 2882 2532 Dei
2915 2475 3166 2535 Christus
3189 2479 3362 2537 Filius

1775 2565 1875 2621 Dei
1905 2566 2192 2638 accipitur,
2235 2567 2352 2638 ipse
2375 2567 2522 2624 enim
2559 2566 2812 2628 Christus
2852 2579 2938 2628 est
2968 2571 3222 2632 Christus
3263 2575 3367 2634 Dei

1776 2656 1964 2716 Jacob.

1849 2770 2032 2844 (Vera.
2065 2772 2144 2846 6.)
2174 2771 2618 2832 Prcevaricatores
2643 2786 2818 2833 autem
2838 2778 2994 2850 quasi
3033 2779 3198 2851 spina:
3228 2775 3365 2836 evel-

1777 2863 1950 2922 lentur
1975 2867 2220 2922 universi.
2266 2867 2719 2925 Praevaricatores
2755 2868 2927 2925 Judaei
2946 2911 2962 2936 ,
2996 2877 3159 2942 atque
3188 2873 3364 2928 hatre—

1778 2954 1872 3014 tici
1894 2967 2024 3015 sunt
2057 2958 2208 3015 velut
2246 2960 2415 3030 spina:
2450 2963 2518 3018 de
2542 2962 2806 3026 Ecclesia,
2834 2979 2956 3034 quas
2993 2972 3079 3020 est
3109 2972 3258 3020 terra
3290 2966 3365 3021 vi-

1776 3051 2022 3108 ventium
2053 3091 2070 3118 ,
2097 3051 2270 3108 avulsi
2301 3093 2317 3120 ,
2359 3061 2526 3125 atque
2551 3061 2758 3112 aeterno
2793 3054 3047 3112 incendio
3093 3056 3365 3114 combusti

1780 3142 2056 3212 peribunt.

87 3269 264 3324 quam
295 3268 400 3310 uno
420 3253 555 3324 pede
576 3252 798 3318 debiles,
832 3252 958 3322 quia
989 3259 1145 3306 vetus
1164 3257 1408 3306 tenentes
1435 3289 1451 3316 ,
1475 3265 1674 3305 novum
1703 3230 1751 3296 (ἶ
1857 3251 2038 3324 (Verr.
2078 3251 2160 3324 8.)
2215 3251 2348 3307 Haec
2403 3254 2618 3308 nomina
2655 3253 2874 3324 fortium
2919 3253 3094 3310 David
3127 3268 3146 3308 :
3177 3255 3366 3314 sedens

89 3353 482 3402 testamentum
509 3351 854 3412 respuerunt,
885 3341 1062 3398 claudi
1103 3339 1282 3397 cl'fecti
1322 3349 1467 3404 sunt,
1510 3341 1675 3396 etiam

87 3438 149 3490 in
182 3435 304 3506 ipsa
325 3435 488 3490 veteri
512 3435 628 3506 lege
654 3434 835 3504 potius
862 3449 989 3488 suas
1021 3433 1340 3489 traditiones
1361 3442 1676 3503 sequentes,

84 3524 261 3606 quam
292 3533 407 3590 Dei.
462 3531 675 3606 (Matth.
705 3547 798 3598 xv,
825 3531 880 3602 ‘2)
927 3529 1411 3586 Calumniabantur
1439 3529 1587 3585 enim
1611 3530 1678 3586 de

85 3627 351 3683 manibus
372 3641 479 3682 non
504 3625 628 3681 lotis
658 3665 674 3690 ,
711 3625 838 3696 quia
871 3623 1006 3679 tales
1040 3630 1198 3678 erant
1240 3623 1450 3680 semitm
1476 3665 1493 3690 ,
1541 3640 1680 3694 quas

85 3720 199 3790 ipsi
230 3719 494 3782 fecerant,
543 3726 598 3773 et
640 3717 1027 3774 consuetudine
1056 3716 1342 3784 triverant,
1372 3718 1678 3774 aberrando

80 3811 160 3866 ab
199 3822 224 3850 ε
257 3811 453 3866 itinere
473 3817 864 3880 praceptorum
892 3808 1008 3864 Dei.
1039 3828 1056 3862 ι

169 3902 314 3957 Vivit
345 3902 604 3958 Dominus
631 3941 646 3968 ,
677 3911 722 3955 et
750 3901 1046 3955 benedictus
1078 3899 1220 3954 Deus
1249 3917 1418 3956 meus.
1455 3917 1474 3952 ι
1504 3898 1676 3971 (Rom.

77 4013 214 4061 mi,
248 3994 307 4059 6)
362 3993 672 4050 Secundum
696 4001 878 4048 autem
907 4007 1126 4047 carnem
1159 4007 1371 4061 sapere,
1399 4006 1547 4047 mors
1574 3999 1679 4046 est.

87 4087 248 4143 Vivit
279 4086 560 4153 Dominus,
582 4095 631 4140 et
651 4084 949 4141 benedictus
972 4083 1114 4138 Deus
1137 4100 1302 4138 meus.
1329 4082 1400 4137 Et
1425 4081 1685 4137 exaltetur

73 4180 243 4235 Deus
265 4177 460 4233 salutis
486 4193 634 4232 mete.
660 4176 730 4232 Et
778 4190 884 4230 non
935 4182 1149 4230 terrena
1207 4173 1595 4230 consuetudine
1619 4174 1684 4228 de

73 4274 203 4328 Deo
242 4270 444 4328 salutis
471 4285 604 4326 mea:
637 4267 870 4324 sentiam
904 4285 916 4320 :
951 4282 1052 4322 nec
1085 4275 1356 4323 terrenam
1385 4265 1557 4337 ipsam
1586 4280 1675 4320 sa-

68 4363 287 4427 lutem,
321 4360 420 4418 sed
461 4361 515 4416 in
545 4360 762 4416 excelso
782 4360 849 4414 de
877 4358 968 4413 illo
992 4375 1224 4430 sperem.
1265 4379 1283 4412 ι

153 4453 312 4509 Deus
359 4453 451 4526 qui
501 4451 600 4508 das
641 4451 920 4505 vindictam
953 4450 1122 4516 mihi,
1170 4460 1219 4504 et
1258 4450 1436 4506 subdis
1466 4449 1683 4522 populos

1780 3346 1837 3399 in
1857 3343 2107 3398 cathedra
2129 3343 2548 3414 sapientissimus
2574 3345 2814 3416 princeps
2839 3346 2976 3400 inter
3003 3355 3128 3414 tres,
3153 3348 3263 3418 ipse
3287 3356 3368 3405 est

1779 3435 1932 3508 quasi
1957 3436 2271 3490 tenerrimus
2291 3434 2422 3506 ligni
2449 3434 2780 3500 vermiculus,
2811 3436 2903 3508 qui
2939 3438 3260 3509 octingentos
3287 3441 3371 3494 its-

1780 3528 1985 3600 terfecit
2005 3528 2199 3599 impetu
2234 3544 2358 3582 uno.
2393 3530 2409 3570 i
2442 3528 2561 3583 Non
2591 3527 2802 3586 Gesbaa
2829 3569 2844 3593 ,
2878 3527 2892 3578 i
2927 3537 2988 3584 ut
3011 3531 3234 3601 quidam
3274 3547 3369 3603 pu-

1780 3631 1920 3689 tant,
1948 3623 2042 3680 sed
2062 3624 2179 3693 ipse
2205 3623 2377 3679 David
2400 3632 2485 3682 est
2514 3624 2692 3680 dictus
2706 3623 2861 3694 quasi
2893 3625 3209 3680 tenerrimus
3231 3624 3365 3698 ligni

1781 3714 2114 3772 vermiculus.
2137 3715 2274 3771 «Per
2296 3729 2458 3786 quem
2483 3716 2654 3771 virtus
2681 3716 2842 3771 simul
2868 3715 3076 3780 bellica,
3097 3725 3151 3771 et
3176 3716 3365 3773 mode-

1785 3819 1871 3864 sta
1903 3808 2008 3863 viri
2035 3809 2347 3878 designatur
2371 3807 2623 3863 civilitas.
2640 3807 2775 3874 Quia
2793 3807 3044 3863 videlicet
3070 3809 3212 3863 sicut
3238 3823 3366 3862 ver-

1781 3900 2015 3955 miculus
2041 3899 2171 3970 ligni
2207 3908 2358 3954 tener
2385 3899 2626 3969 quidem,
2655 3907 2710 3951 et
2725 3898 2936 3968 fragilis
2983 3906 3098 3954 toto
3125 3913 3224 3954 suo
3246 3915 3371 3955 cor-

1780 4008 1914 4065 pore
1939 4033 1954 4058 ,
1989 4008 2090 4048 nec
2116 4007 2224 4046 non
2248 4000 2306 4047 et
2343 3991 2690 4062 permodicus
2721 4000 2986 4063 apparet,
3016 3993 3374 4053 nihilominus

1784 4094 1966 4140 tamen
1997 4085 2354 4140 fortissimum
2386 4083 2514 4154 ligni
2553 4083 2721 4139 robur
2751 4086 2991 4140 exedens
3021 4127 3038 4154 ,
3073 4089 3370 4158 consumit,

1784 4186 1839 4232 et
1869 4177 2142 4232 cariosum
2173 4175 2370 4231 reddit.
2407 4174 2558 4231 Unde
2592 4192 2624 4231 a
2668 4177 2895 4232 terendo
2937 4176 3082 4249 ligna
3109 4221 3124 4246 ,
3151 4182 3371 4238 terede-

1786 4270 1874 4326 nis
1902 4285 2100 4326 nomen
2124 4269 2288 4326 habet
2316 4287 2329 4322 :
2363 4269 2444 4324 sic
2471 4268 2560 4324 ille
2591 4268 2818 4325 aﬁ‘abilis
2842 4272 3096 4329 omnibus
3126 4275 3292 4341 domi,
3315 4281 3372 4331 et

1787 4367 2004 4436 quietus
2028 4405 2044 4430 ,
2091 4371 2255 4433 atque
2301 4363 2522 4417 humilis
2560 4363 2869 4431 videbatur,
2902 4375 2959 4420 at
2987 4367 3041 4421 in
3070 4367 3370 4424 certamine

1786 4456 2003 4526 publico
2029 4455 2308 4509 robustum
2337 4468 2395 4508 se
2426 4493 2440 4518 ,
2473 4461 2637 4524 atque
2674 4454 3070 4512 intolerabilem
3111 4457 3364 4515 hostibus

60 4547 177 4604 sub
211 4563 324 4602 me.
360 4564 378 4598 ι
414 4545 558 4602 Deus
585 4545 677 4616 qui
706 4545 948 4600 vindicas
979 4559 1064 4598 me
1089 4583 1102 4610 ,
1141 4543 1419 4600 subdendo
1466 4547 1564 4599 sub
1594 4560 1682 4601 me
1710 4605 1760 4618 Ἀ
1789 4547 2098 4601 exhibebat.
2136 4566 2154 4596 ι
2185 4545 2491 4600 Absurdum
2521 4560 2630 4600 non
2646 4547 2893 4612 est,uthi
2927 4557 3035 4603 tres
3065 4549 3369 4618 fortissimi,

59 4639 348 4712 populos.
382 4638 656 4692 Liberator
684 4653 830 4692 meus
856 4633 920 4689 de
941 4635 1165 4688 inimicis
1191 4635 1318 4690 meis
1347 4675 1362 4702 ,
1393 4634 1680 4692 clamauti-
1710 4605 1764 4668 Β
1790 4639 1958 4693 David
1981 4678 1997 4705 ,
2024 4647 2081 4692 et
2105 4637 2346 4702 Eleazar,
2377 4648 2432 4693 et
2459 4636 2657 4693 Samaa
2674 4680 2689 4706 ,
2713 4639 3085 4710 intelligantur
3105 4605 3368 4712 Trinitas;

59 4736 208 4798 bus,
233 4730 519 4802 cruci/Ege,
546 4727 812 4799 cruci/iga,
842 4724 1060 4782 Iudaeis.
1087 4745 1106 4778 ι

1790 4731 1934 4786 Deus
1952 4731 2115 4786 Pater
2141 4771 2155 4796 ,
2181 4739 2236 4785 et
2258 4729 2426 4786 Filius
2457 4771 2472 4797 ,
2499 4737 2554 4785 et
2584 4729 2817 4801 Spiritus
2842 4741 3064 4788 sanctus
3095 4751 3107 4786 :
3140 4734 3206 4789 ad
3235 4750 3369 4804 quo-

143 4826 238 4880 Ab
265 4823 664 4894 insurgentibus
694 4821 749 4875 in
778 4837 858 4874 me
903 4817 1158 4875 exultabis
1192 4835 1294 4874 me.
1343 4837 1362 4872 ί
1396 4818 1440 4875 Α
1488 4819 1685 4891 quibus
1790 4842 1910 4881 rum
1940 4826 2304 4896 mqualitatem
2324 4825 2504 4879 ueteri
2529 4823 2808 4879 fortissimi
2841 4840 2946 4878 non
2976 4838 3370 4896 pervenerunt.

50 4919 84 4973 J
94 4936 132 4974 ιι
145 4917 296 4973 ἀίεις
325 4915 735 4987 insurgentibus
761 4914 816 4968 in
838 4927 926 4968 me
947 4911 1264 4982 patientem,
1291 4913 1559 4972 exultabis
1598 4930 1685 4970 me
1794 4917 1974 4992 (Verr.
2007 4918 2094 4985 l4,
2121 4917 2255 4991 etc.)
2287 4935 2305 4968 ‹
2325 4917 2500 4972 lternll
2530 4917 2644 4986 ipse
2659 4916 2828 4970 David
2853 4916 2906 4970 in
2927 4916 3115 4985 proelio
3134 4917 3368 4977 Philisti-

45 5019 498 5084 resurgentem.
531 5009 574 5064 A
601 5010 713 5064 viro
756 5006 933 5078 iniqua
959 5022 1108 5062 erues
1142 5021 1222 5060 me
1252 5019 1270 5058 :
1307 5005 1356 5062 Α
1399 5023 1567 5079 regno
1595 5025 1688 5064 eo-
1795 5025 1990 5065 norum
2027 5025 2152 5065 cum
2178 5009 2370 5064 sitiens
2413 5013 2726 5063 versaretur
2769 5005 2826 5060 in
2856 5005 2998 5061 bello
3027 5049 3042 5074 ,
3075 5015 3131 5063 et
3161 5023 3359 5079 aquam

44 5123 197 5162 rum
241 5105 447 5175 iniquo
477 5102 497 5144 τ
527 5103 727 5172 eripies
757 5116 863 5157 me.
904 5123 922 5156 ι

135 5199 469 5268 Propterea
484 5196 874 5266 conﬁtebortibi
889 5197 944 5251 in
965 5197 1226 5268 gentibus,
1247 5197 1488 5252 Domine.
1515 5215 1534 5248 t
1554 5196 1686 5252 Pro-

43 5302 280 5364 pterea
330 5289 435 5344 tibi
481 5303 580 5359 per
618 5303 707 5343 me
746 5287 1148 5345 conﬁtebuntur
1175 5297 1364 5362 gentes
1391 5330 1405 5357 ,
1437 5288 1682 5345 Domine.

129 5417 160 5444 ει
196 5402 402 5467 Edit.,
439 5410 581 5455 ante.

125 5475 160 5515 δ
196 5473 396 5528 Joan.
423 5487 500 5537 xi,
530 5471 620 5528 48.
645 5469 703 5526 ln
735 5471 893 5527 editis
913 5472 1087 5538 deest,
1116 5473 1306 5527 vivum.

124 5558 152 5585 ο
187 5544 402 5627 _E_d_it.,
424 5543 652 5599 servivit.
684 5543 895 5598 Revera
925 5543 978 5597 in
999 5543 1359 5614 explicatione
1401 5543 1634 5600 habetur
1659 5563 1673 5600 :

44 5625 322 5673 :ervtvit.

117 5687 152 5727 ἀ
191 5686 403 5750 Εςιίιη
429 5685 485 5739 in
506 5695 671 5738 vetere
693 5685 918 5741 homine.

123 5771 157 5799 ο
197 5757 408 5823 Edit.,
427 5755 724 5812 itineribus.

119 5831 144 5869 ῖ
189 5829 373 5884 Edit.
385 5868 402 5894 ,
436 5843 610 5884 entes.

120 5904 157 5944 Β
180 5899 402 5967 Edit.,
424 5915 560 5973 quos
594 5899 862 5958 credentes
895 5899 1208 5972 Evangelia.

1791 5113 2060 5175 quaereret
2088 5122 2100 5157 :
2146 5102 2277 5168 Quis
2308 5102 2433 5156 mihi
2460 5109 2639 5172 potum
2663 5099 2831 5166 dabit,
2877 5101 2972 5166 ait,
3005 5102 3069 5156 de
3106 5101 3249 5170 lacu,
3279 5106 3372 5178 qui

1792 5203 1868 5248 est
1923 5195 1979 5247 in
2012 5192 2316 5248 Bethleem?
2350 5191 2524 5248 Et.ad
2551 5198 2738 5261 portas
2771 5197 2889 5246 erat
2928 5191 3032 5248 iter
3075 5193 3367 5253 cisternae:

1792 5294 1848 5342 et
1874 5284 2043 5340 David
2072 5282 2090 5323 ι
2117 5283 2413 5339 interfusus
2447 5282 2695 5340 hostibus
2715 5322 2732 5347 ,
2762 5290 2962 5340 etcum
2990 5286 3171 5342 media
3199 5288 3371 5345 hosti-

1857 5401 1890 5442 ιι
1914 5397 2144 5469 Vulgata
2173 5416 2185 5450 :
2218 5413 2311 5468 per
2343 5411 2442 5451 me.

1862 5473 1880 5512 ί
1911 5466 2049 5546 Haec
2059 5466 2348 5546 compares
2365 5482 2490 5521 cum
2514 5466 2598 5532 iis,
2629 5477 2749 5546 qlia;
2770 5467 3166 5546 tradiditBeda
3189 5469 3369 5546 [quae-

1783 5543 1958 5599 stione
1995 5541 2052 5613 9]
2094 5549 2145 5613 et
2174 5537 2461 5613 manifesto
2507 5538 2801 5613 perspicies
2844 5539 3128 5599 Claudium
3169 5537 3244 5602 ea
3291 5561 3365 5604 ex

1789 5607 2356 5690 prmclari'ssimohhoc'
2370 5607 2590 5690 docto_r_e
2619 5607 2916 5681 excepisse.

1793 5678 1810 5686 ’
1859 5681 1878 5733 i
1919 5683 2166 5737 Jesbaam
2189 5678 2310 5734 Par.
2336 5679 2377 5744 l,
2410 5696 2488 5744 ix,
2513 5680 2598 5734 ll.
2752 5678 2770 5681 ’

1793 5827 1806 5840 υ
1864 5753 1891 5792 ι
1916 5753 2152 5840 Isidorus
2196 5750 2336 5822 [cap.
2377 5750 2432 5816 4,
2464 5752 2517 5805 in
2564 5751 2659 5807 lib.
2700 5750 2747 5806 ll
2784 5751 2950 5827 Reg.]
2995 5755 3367 5827 subsequentia

1793 5841 1921 5938 ΜΨ
1929 5834 2260 5951 ἳίιεενσιιιωε
2286 5892 2572 5966 legendum
2591 5893 2853 5952 arbitror.
