3940 6340
471 355 475 358 ’
499 327 605 392 219

497 453 634 509 tium
651 451 937 508 cinxerant
961 459 1116 522 septa
1151 458 1482 508 castrorum.
1515 460 1545 491 ι
1572 446 1946 504 Praeciderunt
1967 451 2080 500 tres
2109 443 2165 506 Δ

499 543 602 600 viri
661 543 1067 601 multitudinem
1122 543 1563 600 adversariorum
1593 582 1610 609 ,
1673 548 1730 596 et
1783 538 2088 595 hauserunt

497 651 695 708 aquam
717 637 784 692 de
804 637 946 702 lacu,
984 636 1077 707 qui
1097 642 1218 692 erat
1262 636 1317 691 in
1344 634 1622 691 Bethleem
1643 673 1659 700 ,
1691 642 1746 688 et
1773 629 2090 687 obtulerunt

500 727 614 800 regi
639 727 951 792 bibendam,
981 727 1077 783 sed
1113 742 1210 782 rex
1235 725 1410 782 noluit
1429 724 1619 782 bibere
1651 764 1667 791 ,
1697 731 1754 778 et
1777 721 1806 762 ιι
1841 719 2088 792 profudit

499 816 645 872 illam
688 818 914 872 Domino
949 837 962 872 :
1003 817 1238 890 dixitque
1269 860 1286 886 ,
1345 835 1451 873 non
1495 817 1766 886 contingat
1821 813 1950 868 mihi
1989 812 2088 865 hoc

502 913 698 975 facere,
732 917 787 963 ut
812 910 1124 982 sanguinem
1147 911 1396 973 virorum,
1427 909 1518 982 qui
1545 908 1786 963 abierunt
1807 917 1858 972 ε,
1885 921 1951 960 ea:
1971 905 2088 958 ani-

501 1004 597 1054 mis
631 1002 843 1056 illorum
884 1002 1075 1058 bibam.
1127 1000 1270 1058 Vicit
1315 1017 1448 1074 ergo
1479 1010 1729 1056 naturam
1759 1040 1774 1064 ,
1808 1006 1868 1052 ut
1895 998 2089 1052 sitiens

501 1113 606 1147 mn
643 1094 872 1160 biberet,
902 1103 958 1150 et
980 1094 1287 1166 exemplum
1310 1094 1376 1150 de
1396 1109 1456 1149 se
1488 1093 1754 1165 praebuit,
1781 1107 1888 1161 quo
1911 1089 2088 1146 omnis

503 1186 774 1241 “xerciltts
798 1185 1030 1240 tolerare
1053 1185 1198 1240 sitim
1221 1185 1478 1240 disceret.
1507 1183 1662 1250 Quod
1679 1182 1725 1238 si
1758 1181 1922 1236 altius
1950 1179 2089 1235 velis

500 1287 770 1349 spectare,
797 1287 852 1333 et
875 1277 1235 1346 introspicere
1265 1275 1606 1348 mysterium,
1639 1274 1860 1330 sitiebat
1892 1269 2087 1337 David,

500 1385 609 1425 non
639 1385 836 1439 aquam
877 1385 999 1440 qua:
1023 1376 1110 1424 est
1135 1369 1190 1423 in
1219 1367 1499 1423 Bethleem
1524 1407 1540 1434 ,
1574 1367 1672 1423 sed
1717 1364 2010 1420 oriundum
2033 1362 2091 1416 in

498 1462 691 1517 eadem
745 1460 1021 1516 Bethleem
1069 1474 1140 1515 ex
1189 1459 1412 1530 Virgine
1466 1457 1744 1514 Christum
1799 1456 1856 1510 in
1892 1453 2086 1525 spiritu

503 1551 853 1626 prmvidebat.
893 1551 1037 1622 Ergo
1063 1549 1285 1606 volebat
1308 1549 1517 1615 bibere,
1548 1562 1658 1602 non
1685 1560 1882 1616 aquam
1914 1542 2092 1598 ﬁumi-

500 1646 609 1711 nis,
647 1645 741 1700 sed
759 1643 1035 1698 lavacrum
1064 1655 1132 1697 ex
1159 1641 1330 1697 latere
1359 1639 1562 1697 Christi
1589 1638 1618 1678 ἀ
1647 1638 1921 1710 pluentem
1945 1651 1960 1690 :
1985 1635 2091 1718 hoc

499 1745 615 1803 est,
645 1750 754 1790 non
778 1748 1048 1804 aquarum
1077 1733 1299 1790 sitiebat
1344 1731 1694 1797 elementum,
1731 1729 1829 1785 sed
1863 1727 2091 1799 sangui-

499 1842 627 1882 nem
656 1825 862 1883 Christi
887 1841 902 1880 :
931 1825 1077 1881 unde
1105 1824 1273 1880 etiam
1297 1838 1406 1879 non
1431 1821 1568 1878 bibit
1591 1835 1788 1891 aquam
1819 1819 2082 1886 oblatam,
2113 1832 2161 1892 Β

497 1920 596 1974 sed
629 1918 860 1974 Domino
891 1915 1030 1972 fudit
1059 1915 1374 1988 signiﬁcans
1405 1914 1560 1970 sitire
1599 1929 1659 1968 se
1685 1911 1892 1968 Christi
1917 1911 2091 1967 sacri-

504 2007 691 2064 ﬁcium
710 2049 726 2076 ,
759 2023 868 2064 non
895 2015 1104 2062 naturae
1132 2005 1412 2071 ﬂuentem,
1445 2003 1544 2060 sed
1579 2001 1711 2058 illud
1736 2000 2088 2069 sacriﬁcium,

438 2151 449 2157 -
501 2099 561 2155 in
589 2113 697 2170 quo
718 2108 868 2155 esset
887 2097 1137 2153 remissio
1153 2104 1522 2168 peccatorum,
1538 2093 1690 2148 illum
1714 2093 1866 2148 sitire
1889 2090 2092 2147 fontem

502 2200 771 2246 aeternum
805 2230 820 2255 ,
848 2203 957 2244 non
993 2188 1086 2259 qui
1107 2185 1364 2258 periculis
1385 2193 1722 2258 quaeretur
1753 2182 1964 2248 alienis,
1998 2180 2092 2237 sed

500 2279 749 2353 pericula
775 2279 954 2335 aliena
981 2277 1204 2334 deleret.
1885 2341 1889 2349 ,

579 2392 599 2428 ι
633 2373 694 2429 ln
717 2373 824 2428 hoc
849 2371 993 2428 facto
1012 2383 1036 2412 ο
1058 2370 1404 2442 cogitandum
1429 2382 1773 2442 summopere
1797 2375 1900 2434 est,
1918 2379 2093 2436 quan-

499 2471 618 2519 tum
648 2462 717 2519 ad
745 2476 927 2518 mores
971 2461 1252 2518 hominum
1283 2461 1560 2531 pertinet,
1591 2468 1652 2514 ut
1681 2459 1772 2529 qui
1804 2473 1864 2514 se
1899 2456 2090 2512 illicita

499 2557 753 2612 meminit
781 2555 1124 2612 commisisse
1149 2595 1164 2622 ,
1196 2570 1228 2609 a
1249 2553 1572 2624 quibusdam
1596 2552 1760 2608 etiam
1785 2550 1948 2605 licitis
1976 2557 2093 2606 stu-

503 2647 633 2704 deat
664 2648 943 2720 abstinere
973 2665 986 2702 :
1013 2647 1267 2718 quatinus
1296 2661 1395 2716 per
1437 2646 1542 2701 hoc
1569 2642 1840 2700 conditori
1872 2658 1972 2698 suo
2004 2658 2094 2697 sa-

495 2736 778 2795 tisfaciat:
825 2737 1001 2807 utqui
1043 2737 1317 2792 commisit
1357 2735 1632 2806 prohibita
1664 2774 1679 2800 ,
1727 2749 1763 2788 a
1792 2733 2092 2802 semetipso

494 2831 820 2886 abscindere
841 2829 1034 2884 debeat
1054 2829 1220 2883 etiam
1251 2841 1529 2892 concessa,
1564 2833 1620 2881 et
1645 2841 1705 2881 se
1731 2824 2094 2895 reprehendat

499 2919 562 2977 in
590 2919 850 2985 minimis,
875 2919 968 2988 qui
994 2933 1056 2973 se
1087 2918 1338 2974 meminit
1361 2918 1416 2971 in
1451 2915 1714 2972 maximis
1742 2916 1757 2954 ί
1792 2915 2094 2972 declinasse

499 3011 705 3084 (Exod.
723 3028 816 3079 xx,
849 3011 936 3082 l7)
960 3030 972 3065 :
997 3011 1110 3067 Lex
1132 3019 1285 3066 certe
1308 3010 1509 3066 veteris
1531 3009 1848 3066 testamenti
1861 3009 2093 3065 alienam

495 3121 728 3162 uxorem
779 3104 1094 3176 concupisci
1144 3102 1422 3174 prohibet,
1494 3102 1697 3174 Regem
1742 3118 1876 3160 vero
1927 3103 2091 3158 fortia

490 3195 688 3270 jubere
723 3198 1024 3265 militibus,
1055 3197 1142 3254 vel
1167 3196 1479 3254 desiderare
1508 3212 1707 3268 aquam
1725 3239 1740 3264 ,
1773 3213 1882 3254 non
1903 3211 2095 3268 poena-
2121 3194 2168 3258 C

498 3287 629 3346 liter
653 3298 820 3346 vetat.
847 3290 916 3346 Et
961 3289 1143 3346 cuncti
1173 3289 1445 3354 novimus,
1500 3290 1644 3359 quod
1682 3290 1851 3346 David
1893 3304 2094 3346 concu-

491 3383 780 3455 piscentia:
808 3399 1067 3440 mucrone
1089 3383 1380 3450 tranﬁxus,
1419 3383 1653 3455 alienam
1683 3381 1990 3455 coniugem,
2037 3392 2094 3439 et

504 3475 793 3547 appetivit,
818 3484 874 3530 et
903 3475 1147 3543 abstulit,
1188 3475 1344 3548 cujus
1373 3477 1588 3548 culpam
1621 3477 1787 3548 digna
1815 3478 1839 3517 3
1865 3477 2092 3532 vulnera

506 3575 641 3624 sunt
675 3576 858 3623 secuta
884 3586 897 3622 :
929 3575 986 3622 et
1013 3567 1214 3624 malum
1256 3570 1400 3639 quod
1423 3568 1890 3640 perpetravit,per
1911 3568 2091 3640 poeni-

498 3657 685 3713 tentiae
717 3657 950 3714 lamenta
979 3659 1236 3714 correxit.
1264 3660 1368 3726 Qui
1392 3677 1516 3716 cum
1541 3661 1697 3730 longe
1722 3669 1865 3730 post,
1898 3669 2091 3715 contra

503 3746 749 3803 hostium
771 3763 973 3810 cuneos
1022 3751 1259 3817 sederet,
1313 3767 1510 3822 aquam
1542 3751 1728 3807 bibere
1755 3753 1821 3806 de
1845 3751 2094 3807 Bethlee—

494 3838 604 3894 mis
637 3840 878 3896 cisterna
907 3857 972 3896 ex
1001 3839 1272 3897 desiderio
1298 3843 1490 3908 voluit,
1522 3842 1679 3913 cujus
1703 3841 1861 3898 electi
1889 3843 2092 3900 milites

494 3931 640 3988 inter
685 3943 930 3990 catervas
979 3935 1389 3990 adversantium
1439 3935 1648 3990 medias
1697 3945 2087 4008 erumpentes,

494 4037 700 4093 aquam
721 4038 882 4092 quam
932 4037 1028 4078 rex
1079 4023 1524 4090 desideraverat,
1555 4023 1710 4081 illaesi
1754 4026 2086 4082 detulerunt.

495 4112 606 4170 Sed
628 4114 714 4168 vir
739 4113 962 4187 ﬁagellis
987 4115 1254 4181 eruditus,
1285 4116 1641 4187 semetipsum
1676 4121 1929 4188 protinus
1963 4133 2089 4173 cum

493 4207 741 4278 periculo
784 4207 1016 4262 militum
1057 4223 1257 4276 aquam
1307 4208 1649 4266 desiderasse
1699 4212 2084 4283 reprehendit,

493 4312 724 4370 eamque
777 4298 1001 4354 Domino
1050 4297 1307 4367 fundens,
1373 4299 1609 4357 libavit:
1642 4303 1786 4359 sicut
1819 4303 2086 4374 scriptum

490 4398 580 4445 est
624 4408 637 4444 :
683 4389 1007 4445 tibaviteam
1060 4389 1311 4446 Domino.
1371 4392 1401 4432 ιι
1457 4392 1516 4448 ln
1568 4393 1837 4449 sacriﬁcio
1884 4395 2086 4465 quippe

489 4477 708 4536 Domini
729 4479 898 4536 eﬂ'usa
942 4497 1083 4554 aqua
1110 4498 1379 4540 conversa
1408 4493 1495 4540 est
1524 4525 1539 4550 ,
1573 4485 1830 4555 quoniam
1861 4487 2085 4558 culpam

1580 322 1858 388 CLAUDII
1894 319 2359 383 TAURINENSIS
2397 318 2706 384 EPISCOPI

3678 319 3770 385 Μ

2255 442 2439 516 (Vm.
2472 444 2564 512 l6,
2613 444 2747 516 etc.)
2774 441 2860 499 Ad
2887 441 3031 499 hanc
3051 441 3264 516 'aquam
3307 440 3680 500 hauriendam
3713 447 3778 504 ir-

2186 545 2448 608 ruperunt
2481 547 2656 592 castra
2707 534 3114 591 Plailistinorum
3168 543 3282 591 tres
3342 533 3548 602 fortes,
3599 534 3774 592 Abisai

2187 628 2359 686 frater
2383 629 2537 699 Joab,
2569 639 2626 687 et
2644 630 2876 687 Banaias
2901 629 3043 688 ﬁlius
3072 628 3294 688 Joiadae.
3327 629 3509 704 (Verr.
3533 632 3666 703 20.)
3689 633 3778 691 Iste

2187 718 2422 778 Banaias
2441 723 2710 794 percussit
2739 721 2875 778 duos
2905 722 3093 779 leones
3117 722 3273 778 Moab
3291 765 3306 790 ,
3339 732 3395 780 et
3416 724 3535 793 ipse
3563 725 3778 782 descen-

2189 813 2311 880 dit,
2348 823 2404 870 et
2427 815 2700 886 percussit
2743 814 2956 871 leonem
2995 815 3051 870 in
3091 814 3268 871 media
3311 815 3559 871 cisterna
3608 817 3779 875 diebus

2190 904 2352 962 nivis.
2389 908 2405 948 i
2443 925 2462 958 ι
2481 905 2766 974 Quomodo
2794 906 2867 963 sit
2887 903 3396 977 factum,Josephus
3416 916 3626 961 narrat
3649 924 3779 978 aper-

2188 995 2297 1051 tius
2334 1014 2348 1050 :
2381 997 2525 1067 quod
2547 996 2801 1053 videlicet
2844 997 3082 1052 cisterna
3108 996 3274 1052 fuerit
3300 997 3534 1052 nimium
3565 999 3775 1068 profun-

2191 1084 2277 1151 da,
2309 1101 2430 1158 qua:
2461 1095 2705 1158 tempore
2733 1086 2948 1160 hyemis
2986 1101 3110 1142 cum
3146 1094 3332 1142 essent
3355 1089 3544 1142 omnia
3582 1089 3780 1145 nivibus

2189 1177 2348 1248 plena
2382 1219 2398 1245 ,
2437 1179 2553 1250 ipsa
2594 1195 2809 1250 quoque
2849 1179 3020 1235 nimio
3073 1179 3280 1235 nivium
3335 1193 3580 1253 aggesto
3649 1182 3782 1239 fuerit

2194 1276 2494 1341 coaequata,
2526 1284 2690 1340 quam
2723 1285 2847 1325 cum
2875 1269 2962 1326 leo
3019 1272 3409 1341 superveniens
3438 1274 3687 1344 periculi
3712 1293 3783 1331 ne-

2193 1361 2347 1417 scius
2369 1358 2669 1428 incidisset,
2702 1361 2906 1417 ibidem
2939 1360 3229 1418 conclusus
3255 1363 3447 1434 grandi
3474 1366 3676 1436 rugitu
3699 1368 3785 1421 cla-

2195 1461 2373 1509 maret
2398 1471 2411 1506 :
2437 1453 2796 1509 accurrebant
2831 1453 3085 1510 homines
3112 1453 3298 1510 videre
3323 1495 3340 1522 ,
3370 1455 3524 1526 quod
3549 1466 3722 1524 esset,
3743 1469 3785 1514 et

2195 1544 2323 1599 dum
2351 1559 2476 1599 cum
2503 1544 2625 1600 aliis
2652 1544 2721 1599 ad
2755 1544 2862 1601 tale
2883 1545 3271 1617 spectaculum.
3291 1547 3596 1604 adveniret
3625 1559 3682 1604 et
3704 1549 3785 1604 Ba-

2195 1639 2370 1706 naias,
2388 1639 2608 1696 desiluit
2629 1640 2814 1696 statim
2837 1639 2893 1696 in
2915 1641 3234 1710 cisternam,
3252 1650 3308 1699 et
3333 1658 3671 1715 aggressum
3695 1661 3786 1700 tne-

2199 1731 2304 1788 diis
2336 1731 2392 1787 in
2413 1733 2628 1788 nivibus
2658 1733 2936 1790 interfecit
2963 1734 3200 1791 leonem.
3240 1755 3261 1790 ι

2259 1822 2440 1897 (Verr.
2458 1824 2548 1892 25,
2566 1825 2655 1891 24,
2686 1825 2820 1897 etc.)
2849 1825 3056 1882 Dehinc
3081 1825 3096 1878 i
3125 1829 3331 1885 texitur
3349 1831 3641 1905 catalogus
3666 1834 3790 1890 viro-

2193 1931 2316 1972 rum
2365 1914 2588 1972 fortium
2629 1917 2682 1972 in
2731 1916 2904 1989 ﬁgura
2951 1928 3306 1988 sanctorum,
3338 1924 3435 1993 qui
3480 1923 3791 1980 fortitudine

2193 2007 2457 2062 virtutum
2478 2007 2809 2089 bonioperis
2843 2049 2859 2076 ,
2899 2016 2955 2064 et
2980 2009 3223 2066 scientiae
3257 2012 3461 2068 divinae
3513 2014 3790 2069 Trinitatis

2193 2099 2338 2166 fulti,
2369 2115 2477 2155 non
2507 2101 2881 2157 tantummodo
2904 2117 2964 2158 se
2986 2102 3133 2174 ipsos
3162 2104 3231 2160 ab
3257 2105 3514 2163 hostibus
3545 2108 3790 2180 malignis

2194 2190 2512 2258 defendunt,
2529 2207 2720 2248 verum
2747 2193 2993 2251 inﬁrmos
3007 2195 3278 2265 quoslibet
3302 2208 3640 2270 protegunt.

2267 2284 2517 2344 kPeccat
2551 2294 2675 2359 post
2727 2287 2845 2344 haec
2904 2287 3076 2345 David
3105 2289 3364 2361 populum
3402 2295 3789 2352 numerando:

2192 2380 2441 2453 prmeipit
2485 2381 2634 2437 enim
2660 2381 2832 2438 David
2869 2381 3025 2450 Joab,
3066 2392 3126 2440 ut
3164 2385 3582 2455 perambularet
3635 2401 3791 2448 totum

2193 2472 2397 2541 lsrael,
2433 2471 2617 2547 (Verr.
2659 2474 2716 2548 2)
2755 2483 2812 2531 et
2858 2475 3079 2534 aﬁ‘erret
3135 2495 3428 2537 numerum
3479 2486 3681 2556 populi
3707 2502 3722 2540 :
3747 2497 3792 2543 et

2193 2563 2313 2622 lucc
2339 2566 2462 2622 ideo
2479 2565 2761 2638 Scriptura
2783 2567 2932 2636 dicit,
2963 2568 3143 2642 (Verr.
3171 2572 3224 2647 l)
3249 2573 3394 2644 quod
3429 2574 3594 2632 furor
3627 2578 3795 2633 Domi-

2195 2660 2254 2715 ni
2291 2659 2456 2730 caapit
2480 2659 2638 2715 irasci
2668 2668 2858 2716 contra
2890 2661 3079 2718 lsrael.
3115 2661 3134 2702 1
3170 2683 3189 2715 α
3219 2654 3395 2732 Quod.
3413 2665 3471 2722 in
3503 2667 3615 2724 hoc
3667 2667 3795 2724 facto

2196 2751 2342 2807 aliud
2395 2753 2798 2810 demonstratur
2841 2755 2947 2811 nisi
2973 2757 3120 2826 quod
3177 2757 3259 2814 sic
3306 2775 3410 2830 pro
3435 2760 3796 2832 qualitatibus

2196 2844 2537 2900 subditorum
2581 2845 2944 2916 disponuntur
2991 2857 3113 2903 acta
3162 2851 3470 2922 regentium
3501 2894 3516 2920 ,
3544 2862 3606 2907 ut
3662 2867 3798 2924 saepe

2197 2951 2298 3008 pro
2328 2939 2474 2994 malo
2497 2941 2677 3012 gregis
2712 2941 2878 2996 etiam
2905 2955 3036 2998 vere
3062 2943 3192 2999 boni
3218 2944 3506 3016 delinquat
3533 2947 3644 3001 vita
3670 2963 3800 3018 pas-

2197 3029 2371 3086 toris?
2406 3030 2498 3087 llle
2523 3033 2668 3088 enim
2689 3075 2704 3100 ,
2754 3033 2866 3090 Deo
2889 3043 3204 3103 attestante,
3233 3035 3477 3093 laudatus
3503 3080 3517 3104 ,
3550 3039 3663 3094 iste
3699 3055 3802 3094 su-

2195 3138 2489 3195 pernorum
2518 3127 2900 3198 mysteriorum
2929 3119 3373 3187 consciusDavid
3397 3131 3684 3204 propheta,
3708 3139 3804 3187 tu-

2201 3231 2354 3272 more
2383 3219 2678 3288 repentinaa
2725 3219 2975 3276 elationis
3030 3220 3248 3277 inﬂatus
3299 3223 3560 3295 pupulum
3603 3240 3800 3280 nume-
3897 3243 3899 3295 ;

2199 3306 2372 3362 rando
2398 3310 2664 3378 peccavit,
2702 3319 2756 3367 et
2789 3319 2972 3369 tamen
3002 3315 3299 3370 vindictam
3335 3315 3599 3386 populus,
3631 3316 3799 3372 David

2197 3407 2457 3470 peccante
2487 3442 2502 3467 ,
2530 3405 2784 3474 suscepit.
2819 3403 2928 3460 Cur
2959 3406 3098 3462 hoc?
3121 3407 3272 3478 quia'
3301 3407 3570 3463 videlicet
3607 3424 3798 3464 secun-

2198 3490 2327 3546 dum
2364 3493 2616 3549 meritum
2643 3496 2882 3565 plebium
2911 3497 3270 3568 disponuntur
3294 3498 3465 3554 corda
3496 3509 3798 3556 rectorum.

2196 3579 2386 3639 Justus
2407 3600 2537 3640 vero
2575 3584 2736 3654 iudex
2785 3590 3060 3657 peccantis
3087 3590 3279 3645 vitium
3311 3604 3377 3644 ex
3411 3591 3668 3660 ipsorum
3687 3594 3796 3647 aui-
3895 3591 3897 3660 λ

2197 3607 2386 3639 δυδιυδ
2409 3607 2537 3640 vero
2575 3607 2736 3654 ιυαωί
2785 3607 3060 3657 peccantis
3087 3607 3279 3645 viuum
3311 3607 3377 3644 ex
3411 3607 3668 3660 ipsorum
3687 3608 3796 3647 am-

2197 3675 2579 3731 madversione
2608 3677 2873 3748 corripuit
2904 3721 2918 3746 ,
2947 3695 3014 3735 ex
3052 3696 3281 3751 quorum
3315 3696 3486 3736 causa
3525 3684 3797 3753 peccavit,
3895 3607 3897 3743 ‘

2199 3764 2294 3821 sed
2325 3766 2468 3836 quod
2506 3767 2641 3838 ipse,
2686 3784 2781 3824 sua
2827 3770 3036 3826 scilicet
3065 3772 3342 3828 voluntate
3370 3777 3708 3845 superbieus
3727 3817 3742 3842 ,
3769 3791 3797 3830 a

2197 3855 2354 3926 culpa
2379 3857 2586 3913 alienus
2621 3875 2728 3913 non
2762 3859 2886 3926 fuit,
2923 3861 3216 3918 vindictam
3265 3863 3442 3934 culpa:
3474 3867 3648 3920 etiam
3690 3868 3801 3938 ipse
3894 3869 3895 3900 Ὺ

2198 3950 2457 4021 suscepit.
2476 3949 2609 4006 Nam
2628 3952 2708 4006 ira
2723 3953 2972 4020 saeviens,
2992 3971 3112 4026 quae
3135 3958 3506 4027 corporaliter
3529 3960 3798 4031 populum

2196 4040 2443 4110 pertulit,
2468 4049 2735 4098 rectorem
2753 4058 2966 4115 quoque
2982 4047 3163 4117 populi
3190 4048 3384 4104 intimo
3409 4052 3596 4106 cordis
3612 4050 3803 4106 dolore

2194 4134 2510 4204 prostravit.
2531 4133 2750 4191 Certum
2775 4151 2904 4193 vero
2921 4149 3024 4204 est,
3053 4140 3195 4210 quod
3225 4140 3299 4195 ita
3318 4141 3427 4196 sibi
3460 4143 3718 4205 invicem,
3750 4153 3808 4197 et

2197 4189 2215 4204 .
2586 4189 2591 4190 κ
2935 4189 3024 4204 ---,
3058 4189 3195 4210 τη-
3225 4189 3299 4195 ---
3318 4189 3427 4196 --η-
3460 4189 3718 4205 --τ-η--ν
3753 4189 3808 4197 ν-

2197 4236 2473 4283 rectorum
2496 4229 2686 4283 merita
2715 4239 3126 4298 connectantur,
3152 4241 3209 4289 et
3239 4233 3480 4303 plebium
3499 4275 3513 4299 ,
3547 4243 3603 4287 ut
3635 4249 3806 4304 saepe

2197 4333 2261 4355 av
2293 4319 2444 4355 nnlnn
2476 4328 2750 4355 nonin-nun
2799 4321 3036 4355 Animi-inn
3061 4324 3151 4355 ﬁne
3180 4325 3290 4355 υἷι..
3316 4325 3555 4355 all-J3...“
3577 4334 3624 4355 ΔΙ
3645 4340 3810 4355 ραι-υ.

2195 4333 2262 4373 ex
2293 4319 2448 4389 culpa
2476 4328 2772 4390 pastorum,
2798 4321 3036 4380 deterior
3060 4324 3154 4379 ﬁat
3180 4325 3294 4380 vita
3315 4325 3558 4396 plebium
3576 4334 3634 4380 et
3645 4340 3810 4396 sape

2196 4425 2263 4466 ex
2284 4412 2479 4468 merito
2505 4413 2740 4483 plebium
2769 4425 3010 4472 mutetur
3037 4417 3146 4472 vita
3181 4426 3488 4488 pastorum.
3524 4417 3634 4474 Sed
3669 4419 3802 4488 quia

2197 4513 2437 4560 rectores
2454 4504 2654 4561 habent
2659 4506 2898 4578 judicem
2911 4524 3064 4564 suum
3075 4549 3090 4575 ,
3107 4524 3304 4580 magna
3319 4509 3538 4565 cautela
3554 4509 3807 4566 subdito-

490 4571 946 4642 concupiscentiae
999 4575 1260 4630 mactavit
1311 4590 1410 4647 per
1462 4576 1842 4646 paenitentiam
1897 4557 2083 4652 repre-

2201 4557 2214 4559 _
2237 4557 2248 4558 ,
2392 4557 2432 4560 ,_
2455 4557 2552 4560 κη
2569 4557 3090 4578 -_-,___--__-_____-,
3108 4557 3304 4580 ,ποη-
3324 4557 3538 4565 ww..-
3554 4557 3653 4566 ___
3665 4557 3778 4563 ---ν

2199 4611 2317 4652 rum
2335 4605 2433 4662 est,
2455 4613 2562 4652 non
2579 4605 2785 4655 temere
2809 4599 2972 4655 vitam
2989 4600 3234 4671 judicare
3255 4602 3593 4673 regentium.
3610 4600 3805 4673 Neque
3889 4617 3891 4661 1

489 4662 773 4721 bensionis
829 4681 960 4722 suta.
1017 4666 1121 4735 Qui
1173 4683 1304 4740 ergo
1365 4670 1642 4740 quondam
1698 4675 2084 4744 concupiscere

490 4756 726 4814 alienam
755 4759 1040 4830 coniugem
1073 4775 1420 4832 nequaquam
1446 4762 1650 4831 timuit,
1675 4775 1866 4835 postea
1894 4769 2080 4837 etiam,

489 4851 635 4920 quod
662 4867 859 4922 aquam
881 4855 1246 4926 concupisset,
1283 4855 1522 4926 expavit.
1575 4857 1676 4925 Qui
1713 4859 1859 4915 enim
1888 4876 1947 4918 se
1977 4862 2082 4918 illi-

488 4942 600 4996 cita
625 4953 967 5013 perpetrasse
993 4948 1339 5015 meminerat,
1369 4956 1562 5005 contra
1589 4954 1942 5024 semetipsum
1961 4954 2078 5026 jam

489 5033 720 5104 rigidus,
745 5037 909 5094 etiam
929 5054 960 5094 a
985 5039 1149 5097 licitis
1174 5042 1501 5100 abstinebat.
1525 5064 1546 5100 ι

561 5176 588 5246 ξι
615 5161 1024 5246 [fracesset-unt.
1059 5171 1166 5246 Sed
1192 5183 1417 5244 praestat
1435 5179 1607 5234 nostri
1637 5175 1852 5242 Codicis
1886 5183 2071 5246 lectio.

561 5234 592 5275 ιι
623 5233 897 5308 ferfudit,
929 5251 988 5298 ut
1011 5233 1268 5300 arbitror.

549 5315 585 5387 ,ο
621 5306 890 5390 Yulgata,
913 5323 962 5367 et
1010 5313 1310 5390 animarum
1337 5320 1631 5390 periculum
1671 5322 1864 5381 bibant.
1904 5328 2076 5390 Error

493 5375 688 5448 aliquis
717 5375 805 5437 hic
829 5375 1006 5442 inesse
1034 5386 1270 5441 videtur.

560 5448 588 5488 ά
616 5449 886 5520 ﬂuentem.

1063 5528 1380 5628 exvizatetl'io
1407 5572 1424 5598 ,
1453 5533 1683 5628 ideoque
1714 5539 2073 5628 expregorio

487 5589 789 5682 desumpsit
807 5589 1087 5682 Claudius.
1112 5599 1248 5682 Vide
1258 5589 1504 5682 obsecro,
1519 5589 1782 5682 CFe—gbtﬁi
1796 5589 2075 5676 ﬁliiﬁlii}

485 5661 586 5746 ΜΞ
610 5661 984 5746 i'nEvangelia
1009 5667 1184 5740 [num.
1218 5673 1332 5746 16].

563 5732 591 5804 f_
786 5732 1085 5804 deliquisse.

565 5801 592 5841 ε
618 5801 762 5858 Edit.
785 5801 1023 5872 verbera.
1061 5809 1169 5870 Sed
1194 5824 1344 5874 certe
1369 5833 1560 5878 mucro
1581 5827 1795 5886 vulnera
1816 5849 1923 5892 non
1947 5849 2068 5894 Ver-

2175 5778 2283 5834 que
2306 5763 2358 5818 in
2389 5762 2670 5837 Gregorio,
2695 5783 2762 5822 ex
2787 5767 2942 5837 cujus
2968 5762 3466 5834 commentariis'in

2174 5849 2302 5902 xxv,
2328 5850 2476 5892 num.

2191 4690 2339 4745 enim
2375 4689 2579 4746 frustra
2611 4707 2710 4762 per
2735 4693 3088 4764 semetipsum
3118 4693 3384 4750 Dominus
3413 4694 3642 4768 (Matth.
3681 4712 3800 4759 ιιι,

2191 4780 2282 4854 12)
2313 4797 2387 4838 aes
2417 4782 2906 4840 nummulariorum
2939 4783 3100 4854 fudit,
3134 4795 3189 4842 et
3219 4786 3518 4842 cathedras
3553 4788 3804 4844 venden-

2191 4874 2326 4929 tium
2355 4873 2638 4930 columbas
2685 4876 2882 4931 evertit
2916 4895 2929 4931 :
2962 4875 3220 4932 nimirum
3249 4876 3578 4949 signiﬁcans
3610 4919 3628 4945 ,
3667 4879 3802 4950 quia

2189 4979 2289 5034 per
2329 4966 2618 5038 magistros
2671 4967 2888 5038 quidem
2926 4969 3096 5024 vitam
3120 4968 3334 5041 judicat
3373 4969 3627 5040 plebium
3653 5012 3673 5037 ,
3709 4970 3803 5025 sed

2194 5072 2294 5130 per
2316 5060 2667 5132 semetipsum
2683 5059 2822 5118 facta
2841 5063 3120 5119 examinat
3139 5062 3528 5137 magistrorum
3554 5079 3572 5120 :
3602 5081 3806 5122 uuam—

2185 5191 2564 5268 beraginﬁigit.

2254 5265 2282 5306 ιι
2317 5265 2491 5339 ﬁdit;
2523 5267 2866 5339 sacriﬁcium.
2889 5286 2901 5335 ι

2262 5339 2278 5413 ξ
2316 5336 2445 5413 llaec
2473 5336 3026 5413 docuitBedaquaast.
3054 5341 3139 5399 10.

2257 5405 2272 5458 i
2315 5406 2585 5486 Nonnulla
2617 5425 2686 5466 ex
2721 5405 2934 5486 Isidoro
2957 5416 3194 5471 desumit
3231 5414 3490 5473 Claudius
3519 5459 3537 5486 ,
3565 5421 3676 5480 sed
3725 5425 3805 5481 ita

2185 5477 2529 5554 invertit,_ac
2557 5491 2751 5548 mutat,
2801 5494 2864 5540 ut
2888 5485 3055 5540 alium
3081 5486 3242 5554 plane
3294 5477 3535 5546 sensum'
3568 5477 3675 5550 ei"
3701 5477 3810 5554 lia:

3477 5704 3810 5853 ἓῗιιίῗιῖῗί

2181 5547 2535 5631 bean_t-._‘Vide
2565 5547 2780 5624 caput’7
2808 5555 2865 5610 in
2888 5555 2982 5612 lib.
3007 5556 3052 5612 ll
3077 5547 3212 5631 Reg.
3248 5560 3464 5617 lsidori.

2255 5621 2282 5696 ξι
2312 5621 2357 5696 ll
2379 5621 2512 5696 Reg.
2546 5621 2666 5696 cap.
2694 5641 2842 5682 xxtv.

2257 5689 2275 5730 ι
2307 5689 2706 5776 §ubséquetitia
2749 5696 2920 5776 habes
2949 5700 3003 5755 in
3034 5700 3253 5760 Paterio
3298 5702 3444 5776 [cap.

2537 5835 2592 5912 5]
2622 5835 2924 5913 desumpsit
2943 5839 3212 5905 Paterius.

2281 5966 2402 5994 -ευ--φ
