3940 6340
1165 342 1200 351 ⁸⁵⁵
1219 347 1372 361 «τοισιν-ν,

93 447 193 505 721

729 443 1199 517 ΩῙΙᾹΞΒΤΙΟΝΕΞ
1231 444 1382 503 ΧΧΧ
1421 445 1652 506 SUPER

1788 447 1936 507 iROS
1975 449 2238 510 REGUM.
2277 437 2350 496 :—
2385 450 2592 510 LIBER
2625 450 2716 510 ῐΠ.

3255 453 3365 516 722

91 569 178 624 vis
207 564 370 622 etiam
417 562 758 620 subditorum
781 564 915 620 vitia
947 606 963 634 ,
992 581 1112 636 qua:
1137 581 1169 620 a
1198 565 1477 637 magistris
1519 565 1681 620 modo
1707 570 1760 632 Α
1784 575 1873 623 tur
1898 593 1910 627 :
1935 582 1992 631 et
2009 589 2226 630 rursum
2254 572 2346 644 qui
2375 571 2602 642 subjecti
2624 577 2752 626 sunt
2777 610 2794 638 ,
2817 563 3114 630 Rectorum
3135 587 3362 633 suorum

92 660 179 717 vel
205 658 616 716 dissimulantur
639 658 897 730 judicari,
951 659 1039 714 vel
1067 666 1377 729 nequeunt,
1411 657 1526 727 ejus
1558 674 1680 730 pro-

91 737 182 810 cul
207 751 368 808 dubio
388 750 596 823 judicio
625 760 996 808 reservantur.
1028 751 1197 824 Igitur
1245 753 1372 807 dum
1397 752 1547 808 salva
1575 751 1682 806 fide

92 859 187 902 res
216 843 413 917 agitur,
440 855 466 884 ι
485 843 660 899 virtus
683 859 752 899 ex
780 845 978 900 merito
998 853 1103 912 est,
1130 845 1174 900 si
1198 845 1461 917 quidquid
1483 842 1682 914 prioris

92 947 178 994 est
209 978 224 1003 ,
265 936 550 992 toleratur.
596 936 767 994 Debet
815 945 995 994 tamen
1031 937 1308 994 humiliter
1359 938 1595 1010 suggeri,
1633 938 1681 994 si

92 1028 325 1084 fortasse
343 1026 543 1093 valeat,
563 1027 706 1098 quod
729 1027 997 1098 displicet,
1027 1029 1326 1085 emendari.
1357 1028 1462 1085 Sed
1489 1044 1683 1085 curan-

93 1122 226 1176 dum
254 1136 596 1192 summopere
617 1129 721 1188 est,
743 1111 812 1179 ne
837 1122 892 1178 in
925 1123 1236 1193 superbiam
1265 1131 1507 1180 transeat
1523 1122 1681 1193 justi-

91 1215 182 1270 tiae
212 1214 513 1270 inordinata
537 1213 827 1282 defensio;
866 1230 936 1272 ne
976 1215 1106 1272 dum
1151 1216 1417 1272 rectitudo
1465 1216 1682 1272 incaute

90 1305 365 1378 dirigitur,
393 1307 508 1377 ipsa
541 1309 803 1380 magistra
829 1308 1169 1366 rectitudinis
1206 1309 1484 1366 humilitas
1512 1309 1676 1365 amit-

92 1407 280 1464 tatur;
310 1414 378 1454 ne
399 1414 523 1454 eum
552 1399 658 1455 sibi
681 1415 919 1472 praeesse
947 1401 1178 1473 quisque
1199 1403 1492 1475 despiciat,
1515 1419 1678 1475 quem

90 1488 328 1546 fortasse
356 1491 640 1564 contingit,
669 1502 731 1547 ut
757 1493 814 1548 in
839 1493 1020 1565 aliqua
1053 1496 1265 1552 actione
1293 1497 1675 1568 reprehendat.

89 1581 294 1639 Contra
315 1584 459 1640 hunc
483 1591 752 1641 tumorem
776 1585 1042 1657 superbiai
1071 1588 1412 1644 subditorum
1436 1605 1590 1646 mens
1613 1589 1682 1645 ad

87 1675 396 1731 custodiam
423 1675 744 1732 humilitatis
779 1677 1100 1733 edomatur:
1134 1679 1180 1734 si
1216 1679 1506 1736 infirmitas
1548 1694 1680 1751 pro-

84 1765 212 1837 pria
243 1765 576 1823 incessanter
601 1767 901 1830 attenditur
933 1786 947 1824 ;
977 1784 1105 1825 nam
1125 1769 1270 1826 vires
1295 1779 1512 1827 nostras
1525 1785 1682 1826 vera-

87 1857 235 1913 citer
281 1859 582 1915 examinari
609 1859 969 1934 negligimus:
1012 1869 1069 1916 et
1103 1861 1231 1931 quia
1269 1862 1338 1918 de
1376 1863 1534 1919 nobis
1562 1861 1679 1917 for-

1779 669 2020 725 actiones
2037 666 2286 736 iudicant
2312 683 2328 722 :
2361 674 2418 724 et
2439 665 2485 722 si
2515 666 2661 738 ipsos
2689 664 2930 736 regimen
2971 673 3157 723 tenere
3184 668 3362 724 conti-

1781 769 1952 832 geret,
1999 775 2058 815 se
2090 759 2333 831 potuisse
2379 773 2541 830 agere
2572 756 2768 814 melius
2795 763 3008 828 putant.
3051 755 3207 813 Unde
3251 758 3365 829 ple-

1780 865 2010 920 rumque
2055 849 2144 915 ﬁt,
2176 858 2236 906 ut
2265 858 2508 906 rectores
2553 849 2734 905 minus
2777 847 3076 920 prudenter
3099 861 3165 902 ea
3187 888 3205 914 ,
3233 863 3356 917 quae

1782 943 1986 1017 agenda
2013 951 2158 1010 sunt,
2183 943 2424 1011 videant,
2445 942 2573 1014 quia
2595 957 2780 997 eorum
2807 940 2994 997 oculos
3017 940 3135 1010 ipsa
3164 939 3365 996 nebula

1780 1038 2032 1094 elationis
2077 1037 2354 1099 obscurat,
2381 1043 2437 1092 et
2466 1049 2816 1106 nonunquam
2863 1033 2912 1090 is
2944 1033 3038 1104 qui
3083 1031 3365 1103 subjectus

1779 1139 1885 1197 est,
1907 1131 2012 1187 hoc
2037 1145 2162 1185 cum
2189 1127 2442 1199 praelatus
2467 1126 2632 1183 fuerit
2664 1167 2680 1192 ,
2728 1124 2895 1181 faciat
2919 1165 2934 1191 ,
2985 1124 3130 1194 quod
3159 1122 3366 1178 dudum

1781 1223 1899 1280 ﬁeri
1921 1222 2200 1294 subjectus
2231 1219 2514 1292 arguebat.
2544 1218 2614 1274 Et
2652 1232 2754 1289 pro
2777 1231 2844 1273 eo
2869 1257 2885 1283 ,
2912 1215 3056 1286 quod
3083 1214 3198 1281 illa,
3241 1229 3365 1284 qua:

1774 1317 2143 1389 judicaverat,
2170 1319 2472 1385 perpetrat.
2524 1309 2706 1367 saltim
2759 1308 2888 1380 quia
2909 1306 3196 1379 judicavit,
3239 1320 3372 1361 eru-

1779 1410 1988 1466 bescat.
2020 1407 2189 1478 igitur
2219 1405 2363 1460 sicut
2384 1400 2622 1472 praelatis
2644 1398 2945 1457 curandum
2971 1403 3056 1452 est
3083 1410 3153 1452 ne
3173 1409 3366 1450 eorum

1780 1499 1948 1558 corda
1977 1495 2336 1554 aestimatione
2373 1491 2634 1565 singulari
2679 1489 2956 1561 sapientia:
2981 1486 3132 1543 locus
3151 1485 3180 1526 (ι
3207 1499 3369 1555 supeo

1782 1595 1897 1652 rius
1923 1592 2169 1658 extollat,
2222 1590 2300 1646 ita
2322 1586 2577 1658 subjectis
2601 1583 2994 1658 providendum
3027 1589 3130 1646 est,
3161 1594 3232 1635 ne
3256 1577 3370 1634 sibi

1781 1689 2075 1746 Rectorum
2102 1684 2247 1741 facta
2292 1681 2630 1753 displiceant.
2665 1676 2725 1734 Si
2774 1686 2960 1732 autem
2984 1672 3370 1745 magistrorum

1782 1782 1897 1838 vita
1918 1779 2042 1850 jure
2062 1773 2496 1848 reprehenditur,
2527 1776 2741 1843 oportet
2757 1775 2821 1824 ut
2849 1782 2944 1823 eos
2977 1762 3180 1822 subditi
3203 1759 3371 1816 etiam

1787 1890 1914 1933 cum
1963 1871 2250 1944 displicent
2311 1872 2659 1923 venerentur.
2713 1860 2822 1918 Sed
2874 1859 2981 1914 hoc
3011 1864 3098 1913 est
3142 1851 3370 1944 solerter

88 1949 165 2003 ιίε
200 1947 230 1988 δ
257 1948 552 2018 Credimus.
582 1949 788 2008 ideirco
808 1967 924 2019 803i
963 1952 1058 2024 qui
1091 1952 1252 2008 ῐιοδίε
1280 1953 1491 2025 Ρηὲιδιί
1529 1963 1679 2022 sum»
1707 1939 1758 2001 Β
1786 1939 2107 2025 intuendum
2125 2003 2142 2028 ,
2164 1976 2233 2017 ne
2257 1967 2351 2015 aut
2380 1970 2542 2028 quem
2579 1951 2834 2011 venerari
2861 1961 3086 2006 necesse
3110 1952 3215 2011 est,
3244 1940 3371 1998 imi-

85 2039 339 2096 districte
377 2039 708 2111 iudicamus.
752 2043 871 2112 Quo
905 2045 1050 2100 enim
1091 2047 1451 2117 nosmetipsos
1500 2048 1680 2105 minus
1783 2058 1892 2114 tari
1933 2062 2179 2128 appetas,
2219 2059 2314 2107 aut
2347 2064 2511 2122 quem
2566 2045 2770 2102 imitari
2813 2040 3071 2112 despiCiS,
3111 2032 3371 2093 venerari

85 2135 460 2204 agnoscimus,
502 2151 569 2194 eo
610 2137 730 2193 illos
752 2177 768 2204 ,
813 2153 951 2207 quos
969 2139 1368 2210 reprehendere
1402 2140 1632 2195 nitimur
1659 2180 1676 2208 ,

1788 2125 2102 2210 contemnas
2143 2166 2156 2202 ε
2197 2145 2412 2202 subtilis
2453 2141 2656 2199 etenim
2707 2139 2799 2194 via
2827 2133 3061 2193 tenenda
3091 2138 3176 2187 est
3206 2125 3371 2185 recti-

83 2228 209 2300 plus
245 2228 515 2286 videmus-
547 2229 769 2302 Singula
824 2232 942 2287 haec
980 2231 1123 2286 mala
1153 2240 1324 2298 sunt.
1380 2247 1502 2302 qum
1537 2246 1681 2303 saepe
1785 2245 2021 2319 tudinis,
2061 2250 2118 2298 et
2143 2236 2485 2302 humilitatis,
2514 2243 2574 2290 ut
2619 2233 2702 2288 sic
2727 2223 3176 2302 reprehensibilia
3199 2219 3372 2291 magi-

84 2336 115 2374 a
144 2321 380 2376 subditis
416 2322 471 2378 in
504 2334 528 2364 ο
567 2323 808 2395 praelatis
839 2340 852 2378 :
891 2340 1035 2396 saepe
1079 2341 1110 2380 a
1135 2325 1376 2397 praelatis
1402 2326 1456 2381 in
1500 2328 1684 2384 subdi-
1788 2317 2028 2394 strorum
2041 2332 2182 2388 facta
2198 2328 2842 2400 displiceant;quatenus
2866 2317 3204 2376 subditorum
3217 2325 3372 2373 meus

81 2413 155 2468 tis
183 2413 606 2472 committuntur
627 2457 644 2484 ,
687 2417 818 2489 quia
854 2426 912 2474 et
936 2434 1126 2475 omnes
1156 2420 1403 2476 subditos
1442 2421 1496 2476 hi
1529 2462 1544 2488 ,
1576 2422 1670 2492 qui
1779 2443 1813 2485 a
1839 2425 2105 2484 servanda
2126 2419 2424 2495 magisterii
2450 2414 2760 2474 reverentia
2787 2427 2898 2469 non
2919 2405 3160 2467 recedat.
3194 2422 3218 2459 ι

80 2517 350 2577 praesunt,
382 2508 562 2566 minus
605 2525 769 2580 quam
795 2511 898 2583 ipsi
927 2519 1072 2581 sunt,
1109 2512 1384 2585 sapientes
1410 2513 1682 2571 arbitran-

1864 2660 1886 2689 ε
1914 2646 2086 2715 Edit.,
2116 2644 2365 2719 praelatos
2382 2671 2454 2687 -—-
2471 2639 2727 2699 subditos.

1862 2720 1890 2766 ιι
1916 2719 2084 2784 Edit.,
2116 2717 2375 2789 superior.
2461 2772 2466 2776 .

154 2655 183 2685 ι
215 2644 388 2711 Edit.,
413 2645 618 2701 virtutis
637 2655 712 2703 est
733 2647 996 2706 meritum.

154 2717 186 2757 Β
215 2715 388 2783 Edit.,
411 2715 654 2787 fortiora.

85 2849 3364 2896 mm

1095 2967 1500 3035 INCIPIUNT
1543 2963 1942 3032 CAPITULA
1979 2961 2194 3028 LIBRI
2237 2960 2351 3024 Ill.
3117 2918 3120 2922 ’

1561 3107 1916 3128 _—

143 3205 232 3282 De
249 3211 519 3263 senectute
533 3208 709 3275 David,
732 3220 784 3265 et
804 3212 1119 3267 successione
1143 3213 1433 3277 Salomonis,
1456 3215 1512 3267 et
1529 3213 1682 3266 nomi-
1709 3218 1754 3281 C
1847 3212 1926 3282 ρο
1948 3221 2084 3282 inﬁt?
2107 3193 2260 3282 ωτεέοο
2278 3281 2287 3282 ί
2306 3281 2334 3282 η
2393 3273 2427 3282 ᾼ,
2533 3269 2594 3282 μ.

69 3281 145 3319 ne
167 3271 302 3332 eius.
691 3265 706 3275 '
1032 3265 1041 3266 “
1100 3265 1112 3267 ἡ
1154 3265 1191 3268 "
1418 3265 1433 3277 '
1468 3265 1503 3267 "
1573 3265 1580 3266 '
1632 3265 1639 3266 '
1711 3265 1754 3281 “
1849 3273 1927 3324 De
1951 3265 2707 3332 basibusdecem,etlu_teribus.

141 3322 470 3403 D'e__visione,
487 3348 633 3403 quam
654 3337 775 3403 vidit
797 3339 847 3388 in
871 3337 1070 3403 Gabaon
1095 3338 1345 3403 Salomon,
1365 3345 1417 3390 et
1440 3339 1683 3402 sapientia
1834 3322 1986 3403 Quod
2008 3322 2060 3386 in
2082 3335 2293 3399 regione
2316 3322 2546 3383 Jordanis
2586 3329 2712 3382 facta
2753 3333 2869 3381 sunt
2904 3338 3020 3380 vasa
3054 3325 3230 3379 domus
3268 3322 3369 3376 Do-

64 3393 122 3444 ei
141 3394 358 3459 foliata,
385 3407 432 3446 et
452 3393 632 3459 judicio
653 3400 858 3450 duarum
881 3399 1159 3452 mulierum.
1328 3393 1342 3403 ’
1497 3393 1514 3402 ’
1783 3393 1917 3450 mini.

141 3456 228 3526 De
253 3472 335 3520 eo,
364 3456 744 3526 quo—discriptum
769 3471 848 3512 est
868 3501 882 3521 ,
908 3463 1038 3525 quod
1065 3463 1288 3514 Salomon
1310 3463 1404 3513 tria
1425 3463 1682 3526 milliarpa-

72 3519 289 3589 ratiolas
312 3519 547 3589 ediderit,
570 3519 624 3574 et
662 3519 1096 3589 l'uerunt'ca'rmiua
1121 3528 1229 3586 ejus
1248 3527 1467 3589 quinque
1494 3519 1640 3577 millia
1660 3561 1678 3589 ,

59 3581 510 3650 d~sputaveritque
531 3581 560 3636 a
585 3585 914 3650 cedrousque
937 3587 996 3634 ad
1021 3581 1301 3650 hyssopum.

136 3648 400 3711 Quomodo
423 3647 588 3697 Hiram
611 3660 702 3697 rex
725 3648 1032 3699 Salomonem
1050 3650 1101 3700 in
1123 3647 1277 3711 opere
1288 3647 1459 3711 templi
1476 3649 1677 3711 iuverit.

137 3709 278 3774 Quot
302 3713 557 3774 operarios
578 3711 804 3774 Salomon
831 3715 879 3759 in
902 3723 1062 3774 opere
1085 3709 1255 3774 templi
1281 3709 1528 3764 habuerit.

135 3767 224 3832 De
261 3784 361 3830 quo
384 3771 544 3832 lapide
571 3773 805 3832 templum
829 3776 891 3823 sit
914 3767 1109 3823 factum.

136 3830 378 3902 Quando,
403 3830 481 3882 v‘el
508 3835 587 3883 ubi
610 3830 896 3902 addicatum
915 3837 976 3884 sit
1001 3834 1257 3898 templum.

129 3893 293 3951 Cujus
315 3907 556 3944 mensm'ze
580 3901 643 3947 sit
665 3899 858 3945 factum.

126 3954 217 4032 pe
240 3954 495 4020 fenestris,
523 3966 573 4032 et
591 3957 778 4032 tabulis
801 3959 1022 4032 ejus_per
1046 3969 1238 4032 gyrum.

129 4019 222 4082 lie
249 4019 555 4079 ast-ensu,’et
589 4020 787 4070 iacturis
809 4019 977 4082 medii,
1004 4019 1062 4071 ac
1085 4019 1220 4072 tertii
1247 4023 1563 4073 tabernaculi.

131 4081 210 4150 με
242 4081 462 4150 parietes
480 4083 647 4144 cedro,
672 4095 728 4132 ac
751 4081 1080 4150 pavimentum
1101 4086 1170 4133 sit
1187 4085 1355 4134 abiete
1377 4088 1646 4150 intextum.

131 4144 227 4194 De
257 4144 487 4208 distincta
509 4158 738 4195 mensura
764 4144 931 4208 templi
957 4146 1126 4208 ipsius,
1147 4153 1199 4195 et
1221 4147 1428 4198 oraculi.

125 4208 207 4255 Ut
232 4207 393 4267 omnis
416 4206 584 4257 domus
606 4208 670 4256 sit
691 4207 842 4256 cedro
864 4206 1056 4267 vestita,
1078 4215 1131 4259 et
1153 4220 1289 4260 auro.

124 4267 208 4318 Ut
233 4266 396 4316 altare
419 4270 602 4320 oraculi
625 4269 776 4319 cedro
797 4306 812 4331 ,
839 4277 893 4320 et
917 4266 1054 4320 auro.

119 4331 216 4402 9e
243 4331 488 4402 cherubin
517 4331 722 4402 factura.

127 4392 211 4456 υι
243 4392 410 4453 paries
431 4393 666 4456 sculptus,
682 4399 747 4456 et
770 4395 1103 4455 pavimentum
1125 4397 1189 4446 sit
1207 4408 1325 4450 auro
1346 4398 1588 4451 vestitum.

129 4455 226 4520 pe
257 4457 484 4520 ingressu
507 4455 711 4520 oraculi,
736 4459 840 4520 sive
865 4458 1056 4520 templi.

126 4517 228 4567 De
257 4519 397 4566 atriis
416 4521 588 4567 domus
612 4518 821 4568 Domini.

1849 3463 1925 3510 De
1948 3460 2086 3511 altari
2113 3465 2342 3522 utroque.

1846 3522 1926 3573 De
1947 3524 2132 3573 mensis
2155 3517 2329 3572 decem
2351 3519 2521 3569 aureis
2541 3519 2715 3569 domus
2737 3517 2952 3568 Domini.
2973 3553 2976 3556 .

1843 3585 1920 3635 De
1941 3588 2116 3636 decem
2148 3583 2474 3643 candelabris.

1845 3634 1925 3698 De
1951 3634 2243 3698 cardinibus
2303 3647 2573 3702 ostiorum,
2630 3647 2684 3693 et
2721 3641 3027 3706 perfectione
3058 3638 3232 3687 domus
3269 3634 3371 3686 Do-

1850 3773 1942 3824 Ubi
1970 3778 2215 3821 venerunt
2233 3771 2396 3820 cuncti
2426 3781 2574 3819 senes
2597 3780 2661 3816 ex
2686 3765 2839 3815 lsrael
2874 3765 2930 3814 ad
2957 3776 3130 3826 regem
3145 3760 3372 3826 Salomo-

1786 3847 1917 3897 nem,
1945 3842 1996 3884 et
2012 3830 2322 3897 Hierusalem
2351 3870 2364 3891 ,
2407 3841 2460 3880 et
2500 3830 2789 3897 detulerth
2829 3840 2990 3897 arcam
3019 3824 3093 3872 'de
3134 3824 3372 3897 Sinttiet

1784 3888 2001 3946 tulerunt
2023 3895 2302 3942 sacerdotes
2327 3888 2486 3941 arcam
2509 3889 2710 3940 foederis
2731 3889 2923 3938 Domini
2949 3888 2998 3936 in
3021 3891 3218 3935 oraculo
3241 3891 3346 3932 tem

1780 3961 1848 4020 pli
1873 3971 1888 4009 :
1914 3967 1963 4009 et
2003 3963 2110 4018 post
2151 3956 2256 4003 iniec
2293 3955 2439 4017 dicit_
2488 3952 3141 4020 1uod_eminerent_vectes_.
3162 3957 3373 4020 appare-

1783 4012 2326 4081 reutque'summitates
2349 4012 2519 4081 eorum
2557 4013 2671 4062 foris
2707 4012 3172 4081 sanctuariumaute
3197 4018 3372 4081 oracu-

1783 4082 1900 4132 lum.
1917 4071 2054 4131 Dicit
2076 4086 2242 4134 etiam.
2264 4076 2394 4141 quod
2417 4089 2513 4127 non
2536 4081 2672 4126 esset
2692 4073 2819 4122 aliud
2845 4074 2891 4121 in
2913 4083 3022 4141 arca
3045 4071 3327 4141 testamenti
3349 4105 3368 4128 ,

1781 4146 2006 4257 gislgum
2026 4141 2201 4194 tabula
2223 4132 2431 4204 lapidea
2461 4177 2476 4203 ,
2513 4150 2636 4202 quas
2673 4143 2904 4201 posuerat
2926 4137 2975 4185 in
3000 4147 3060 4184 ea
3085 4132 3281 4197 Moyses
3316 4133 3368 4183 iu

1829 4219 1884 4256 re
1924 4244 1936 4257 .

1829 4208 1936 4258 reb.

1845 4267 1920 4319 De
1942 4267 2146 4330 nebula,
2171 4280 2283 4330 qua
2305 4265 2529 4330 apparuit
2551 4260 3002 4330 in_d_omo_Dominl_._
3056 4326 3065 4330 Δ
3342 4281 3344 4284 μ

1843 4332 1922 4382 De
1943 4333 2098 4383 classe
2121 4323 2407 4389 Salomonii,
2435 4337 2582 4389 atque
2607 4324 2814 4390 Hiramf,
2837 4334 2950 4390 qua
2972 4323 3074 4372 ibat
3105 4329 3372 4390 perandos

1780 4378 2249 4510 ἓιῆςῦιόέίἷσρὶιὶι-
2268 4378 2468 4442 deferre
2501 4378 2673 4438 aurum
2695 4422 2712 4450 ,
2749 4378 2936 4450 simias,
2975 4378 3141 4448 patos,
3164 4387 3216 4434 et
3239 4378 3372 4444 ligna

1836 4471 1968 4510 .vtna.
3353 4503 3368 4510 _

1836 4471 2122 4578 Ἦὲιίιιιιουο
2141 4514 2431 4578 Salomonis,
2475 4518 2529 4565 et
2569 4511 2865 4564 abundantia
2909 4508 3126 4572 argenti.
3173 4509 3226 4558 et
3261 4503 3372 4559 auri

1705 4629 1760 4692 Β
1784 4575 2113 4633 Hierusalem.
2416 4575 2425 4578 ⁷
2874 4636 2886 4650 ο

1847 4645 1924 4692 De
1946 4656 2058 4692 casu
2079 4641 2367 4692 Salomonis.
2392 4646 2444 4692 et
2465 4639 2561 4692 line
2582 4639 2818 4691 malorum
2841 4648 2886 4692 ei

1847 4645 1924 4696 De
1946 4656 2058 4695 casu
2079 4641 2367 4703 Salomonis,
2392 4646 2444 4692 et
2465 4639 2561 4692 line
2582 4639 2818 4691 malorum
2841 4639 2966 4701 ejus.

1365 4769 1658 4836 INCIPIT
1701 4772 1937 4835 LIBER
1980 4772 2090 4834 III.

1775 4922 2126 4987 peccatorum
2205 4913 2623 4971 reconciliamur
2682 4914 2811 4969 Deo.
2891 4911 3107 4968 Etenim
3167 4910 3368 4984 (Rom.

1776 5024 1828 5073 v,
1869 5007 1980 5081 10),
2011 5025 2128 5062 cum
2167 5007 2366 5062 inimici
2395 5024 2621 5062 essemus
2651 5005 2971 5060 reconciliati
3025 5020 3206 5059 sumus
3254 5005 3368 5060 Deo

1777 5117 1871 5172 per
1895 5110 2113 5154 mortem
2151 5099 2252 5169 ﬁlii
2291 5099 2427 5169 ejus,
2471 5097 2614 5154 idem
2656 5097 2772 5167 ipse
2819 5103 2922 5162 est,
2969 5094 3057 5151 ille
3084 5094 3367 5165 pacificus,

1777 5193 1807 5232 δ
1839 5195 1929 5264 qui
1973 5192 2103 5249 fecit
2129 5202 2349 5264 utraque
2380 5208 2562 5258 unum,
2608 5200 2656 5246 et
2696 5189 2926 5244 medium
2971 5188 3222 5259 parietem
3246 5204 3368 5243 ma-

120 4579 277 4642 Quot
299 4581 438 4642 anuis
462 4579 698 4642 templum
720 4583 784 4631 sit
805 4578 1113 4634 aediﬁcatum.

119 4644 215 4694 De
241 4641 493 4693 Columnis
514 4641 680 4696 aereis.

119 4913 278 4990 (III
315 4913 444 4987 Reg.
481 4913 548 4987 ι.)
588 4913 783 4972 Senuit
831 4915 1024 4984 David,
1051 4916 1382 4989 ungiturque
1418 4915 1675 4973 Salomon

45 5031 90 5066 η
115 5009 359 5078 Regem
381 5021 544 5078 super
561 5021 777 5061 omnem
790 5006 958 5062 Israel
985 5007 1038 5062 in
1059 5006 1256 5073 Gihon,
1281 5015 1342 5061 ut
1363 5007 1679 5077 impleretur

42 5121 85 5158 η
136 5099 263 5156 illo
294 5096 388 5151 illa
435 5097 746 5168 promissio,
778 5113 899 5168 qua:
941 5097 1084 5153 facta
1113 5107 1199 5154 est
1241 5097 1310 5154 ad
1360 5097 1530 5155 David
1588 5098 1672 5172 (ΙΙ

42 5197 192 5265 ἶρθ.
224 5205 330 5254 vn,
361 5189 414 5255 5,
443 5189 527 5254 12,
558 5189 645 5261 15)
675 5208 686 5242 :
716 5189 839 5243 Non
865 5199 924 5243 tu
953 5189 1240 5259 trdiﬁcabis
1265 5189 1393 5243 mihi
1433 5190 1670 5256 domum,

48 5285 142 5340 εει
186 5280 352 5351 [ilius
393 5289 536 5345 tuus,
577 5281 669 5350 qui
713 5281 1008 5352 egredietur
1037 5281 1102 5335 de
1141 5289 1288 5336 utero
1323 5291 1430 5336 tuo.
1472 5281 1532 5338 In
1570 5298 1678 5353 quo

55 5376 300 5431 uident
345 5370 542 5427 futura:
578 5372 659 5428 rei
686 5373 864 5441 imago
902 5372 1046 5428 facta
1068 5381 1172 5441 est,
1203 5374 1259 5428 in
1281 5389 1347 5430 eo
1371 5376 1515 5445 quod
1545 5383 1682 5430 tem-

47 5471 224 5523 lum
272 5461 582 5530 aediﬁcavit,
625 5470 679 5519 et
719 5479 909 5535 pacem
949 5464 1138 5519 habuit
1163 5465 1455 5520 secundum
1479 5481 1680 5524 nomen

41 5573 258 5620 ωιηι.
293 5568 318 5596 ι
350 5575 369 5608 ι
393 5555 648 5612 Salomon
668 5557 865 5628 quippe
886 5557 1276 5629 interpretatur
1293 5558 1565 5628 pacificus,
1613 5575 1677 5618 ac

43 5671 136 5711 er
211 5651 328 5706 hoc
360 5647 489 5705 illud
516 5649 839 5706 vocabulum
868 5649 944 5705 illi
973 5649 1254 5706 verissime
1283 5651 1555 5721 congruit,
1579 5667 1669 5724 per

41 5759 244 5804 nem
287 5742 643 5799 mediatorem
680 5759 748 5800 ex
791 5743 1068 5812 inimicis,
1101 5753 1326 5817 accepta
1357 5745 1674 5804 remissione

1779 5287 1931 5341 ceria:
1973 5285 2194 5351 solvens,
2233 5285 2553 5340 'inimicitias
2613 5284 2671 5338 in
2737 5298 2894 5337 carne
2939 5298 3060 5348 sua,
3105 5279 3370 5352 legemque

1778 5377 2149 5433 mandatorum
2189 5376 2408 5430 decretis
2445 5391 2724 5442 evacuans,
2771 5382 2828 5427 ut
2867 5372 2998 5426 duos
3043 5371 3286 5426 conderet
3313 5371 3372 5427 in

1776 5487 1831 5526 se
1857 5485 1875 5523 :
1907 5471 1962 5526 in
1991 5488 2152 5526 unum
2189 5487 2375 5525 novum
2403 5468 2663 5523 hominem
2691 5467 2890 5538 faciens
2934 5480 3133 5536 pacem.
3180 5460 3253 5517 Et
3284 5479 3371 5519 ve-

1779 5563 1924 5618 niens
1949 5562 2319 5635 evangelisavit
2347 5577 2527 5634 pacem
2553 5561 2656 5630 his,
2697 5559 2788 5631 qui
2800 5558 2970 5630 longe,
2998 5566 3047 5614 et
3057 5573 3240 5629 pacem
3257 5556 3364 5616 his.

1777 5656 1867 5728 qui
1893 5673 2070 5726 prope.
2114 5654 2233 5726 [pse
2272 5655 2328 5709 in
2354 5652 2649 5726 Evangelia
2673 5653 2806 5710 dicit
2826 5651 2936 5724 (Jo.
2975 5650 3197 5722 xrv,27)
3229 5669 3243 5705 :
3267 5665 3365 5722 pa-

1777 5765 1888 5803 cem
1933 5765 2102 5803 meam
2143 5749 2211 5803 do
2239 5748 2404 5816 vobis,
2448 5764 2628 5819 pacem
2657 5746 2894 5819 relinquo
2936 5744 3099 5800 vobis.
3149 5743 3267 5810 His,
3307 5747 3366 5798 et

3111 5842 3172 5857 *⁵.

1773 5887 2032 6032 mh
2072 5887 2278 5960 11,”.
2325 5885 2450 5947 Haec
2484 5887 2748 5947 exscribit
2786 5886 3026 5947 lsidorus
3299 5869 3375 5952 illi
3451 5969 3454 5980 Ι

87 5902 130 5931 ιι
209 5883 518 5954 Desumpta
561 5891 690 5940 sunt
751 5884 1136 5954 subsequentia
1191 5899 1259 5941 ex
1317 5888 1662 5946 enarratione

45 5953 376 6032 ugustini
404 5954 458 6010 in
486 5955 634 6014 Psal.
666 5972 794 6015 Lxxt
822 5952 1072 6029 [numero
1109 5956 1227 6029 ipso
1261 5957 1481 6032 primo].
