3940 6340
142 382 264 449 ἠδ

801 374 1263 451 ρυλεετιοΝΕε
1298 374 1452 437 XXX
1486 374 1723 435 SUPER

1836 371 2011 433 suos
2048 369 2327 455 nucum.
2353 399 2425 415 -
2462 370 2669 429 usus
2704 371 2793 429 lii.

3335 376 3442 437 726

132 505 287 565 ﬁcia
301 498 658 559 demonstrat.
686 492 799 552 {ibi
807 500 866 550 et
884 493 1018 551 illud
1035 501 1123 551 est
1147 491 1379 553 solerter
1398 490 1739 557 intuendum,
1768 490 1827 555 Α
1853 499 1876 529 ε
1910 489 2170 561 disputat,
2198 487 2328 561 quia
2366 504 2658 559 pravorum
2686 489 2875 556 corda,
2903 498 2960 547 et
2981 491 3267 553 humilium
3283 493 3440 568 judi-

134 596 299 670 quod
326 592 516 647 vivens
558 586 705 645 illius
740 585 893 656 prius
929 583 1100 641 dividi
1134 581 1473 653 praecipitur,
1530 590 1591 639 ut
1641 581 1743 653 soli

132 684 495 761 postmdum
530 677 697 736 matri
730 677 1028 735 reddatur:
1059 675 1189 746 quia
1220 675 1275 733 in
1305 675 1412 737 hac
1448 675 1561 731 vita
1585 673 1743 746 quasi

130 777 345 852 partiri
369 772 691 832 conceditur
733 770 846 827 vita
882 768 1152 839 discipuli,
1194 768 1323 827 dum
1354 781 1424 831 ex
1470 766 1560 823 illa
1611 781 1744 833 non-

142 868 432 940 nunquam
485 863 625 920 alter
676 862 824 933 apud
872 860 1043 919 Deum
1095 859 1368 926 meritum,
1426 857 1567 915 alter
1611 873 1742 914 vero

136 961 292 1035 apud
320 958 569 1016 homines
600 955 819 1011 laudem
848 954 1050 1011 habere
1076 954 1430 1025 permittitur.
1462 950 1572 1009 Sed
1606 951 1743 1009 falsa

136 1062 344 1119 mater,
370 1065 521 1116 eum,
563 1062 727 1120 quem
762 1063 875 1104 non
898 1047 1107 1119 genuit,
1146 1047 1327 1105 occidi
1352 1061 1462 1103 non
1511 1046 1736 1112 metuit;

134 1145 274 1216 quia
292 1147 617 1214 arrogantes
643 1138 915 1210 magistri,
950 1145 1008 1193 et
1034 1137 1286 1205 caritatis
1326 1135 1522 1209 ignari,
1548 1136 1595 1192 si
1618 1136 1740 1207 ple-

134 1234 432 1293 nissimum
471 1244 672 1287 nomen
709 1228 888 1287 laudis
920 1244 990 1289 ex
1016 1227 1211 1285 alienis
1230 1227 1516 1298 discipulis
1542 1242 1738 1285 conse-

132 1328 238 1401 qui
280 1332 580 1398 nequamt,
604 1338 795 1381 comm
820 1324 989 1379 vitam
1018 1322 1314 1379 crudeliter
1355 1323 1734 1394 insequuntur.

128 1420 361 1476 Invidiae
382 1417 532 1473 enim
558 1415 677 1473 face
694 1415 965 1482 succenn',
998 1414 1191 1487 nolunt
1227 1414 1351 1471 aliis
1373 1415 1574 1481 vivere,
1599 1431 1740 1486 quos

128 1510 576 1582 conspiciuntur
612 1523 723 1563 non
758 1521 918 1578 posse
959 1506 1260 1576 possidere.
1326 1506 1481 1565 Uade
1528 1515 1585 1563 et
1627 1506 1739 1567 illic

128 1617 400 1676 perversa
420 1600 616 1657 mulier
639 1600 845 1657 clamat
882 1599 1039 1669 (vers.
1074 1599 1168 1671 26)
1198 1617 1212 1653 :
1242 1616 1335 1656 nec
1357 1615 1502 1656 meus
1527 1600 1617 1665 sit,
1644 1616 1737 1655 nec

128 1698 320 1752 istius.
354 1696 428 1752 lit
448 1694 599 1751 enim
643 1694 903 1759 diximus,
945 1708 1086 1762 quos
1114 1691 1223 1749 sibi
1249 1692 1475 1762 obsequi
1512 1708 1623 1749 non
1649 1692 1736 1748 vi-

120 1790 296 1855 dent,
335 1788 403 1844 ad
427 1786 655 1860 gloriam
697 1785 1072 1857 temporalem,
1107 1796 1203 1843 eos
1228 1783 1352 1841 aliis
1387 1784 1633 1843 invident
1653 1784 1738 1840 vi-

1826 588 1952 653 ;cat.
1986 580 2159 652 Super
2183 580 2324 655 [ipsa
2347 590 2522 637 autem
2545 581 2855 653 disputavit,
2888 581 3016 643 dum
3046 585 3102 643 in
3145 602 3308 645 cruce
3329 605 3433 667 pe-

1838 673 2052 744 pendit.
2084 673 2236 730 Tunc
2267 674 2412 730 enim
2430 675 2496 731 in
2530 675 2716 741 cedro,
2742 675 2923 733 saeculi
2958 682 3331 752 arrogantiam
3361 682 3441 739 in-

1842 762 2282 836 clinavittquam
2322 752 2489 821 etiam
2526 766 2593 823 ad
2618 766 2837 839 hyssopi
2855 766 3243 839 humilitatem,
3275 773 3330 830 id
3356 781 3442 829 est

1842 852 2318 941 usqueadcrucis
2335 856 2652 925 stultitiam,
2680 874 2744 914 ac
2776 860 3243 933 contemptibilem
3272 856 3438 921 ﬁdem

1842 946 2088 1005 deduxit.
2119 966 2138 1001 ι
2168 979 2174 985 -
2394 1004 2403 1007 τ

1916 1033 2109 1108 (Caput
2149 1036 2229 1109 ν.)
2256 1026 2532 1109 ἶεθριιὶίυῐδ
2565 1038 2587 1078 τ
2616 1040 2813 1099 dehinc
2849 1040 3117 1101 historia:
3163 1063 3182 1098 ι
3216 1047 3436 1118 quando

1844 1126 2105 1185 Salomon
2150 1128 2520 1213 aediﬁcaturus
2567 1128 2795 1213 domtun‘
2841 1135 3096 1207 Domino,
3159 1140 3439 1213 quaesierit

1841 1224 2105 1280 auxilium
2146 1225 2216 1280 ab
2245 1214 2583 1299 Hiramrege
2629 1212 2780 1315 Tyri,
2818 1231 2910 1302 qui
2934 1242 3063 1289 erat
3091 1212 3300 1291 amicus
3325 1235 3437 1293 Da-

1841 1316 1932 1373 vid
1956 1317 2105 1373 omni
2134 1325 2395 1390 tempore,
2441 1328 2499 1376 et
2534 1336 2658 1377 cum
2698 1322 2815 1392 ipso
2860 1340 3075 1399 quoque
3123 1325 3434 1397 Salomone,

1840 1418 2130 1483 postquam
2152 1426 2325 1483 regno
2350 1412 2553 1483 potitus
2582 1421 2687 1481 est,
2716 1400 2921 1489 pacem.
2953 1417 3153 1474 habere
3174 1420 3289 1492 jam
3322 1437 3439 1477 coe-

1837 1511 2019 1574 perat,
2032 1514 2451 1576 promptumque
2466 1522 2590 1567 mox
2607 1506 2862 1569 Salomon
2886 1511 2957 1567 ad
2970 1510 3333 1582 atljuvandum
3355 1529 3434 1577 sc,

1836 1596 1898 1652 in
1924 1599 2177 1655 omnibus
2204 1596 2321 1668 ejus
2352 1598 2621 1656 invenerit
2662 1602 2927 1670 animum,
2980 1605 3054 1659 ita
3087 1615 3151 1661 ut
3199 1607 3437 1665 artiﬁces

1838 1688 1940 1755 illi,
1973 1698 2028 1744 et
2057 1690 2224 1760 ligna,
2254 1699 2310 1749 et
2347 1707 2563 1759 aurum,
2588 1702 2754 1762 prout
2782 1710 2920 1765 opus
2962 1696 3221 1766 habebat,
3269 1701 3430 1757 dedc-

1840 1781 1949 1837 rit:
1998 1781 2157 1853 cujus
2210 1782 2460 1841 benelicii
2505 1786 2682 1856 gratia
2723 1785 2981 1843 Salomon
3026 1790 3075 1845 ei
3123 1805 3221 1861 per
3264 1806 3434 1847 annos

134 1894 272 1937 ven
310 1895 411 1951 per
445 1878 756 1934 veritatem.
783 1877 925 1934 Vera
973 1863 1156 1935 autem
1190 1884 1369 1934 mater
1409 1876 1628 1948 satagit,
1668 1886 1733 1937 ut
1756 1859 1807 1925 Β
1835 1875 2078 1948 singulos
2094 1876 2362 1948 plurimos
2386 1877 2577 1944 tritici,
2602 1890 2658 1934 et
2680 1879 2783 1937 olei
2810 1882 3010 1938 choros
3041 1883 3093 1938 in
3119 1859 3300 1940 cibum
3339 1886 3436 1941 do-

132 1971 260 2042 ejus
294 1970 442 2027 illius
465 1970 649 2027 saltim
676 1970 821 2040 apud
847 1978 1162 2025 extraneum
1185 1969 1280 2036 sit,
1300 1977 1358 2025 et
1380 1970 1562 2036 vivat:
1595 1971 1725 2041 quia

130 2063 446 2118 concedunt
464 2074 692 2117 veraces
719 2062 990 2133 magistri,
1029 2069 1092 2117 ut
1115 2076 1182 2117 ex
1222 2075 1413 2117 eorum
1449 2062 1730 2133 discipulis

134 2156 234 2211 alii
258 2156 478 2228 quidem
506 2154 805 2226 magisterii
831 2154 1048 2211 laudem
1067 2154 1338 2221 habeant;
1370 2156 1418 2210 si
1442 2163 1625 2215 tamen
1652 2157 1733 2211 in-

130 2250 449 2323 tegritatem
479 2248 605 2304 vita:
645 2248 812 2302 iidem
857 2246 1109 2317 discipuli
1154 2262 1263 2303 non
1311 2248 1584 2313 amittant,
1630 2262 1732 2318 per

130 2356 260 2413 qua:
286 2340 506 2412 pietatis
537 2340 772 2404 viscera,
802 2338 919 2393 haec
944 2338 1141 2394 eadem
1171 2354 1300 2395 vera
1343 2347 1520 2396 mater
1557 2354 1729 2410 agno—

130 2432 330 2498 scitur,
355 2431 665 2502 quia‘omne
684 2428 1057 2499 magisterium
1080 2427 1136 2483 in
1161 2428 1413 2485 examine
1440 2429 1728 2484 charitatis

131 2522 490 2596 approbatur,
549 2529 606 2577 et
661 2520 777 2576 sola
824 2527 996 2576 totum
1043 2520 1287 2589 recipere
1337 2520 1555 2585 meruit,
1605 2536 1728 2590 qum

130 2617 297 2688 quasi
323 2625 497 2672 totum
542 2612 849 2686 (concessit)
890 2614 1091 2670 cessit:
1124 2613 1252 2683 quia
1298 2613 1485 2671 ﬁdeles
1520 2629 1730 2684 prapo-

128 2710 230 2765 siti
249 2722 349 2778 pro
373 2722 443 2763 eo
462 2706 606 2777 quod
636 2719 705 2760 ex
731 2705 892 2761 bonis
933 2704 1214 2774 discipulis
1253 2704 1368 2760 suis
1408 2720 1519 2761 non
1548 2704 1725 2763 solum

130 2802 258 2857 aliis
284 2799 494 2855 laudem
523 2813 634 2854 non
676 2796 940 2862 invident,
981 2796 1079 2852 sed
1106 2796 1396 2853 utilitatem
1436 2797 1519 2853 eis
1559 2798 1726 2852 etiam

128 2891 441 2967 (profectus)
469 2898 759 2962 provectus
801 2896 1066 2955 exorant;
1114 2889 1221 2959 ipsi
1264 2897 1324 2944 et
1367 2889 1630 2960 integros,
1672 2897 1730 2944 et

1831 1970 1947 2025 mni
1975 1967 2094 2039 ejus
2116 1971 2298 2025 dabat.
2334 1969 2476 2026 Nulli
2507 1980 2690 2027 autem
2718 1972 3121 2044 dubium,quod
3151 1974 3432 2044 Salomon,

1832 2061 1927 2134 qui
1953 2061 2350 2133 interpretatur
2368 2063 2730 2134 paciﬁcus,et
2758 2065 2876 2137 ipso
2914 2068 3158 2135 nomine,
3192 2078 3248 2125 et
3287 2083 3436 2125 sere—

1834 2158 2063 2217 nissima
2091 2158 2245 2231 regni
2275 2159 2359 2215 sui
2381 2166 2526 2223 statu
2550 2160 2703 2217 ilium
2732 2161 3022 2234 signiticet,
3055 2163 3124 2220 de
3153 2178 3262 2235 quo
3293 2162 3433 2221 dixit

1832 2249 2003 2307 Isaias
2035 2250 2134 2322 (lx,
2167 2251 2261 2323 7):
2298 2250 2748 2323 Multiplicabitur
2778 2253 2898 2326 ejus
2946 2254 3244 2326 imperium,
3270 2264 3318 2310 et
3341 2272 3435 2327 pa-

1802 2345 1909 2399 rei:
1935 2360 2040 2401 non
2084 2346 2185 2399 erit
2227 2344 2371 2415 ﬁnis.
2405 2345 2592 2401 Hiram
2621 2362 2775 2415 vero,
2815 2349 2910 2419 qui
2938 2347 3107 2407 latine
3134 2349 3334 2404 dicitur
3358 2350 3432 2405 vi-

1832 2452 1956 2491 vens
2008 2435 2227 2504 excelse,
2275 2438 2566 2494 credentes
2602 2453 2669 2495 ex
2718 2440 2992 2512 gentibus,
3046 2449 3102 2496 et
3125 2441 3236 2496 vita
3270 2441 3420 2497 simu

1827 2541 1960 2585 cum
1988 2526 2093 2583 [ide
2138 2527 2403 2597 gloriosos
2438 2528 2742 2600 ﬁguraliter
2772 2531 3049 2602 exprimit.
3094 2530 3281 2603 Neque
3313 2531 3419 2587 ali-

1831 2618 1962 2687 quid
1992 2618 2269 2689 prohibet,
2313 2620 2445 2690 quin
2469 2619 2679 2689 Hiram,
2718 2622 2814 2692 qui
2863 2638 2957 2679 rex
2985 2632 3123 2689 erat,
3151 2624 3433 2696 regalique

1804 2711 2077 2781 potentia
2130 2709 2500 2779 Salomonem,
2533 2711 2587 2768 id
2618 2722 2705 2769 est
2744 2709 3039 2783 Paci/icum
3096 2715 3152 2769 in
3199 2714 3433 2771 aedilicio

1826 2801 2026 2857 domus
2051 2802 2268 2861 Domini
2290 2802 2542 2873 juvabat,
2571 2820 2867 2863 conversos
2906 2806 2975 2860 ad
3014 2804 3176 2862 ﬁdem
3222 2808 3248 2847 ε
3281 2807 3431 2877 ipsos

1832 2908 2016 2948 rerum
2036 2893 2298 2950 Dominus
2318 2894 2496 2966 typice
2519 2894 2820 2963 denuntiet,
2849 2910 3080 2967 quorum
3096 2910 3198 2965 ope
3217 2904 3434 2952 constat

127 2987 382 3042 viventes
424 2983 565 3039 lilios
610 2981 880 3051 recipiunt
928 2979 1147 3050 quando
1181 2979 1236 3036 in
1296 2995 1550 3051 supremo
1597 2995 1730 3039 exa—
1828 2984 2134 3044 Ecclesiam
2164 3003 2307 3059 saepe
2334 2986 2601 3058 adjutam,
2623 3004 2690 3046 ac
2711 2990 2967 3046 nobiliter
2995 2999 3427 3062 nugmentatam,

129 3080 283 3134 mine
306 3093 375 3133 ex
420 3084 614 3132 eorum
642 3074 757 3129 vita
801 3071 1064 3143 perfecta
1106 3072 1490 3133 retributionis
1528 3072 1729 3143 gaudia
1832 3085 1890 3134 et
1916 3088 2108 3139 contra
2137 3080 2443 3147 haereticos,
2486 3083 2892 3150 schismaticos,
2919 3096 2976 3140 et
3008 3100 3249 3156 paganos
3278 3086 3431 3157 prin-

130 3177 478 3241 sequuntur:
1760 3226 1805 3249 η
1837 3174 2102 3244 cipalibus
2138 3184 2379 3231 erectam
2408 3190 2532 3232 esse
2557 3177 2814 3232 decretis.
2840 3177 2984 3232 Petit
3011 3184 3149 3249 ergo‘
3167 3176 3425 3233 Salomon

216 3226 249 3301 λ
303 3275 324 3310 ι
355 3257 580 3312 μασθαι
614 3264 689 3311 est
729 3271 934 3327 quoque
958 3251 1213 3312 διιοηιοη
1238 3251 1343 3308 εῖδει
1368 3251 1538 3311 millia
1580 3271 1735 3325 Pam“
1756 3226 1805 3289 C
3014 3226 3155 3342 quiia
3168 3226 3305 3328 cum
3339 3287 3432 3329 ve-

130 3349 290 3406 bolas
310 3362 330 3401 .'
349 3356 401 3403 et
416 3349 630 3420 fuerunt
651 3347 889 3403 carmina
910 3346 1026 3417 ejus
1050 3346 1077 3389 ι’
1102 3345 1332 3416 quinque
1357 3344 1550 3401 millia.
1587 3345 1730 3413 Quid

1836 3356 1993 3412 niens
2022 3358 2076 3413 in
2105 3373 2268 3413 carne
2295 3357 2577 3424 Dominus,
2629 3359 2881 3417 dilectam
2915 3362 3021 3418 sibi
3066 3363 3307 3429 domum,
3344 3363 3432 3419 vi-

126 3440 283 3496 enim
309 3454 409 3512 per
439 3439 547 3494 tria
592 3437 765 3494 millia
790 3436 1106 3508 parabdaS.
1148 3437 1258 3492 nisi
1284 3437 1565 3507 plenitudo
1600 3438 1728 3495 ﬁdei
1834 3448 2029 3504 delicet
2061 3449 2377 3523 Ecclesium,
2415 3451 2688 3509 :ediiicare
2727 3454 3059 3525 disponeret,
3100 3472 3206 3513 non
3236 3457 3303 3513 de
3330 3454 3427 3513 Ju-

130 3534 191 3588 in
224 3533 357 3605 iege,
394 3539 454 3588 et
491 3530 800 3602 Evangeliis
825 3544 857 3583 a
899 3528 1120 3589 Christo
1147 3528 1345 3585 tradita
1375 3529 1731 3600 designatur?

1836 3542 1967 3597 dacis
1994 3543 2387 3609 tantummodo,
2411 3559 2603 3600 verum
2634 3547 2799 3603 etiam
2824 3546 2893 3605 de
2916 3550 3189 3619 gentibus,
3222 3549 3432 3622 adjuto-

126 3624 412 3696 φωᾱυω
439 3630 552 3678 tota
586 3620 959 3693 multipliciter
1000 3635 1100 3691 per
1129 3620 1509 3691 allegoriarum
1534 3636 1729 3679 sensus
1832 3647 1922 3687 res
1948 3632 2130 3702 operis
2153 3633 2336 3704 elegit,
2376 3649 2504 3689 nam
2534 3634 2601 3689 de
2646 3644 2880 3707 utroque
2919 3639 3118 3710 populo
3146 3620 3428 3697 ministros

130 3717 241 3772 sub
261 3726 284 3756 ο
312 3714 619 3770 ministerio
645 3712 933 3769 Tﬁnilalis
957 3711 1270 3775 disseritur,
1293 3711 1450 3781 quasi
1476 3711 1579 3769 "‘ia
1606 3712 1729 3765 ωηο
1830 3726 2098 3782 sermonis
2127 3728 2440 3799 assumpsit.
2481 3728 2624 3785 Misit
2668 3729 2857 3787 Hiram
2888 3730 3163 3789 Saiomoni
3201 3736 3428 3803 praecisa

131 3809 208 3865 “3
255 3808 528 3881 Pam
594 3814 999 3876 ιιιιηθιιυαιηιπ·
1057 3805 1317 3861 carum“
1371 3814 1552 3863 ‘3“le
1609 3806 1729 3876 eius
1832 3816 1898 3872 de
1925 3815 2133 3873 Libano
2161 3817 2308 3889 ligna
2336 3819 2585 3886 cedrina,
2615 3820 2946 3892 etabiegna,
2996 3837 3117 3892 qua:
3163 3824 3217 3877 iu
3263 3825 3425 3881 domo

128 3903 376 3975 quisque
396 3900 567 3957 millia
598 3915 699 3971 pro
726 3899 967 3971 quinque
994 3898 1247 3959 sensibus
1286 3898 1532 3967 corporis
1568 3898 1728 3953 intel-

128 3995 400 4067 liguntur,
429 4008 564 4064 quos
610 3993 704 4064 qui
735 3993 790 4048 in
818 3992 1052 4050 diversis
1085 3991 1382 4051 virtutibus
1408 3993 1548 4047 bene
1576 3990 1605 4030 ἀ
1634 4008 1727 4062 ge-

127 4089 237 4152 rit,
259 4087 446 4142 beatus
478 4093 581 4152 est,
612 4094 669 4141 et
691 4099 791 4157 per
814 4099 910 4142 eos
946 4084 1108 4155 quasi
1142 4083 1385 4154 quinque
1414 4081 1582 4138 millia
1608 4097 1730 4138 car-

124 4182 288 4239 mina
333 4180 561 4238 Domino
596 4180 765 4237 canit.

207 4274 389 4348 (Verr.
420 4274 536 4348 55.)
583 4293 605 4327 ε
650 4272 958 4340 Βὶεβειεινὶι
998 4280 1183 4329 autem
1211 4272 1468 4330 Salomon
1497 4289 1531 4329 a
1559 4273 1725 4330 cedro

124 4381 310 4438 usque
331 4369 401 4425 ad
425 4367 744 4439 hyssopum.
758 4365 917 4423 Cedri
928 4367 1152 4421 nomine
1169 4365 1434 4422 celsitudo
1460 4366 1646 4437 gloriae
1669 4366 1727 4421 in

123 4459 325 4514 electis
348 4458 652 4530 accipitur:
678 4458 825 4514 sicut
849 4463 906 4513 et
942 4456 1215 4528 Propheta
1262 4465 1499 4513 testatur
1537 4459 1727 4514 dicens

1830 3907 2044 3965 Domini
2067 3916 2416 3978 ponerentur,
2445 3911 2574 3980 quia
2599 3926 2861 3967 conversa
2893 3912 3163 3984 gentilitas
3183 3913 3333 3970 misit
3354 3915 3428 3971 ad

1814 4000 2120 4063 Dominum
2145 4001 2296 4059 viros
2322 4002 2596 4074 quondam
2626 4004 2693 4059 ad
2720 4004 2975 4062 smculum
3002 4006 3199 4075 claros,
3233 4024 3426 4065 secure

1828 4091 2115 4149 dominicae
2137 4093 2525 4165 increpationis
2552 4095 2619 4152 de
2656 4106 2840 4153 monte
2871 4113 2983 4155 suae
3016 4100 3283 4171 superbia:
3306 4101 3425 4173 jam

1829 4181 2070 4255 dejectos
2104 4190 2159 4239 et
2190 4184 2529 4254 humiliatos,
2557 4187 2649 4259 qui
2693 4188 2765 4244 ad
2812 4204 3058 4245 normam
3097 4191 3426 4263 evangelicae

1829 4276 2076 4331 veritatis
2101 4276 2357 4344 instituti,
2386 4277 2442 4334 in
2469 4279 2701 4335 :cdiiicio
2741 4279 3002 4339 Ecclesiae
3025 4298 3125 4355 pro
3145 4300 3245 4341 suo
3276 4285 3425 4357 quis-

1829 4380 1935 4436 que
1952 4369 2176 4439 merito,
2201 4370 2286 4426 vel
2314 4379 2561 4444 tempore
2586 4374 3009 4433 collocarentur.

1908 4481 1927 4513 ι
1972 4460 2120 4518 Misit
2156 4465 2315 4519 etiam
2342 4465 2596 4536 artiﬁces,
2624 4468 2752 4539 quia
2799 4484 3091 4526 conversos
3140 4470 3209 4526 ad
3235 4484 3423 4527 veram

122 4550 313 4625 (Paci.
357 4567 482 4617 ιρι,
516 4551 607 4626 is)
640 4566 659 4606 ε
694 4550 887 4606 Justus
917 4559 978 4604 att
1013 4549 1193 4658 patrita
1230 4551 1549 4658 ﬂorebat,”
1589 4552 1724 4606 sicut
1748 4597 1805 4658 D
1827 4555 2150 4658 sapientiam
2173 4558 2544 4649 philosophos,
2573 4562 2666 4632 qui
2686 4562 2858 4633 gratia
2889 4563 3230 4647 eruditionis,
3244 4579 3421 4635 pepu-

123 4645 347 4709 cedrus,
366 4659 485 4715 qua:
504 4653 580 4698 est
604 4644 659 4697 in
684 4642 903 4708 Libano,
936 4640 1393 4711 multiplicabitur.
1448 4640 1726 4713 Hyssopus

125 4744 322 4791 autem
348 4734 519 4791 herba
534 4742 626 4790 est
650 4732 892 4799 humilis,
917 4747 1050 4787 saxo
1078 4733 1322 4799 haerens,
1349 4749 1453 4803 qua
1479 4734 1727 4822 signatur

122 4826 420 4885 humilitas
437 4825 665 4887 Christi.
697 4825 1026 4896 Redemptor
1058 4825 1256 4896 quippe
1292 4834 1480 4882 noster
1504 4843 1535 4881 a
1561 4830 1725 4885 cedro

123 4934 315 4989 usque
338 4918 406 4975 ad
432 4917 730 4991 hyssopum
755 4916 1074 4988 disputavit,
1092 4917 1218 4987 quia
1232 4918 1302 4973 ab
1331 4916 1440 4973 alta
1459 4918 1727 4974 excellen-

120 5015 212 5070 tia
239 5011 481 5071 ctelestis
514 5010 706 5083 gloria
731 5025 904 5080 usque
931 5009 1002 5065 ad
1038 5009 1221 5069 carnis
1248 5009 1612 5068 humilitatem
1636 5012 1727 5067 de-

120 5103 448 5165 scandendo
465 5101 715 5174 pervenit
740 5119 758 5157 ε
792 5101 839 5163 si
859 5100 1077 5172 quidem
1099 5108 1156 5156 et
1179 5100 1330 5163 cedri
1354 5102 1575 5159 nomine
1604 5118 1726 5174 pra-

122 5211 334 5252 vorum
362 5196 595 5265 superba
644 5195 808 5250 elatio
834 5195 1167 5266 designatur,
1220 5195 1362 5249 sicut
1409 5211 1509 5265 per
1556 5196 1725 5254 David

122 5289 342 5344 dicitur
372 5284 546 5361 (Psal.
587 5303 798 5361 xxvut,
825 5286 881 5360 5)
906 5301 921 5340 :
964 5283 1078 5340 Vox
1098 5285 1313 5341 Domini
1346 5286 1724 5358 confringeutis

122 5380 342 5441 cedrus.
400 5378 449 5434 Α
473 5379 636 5437 cedro
663 5379 849 5451 itaque
862 5377 1117 5433 Clit-istm
1136 5390 1308 5449 usque
1335 5377 1407 5433 ad
1427 5377 1724 5450 hyssopum

1202 5530 1389 5602 rquire
1430 5532 1489 5590 in
1518 5533 1724 5593 l'sidoro

208 5543 237 5573 ι
277 5531 521 5605 Cap._t_v,
551 5528 645 5589 ’52.
695 5531 1094 5605 Subsequentia

1185 5606 1449 5663 ustrante.

129 5600 339 5676 librum
357 5600 434 5676 ill
453 5603 665 5676 Regum
683 5600 1089 5676 commentariis

208 5674 241 5725 ἒ»
279 5672 786 5749 Υ-ιιιεειξξᾳτιὶηᾳαε
811 5680 860 5739 ιι
884 5672 1028 5735 mille

208 5754 239 5829 ξ
279 5742 556 5829 1'98???“-

209 5813 246 5927 ἶ
281 5813 754 5959 disputavit.
799 5885 1037 5948 Praefcro
1073 5888 1363 5950 lectionem
1386 5892 1592 5952 codicis
1633 5908 1730 5951 no-

1831 4645 1897 4701 lis
1911 4661 2126 4718 quoque
2148 4644 2399 4720 regendis
2419 4649 2543 4721 jure
2564 4662 3014 4724 proponerentur,
3041 4643 3271 4711 Domino
3292 4670 3420 4727 gen-

1828 4736 1996 4794 tilitas
2024 4739 2241 4807 obtulit,
2289 4741 2464 4812 qualis
2504 4742 2637 4813 ipsis
2677 4745 3045 4815 apestolorum
3088 4746 3421 4816 temporibus

1827 4826 2117 4900 Dionysius
2133 4830 2483 4906 Areopagita,
2508 4835 2683 4906 qualis
2706 4836 2960 4909 deinceps
2981 4838 3174 4893 doctor
3210 4841 3419 4899 suavis-

1826 4924 2020 4991 simus,
2077 4935 2134 4982 et
2189 4926 2518 4986 fortissimus
2569 4942 2779 5004 martyr
2835 4931 3156 5005 Cyprianus,
3219 4935 3420 5007 aliique

1829 5017 2234 5087 quamplurimi.
2269 5019 2416 5076 Misit
2442 5038 2633 5077 aurum
2659 5037 2677 5076 :
2700 5026 2843 5094 quod
2870 5025 2926 5080 in
2966 5026 3153 5083 eadem
3178 5043 3318 5103 pene
3344 5030 3418 5084 si-
3490 5018 3491 5021 “

1831 5108 2483 5195 gniﬁcationeaccipitur.
2533 5116 2670 5184 Quia
2720 5118 2975 5175 nimirum
3016 5121 3162 5177 viros
3203 5123 3417 5194 sapien-

1834 5199 1928 5265 tia,
1956 5209 2011 5256 et
2041 5201 2255 5273 ingenio
2277 5205 2565 5273 praeclaros
2593 5207 2621 5246 ιι
2644 5208 2901 5274 ostendit,
2929 5224 3028 5280 pro
3063 5212 3262 5282 quibus
3290 5229 3418 5268 cun-

1829 5291 1935 5346 ctis
1958 5292 2321 5350 oblationibus
2344 5296 2620 5366 gentilitas
2638 5313 2671 5353 a
2707 5299 2934 5356 Domino
2962 5301 3103 5358 dona
3136 5313 3418 5374 exspectat

1829 5385 2021 5455 gratim
2058 5386 2296 5443 cmlestis
2339 5406 2352 5442 :
2397 5388 2637 5445 triticum
2682 5390 2935 5449 videlicet
2989 5394 3139 5451 verbi
3186 5395 3320 5462 Dei,
3356 5406 3418 5452 et

1826 5543 1946 5616 stri,
1970 5558 2094 5616 nam
2122 5543 2375 5616 deinceps
2401 5543 2566 5601 habet
2586 5545 2821 5616 judicat.

1905 5613 1925 5691 ξ
1965 5613 2095 5681 Quae
2137 5613 2451 5691 sequuntur
2499 5613 2712 5676 lineolis
2738 5633 2841 5691 pro
2894 5628 3050 5678 more
3094 5625 3298 5687 notate,
3353 5620 3410 5676 in

1825 5682 2054 5743 Rabano
2077 5682 2244 5740 etiam
2271 5694 2415 5742 sunt.

1902 5755 1929 5797 ⁸
1963 5754 2165 5812 Earum
2205 5773 2400 5813 rerum.

1897 5827 1926 5868 ιι
1961 5826 2216 5887 Fortasse
2244 5828 2641 5904 legendumcst
2663 5830 2873 5889 obtulit.
