3940 6340
860 368 910 389 ,ει-

519 439 626 495 727

1597 419 1873 483 CLAUDII
1910 389 2377 476 TAUBINENSlS
2413 410 2723 471 EPISCOPI

3707 404 3816 462 7‘28

515 554 704 612 oleum
737 545 1047 613 charitatis,
1071 550 1234 616 atque
1273 539 1568 607 unctionis,
1598 547 1654 594 et
1695 532 2105 592 illuminationis
2131 535 2187 597 Α
2209 531 2456 586 cerdotes
2495 525 2750 600 eligendi,
2778 525 2874 582 sed
2901 523 2968 580 de
2990 522 3142 580 omni
3185 526 3312 578 sunt
3349 518 3606 578 Ecclesia
3661 537 3816 593 qna:-

517 644 758 718 Spiritus
781 640 977 698 sancti.
1006 635 1287 702 Convenit
1312 642 1436 704 apte
1463 633 1628 688 rebus
1645 627 1899 685 Ecclesia:
1915 668 1928 692 ,
1961 623 2106 718 quod

513 735 781 794 auxilium
810 730 984 788 sancti
1006 727 1189 800 operis
1214 725 1461 797 ﬂagitans
1485 742 1498 778 :
1527 723 1605 778 ait
1638 722 1707 778 ad
1741 719 1927 775 Hiram
1954 717 2109 772 Salo-

513 844 646 886 mon
673 824 795 900 (ΙΙΙ
819 823 952 896 Reg.
996 836 1049 887 v,
1094 818 1148 892 6)
1184 836 1198 872 :
1241 815 1480 888 Prcecipe
1525 815 1703 886 genti,
1752 820 1809 866 ut
1854 807 2110 882 prmeidat

515 926 650 982 mihi
670 921 852 979 cedros
877 918 942 974 de
968 915 1190 980 Libano,
1219 922 1268 969 et
1312 913 1448 968 servi
1491 911 1594 966 mei
1637 910 1742 964 sint
1788 924 1908 963 cum
1948 905 2107 960 servis

515 1019 648 1075 tuis.
701 1012 861 1072 Servi
888 1010 1087 1082 quippe
1127 1005 1338 1071 Hiram,
1378 1003 1472 1075 qui
1513 1001 1880 1074 praecidebant
1918 995 2109 1052 cedros

518 1106 800 1170 Salomoni
820 1107 890 1161 de
912 1103 1139 1166 Libano,
1172 1098 1423 1154 doctores
1453 1102 1580 1151 sunt
1622 1092 1780 1148 electi
1829 1090 1895 1145 de
1929 1085 2107 1158 genti-

516 1207 642 1269 bus,
670 1211 905 1273 quorum
928 1191 1090 1252 olIicii
1120 1198 1206 1247 est
1245 1203 1360 1254 eos,
1392 1185 1483 1257 qui
1527 1185 1584 1239 in
1613 1184 1816 1238 mundo
1857 1180 1982 1244 hoc,
2016 1192 2108 1232 re-

517 1267 706 1349 buset-
717 1286 890 1361 gloria
911 1284 1252 1345 laetabantur,
1278 1293 1309 1332 a
1325 1273 1593 1347 superbia:
1615 1272 1759 1328 fastu
1782 1267 2106 1340 corrigendo

517 1393 784 1446 sternere,
811 1388 974 1450 atque
985 1375 1054 1432 ad
1081 1370 1401 1443 obsequium
1425 1367 1508 1424 sui
1538 1362 1894 1435 redemptoris
1921 1375 2111 1418 eorum

517 1484 650 1532 vota
671 1470 989 1529 transferre.
1032 1466 1168 1523 Cum
1195 1461 1395 1535 quibus
1429 1458 1684 1516 videlicet
1722 1455 1912 1521 servis,
1952 1460 2111 1508 erant

517 1574 578 1623 et
619 1562 764 1621 servi
827 1555 1135 1615 Salomonis
1159 1594 1175 1622 ,
1240 1567 1305 1609 ac
1351 1549 1559 1622 pariter
1606 1553 1908 1603 memorato
1943 1543 2115 1599 insta-

515 1659 652 1714 bant
687 1651 838 1726 operi
862 1692 878 1718 ,
936 1649 1067 1722 quia
1103 1645 1269 1718 primi
1314 1643 1567 1700 doctores
1613 1654 1684 1695 ex
1729 1637 1981 1710 gentibus
2021 1651 2144 1691 ne—.

517 1764 675 1808 cesse
701 1746 972 1805 habebant
993 1743 1234 1813 ipsorum
1256 1736 1663 1810 Apostolorum,
1701 1733 1848 1804 quia
1883 1729 2112 1786 Domino

517 1841 838 1902 didicerant,
869 1833 1175 1892 eruditione
1216 1830 1274 1886 in
1300 1828 1468 1884 verbo
1503 1825 1630 1882 ﬁdei
1674 1821 1888 1879 institui
1916 1839 1930 1876 :
1966 1834 2037 1875 ne
2061 1818 2108 1874 si

2208 621 2382 687 rendi,
2425 620 2520 692 qui
2559 619 2830 676 aediﬁcare
2869 617 3091 674 domum
3132 615 3371 681 Domini,
3412 614 3505 670 vel
3551 617 3815 686 exemplo

2207 730 2324 779 suo,
2354 711 2441 769 vel
2477 713 2622 768 dicto
2649 710 2958 767 sufﬁciant:
3001 718 3056 766 et
3104 708 3417 779 ubicunque
3448 707 3675 763 inventi
3707 708 3815 766 fne-

2206 807 2339 871 rint,
2368 818 2496 861 mox
2531 803 2588 859 in
2624 801 2860 859 cilicium
2900 801 3181 858 doctorum
3223 801 3432 870 absque
3471 798 3587 854 ulla
3616 814 3810 869 perso-

2207 915 2400 956 narum
2443 899 2756 970 acceptione
2810 895 3184 968 promovendi,
3236 893 3508 964 talesque,
3557 907 3694 948 cum
3750 894 3809 949 ad

2207 989 2530 1048 erudiendos
2576 989 2845 1056 inﬁdeles,
2893 995 3058 1058 atque
3103 987 3160 1042 in
3207 984 3499 1058 collegium
3553 983 3808 1039 Ecclesia

2207 1081 2480 1140 vocandos
2509 1081 2857 1147 ordinantur,
2902 1079 3059 1151 quasi
3091 1078 3160 1134 ad
3190 1077 3463 1134 cedendas
3512 1075 3575 1130 in
3600 1075 3805 1132 Libano

2207 1174 2467 1231 materias
2497 1172 2706 1242 templi,
2738 1171 2842 1227 viri
2886 1170 3118 1236 strenui,
3157 1175 3322 1240 atque
3347 1167 3538 1224 electi
3587 1167 3805 1222 mittun-

2208 1275 2318 1322 tur.
2349 1266 2420 1321 Et
2441 1265 2662 1338 quidem
2687 1279 2946 1320 numerus
2970 1263 3197 1334 triginta
3225 1262 3488 1327 millium,
3513 1276 3633 1331 quo
3654 1261 3803 1316 iidem

2209 1359 2479 1433 lignorum
2505 1357 3140 1430 cmsorescensebantur,
3169 1361 3350 1427 potest
3366 1353 3438 1409 ad
3456 1369 3662 1410 eorum
3688 1352 3804 1424 tign-

2210 1465 2330 1505 ram
2365 1457 2488 1522 apte
2516 1447 2733 1514 referri,
2772 1447 2867 1518 qui
2898 1448 2954 1502 in
2991 1445 3096 1502 ﬁde
3123 1452 3328 1501 sanctae
3358 1443 3665 1499 Trinitatis
3693 1451 3802 1498 sunt

2210 1539 2462 1612 perfecti,
2505 1539 2650 1610 quod
2676 1537 2992 1594 doctoribus
3018 1536 3256 1592 maxime
3283 1536 3572 1608 congruit.
3595 1533 3801 1600 Verum,

2211 1633 2339 1704 quia
2377 1632 2602 1703 triginta
2624 1630 2796 1687 millia
2823 1631 2898 1686 ita
2925 1637 3084 1684 erant
3114 1629 3374 1695 ordinati,
3406 1637 3472 1684 ut
3507 1627 3657 1682 dena
3690 1627 3798 1681 mil-

2212 1724 2286 1780 lia
2312 1739 2412 1796 per
2442 1737 2658 1778 menses
2696 1719 2938 1792 singulos
2965 1719 3119 1791 Operi
3149 1728 3338 1776 sancto
3376 1719 3686 1784 instarent,
3709 1733 3806 1773 ma-

2217 1820 2300 1890 gis
2325 1817 2537 1875 denarii
2565 1815 2776 1872 numeri
2819 1821 3222 1871 sacramentum
3260 1811 3619 1884 perpendere
3662 1812 3807 1867 delle.

515 1893 1030 2003 absquemagistris
1057 1926 1254 1980 docere
1285 1920 1610 1992 inciperent,
1638 1914 1889 1989 magistri
1915 1913 2120 1969 existe-
2144 1893 2194 1954 Β
2221 1927 2361 1967 mus.
2395 1910 2542 1966 Dena
2578 1921 2810 1977 namque
2837 1905 3006 1961 millia
3033 1906 3276 1962 virorum
3317 1905 3386 1961 de
3415 1903 3602 1961 Israel
3631 1907 3700 1959 ad
3720 1918 3809 1958 cz»

516 2032 644 2082 rent
668 2021 895 2079 erroris.
924 2017 1135 2074 Idcirco
1173 2012 1378 2070 etenim
1419 2010 1675 2067 Salomon
1715 2020 1901 2063 servos
1930 2003 2120 2059 Hiram

488 2114 730 2173 caedere
758 2112 863 2168 sibi
907 2109 1080 2165 voluit
1123 2105 1271 2178 ligna
1311 2105 1379 2160 de
1404 2102 1644 2167 ‘Libano,
1670 2098 1799 2170 quia
1849 2096 2120 2152 doctiores

516 2213 680 2265 erant
705 2203 880 2260 servis
921 2201 1040 2257 suis
1065 2199 1134 2254 ad
1175 2194 1513 2254 caedendum.
1563 2192 1672 2248 Sed
1718 2189 1922 2247 idcirco
1953 2187 2121 2244 etiam

515 2315 715 2361 servos
753 2311 882 2352 suos
928 2293 1183 2351 similiter
1232 2289 1424 2345 adesse
1465 2285 1658 2351 voluit,
1695 2292 1757 2340 ut
1804 2280 2123 2360 ostenderet

521 2391 879 2454 caedentibus,
910 2386 1067 2458 cujus
1094 2397 1364 2441 mensurae
1387 2380 1534 2453 ligna
1557 2377 1677 2435 ﬁeri
1707 2377 1988 2432 deberent.
2015 2373 2124 2429 Cu-

518 2484 609 2556 ius
628 2484 707 2540 rei
729 2483 900 2555 ﬁgura
930 2480 985 2537 in
1013 2485 1266 2551 promptu
1292 2483 1396 2541 est,
1427 2473 1554 2544 quia
1580 2471 1839 2526 nimirum
1873 2464 2120 2539 Apostoli

519 2576 726 2632 certius
756 2575 983 2630 verbum
1007 2567 1311 2641 Evangelii,
1344 2567 1490 2638 quod
1531 2581 1562 2620 a
1606 2563 1835 2619 Domino
1875 2560 2118 2626 audiere,

518 2677 811 2725 noverunt.
843 2666 950 2723 Sed
975 2663 1206 2738 gentiles
1232 2662 1302 2718 ab
1334 2673 1523 2717 errore
1549 2657 1765 2713 liberati
1801 2667 1827 2696 ι
1860 2662 2024 2723 atque
2053 2651 2122 2707 ad

520 2763 813 2818 veritatem
839 2759 1120 2832 Evangelii
1155 2753 1552 2818 transformati,
1581 2749 1775 2806 melius
1815 2748 1962 2818 ipsos
1985 2760 2119 2817 gen-

519 2857 662 2911 tium
689 2868 908 2910 errores
944 2860 1246 2908 noverant:
1279 2857 1335 2904 et
1364 2863 1472 2918 quo
1499 2844 1706 2903 certius
1745 2848 2036 2906 noverunt,
2065 2847 2123 2895 et

523 2945 876 3001 artiﬁciosius
902 2945 1004 2999 hos
1038 2955 1371 3012 expugnare,
1414 2947 1577 3008 atque
1623 2949 1889 2993 evacuare
1920 2933 2123 2989 didice-

525 3044 674 3093 runt.
707 3056 727 3089 ι
785 3035 814 3074 ιι
861 3033 1062 3089 Paulus
1104 3030 1322 3104 quidem
1370 3035 1772 3084 sacramentum
1818 3023 2119 3096 Evangelii,

524 3129 670 3202 quod
708 3144 808 3201 per
834 3126 1224 3184 revelationem
1263 3123 1547 3188 didicerat,
1578 3119 1775 3176 melius
1799 3118 1984 3184 novit;
2027 3114 2123 3172 sed

522 3223 815 3296 Dionysius
839 3222 1030 3278 melius
1052 3219 1330 3276 revincere
1355 3223 1573 3290 poterat
1607 3214 1744 3269 falsa
1771 3213 2118 3268 ethnicorum

521 3318 799 3388 dogmata,
828 3332 1060 3388 quorum
1083 3332 1206 3373 cum
1237 3315 1518 3372 erroribus
1543 3312 1887 3384 syllogismos
1914 3324 1943 3362 a
1980 3321 2116 3378 pue-

523 3423 608 3474 ro,
640 3417 696 3464 et
735 3417 1056 3479 argumenta
1093 3415 1286 3464 cuncta
1334 3417 1580 3461 noverat.
1636 3403 1734 3459 Cui
1778 3401 1960 3457 sensui
1991 3415 2123 3455 con-

522 3499 676 3554 venit
726 3507 849 3568 apte
900 3499 1044 3569 quod
1095 3499 1339 3568 sequitur
1369 3496 1522 3570 (Cap.
1573 3513 1648 3561 vt,
1681 3513 1812 3550 vers.
1864 3495 1962 3566 6):
2004 3493 2122 3549 Scis

525 3591 688 3654 enim,
714 3589 855 3660 quod
880 3606 984 3644 non
1009 3599 1085 3643 est
1108 3589 1164 3644 in
1196 3587 1390 3659 populo
1415 3603 1529 3641 meo
1555 3587 1654 3650 vir,
1681 3585 1770 3658 qui
1798 3584 1996 3638 noverit
2023 3599 2125 3637 caa-

528 3683 652 3737 dere
679 3682 820 3753 ligna
869 3683 1003 3736 sicut
1055 3680 1286 3737 Sidonii.
1333 3679 1450 3734 Non
1491 3679 1636 3734 enim
1665 3685 1785 3733 erat
1828 3678 1881 3732 in
1928 3675 2123 3747 populo

526 3775 860 3840 Jutkeorum,
890 3775 981 3829 ubi
1011 3773 1271 3828 Dominus
1299 3771 1659 3843 corporaliter
1693 3784 1936 3841 praesens
1959 3769 2125 3824 doce-

531 3868 644 3932 bat,
681 3867 822 3921 ullus
866 3866 1132 3931 virorum,
1183 3865 1276 3934 qui
1319 3874 1431 3919 tam
1479 3863 1637 3919 docte
1688 3870 1874 3918 nosset
1908 3875 2126 3916 errores

529 3961 776 4016 refellere
832 3960 1132 4032 gentilium,
1185 3973 1348 4029 quam
1397 3957 1499 4028 ipsi
1551 3956 1617 4012 ad
1669 3955 1832 4011 ﬁdem
1874 3953 2126 4010 conversi

529 4051 776 4120 gentiles,
832 4057 888 4106 ct
941 4066 1008 4105 ex
1065 4048 1318 4122 gentibus
1365 4046 1494 4104 facti
1543 4045 1859 4102 Christiani.
1917 4044 2126 4100 Sidonii

531 4158 767 4212 namque
800 4152 855 4197 et
881 4142 1053 4213 Tyrii,
1080 4142 1206 4211 quia
1242 4140 1526 4212 gentilium
1556 4139 1775 4194 fuerunt
1798 4138 1981 4208 populi
2013 4152 2128 4192 me-

529 4234 640 4289 rito
663 4233 831 4305 ﬁgura
861 4233 1100 4303 gentium
1128 4233 1487 4302 accipiuntur.
1537 4230 1691 4298 Quod
1722 4239 1904 4285 autem
1936 4245 2126 4286 servos

529 4323 790 4380 Salomon
819 4333 1006 4378 noster
1044 4323 1098 4377 in
1132 4324 1238 4378 hoc
1263 4337 1398 4394 opus
1429 4321 1654 4386 miserit,
1691 4320 1747 4375 in
1776 4319 2127 4390 sequentibus

528 4419 762 4490 mystico
805 4431 1057 4473 sermone
1095 4416 1427 4486 designatur,
1457 4431 1581 4471 cum
1628 4413 1828 4470 dicitur
1867 4413 2023 4487 (vers.
2057 4413 2126 4469 15

528 4522 579 4566 et
626 4512 714 4583 14)
743 4529 755 4564 :
784 4511 954 4581 Elegit
1001 4509 1573 4581 Salomonooperarios
1616 4508 1681 4562 de
1729 4509 1872 4563 omni
1902 4506 2075 4561 Israel
2106 4522 2125 4562 :

495 4617 498 4620 '
531 4614 556 4643 ο
591 4612 637 4658 et
663 4575 777 4658 erat
805 4575 1022 4658 indictio
1056 4603 1274 4672 triginta
1301 4575 1472 4656 millia
1503 4601 1756 4664 virorum,
1790 4599 2124 4670 mittebatque
2146 4620 2203 4681 D
2231 4576 2470 4681 ﬁdelium
2497 4592 2529 4632 ³
2548 4575 2775 4681 Ροξξιίηο
2795 4590 2867 4645 (Ιυ

526 4710 616 4749 eos
643 4695 700 4749 in
725 4693 1003 4757 Libanum,
1032 4694 1208 4749 decem
1236 4692 1404 4747 millia
1429 4709 1522 4764 per
1557 4707 1758 4745 menses
1780 4690 2014 4761 singulos
2044 4692 2123 4744 vi-

529 4791 730 4856 cissim,
757 4792 833 4845 ita
874 4800 931 4844 ut
961 4790 1164 4845 duobus
1195 4797 1363 4843 essent
1404 4789 1462 4841 in
1501 4786 1744 4841 domibus
1783 4786 1914 4839 suis.
1954 4802 1972 4834 ‹
2017 4784 2119 4841 Ubi

529 4880 709 4951 primo
734 4881 1029 4937 notandum
1059 4880 1204 4951 quod
1234 4894 1342 4934 non
1379 4876 1581 4933 frustra
1631 4875 1886 4931 Salomon
1917 4891 2117 4946 opera-

531 4971 644 5027 rios
677 4973 743 5029 de
769 4974 917 5028 omni
961 4971 1130 5028 Israel
1159 4972 1353 5043 elegit;
1402 4985 1580 5041 neque
1622 4977 1742 5024 erat
1788 4967 1893 5022 ulla
1941 4968 2118 5039 portio

529 5062 734 5134 populi,
777 5066 843 5120 de
887 5080 995 5135 qua
1025 5080 1135 5120 non
1178 5063 1324 5134 digni
1353 5070 1502 5117 tanto
1535 5075 1699 5132 opere
1738 5059 1842 5115 viri
1869 5074 2115 5114 assume-

531 5160 741 5209 rentur.
780 5152 916 5222 Quia
947 5155 1207 5211 nimirum
1235 5168 1344 5208 non
1369 5152 1437 5208 de
1465 5167 1573 5207 una
1607 5151 1777 5220 stirpe
1814 5149 1997 5206 Aaron
2025 5165 2116 5205 sa-

603 5348 632 5379 ι
668 5333 901 5391 Additur
941 5332 1018 5389 uel
1059 5334 1315 5399 conversi,
1345 5328 1564 5403 qugin
1611 5329 1838 5403 Rab_ano
1887 5328 2004 5403 ipso
2038 5342 2132 5403 ex-

530 5413 683 5465 stant
701 5405 938 5478 quidem,
985 5405 1081 5460 sed
1113 5403 1266 5460 deest
1295 5399 1398 5459 voit
1441 5401 1670 5457 liberati.
1716 5399 1852 5456 Eam
1897 5399 1944 5455 si
1989 5399 2126 5468 vult,

531 5479 710 5536 deleat
722 5477 926 5533 lector.

603 5552 632 5592 b
673 5549 948 5605 Hactenus
1002 5545 1257 5604 Rabanus
1296 5545 1567 5617 :reliqua,
1619 5543 1871 5614 aquibus
1917 5541 2130 5617 lineolae

533 5623 736 5679 absunt
754 5622 811 5678 in
844 5620 1220 5676 tantummodo
1264 5613 1488 5674 Claudio
1521 5613 1734 5686 reperi,
1775 5622 1960 5670 secuto
1991 5613 2132 5669 scili-

542 5701 883 5764 cetmorem,
915 5707 1078 5764 quem
1118 5689 1248 5764 alibi
1277 5691 1364 5744 his
1416 5688 1599 5764 verbis
1638 5686 1944 5764 (inposuit;
1994 5701 2127 5764 non-

534 5763 682 5819 nulla
707 5753 886 5831 etiam,
913 5753 970 5818 ut
1000 5763 1128 5817 mihi
1153 5762 1321 5813 visum
1344 5769 1442 5824 est,
1485 5757 1629 5831 infra
1654 5753 1868 5810 illorum
1902 5753 2126 5810 locutio—

536 5851 674 5900 nem,
712 5853 828 5890 mea
868 5827 1050 5890 studui
1084 5831 1402 5900 conjungere
1451 5827 1628 5900 verba,
1679 5843 1796 5897 qua:
1850 5836 2125 5900 utramque

533 5896 910 5976 expositionem
952 5904 1148 5975 absque
1177 5896 1437 5956 scissione
1475 5896 1869 5967 conjungerent.
1901 5896 1986 5970 [in
2011 5896 2128 5968 epi-

1931 6069 1965 6078 .-

2222 2004 2399 2061 denda
2429 2002 2574 2074 ligna
2603 2001 2659 2056 in
2687 2015 2824 2070 opus
2849 2000 3043 2055 domus
3074 1999 3287 2054 Domini
3327 1999 3663 2061 mittuntur,
3703 1998 3811 2066 quia

2222 2096 2534 2168 quicunque
2577 2093 2852 2158 doctores,
2891 2100 3054 2160 atque
3095 2090 3470 2161 insipientium
3516 2088 3814 2144 cruditates

2222 2196 2349 2244 sunt
2369 2186 2673 2251 ordinandi,
2701 2183 2890 2240 decem
2919 2191 3192 2255 prmeepta
3237 2182 3371 2255 legis
3400 2198 3510 2253 per
3536 2182 3730 2238 omnia
3767 2191 3812 2236 et

2223 2280 2326 2352 ipsi
2363 2279 2674 2344 observare,
2727 2284 2784 2331 et
2827 2277 3166 2332 auditoribus
3212 2276 3345 2331 satis
3375 2275 3600 2330 debent
3648 2275 3811 2330 obser-

2221 2371 2397 2427 vanda
2429 2378 2775 2434 monstrare;
2805 2368 2902 2424 sed
2929 2375 2987 2422 et
3025 2366 3249 2437 praemia
3294 2366 3349 2420 in
3395 2364 3567 2420 caelis
3628 2365 3810 2430 futura,

2222 2477 2342 2537 quae
2379 2461 2606 2518 denario
2643 2461 2819 2516 solent
2841 2459 3087 2530 ﬁgurari,
3111 2466 3168 2513 et
3194 2457 3297 2529 ipsi
3323 2473 3584 2528 sperare,
3613 2466 3673 2513 et
3690 2458 3813 2511 audi-

2224 2553 2433 2608 toribus
2459 2552 2574 2608 suis
2589 2551 2853 2622 speranda
2879 2565 3094 2619 semper
3118 2548 3318 2604 debent
3338 2548 3640 2604 intimare.
3674 2548 3811 2602 Terei

2223 2653 2405 2702 autem
2425 2659 2658 2711 menses,
2687 2658 2918 2714 quorum
2944 2641 3198 2697 distantia
3231 2639 3460 2712 singulis
3492 2649 3634 2695 erat
3663 2640 3812 2711 ligno-

2221 2753 2344 2794 rum
2373 2737 2666 2794 caesoribus
2684 2734 2959 2806 imposita,
2997 2732 3386 2806 perfectionem
3438 2731 3625 2786 trium
3653 2733 3808 2786 virtu-

2223 2836 2337 2883 tum
2385 2827 2822 2900 evangelicarum
2859 2826 3037 2896 typice
3066 2824 3410 2888 denuntiant,
3457 2823 3813 2895 elemosyna

2222 2919 2774 2986 videlicetorationis,
2802 2928 2859 2977 et
2879 2918 3092 2990 jejunii.
3117 2937 3136 2971 ι
3169 2916 3196 2957 ἀ
3215 2916 3416 2972 Harum
3431 2915 3569 2972 fecit
3601 2918 3814 2972 mentio-

2222 3029 2368 3080 nem,
2397 3029 2521 3086 quaa
2547 3029 2657 3070 non
2701 3012 2770 3067 ad
2817 3010 3096 3068 hominum
3127 3010 3580 3073 ostentationem,
3636 3006 3736 3064 sed
3759 3005 3814 3062 ad

2223 3106 2395 3163 solam
2422 3105 2622 3162 interni
2668 3102 2994 3175 inspectoris
3035 3100 3265 3171 gloriam
3316 3106 3502 3156 essent
3545 3097 3816 3161 facienda,

2224 3197 2462 3269 alioquin
2507 3213 2537 3250 a
2578 3195 2760 3251 fructu
2788 3194 3115 3251 aeternitatis
3142 3207 3314 3248 vacua
3343 3199 3652 3246 manerent.
3685 3189 3818 3256 Qui-

2147 3269 2193 3332 (ἶ
2224 3293 2327 3348 bus
2351 3290 2533 3346 verbis
2571 3296 2757 3360 aperte
2808 3288 2991 3344 docuit
3035 3301 3224 3342 omnes
3267 3285 3534 3339 virtutum
3587 3282 3812 3350 fruetus,

2225 3385 2311 3442 his
2340 3385 2516 3440 tribus
2539 3383 2696 3454 quasi
2725 3383 2893 3438 ramis
2917 3383 2982 3437 de
3032 3396 3141 3436 una
3163 3378 3452 3436 charitatis
3473 3377 3676 3432 radice
3702 3392 3810 3447 pro-

2226 3474 2516 3530 deuntibus
2539 3472 2823 3528 insinuari.
2857 3489 2876 3522 ‹
2898 3469 3004 3526 Per
3024 3469 3404 3540 elemosynam
3426 3482 3815 3538 namqneeotn-

2225 3568 2638 3639 prehenduntur
2683 3566 2890 3632 omnia,
2931 3579 3052 3635 qum
3097 3563 3165 3618 ad
3203 3562 3553 3618 dilectionem
3595 3561 3811 3632 proximi

2227 3659 2491 3730 explenda
2515 3658 2767 3714 benivole
2798 3657 2852 3712 in
2893 3657 3092 3711 fratres
3139 3669 3430 3725 operantur
3455 3671 3469 3706 :
3498 3667 3610 3722 per
3636 3652 3812 3706 oratio-

2227 3769 2343 3807 nem
2381 3751 2586 3817 omnia,
2640 3749 2835 3820 quibus
2889 3764 2988 3820 per
3033 3747 3304 3801 internam
3351 3745 3812 3814 compunctioncn

2227 3854 2417 3901 nostro
2443 3842 2711 3899 conditori
2747 3839 3144 3911 conjungimur.
3187 3836 3290 3891 Per
3321 3836 3605 3907 jejunium
3650 3834 3812 3890 omnia

2228 3938 2427 4008 quibus
2456 3951 2556 3991 nos
2585 3951 2616 3989 a
2643 3933 2964 4006 contagione
2990 3931 3272 3995 vitiorum,
3318 3936 3375 3984 et
3419 3927 3706 3982 illecebris
3730 3941 3812 3980 sz~

2227 4028 2336 4084 culi
2371 4028 2742 4090 observamus,
2781 4033 2844 4079 ut
2880 4022 3048 4078 libera
3080 4028 3278 4084 mente,
3315 4027 3373 4074 et
3405 4032 3648 4088 corpore
3677 4025 3810 4074 caste

2229 4118 2502 4176 dilectioni
2532 4117 2807 4174 valeamus
2833 4116 3100 4171 inhaerere
3125 4127 3360 4184 semper,
3387 4119 3445 4168 et
3489 4112 3670 4166 nostri
3697 4126 3811 4165 con-

2229 4209 2445 4274 ditoris,
2469 4220 2518 4263 et
2552 4208 2804 4279 proximi.
2835 4207 2905 4262 Et
2943 4207 3035 4262 isti
3064 4212 3190 4262 sunt
3228 4212 3342 4260 tres
3380 4217 3607 4259 menses
3635 4217 3813 4273 operae

2230 4301 2434 4356 riorum
2477 4299 2678 4370 templi.
2723 4298 2858 4354 Nam
2907 4298 3035 4368 quia
3082 4295 3288 4352 mensis
3330 4294 3681 4367 plenitudine
3720 4293 3814 4346 dic-

2228 4409 2350 4448 rum
2387 4392 2590 4447 lunaris
2637 4390 2830 4446 circuli
2873 4389 3178 4462 perﬁcitur,
3215 4402 3317 4459 per
3365 4387 3525 4442 illum
3552 4385 3814 4458 plem'mdn

2227 4485 2450 4541 virtutis
2489 4482 2750 4554 cujusque
2775 4481 3076 4554 spiritualis
3103 4478 3429 4542 ostenditur,
3466 4477 3526 4532 in
3548 4492 3662 4548 qua
3681 4488 3813 4531 mem

2869 4572 3112 4630 otidiana
3133 4569 3500 4627 illustratione
3518 4569 3683 4640 quasi
3707 4568 3812 4622 tu:

2227 4685 2259 4725 a
2286 4669 2400 4726 sole
2438 4668 2748 4740 reSpicitur.
2785 4687 2804 4720 ι

2305 4792 2329 4821 θ
2370 4779 2525 4836 Unus
2567 4793 2696 4835 vero
2742 4776 2965 4840 mensis,
3006 4789 3115 4847 quo
3147 4773 3295 4846 ligna
3333 4771 3406 4827 ad
3449 4786 3593 4844 Opus

2228 4874 2528 4938 caedebant,
2558 4871 2899 4942 eleemosyna
2928 4874 3033 4934 est,
3056 4867 3112 4922 id
3131 4874 3218 4923 est
3241 4880 3379 4936 opus
3406 4864 3810 4924 misericordia,

2227 4981 2348 5036 quae
2393 4980 2521 5036 erga
2567 4961 2796 5018 salutem
2839 4959 3096 5032 proximi,
3141 4966 3204 5014 ut
3247 4959 3305 5014 in
3330 4957 3601 5013 unitatem
3633 4962 3814 5011 sanat

2229 5059 2483 5114 Ecclesia:
2509 5057 2647 5113 bene
2669 5053 3002 5127 proﬁciendo
3030 5052 3332 5125 perveniat,
3369 5050 3644 5115 docendo,
3673 5043 3814 5103 casti-

2227 5151 2426 5226 gando,
2501 5147 2821 5222 temporalia
2889 5144 3173 5202 commoda
3231 5141 3643 5214 impendenda,
3705 5138 3813 5193 vita

2237 5329 2360 5387 stol.
2377 5329 2453 5402 ad
2481 5328 2684 5402 Galat.]

2308 5413 2331 5442 ο
2372 5401 2583 5458 Rursus
2609 5397 2749 5456 re'dit
2786 5397 3067 5454 Rabanus.

2306 5471 2334 5512 ἀ
2373 5453 2772 5540 Duae—wnotata
2836 5453 2945 5540 non
3000 5464 3238 5540 invenis,
3291 5462 3583 5540 a__vulg_atis

2235 5533 2636 5614 exemplaribus
2661 5541 2878 5614 absunt.
2909 5539 2993 5614 ᾼιι
3035 5538 3162 5608 quia
3197 5551 3264 5614 ea
3299 5533 3562 5614 Claudius
3603 5533 3702 5614 de.
3726 5543 3810 5586 suo

2236 5605 2463 5670 inseruit
2487 5632 2500 5667 :
2526 5629 2595 5667 an
2630 5613 2813 5695 potius
2839 5611 2968 5682 quia
3001 5605 3377 5678 operariorum
3405 5605 3740 5677 negligentia
3758 5614 3811 5655 es
3921 5669 3924 5672 _

2236 5685 2499 5741 abstulit?
2522 5681 2851 5737 Judtcaverit
2877 5682 3070 5737 lector.
3921 5695 3924 5741 ι

2235 5701 2457 5741 τωδιιιιη
2478 5701 2499 5738 ἵ
2522 5701 2851 5737 aualcaverlt
2877 5701 3070 5737 lCCIOl‘.

2309 5767 2333 5796 ο
2369 5755 2495 5811 Haec
2535 5769 2643 5808 non
2672 5761 2889 5809 exstant
2928 5753 2981 5807 in
3010 5748 3504 5822 vulgatisiRabani

2232 5826 2340 5882 Cur
2358 5827 2412 5883 id
2437 5825 2701 5893 evenerit,
2738 5823 2932 5881 lectori
2966 5819 3370 5896 dijudicandum
3409 5819 3683 5892 relinquo.

3816 5984 3849 6030 Χ

2474 6030 2711 6061 .-‘--v""'~
2743 6033 2800 6050 ηδ-
2847 6048 2884 6052 -η
2966 6051 2972 6056 .
3023 6049 3030 6054 .
3118 6047 3144 6056 ιι
3176 6039 3407 6062 ""-vv-~.
