3940 6340
151 307 286 366 729

836 281 1297 372 QUIESTIONES
1335 293 1486 359 x‘xx
1519 299 1750 360 suem

1871 297 2032 358 mos
2070 294 2333 383 necuit.
2373 329 2445 344 -
2480 298 2685 358 LIBER
2723 301 2827 361 lli.’

3347 300 3459 364 730

161 425 446 494 exempla
470 418 844 484 monstrando,
868 417 1197 475 laboramus.
1228 417 1346 474 Duo
1377 424 1558 474 autem
1585 417 1781 489 reliqui
1808 416 1862 478 Α
1887 417 2140 472 stantiam
2190 419 2410 494 habent,
2459 418 2677 489 quidam
2709 417 2955 476 mitiores
2995 420 3065 478 ad
3100 421 3460 484 consolandos

163 533 436 583 menses,
464 517 661 587 quibus
687 516 742 570 in
765 515 1013 571 domibus
1035 515 1148 570 suis
1174 529 1416 580 manere,
1452 529 1516 569 ac
1544 514 1657 570 suis
1681 528 1776 570 ne-

167 608 542 668 eessitatibus
566 617 694 663 sunt
731 621 946 672 vacare,
985 606 1258 682 permissi,
1283 606 1458 662 oratio
1493 613 1592 670 est,
1623 613 1676 660 et
1696 604 1778 674 je-

161 701 428 772 junium,
456 699 653 772 quibus
675 707 937 770 praeterea
973 714 1058 765 ea,
1093 715 1212 770 quae
1249 714 1377 770 erga
1399 699 1776 756 necessitatem

166 793 427 848 fratrum
458 791 591 847 foris
628 805 936 862 operamur,
980 799 1180 846 nostrae
1205 789 1396 846 salutis
1431 790 1650 862 pr0prie
1675 807 1774 846 cu-

169 899 307 938 ram
341 883 490 938 intus
527 898 787 938 conversa
833 883 901 937 ad
930 882 1216 938 Dominum
1262 890 1464 949 mente,
1513 883 1772 955 gerimus.

169 975 246 1030 Et
273 975 540 1046 quoniam
562 973 637 1028 illi
666 973 838 1030 solum
862 972 1102 1044 perfecte
1119 971 1206 1028 vel
1243 988 1373 1039 suae,
1399 973 1486 1029 vel
1525 972 1776 1029 fraternae

170 1066 384 1122 salutis
417 1080 604 1121 curam
635 1074 846 1137 gerunt,
877 1065 970 1136 qui
1012 1081 1072 1121 se
1099 1065 1387 1121 intuitione
1430 1064 1624 1121 divina:
1651 1081 1776 1136 gra-

171 1159 276 1214 tiae
308 1158 592 1215 humiliter
635 1158 894 1225 subdunt,
951 1168 1097 1216 recte
1139 1160 1382 1230 sequitur
1419 1160 1598 1234 (Vers.
1637 1161 1770 1235 ll):

178 1270 200 1304 ι
239 1251 318 1306 Et
366 1251 658 1307 Adoniram
702 1261 814 1308 erat
857 1269 1015 1325 super
1053 1253 1418 1325 hujuscemodi
1466 1256 1770 1313 indictione.

170 1343 486 1400 Adoniram
537 1358 792 1414 namque,
848 1345 942 1415 qui
994 1345 1161 1402 latine
1207 1346 1443 1404 dicitur:
1512 1348 1773 1404 Dominus

172 1455 332 1493 meus
358 1437 612 1503 excelsus,
640 1453 801 1508 quem
828 1439 1040 1506 melius,
1071 1455 1234 1511 quam
1267 1442 1463 1512 ipsum,
1494 1458 1658 1513 quem
1674 1458 1773 1499 no-

171 1533 333 1589 mine
359 1533 603 1589 imitatur
637 1534 894 1602 insinuat,
934 1535 1223 1592 Dominum
1250 1537 1503 1594 videlicet
1528 1537 1773 1595 Salvato-

172 1627 338 1682 rem?
377 1626 445 1681 Et
471 1633 602 1682 tunc
629 1626 925 1683 Adoniram
971 1629 1238 1699 operariis
1289 1630 1473 1701 templi
1505 1631 1773 1702 przeponi-

175 1731 300 1785 tur,
330 1727 393 1774 ut
410 1735 504 1775 sua
534 1719 843 1789 provisione
866 1721 972 1777 rite
1003 1721 1236 1788 ordinet,
1271 1721 1466 1793 quibus
1494 1725 1771 1782 mensibus

172 1811 384 1884 singuli
423 1812 493 1866 ad
533 1811 868 1883 operandum
893 1821 1110 1879 exeant,
1142 1814 1339 1885 quibus
1366 1814 1544 1870 denuo
1588 1816 1657 1872 ad
1683 1830 1777 1871 cu-

172 1906 416 1962 randum
463 1907 683 1962 domum
721 1923 876 1964 suam
917 1909 1162 1975 redeant,
1213 1925 1337 1967 cum
1386 1911 1672 1978 Dominus,
1719 1920 1775 1968 et

175 1998 434 2054 Salvator
485 2005 673 2054 noster
732 2007 944 2056 mentes
997 2009 1310 2056 sanctorum
1356 2003 1772 2073 praedicatorum

173 2105 281 2144 sua
309 2087 631 2144 familiarius
655 2088 1013 2146 illustratione
1052 2090 1330 2156 informat,
1360 2093 1429 2148 ad
1461 2093 1773 2150 discernen—

176 2183 331 2250 dum,
365 2183 580 2253 quando
625 2191 896 2254 oporteat,
936 2185 1237 2242 aediﬁcandi
1286 2187 1585 2243 Ecclesiam
1635 2205 1772 2260 opus

175 2277 320 2331 inire
344 2296 358 2328 :
382 2278 746 2346 praedicando,
771 2279 974 2334 velalia
994 2280 1213 2350 pietatis
1237 2279 1412 2337 ollicia
1438 2285 1767 2354 praestando,

175 2377 236 2423 et
268 2371 483 2439 quando
512 2385 732 2427 rursum
759 2373 1046 2428 conveniat
1091 2374 1160 2428 ad
1191 2389 1346 2430 suam
1375 2375 1613 2444 ipsorum
1642 2394 1772 2434 con-

174 2459 463 2515 scientiam
493 2461 928 2528 examinandam,
965 2463 1118 2532 quasi
1148 2465 1218 2519 ad
1257 2465 1650 2534 inspiciendam
1674 2469 1771 2526 do—
1792 2487 1804 2501 ο

179 2567 332 2607 mum
362 2567 538 2616 suam,
567 2553 783 2619 reverti,
824 2563 880 2609 et
905 2555 1044 2610 hanc
1069 2555 1427 2623 orationibus,
1455 2573 1520 2614 ac
1543 2557 1770 2629 jejuniis

176 2661 418 2717 superno
442 2644 747 2716 inspectore
764 2686 781 2713 ,
806 2661 869 2702 ac
890 2646 1175 2702 visitatore
1210 2647 1430 2717 dignam
1457 2649 1709 2706 reddere.
1740 2670 1760 2703 ι

254 2738 430 2812 (Vera.
459 2741 525 2796 15
547 2750 596 2795 et
623 2739 734 2814 16.)
774 2739 824 2794 F
827 2749 1016 2796 uerunt
1042 2742 1220 2812 itaque
1253 2740 1528 2798 Salomoni
1555 2753 1769 2816 septua-

175 2835 328 2904 ginta
347 2831 514 2888 millia
539 2849 741 2898 eorum,
767 2834 858 2905 qui
901 2851 1060 2889 onera
1083 2835 1387 2905 portabant,
1427 2845 1475 2890 et
1501 2825 1767 2908 octoginta

174 2922 347 2980 millia
389 2923 708 2980 latomorum
747 2926 806 2980 in
852 2935 1046 2993 monte,
1091 2926 1286 2997 absque
1331 2929 1650 2999 pra’positis,
1673 2929 1767 3000 qui

173 3025 435 3087 privarant
479 3016 704 3088 singulis
751 3017 1013 3088 operibus,
1058 3035 1276 3073 numero
1327 3021 1488 3074 trium
1536 3020 1762 3074 millium

1876 510 2246 580 pusillanimes
2271 553 2286 577 ,
2317 493 2642 567 efinﬁrmos
2669 511 3029 570 sublevandos
3053 515 3316 584 existunt,
3338 518 3462 590 qui-

1877 602 2000 657 dam
2025 603 2309 674 utriusque
2337 605 2554 660 virtutis
2596 618 2819 660 munere
2841 605 3053 676 praediti
3079 607 3148 662 ad
3179 623 3314 681 opus
3353 612 3462 668 Do-

1877 693 2009 747 mini
2045 695 2390 762 conveniunt,
2431 696 2621 768 quales
2660 696 2779 752 ﬁeri
2807 697 2977 753 voluit
3012 713 3126 765 eos,
3161 700 3228 756 de
3264 703 3464 772 quibus

1875 781 2115 854 loquitur
2137 783 2427 855 Apostolus
2448 787 2634 842 dicens
2661 797 2683 826 ε
2715 804 2728 841 :
2758 786 3016 860 Corripite
3034 790 3316 860 inquietos,
3345 809 3464 848 con-

1876 875 2122 930 solamini
2166 875 2549 948 pusillanimes,
2599 879 2844 950 suscipite
2893 879 3159 949 inﬁmos,
3206 882 3464 952 patientes

1876 977 2034 1024 estote
2079 968 2150 1022 ad
2205 985 2380 1024 omnes
2426 969 2478 1042 (I
2509 969 2688 1026 Thess.
2719 988 2771 1038 v,
2805 970 2916 1044 l4).
2946 972 3228 1044 Prmpositi
3259 983 3460 1042 autem,

1876 1061 1968 1131 qui
2008 1067 2275 1130 praeerant
2299 1061 2522 1130 singulis
2543 1062 2816 1132 operibus,
2858 1064 2960 1135 ipsi
2992 1075 3119 1121 sunt
3144 1082 3313 1123 sacra:
3333 1085 3465 1124 con-

1877 1154 2081 1211 ditores
2121 1153 2435 1226 Scripturaa,
2468 1172 2700 1227 quorum
2745 1158 3058 1230 magisterio
3103 1161 3157 1215 in
3212 1161 3464 1219 omnibus

1876 1249 2174 1315 erudimur,
2231 1249 2500 1319 quomodo
2530 1250 2558 1290 ι’
2608 1251 2808 1308 inscios
2867 1252 3082 1320 docere,
3120 1261 3176 1310 et
3224 1262 3466 1311 contem-

1875 1348 2060 1412 ptores
2115 1341 2427 1412 corripere:
2487 1339 2633 1413 (Gal.
2692 1343 2875 1427 una)
2947 1346 3213 1414 quomodo
3247 1362 3346 1402 nos
3381 1347 3464 1402 ina

1876 1434 2050 1490 vicem
2100 1449 2267 1491 onera
2302 1443 2490 1491 nostra
2527 1443 2767 1508 portare,
2816 1445 2878 1493 ut
2926 1430 3242 1512 impleamus
3288 1441 3463 1514 legem

1877 1525 2099 1594 Christi,
2132 1527 2438 1583 conveniat.
2462 1549 2480 1582 ι

1949 1629 1972 1659 ο
2000 1618 2216 1687 Quanto
2237 1628 2417 1675 autem
2439 1620 2670 1692 quisque
2691 1622 2810 1694 plus
2832 1623 2887 1678 in
2903 1625 3269 1680 sustentandis
3281 1624 3466 1697 proxi-

1876 1725 2092 1766 morum
2118 1711 2560 1778 necessitatibus,
2589 1714 2704 1770 sive
2729 1714 2785 1768 in
2813 1715 3144 1788 castigandis
3169 1731 3356 1773 eorum
3377 1732 3465 1772 er-

1800 1779 1849 1840 Β
1876 1804 2085 1859 ratibus
2109 1804 2338 1871 laborat,
2369 1812 2518 1861 tanto
2544 1807 2779 1863 certiora
2811 1807 2867 1863 in
2895 1779 3077 1864 fuluro
3106 1810 3350 1881 praemia,
3376 1810 3464 1866 vel

1877 1895 2076 1966 quietis
2102 1897 2408 1952 animarum
2433 1907 2557 1968 post
2583 1910 2838 1967 mortem,
2867 1903 2952 1958 vel
2979 1903 3151 1958 beata:
3175 1919 3465 1975 corporum

1877 1989 2305 2046 immortalitatis
2329 1990 2357 2030 (ι
2389 2000 2690 2064 exspectat,
2745 2005 2769 2035 ο
2803 2013 2822 2046 ι
2863 1994 3015 2052 Unde
3064 2004 3212 2053 recte
3251 1997 3465 2068 praefati

1876 2079 2115 2151 operarii
2144 2082 2490 2151 septuaginta
2516 2083 2712 2150 millia,
2745 2093 2802 2140 et
2825 2087 3101 2156 octoginta
3144 2086 3313 2142 millia
3343 2103 3468 2145 esse

1874 2175 2255 2247 perhibentur.
2315 2175 2668 2250 Septuaginta
2721 2180 2890 2236 millia
2942 2181 3196 2239 videlicet
3242 2194 3468 2257 propter

1876 2271 2270 2326 sabbatismum
2324 2271 2632 2328 animarum
2691 2273 2995 2345 (septimus
3043 2275 3192 2332 enim
3236 2277 3351 2334 dies
3407 2278 3466 2334 in

1877 2359 2196 2429 Sabbatum,
2235 2362 2292 2418 id
2331 2372 2416 2419 est
2453 2365 2701 2435 requiem
2734 2379 3089 2423 consecratus
3129 2367 3256 2441 est).
3302 2368 3468 2426 Octo-

1873 2455 2022 2528 ginta
2052 2454 2220 2510 millia
2242 2463 2466 2527 propter
2486 2471 2636 2527 spem
2663 2459 3103 2526 resurrectionis,
3129 2475 3250 2530 qute
3269 2468 3465 2516 octava

1874 2548 1962 2604 die
1989 2547 2066 2620 (id
2095 2556 2180 2604 est
2206 2558 2330 2618 post
2375 2548 2694 2622 Sabbatum)
2724 2551 2778 2605 in
2806 2551 3038 2609 Domino
3062 2554 3366 2624 praecessit,
3409 2561 3467 2610 et

1872 2640 1928 2696 in
1975 2641 2134 2696 nobis
2189 2656 2405 2712 quoque
2453 2651 2646 2698 octava
2687 2644 2795 2711 die,
2849 2645 3120 2712 similiter,
3167 2656 3222 2702 et
3268 2656 3463 2707 octava

1871 2743 2032 2791 aetate
2059 2735 2243 2792 futura
2275 2745 2548 2809 speratur.
2596 2739 2882 2810 Praepositi
2925 2749 3109 2797 autem
3158 2749 3318 2798 erant
3359 2743 3465 2799 tria

1870 2830 2041 2886 millia
2070 2832 2324 2899 trecenti,
2355 2839 2579 2903 propter
2607 2833 2768 2888 ﬁdem
2798 2833 3060 2889 nimirum
3100 2843 3303 2890 sanctae
3335 2833 3461 2890 Tri-

1869 2924 2078 2992 nitatis,
2112 2939 2277 2995 quam
2303 2934 2491 2980 sancta
2521 2924 2680 2981 nobis
2709 2923 2923 2996 eloquia
2952 2926 3279 2998 praedicant.
3307 2925 3465 2994 Quod

1867 3032 2000 3073 vero
2026 3033 2126 3090 pro
2143 3017 2318 3073 tribus
2338 3018 2580 3075 millibus
2609 3019 2872 3075 trecentis
2903 3020 3209 3092 praepositis
3235 3020 3290 3076 in
3321 3019 3462 3077 libro

173 3119 523 3166 trecentorum
562 3109 974 3182 prwcipientium
999 3111 1212 3182 populo,
1258 3121 1307 3166 et
1335 3112 1438 3178 his,
1464 3113 1556 3183 qui
1591 3113 1761 3183 facie-
1789 3147 1835 3210 Ο
1869 3106 2316 3210 Paralipomenon
2330 3108 2419 3210 ςΙΙ
2432 3107 3462 3210 Par.u,l8),.triamillia-sexcentisu-nt

176 3202 308 3256 bant
334 3218 476 3271 opus,
502 3210 607 3258 etc.
640 3220 658 3253 (
690 3214 718 3243 ι
747 3201 1005 3259 Latomos
1027 3203 1214 3258 dicunt
1236 3203 1476 3274 lapidum
1500 3219 1759 3265 caesores.

174 3292 326 3348 Idem
349 3299 525 3348 autem
564 3283 806 3364 lapidum
832 3309 1088 3360 caasores,
1119 3295 1262 3365 quod
1285 3303 1341 3351 et
1365 3294 1638 3366 lignorum
1659 3310 1764 3351 caa-

177 3398 330 3439 sores
357 3384 582 3453 ﬁgurate
605 3384 856 3456 designat
883 3403 896 3440 :
932 3386 1038 3441 hoc
1076 3393 1162 3441 est
1197 3393 1418 3442 sanctos
1442 3386 1764 3456 praedicato-

175 3490 288 3542 res,
326 3476 417 3546 qui
459 3483 669 3532 mentes
720 3477 1090 3547 insipientium
1141 3481 1208 3534 de
1254 3479 1441 3535 labore
1480 3479 1632 3534 verbi
1666 3480 1758 3534 Dei

175 3575 450 3633 exercent,
489 3583 690 3638 eosque
721 3569 791 3624 ab
828 3585 910 3634 ea,
945 3570 998 3626 in
1038 3586 1144 3640 qua
1187 3572 1301 3627 nati
1335 3581 1480 3639 sunt,
1531 3573 1763 3643 turpitu-

178 3662 322 3726 dine,
368 3677 432 3718 ac
469 3661 812 3718 deformitate
856 3671 1228 3720 transmutare
1279 3666 1649 3722 contendunt:
1698 3682 1763 3723 ac

177 3754 499 3826 regulariter
526 3754 802 3811 institutos
831 3756 1028 3811 unitati
1054 3757 1314 3823 ﬁdelium,
1352 3757 1585 3814 aediﬁcio
1613 3758 1763 3814 vide-

175 3846 303 3902 licet
338 3846 524 3902 domus
565 3845 684 3912 Dei,
715 3855 869 3917 aptos
895 3848 1122 3904 reddere
1148 3857 1363 3904 curant.
1393 3848 1550 3916 Quod
1577 3857 1761 3906 autem

173 3944 234 3992 et
253 3936 412 4008 ligna,
433 3945 488 3993 et
530 3937 736 4008 lapides
763 3938 818 3993 in
848 3946 1032 3994 monte
1081 3940 1363 4004 ceduntur,
1411 3948 1470 3994 et
1497 3955 1658 4005 caesa,
1696 3955 1761 3995 ac

174 4036 475 4100 praeparata
542 4036 775 4100 utraque
843 4029 1096 4096 materia,
1157 4030 1226 4086 ad
1296 4038 1508 4086 montes
1569 4030 1762 4087 domus

174 4120 387 4178 Domini
419 4121 766 4188 transfertur,
798 4129 950 4193 patet
971 4137 1194 4190 sensus;
1223 4124 1352 4195 quia
1374 4137 1565 4179 onmes
1591 4123 1762 4179 homi-

176 4229 275 4270 nes
301 4215 353 4269 in
381 4223 562 4271 monte
591 4217 859 4286 superbire
886 4215 1002 4271 nati
1040 4231 1264 4272 sumus:
1298 4217 1426 4286 quia
1453 4216 1520 4272 de
1547 4229 1759 4286 praeva-

175 4306 436 4362 ricatione
459 4307 622 4378 primi
649 4306 905 4374 hominis,
937 4322 1102 4378 quam
1133 4307 1387 4378 superbia
1415 4306 1564 4374 fecit,
1591 4308 1760 4379 origi-

175 4414 299 4454 nem
325 4399 506 4454 carnis
533 4399 821 4455 traximus.
854 4398 1178 4468 Quicunque
1223 4400 1399 4470 gratia
1430 4399 1528 4456 Dei
1558 4414 1760 4470 pmor-

1866 3199 2081 3271 scripti,
2095 3201 2163 3255 ad
2190 3200 2436 3256 eamdem
2457 3217 2684 3273 prorsus
2694 3202 3007 3258 sublimium
3025 3203 3266 3259 virorum
3283 3202 3462 3275 perfe-

1865 3291 2101 3347 ctionem
2126 3292 2367 3362 respicit.
2400 3290 2538 3347 Nam
2564 3293 2690 3363 quia
2715 3294 2771 3348 in
2803 3294 3022 3351 senario
3052 3310 3281 3350 numero
3309 3294 3329 3333 τ
3360 3295 3463 3350 Do-

1865 3384 2046 3439 minus
2072 3384 2260 3438 mundi
2291 3394 2544 3440 ornatum
2575 3385 2889 3456 complevit,
2920 3394 3070 3443 recte
3094 3388 3150 3442 in
3180 3402 3246 3443 eo
3275 3385 3460 3458 perfe-

1865 3481 1954 3530 cta
1991 3474 2260 3529 bonorum
2297 3475 2474 3530 solent
2514 3491 2679 3546 opera
2707 3475 2951 3548 ﬁgurari.
2995 3477 3064 3533 Et
3098 3477 3226 3548 quia
3269 3485 3457 3533 sancta

1866 3566 2150 3638 Scriptura
2181 3584 2305 3624 cum
2352 3567 2458 3624 ﬁde
2501 3569 2767 3634 veritatis,
2822 3586 2987 3642 opera
3024 3569 3253 3640 justitim
3302 3572 3461 3628 docet

1865 3657 2138 3723 habenda,
2171 3668 2321 3714 recte
2346 3659 2626 3729 praepositi
2658 3675 2884 3731 Operum
2914 3660 3100 3731 templi
3139 3661 3241 3715 tria
3269 3661 3458 3726 millia,

1863 3759 1923 3806 et
1967 3752 2208 3807 sexcenti
2240 3750 2406 3807 fuisse
2434 3753 2808 3822 perhibentur.
2843 3752 2955 3808 Nec
2996 3754 3457 3824 praetereundum,

1863 3841 2008 3913 quod
2041 3843 2158 3897 haec
2203 3843 2568 3912 septuaginta,
2621 3851 2678 3897 et
2710 3843 2988 3914 octoginta
3017 3843 3188 3898 millia
3235 3852 3461 3914 portan-

1867 3935 2002 3988 tium
2030 3949 2196 3989 onera
2228 3941 2284 3988 et
2313 3933 2639 3989 latomorum
2689 3949 2813 3989 cum
2843 3933 3152 4005 praepositis
3180 3935 3315 4002 suis,
3349 3951 3460 3992 non

1863 4022 2085 4080 fuerunt
2113 4025 2179 4080 de
2207 4024 2398 4091 Israel,
2434 4025 2529 4080 sed
2557 4025 2624 4082 de
2653 4025 2966 4099 proselytis,
3000 4025 3054 4082 id
3095 4033 3180 4082 est
3211 4027 3454 4095 advenis,

1864 4120 1957 4191 qui
1979 4119 2491 4175 morabanturinter
2501 4134 2616 4175 eos.
2643 4118 2922 4190 Scriptum
2945 4135 3180 4192 namque
3204 4129 3290 4178 est
3317 4121 3374 4176 in
3395 4119 3460 4175 li-

1862 4219 1964 4274 bro
1989 4217 2439 4290 Paralipomenon
2469 4215 2554 4290 (II
2571 4215 2703 4273 Par.
2720 4233 2778 4282 ιι,
2800 4217 2889 4288 l7)
2918 4235 2932 4274 :
2960 4217 3272 4273 Numeravit
3293 4217 3457 4289 igitur

1863 4311 2122 4368 Salomon
2149 4329 2326 4368 omnes
2353 4304 2494 4368 viros
2519 4312 2832 4385 proselytos,
2853 4312 2945 4386 qui
2960 4321 3112 4368 erant
3131 4312 3188 4366 in
3213 4320 3354 4365 terra
3371 4309 3457 4367 Is-

1863 4403 1996 4470 rael,
2013 4413 2126 4475 post
2137 4403 2796 4477 dinumerationem,quam
2810 4403 3161 4460 dinumeravit
3175 4402 3289 4457 Dav
3297 4402 3352 4457 id
3362 4419 3454 4473 pa-

171 4491 341 4548 dinati
370 4507 556 4547 sumus
582 4493 650 4548 ad
677 4493 864 4556 vitam,
895 4490 1198 4547 excidimur
1233 4491 1655 4558 catecbizando,
1702 4500 1758 4549 et
1781 4509 1838 4569 ι)
1862 4504 1943 4550 ter
1962 4495 2108 4565 ejus:
2136 4505 2184 4549 et
2210 4495 2405 4550 inventi
2424 4505 2546 4551 sunt
2565 4505 2774 4550 centum
2787 4495 3169 4567 quinquaginta
3183 4492 3374 4561 millia,
3404 4503 3455 4550 et

173 4591 508 4640 sacramenta
541 4583 665 4640 ﬁdei
712 4583 1081 4655 percipiendo,
1109 4584 1176 4639 de
1203 4592 1390 4640 monte
1413 4583 1680 4655 superbiae
1699 4583 1754 4638 in

174 4685 409 4742 montem
451 4677 643 4733 domus
688 4676 903 4733 Domini
938 4676 1340 4743 transferimur,
1369 4678 1465 4749 qui
1495 4678 1638 4734 eruti
1686 4678 1756 4735 de

171 4777 437 4842 potestate
474 4771 845 4836 tenebrarum,
888 4767 957 4824 ad
985 4784 1167 4826 arcem
1201 4771 1486 4838 virtutum,
1516 4785 1638 4841 quae
1673 4777 1758 4826 est

172 4866 232 4920 in
266 4864 466 4919 unitate
505 4872 706 4919 sanctae
744 4862 1019 4928 Ecclesia),
1047 4863 1410 4933 pervenimus.
1445 4862 1757 4919 Notandum

171 4965 376 5024 autem,
413 4955 558 5030 quod
591 4956 754 5012 iidem
791 4954 1028 5026 operarii
1063 4955 1139 5009 ita
1173 4962 1333 5009 erant
1371 4954 1671 5020 distributi,
1697 4960 1756 5008 ut

169 5066 304 5123 pars
327 5050 380 5105 in
402 5057 585 5105 monte
605 5047 812 5119 lapides
833 5047 1111 5113 cederent,
1137 5063 1266 5118 pars
1292 5048 1424 5103 item
1447 5061 1616 5102 onera
1639 5063 1760 5118 por-

172 5149 373 5197 tarent.
417 5141 640 5196 Diversa
687 5147 815 5194 sunt
838 5153 1074 5208 namque
1100 5137 1242 5193 dona
1286 5137 1534 5208 spiritus,
1559 5145 1614 5192 et
1641 5137 1760 5206 qui-

170 5237 300 5294 dam
324 5233 583 5307 majorem
627 5231 842 5290 dicendi
876 5272 892 5300 ,
923 5246 991 5288 ac
1009 5237 1294 5302 protervos
1320 5230 1584 5301 arguendi
1620 5245 1756 5286 con-

248 5470 275 5500 α
311 5457 517 5514 Rursus
555 5458 812 5514 Rabanus
860 5455 1122 5523 occurrit,
1156 5471 1320 5528 quem
1348 5457 1631 5516 docentem
1659 5459 1754 5516 ha-

175 5531 293 5597 bes,
334 5529 457 5584 dum
499 5529 726 5585 lineolas
769 5529 1033 5584 invenies.

246 5602 275 5642 b
299 5599 554 5668 Maiores,
585 5601 678 5656 sed
706 5607 929 5671 praestat
958 5608 1141 5656 nostra
1169 5599 1350 5659 lectio.

247 5682 271 5712 ε
311 5671 441 5739 Quae
469 5671 681 5726 lineolis
706 5681 895 5727 carent
933 5687 964 5726 a
999 5671 1224 5729 Rabano
1247 5674 1396 5730 edito
1420 5675 1637 5731 absunt.

245 5742 273 5782 ιι
311 5743 506 5800 Deesse
521 5744 738 5798 videtur
750 5753 862 5812 post
881 5743 1145 5812 judicium
1158 5754 1468 5811 extremum,
1493 5756 1586 5801 aut
1603 5747 1750 5805 aliud

178 5813 456 5888 ejusmodi.
516 5813 796 5883 Quomodo
840 5815 1141 5873 locutiones
1189 5816 1310 5882 illae,
1367 5832 1487 5888 quae
1525 5819 1749 5888 quietem

1865 4587 1970 4641 tria
1985 4585 2155 4641 millia
2170 4588 2421 4654 sexcenti,
2441 4586 2662 4660 fecitque
2683 4589 2707 4628 ³
2728 4604 2815 4642 eos
2827 4586 3158 4658 septuaginta
3176 4583 3346 4640 millia
3365 4592 3457 4658 qut

1865 4677 2096 4732 humeris
2125 4694 2287 4732 onera
2314 4678 2616 4750 portabant,
2645 4687 2754 4734 etc.
2785 4675 3053 4748 Proselyti
3085 4685 3266 4731 autem
3290 4692 3455 4732 voca-

1837 4769 2063 4835 bantur
2091 4770 2300 4838 Greece,
2332 4771 2425 4842 qui
2449 4787 2516 4827 ex
2559 4770 2680 4827 aliis
2706 4770 3015 4826 nationibus
3057 4770 3362 4841 progeniti,
3398 4771 3455 4827 in

1863 4863 2026 4919 ﬁdem
2055 4871 2110 4920 et
2140 4866 2476 4921 consortium
2526 4863 2708 4935 populi
2750 4863 2848 4920 Dei
2895 4871 3115 4933 accepta
3163 4862 3452 4919 circumci-

1865 4955 2018 5012 sione
2066 4957 2421 5013 transierunt.
2473 4956 2718 5012 Fuerunt
2761 4956 2944 5028 itaque
2986 4955 3222 5027 operarii
3262 4955 3454 5013 domus

1863 5048 2077 5105 Domini
2111 5051 2178 5106 de
2223 5049 2349 5106 ﬁliis
2382 5049 2570 5116 Israel,
2604 5048 2824 5104 fuerunt
2870 5049 2937 5104 de
2983 5049 3293 5121 proselytis,
3329 5048 3450 5104 fue-

1863 5150 1993 5198 runt
2017 5143 2084 5200 de
2113 5143 2382 5214 gentibus.
2426 5142 2503 5198 De
2554 5141 2681 5198 ﬁliis
2715 5142 2970 5198 videlicet
3008 5141 3195 5208 lsrael,
3228 5141 3452 5211 triginta

1860 5233 2052 5302 millia,
2079 5234 2173 5306 qui
2202 5234 2270 5291 ad
2314 5233 2686 5305 praecidendas
2718 5233 2787 5290 de
2831 5233 3039 5290 Libano
3073 5231 3266 5289 cedros
3293 5230 3450 5287 missi

1862 5454 2094 5512 mortuis
2121 5452 2386 5517 tribuunt,
2423 5450 2751 5523 accipienda:
2781 5451 2906 5517 sint,
2932 5449 3094 5523 docet
3121 5447 3452 5523 Muratorius

1860 5528 1919 5584 in
1941 5527 2103 5590 libro,
2129 5539 2289 5595 quem
2311 5523 2376 5577 de
2402 5522 2557 5579 Statu
2583 5533 2914 5578 mortuorum
2934 5522 3231 5594 inscripsit.

1934 5609 1958 5638 θ
2001 5597 2161 5652 Redit
2183 5611 2374 5651 rursus
2397 5595 2671 5650 Rabanus.

1936 5668 1957 5708 τ
1999 5669 2162 5752 Deest
2186 5667 2240 5722 in
2256 5668 2417 5724 editis
2439 5682 2543 5723 vox
2565 5666 2844 5736 Dominus,
2868 5682 3030 5739 quam
3051 5675 3234 5724 tamen
3253 5674 3453 5722 sensus

1857 5747 2119 5812 exposcit.

1932 5817 1957 5857 Β
1994 5813 2268 5884 Rabanus,
2296 5819 2353 5872 et
2375 5810 2542 5872 editio
2570 5811 2787 5886 vulgata
2816 5825 2881 5868 ex
2907 5809 3003 5868 eis.
