3940 6340
511 377 620 455 131'
1581 393 1854 452 CLAUDII
1894 390 2354 448 TAIIRINENSlS
2394 387 2698 446 EPISCOPI
3681 385 3796 448 πε

510 521 632 574 sunt
656 530 669 570 :
695 513 762 569 de
785 511 1074 586 proselytis
1088 511 1199 578 isti,
1215 512 1284 569 de
1303 513 1498 585 quibus
1518 531 1661 569 nunc
1684 514 1844 570 locuti
1867 530 2075 579 sumus,
2107 523 2160 584 Α
2183 519 2363 566 autem
2379 508 2583 579 lapides
2598 522 2701 561 non
2721 503 2895 561 solum
2910 503 3241 560 caementarii
3263 502 3602 571 Salomonis,
3617 508 3795 565 sedet

510 605 748 678 lapidum
780 622 1031 662 cursores.
1068 606 1145 662 De
1171 608 1443 678 gentibus,
1471 606 1658 662 Hiram
1685 609 1820 679 ipse,
1846 615 1901 662 et
1942 607 2084 662 servi
2186 601 2517 659 caenientarii
2550 599 2756 664 Hiram,
2788 597 2916 668 quia
2943 611 3011 652 ex
3045 607 3278 668 utroque
3314 597 3519 668 populo
3558 597 3796 659 {om

508 698 644 769 ejus,
687 698 782 770 qui
828 713 953 753 cum
999 700 1172 754 servis
1203 698 1509 755 Salomonis
1546 700 1689 771 ligna
1712 702 1987 756 caedebant
2017 701 2085 756 de
2186 695 2450 760 nonnulli,
2479 694 2569 764 qui
2599 695 2837 763 ipsorum
2858 705 3076 761 quoque
3123 691 3409 745 doctorum
3431 690 3790 759 sublimium.

507 791 730 847 Libano.
755 791 928 849 Omne
955 793 1123 864 igitur
1150 793 1427 848 hominum
1452 809 1642 865 genus,
1670 809 1766 864 per
1793 809 1930 864 quos
1956 793 2086 849 aedi-

507 885 720 942 ﬁcanda
749 893 866 941 erat
913 885 1176 952 Ecclesia,
1207 888 1261 940 in
1289 885 1517 941 aediﬁcio
1545 887 1729 957 templi
1764 887 2082 957 praecessit:

505 977 676 1033 Judaei
725 992 980 1048 namque,
1026 978 1306 1048 proselyti,
1339 986 1394 1032 ct
1441 977 1669 1050 gentiles
1722 978 1970 1035 conversi
2017 979 2086 1034 ad

505 1071 793 1125 veritatem
826 1071 1101 1140 Evangelii
1151 1088 1332 1138 unam,
1362 1073 1714 1144 eamdemque
1741 1071 1941 1128 Christi
1983 1073 2086 1128 Ec-

505 1161 750 1231 clesiam,
781 1164 895 1220 sive
914 1173 1060 1220 recte
1080 1165 1326 1233 vivendo,
1361 1166 1473 1222 sive
1503 1167 1668 1223 etiam
1693 1167 1935 1223 docendo
1958 1183 2086 1223 con-

505 1261 742 1321 struunt.

576 1345 756 1417 (Vers.
804 1348 917 1421 27.)
959 1367 978 1400 ι
1021 1349 1378 1423 Ρνωτερὶτᾳαε
1406 1369 1517 1418 rex,
1549 1363 1604 1406 ut
1627 1350 1861 1407 tollerent
1885 1352 2085 1425 lapides

503 1438 729 1510 grandes
755 1442 1005 1510 pretiosos
1035 1443 1092 1496 in
1122 1441 1518 1511 {rhadamentnm
1561 1442 1753 1513 templi,
1784 1453 1830 1497 et
1857 1444 2085 1515 quadra-

506 1539 619 1584 rent
645 1547 749 1585 eos.
783 1530 1217 1587 Fundamentum
1246 1533 1427 1603 templi
1462 1533 1666 1588 nullum
1693 1542 1775 1588 est
1803 1533 1944 1588 aliud
1971 1550 2086 1606 my-

505 1623 640 1679 stice
671 1624 1096 1696 intelligendum,
1128 1641 1290 1696 quam
1322 1627 1473 1693 illud,
1502 1628 1641 1696 quod
1668 1627 1907 1682 ostendit
1941 1625 2085 1697 Apo-

503 1713 674 1770 stolus
702 1713 885 1772 dicens
932 1714 982 1788 (I
1027 1716 1149 1772 Car.
1181 1735 1262 1784 Ill,
1298 1718 1394 1792 ll)
1424 1733 1437 1773 :
1471 1717 1896 1773 Fundamentum
1945 1721 2082 1773 enim

501 1811 651 1867 aliud
697 1831 847 1869 nemo
890 1823 1058 1885 potest
1104 1833 1313 1886 ponere,
1362 1827 1552 1886 praeter
1580 1817 1654 1882 id,
1687 1816 1826 1887 quod
1853 1817 2080 1885 positum

2186 790 2295 846 imo
2309 790 2558 846 doctores
2571 788 2886 844 existerent.
2911 806 2930 838 ι
2946 784 2973 825 ἀ
2992 785 3057 840 Εῑ
3071 785 3224 855 quasi
3251 783 3594 856 quadrantes
3608 801 3711 841 eos
3721 788 3794 842 ad

2186 883 2571 940 sublevandam
2595 882 2787 936 domus
2809 878 3022 934 Domini
3049 876 3340 932 mdiﬁcium
3356 887 3649 948 pararent.
3687 877 3794 933 Ne—

2185 993 2291 1051 que
2303 978 2447 1033 enim
2462 976 2560 1033 soli
2587 973 2853 1031 Jeremias
2867 981 2921 1028 et
2933 973 3120 1035 Isaias,
3137 981 3194 1026 et
3208 971 3392 1026 ueteri
3405 986 3478 1025 ex
3493 972 3790 1027 circumci-

2186 1072 2334 1127 sione
2348 1071 2644 1142 propheue,
2659 1082 2849 1122 verum
2863 1065 3024 1120 etiam
3041 1065 3228 1119 beatus
3241 1062 3345 1118 Job
3356 1077 3489 1118 cum
3501 1063 3790 1126 ﬁliissnis,

2186 1167 2451 1236 quierant
2472 1165 2538 1219 de
2559 1163 2830 1232 gentibus,
2862 1160 3158 1214 maximam
3187 1159 3330 1222 vitaz,
3353 1160 3473 1215 sive
3498 1161 3790 1230 patientia

2185 1260 2436 1325 formam,
2478 1257 2736 1316 doctrinae
2763 1257 3020 1313 salutaris
3048 1256 3317 1326 praeconia
3346 1257 3648 1326 sequentis
3688 1257 3790 1310 arvi

2185 1352 2496 1408 doctoribus
2541 1350 2964 1406 ministrarum:
3011 1362 3118 1416 quo
3147 1345 3381 1415 abjectis
3399 1349 3620 1411 verbis,
3659 1348 3792 1402 acti-

2184 1445 2302 1511 bus,
2337 1443 2750 1515 cogitationibus
2781 1440 3151 1512 supervacuis,
3180 1439 3249 1494 ad
3279 1440 3631 1510 portandum
3650 1455 3792 1494 onus

2184 1543 2384 1592 sancta:
2409 1535 2662 1590 Ecclesia:
2684 1533 2850 1604 digni,
2885 1541 2939 1588 et
2964 1532 3076 1604 apti
3104 1532 3306 1588 inventi
3333 1540 3488 1587 sunt.

2258 1639 2283 1668 ο
2314 1625 2484 1681 Porro
2523 1625 2680 1680 Giblii
2719 1632 3147 1696 prceparaverunt
3181 1621 3326 1693 ligna
3372 1633 3423 1677 et
3474 1621 3699 1692 lapides
3724 1625 3790 1676 ad

2183 1722 2553 1793 wdificandam
2570 1720 2803 1774 domum.
2825 1717 3042 1774 «Giblos
3056 1724 3142 1772 est
3160 1717 3352 1773 civitas
3376 1717 3434 1772 in
3461 1717 3635 1788 Syria
3660 1717 3792 1772 Phe-

2184 1815 2358 1880 nicize,
2390 1827 2420 1867 a
2446 1828 2553 1882 quo
2573 1810 2736 1865 Giblii
2775 1816 2902 1864 sunt
2936 1809 3134 1873 vocati,
3166 1808 3321 1878 cujus
3362 1809 3630 1862 meminit
3661 1808 3790 1862 Ele-

499 1914 597 1971 est,
643 1904 880 1961 Christus
906 1907 1082 1962 Jesus.
1129 1909 1230 1973 Qui
1259 1917 1543 1979 propterea
1577 1919 1721 1964 recte
1765 1907 2080 1963 fundamen-
2108 1890 2156 1950 B
2183 1908 2325 1966 chiel
2369 1908 2554 1962 dicens
2586 1906 2818 1977 (xxxvn,
2849 1904 2904 1975 θ’)
2936 1920 2949 1957 :
2990 1903 3264 1974 Sapientes
3294 1903 3397 1967 tui,
3445 1900 3614 1972 Tyre,
3667 1904 3788 1971 facta

501 2004 616 2053 tum
639 1998 831 2054 domus
859 1999 1072 2054 Domini
1096 2008 1277 2071 potest
1305 2002 1510 2065 vocari,
1544 2001 1668 2070 quia
1700 1999 1839 2055 sicut
1879 1999 1955 2054 ait
1982 1999 2079 2053 Pe-

501 2097 621 2145 trus
653 2089 789 2162 (Act.
823 2107 898 2158 1v,
931 2091 1018 2160 12)
1061 2110 1072 2146 :
1131 2092 1254 2147 Non
1279 2104 1354 2147 est
1401 2092 1548 2146 aliud
1595 2092 1688 2146 sub
1730 2092 1854 2146 cwlo
1897 2092 2080 2145 datum

498 2184 797 2242 hominibus
829 2205 1036 2252 nomen,
1066 2189 1121 2242 in
1146 2205 1248 2260 quo
1277 2197 1508 2258 oporteat
1541 2205 1631 2242 nos
1660 2187 1829 2242 salvos
1856 2188 1992 2257 ﬁeri.
2022 2183 2081 2240 In

499 2277 643 2347 quod
672 2279 1076 2332 fundamentum
1107 2279 1310 2344 lapides
1339 2280 1592 2350 grandes,
1633 2289 1688 2333 et
1725 2278 1947 2348 pretiosi
1986 2294 2082 2348 po-

499 2377 724 2433 nuntur,
751 2385 874 2423 cum
904 2369 1160 2441 praecipui
1186 2370 1359 2434 factis,
1385 2387 1447 2426 ac
1477 2371 1766 2426 sanctitate
1793 2370 1893 2424 viri
1924 2368 2082 2423 fami-

500 2458 624 2515 liari
653 2463 849 2516 mentis
897 2465 1186 2519 sanctitate
1226 2480 1323 2519 suo
1372 2463 1648 2519 adhaerent
1689 2462 1987 2527 conditori;
2021 2467 2080 2516 ut

497 2566 606 2622 quo
653 2550 862 2606 ﬁrmius
908 2553 964 2606 in
996 2553 1085 2608 illo
1115 2569 1261 2623 spem
1311 2570 1460 2608 suam
1512 2561 1741 2624 ponunt,
1772 2569 1837 2607 eo
1886 2553 2080 2607 fortius

496 2644 729 2700 aliorum
777 2647 942 2702 vitam
975 2647 1228 2718 dirigere,
1262 2647 1424 2718 (quod
1471 2655 1552 2702 est
1581 2646 1920 2701 latitudinem
1957 2662 2081 2716 por-

494 2737 633 2808 tare)
667 2737 953 2792 suﬁiciant.
986 2738 1218 2810 Lapides
1245 2755 1396 2811 ergo,
1454 2739 1545 2808 qui
1579 2737 1632 2791 in
1664 2736 2077 2791 fundamentum

496 2828 675 2898 templi
709 2829 776 2882 ad
824 2832 1146 2898 portandum
1175 2830 1458 2884 aedilicium
1488 2843 1648 2882 omne
1698 2829 2072 2897 ponebantur,

502 2919 722 2990 proprie
773 2929 901 2974 sunt
941 2921 1240 2989 propincus,
1267 2927 1320 2974 et
1350 2919 1600 2991 apostoli,
1645 2920 1736 2988 qui
1774 2920 1997 2973 verbum
2028 2927 2082 2974 et

497 3019 839 3067 sacramenta
879 3013 1147 3078 veritatis,
1181 3013 1292 3068 sive
1329 3012 1633 3078 visibiliter,
1681 3013 1796 3067 sive
1836 3011 2080 3066 invisibi-

493 3103 636 3167 liter,
667 3104 735 3159 ab
763 3105 880 3176 ipsa
909 3101 1008 3160 Dei
1035 3105 1298 3176 sapientia
1321 3113 1695 3177 perceperunt.
1731 3125 1748 3157 ι
1790 3117 1814 3145 ο
1849 3102 2000 3160 Unde
2023 3111 2080 3159 et

493 3195 671 3262 nobis,
717 3196 808 3266 qui
836 3212 1024 3252 eorum
1051 3197 1236 3262 vitam,
1267 3197 1380 3251 sive
1412 3197 1714 3252 doctrinam
1761 3199 2073 3262 studemus,

2183 2010 2305 2056 sunt
2328 1999 2698 2071 gubernatores
2726 1997 2824 2050 tui.
2871 1994 3032 2050 Senes
3055 1992 3233 2059 Giblii,
3258 2004 3308 2048 et
3326 1993 3627 2065 prudentes
3651 1997 3785 2063 ejus.

2183 2091 2288 2148 Pro
2317 2106 2424 2162 quo
2472 2090 2524 2144 in
2552 2088 2780 2143 Hebraeo
2821 2089 3128 2143 continetur
3152 2105 3166 2140 :
3213 2085 3401 2148 Cobet.
3431 2087 3561 2141 sive
3591 2083 3787 2151 Grut,

2182 2187 2325 2257 quod
2353 2185 2739 2252 interpretatur
2754 2181 3032 2251 diﬁiniens,
3055 2181 3168 2240 sive
3194 2181 3592 2234 determimuu.
3635 2181 3788 2248 Quod

2181 2273 2505 2331 vocabulum
2541 2281 2664 2343 apte
2713 2272 2965 2326 convenit
3009 2272 3091 2326 eis
3135 2272 3226 2340 qui
3273 2272 3443 2326 corda
3493 2272 3784 2326 hominum

2183 2369 2250 2423 ad
2298 2365 2586 2422 aediﬁcium
2631 2363 2896 2434 spiritale,
2947 2364 3092 2432 quod
3143 2379 3209 2418 ex
3253 2362 3567 2417 virtutibus
3597 2364 3784 2418 anim

2184 2459 2538 2522 construitur,
2563 2464 2757 2527 parant
2792 2474 2804 2508 :
2847 2457 2924 2511 sic
2954 2457 3154 2511 etenim
3185 2456 3358 2510 solum
3399 2471 3542 2511 suos
3573 2458 3784 2511 audito-

2183 2565 2273 2605 res
2299 2549 2478 2612 ﬁdem,
2508 2557 2566 2604 et
2603 2563 2767 2617 opera
2809 2546 3034 2616 iustitiae
3077 2546 3346 2602 sufﬁciunt
3373 2548 3635 2611 docere,
3667 2550 3783 2603 dum

2181 2641 2284 2712 ipsi
2334 2641 2486 2710 prius
2521 2640 2690 2695 sacris
2719 2640 2928 2708 paginis
2949 2641 3150 2704 edocti,
3181 2640 3493 2711 diligenter,
3551 2658 3682 2712 qua
3723 2646 3785 2697 sit

2184 2734 2318 2789 ﬁdes
2346 2733 2594 2796 tenenda,
2624 2748 2730 2802 quo
2754 2733 3014 2786 virtutum
3045 2732 3180 2788 calle
3206 2733 3608 2798 incedendum,
3641 2747 3784 2790 cena

2184 2828 2502 2883 dilllnitione
2528 2827 2774 2882 veritatis
2800 2827 3124 2882 didicerunt.
3153 2826 3286 2881 Nam
3320 2827 3535 2883 frustra
3567 2831 3678 2884 sibi
3713 2829 3784 2881 nl-

2185 2921 2366 2977 ﬁcium
2411 2921 2650 2976 doctoris
2680 2929 2926 2990 usurpat,
2951 2921 3042 2989 qui
3080 2921 3462 2976 discretionem
3492 2924 3786 2978 catholica

2183 3014 2311 3070 ﬁdei
2360 3015 2592 3084 ignorat,
2629 3027 2805 3084 neque
2843 3013 3211 3068 sanctuarium
3244 3013 3495 3079 Domino,
3554 3018 3661 3070 sed
3685 3018 3786 3070 rui-

2183 3123 2308 3162 nam
2337 3105 2440 3161 sibi
2468 3103 2760 3170 mdiﬁcant,
2794 3105 2884 3174 qui
2917 3105 3110 3160 docere
3137 3105 3274 3160 alios
3296 3105 3571 3176 regulam,
3619 3123 3786 3176 quam

2183 3198 2286 3268 ipsi
2333 3213 2442 3252 non
2493 3197 2818 3261 didicerunt,
2851 3206 3138 3253 conantur.
3173 3199 3232 3254 In
3277 3201 3600 3256 aediﬁmndo
3647 3218 3789 3272 ergo

493 3305 592 3360 pro
625 3299 811 3345 nostro
840 3290 1057 3345 modulo
1098 3290 1314 3356 imitari,
1343 3290 1592 3360 fundatas
1630 3291 1760 3345 dicit
1788 3290 2078 3362 Apostolus
2105 3295 2150 3357 C
2183 3289 2405 3343 domum
2433 3289 2648 3343 Domini
2673 3289 2852 3358 primo
2879 3301 3004 3344 sunt
3034 3291 3272 3363 ligna,et
3301 3293 3512 3362 lapides
3533 3296 3784 3350 caedendi

495 3381 654 3453 (Eph.
690 3399 750 3447 ιι,
792 3382 884 3456 20)
911 3397 925 3436 :
957 3399 1114 3453 super
1167 3381 1564 3453 fundamentum
1613 3382 1969 3454 apostolorum
2026 3392 2074 3436 et

494 3471 887 3546 prophetarum,
935 3474 1041 3530 Sed
1082 3483 1135 3530 et
1178 3475 1499 3548 generaliter
1549 3474 1876 3546 quicunque,
1925 3483 1979 3529 et
2009 3474 2074 3528 ll-

493 3564 686 3620 dcliter
714 3565 816 3636 ipsi
845 3565 1073 3622 Domino
1117 3566 1411 3630 adbzerere,
1446 3575 1503 3621 ct
1526 3566 1807 3636 impositas
1835 3567 1936 3620 sibi
1963 3565 2073 3620 fra-

489 3663 637 3712 trum
689 3658 1037 3714 necessitates
1063 3657 1275 3714 lortiter
1319 3659 1465 3715 ferre
1512 3660 1836 3725 didicerunt,
1870 3660 1922 3713 hi
1951 3676 2076 3730 pos-

488 3759 617 3805 sunt
666 3750 932 3822 lapidibus
996 3753 1336 3822 grandibus,
1401 3768 1464 3807 ac
1519 3753 1772 3824 pretiosis
1821 3753 2069 3809 indicari.
2133 3814 2135 3816 _

492 3859 512 3894 ι
549 3844 577 3883 b
601 3843 702 3912 Qui
728 3847 866 3902 bene
893 3846 1098 3916 lapides
1112 3846 1289 3916 primo
1315 3843 1588 3916 qua‘drari,
1620 3861 1682 3900 ac
1696 3847 1775 3900 sic
1805 3847 1858 3900 in
1886 3846 2074 3901 funda-

488 3944 671 3990 mento
717 3938 841 4006 poni
871 3936 1131 4006 jubentur
1176 3956 1188 3990 :
1223 3935 1548 4006 quadratum
1590 3953 1825 4008 namque
1868 3953 2029 3992 omne
2055 3977 2070 4002 ,

487 4042 812 4097 quocunque
856 4029 1108 4094 vertitur,
1151 4037 1296 4084 stare
1335 4028 1499 4084 ﬁxum
1527 4029 1824 4084 consuevit.
1866 4029 1965 4084 Cui
1991 4029 2074 4084 ni-

487 4118 688 4172 mirum
722 4119 905 4188 ﬁgura:
931 4121 1094 4174 corda
1125 4120 1496 4174 assimilantur
1515 4120 1834 4184 electorum,
1859 4136 1977 4189 qua:
2000 4120 2073 4173 ita

486 4210 540 4265 in
574 4210 693 4266 ﬁdei
743 4211 998 4266 ﬁrmitate
1027 4213 1324 4267 consistere
1358 4212 1678 4276 didicerunt,
1709 4221 1766 4265 ut
1809 4211 1954 4264 nulla
1981 4227 2072 4264 oc-

486 4303 822 4360 currentium
856 4321 1036 4359 rerum
1062 4305 1409 4368 adversitate,
1434 4320 1534 4358 nec
1560 4305 1675 4374 ipsa
1701 4306 1863 4359 etiam
1899 4313 2072 4360 morte

485 4410 514 4447 a
562 4410 657 4449 sua
687 4395 1009 4449 rectitudine
1038 4395 1247 4466 possint
1272 4403 1412 4450 statu
1443 4394 1719 4450 declinari.
1756 4416 1774 4447 ι
1813 4406 1834 4433 ο
1874 4394 2070 4462 Quales

488 4487 734 4542 videlicet
784 4486 1033 4542 doctores
1080 4487 1341 4554 Ecclesia,
1393 4505 1498 4542 non
1544 4489 1717 4543 solum
1751 4489 1815 4544 de
1843 4487 2064 4553 Judrea,

484 4595 670 4634 verum
701 4579 865 4634 etiam
897 4579 962 4634 de
993 4579 1243 4652 gentibus
1269 4596 1365 4650 per
1397 4579 1578 4650 plures
1619 4581 1876 4650 suscepit.
1913 4577 2069 4636 Unde

2185 3380 2253 3435 de
2283 3386 2492 3444 monte,
2527 3380 2653 3448 quia
2682 3395 2795 3442 eos,
2827 3397 2964 3450 quos
2994 3382 3048 3436 in
3080 3381 3184 3438 ﬁde
3208 3385 3456 3439 veritatis
3485 3385 3780 3441 instituere

2183 3472 2495 3542 quaerimus,
2536 3472 2712 3542 primo
2763 3489 2985 3529 necesse
3028 3484 3127 3538 est,
3157 3484 3218 3530 ut
3246 3477 3653 3533 abrenuntiare
3680 3482 3776 3534 dia-

2182 3563 2326 3628 bolo,
2359 3579 2425 3617 ac
2456 3564 2520 3618 de
2551 3573 2697 3619 sorte
2719 3565 2908 3634 prima:
2929 3568 3417 3636 praevaricationis,
3445 3570 3499 3623 in
3529 3585 3654 3640 qua
3679 3573 3778 3626 nati

2181 3669 2390 3720 sumus,
2419 3656 2708 3711 doceamus
2738 3660 3071 3714 renascendo
3093 3662 3234 3727 erui,
3262 3662 3454 3717 deinde
3482 3667 3774 3733 quaerendi

2179 3755 2306 3802 sunt
2358 3747 2566 3818 lapides
2613 3751 2858 3819 pretiosi,
2897 3761 2952 3806 et
2999 3754 3250 3823 grandes,
3299 3765 3460 3824 atque
3491 3757 3556 3812 in
3596 3759 3758 3813 funda

2177 3849 2420 3895 mentum
2473 3843 2656 3911 templi
2687 3844 2944 3912 ponendi,
2976 3855 3035 3903 ut
3057 3848 3485 3916 meminerimus,
3519 3853 3776 3909 abdicata

2181 3936 2596 3991 conversatione
2625 3937 2820 4006 priori,
2852 3952 3040 3993 eorum
3068 3941 3122 3994 in
3151 3943 3402 3996 omnibus
3433 3944 3641 4008 vitam,
3670 3964 3776 4000 nio-

2179 4038 2374 4095 resque
2390 4027 2880 4099 inspicere,eosque
2895 4032 3097 4086 nostris
3111 4033 3452 4089 auditoribus
3469 4036 3774 4092 imitandos

2175 4129 2499 4184 proponere,
2525 4133 2662 4188 quos
2686 4135 2784 4189 per
2803 4121 3055 4176 virtutem
3091 4123 3412 4180 humilitatis
3454 4131 3772 4196 specialiter

2177 4205 2401 4258 Domino
2436 4207 2710 4262 adhaerere
2756 4212 3087 4266 noverimus.
3139 4233 3158 4264 ι
3204 4214 3222 4252 ι
3267 4215 3414 4279 Quos
3460 4215 3771 4275 invincibili

2173 4297 2373 4350 mentis
2389 4297 2682 4354 stabilitate
2701 4341 2715 4365 ,
2731 4303 2891 4372 quasi
2914 4303 3208 4373 quadratos
3219 4308 3455 4376 quodam
3472 4313 3667 4377 modo,
3693 4322 3771 4365 at-

2173 4401 2280 4456 que
2291 4389 2357 4444 ad
2370 4404 2560 4444 omnes
2575 4393 2934 4447 tentationum
2949 4395 3220 4461 incursus,
3246 4398 3560 4456 immobiles
3575 4407 3771 4472 perdu-

2173 4493 2298 4534 rare
2323 4482 2710 4551 conspicimus,
2727 4500 2864 4554 quos
2890 4487 3180 4556 pretiosos,
3201 4499 3259 4545 et
3279 4493 3520 4561 grandes
3545 4498 3767 4560 merita,

2172 4585 2237 4625 ac
2262 4571 2406 4628 fama
2436 4575 2824 4645 comperimus.
2871 4577 3003 4633 Post
3029 4579 3446 4638 fundamentum
3476 4600 3620 4640 vero
3653 4588 3768 4642 tali-

483 4669 618 4723 bene
645 4667 709 4724 de
732 4667 1000 4740 lapidibus
1023 4669 1183 4740 hujus
1205 4670 1390 4724 mundi
1413 4669 1794 4742 grandioribus
1814 4670 2068 4741 pretiosis
2093 4660 2144 4720 D
2171 4664 2296 4730 bus,
2338 4681 2401 4720 ac
2429 4668 2592 4721 tantis
2619 4666 2888 4737 lapidibus
2916 4673 3298 4741 compositum,
3330 4675 3664 4732 :ediﬁmnda
3693 4689 3768 4732 est

481 4772 535 4814 et
561 4763 839 4832 quadratis
865 4759 1114 4817 subditur
1143 4782 1155 4816 :

555 4853 732 4925 (γεγε.
767 4854 875 4928 l8.)
912 4873 930 4905 ι
965 4854 1109 4920 Quos
1140 4857 1448 4913 dolaverunt
1473 4857 1795 4912 ca'mentarii
1825 4857 2068 4913 Solomo-

483 4945 583 5008 nis,
614 4954 661 4997 et
705 4947 1027 5000 cwmentarii
1068 4946 1278 5002 Hiram.
1313 4950 1577 5005 Dolantur
1605 4965 1836 5020 namque
1866 4950 2068 5020 lapides

480 5033 726 5102 pretiosi,
756 5051 879 5088 cum
904 5037 1062 5093 electi
1091 5041 1290 5109 quique
1311 5041 1731 5109 praecedentium
1755 5051 2066 5096 sanctorum

483 5125 860 5191 instructione,
889 5136 945 5181 et
965 5129 1246 5195 instantia,
1285 5131 1544 5200 quidquid
1573 5132 1626 5185 in
1663 5147 1720 5186 se
1746 5132 1946 5187 habent.
1973 5147 2068 5185 no-

481 5214 628 5269 xium
645 5223 698 5268 et
722 5215 898 5280 inane,
930 5219 1255 5288 relinquunt,
1281 5232 1441 5292 atque
1465 5231 1589 5278 ante
1615 5233 1962 5292 conspectum
1986 5224 2067 5277 sui

481 5305 779 5374 conditoris
810 5307 978 5361 solam
1009 5309 1184 5365 insita:
1220 5309 1445 5378 iustitia:
1484 5313 1748 5383 regulam,
1779 5314 1930 5382 quasi
1961 5321 2070 5366 sta-

480 5394 648 5450 bilem
699 5398 1048 5466 quadratum:
1095 5399 1326 5457 formam
1375 5405 1686 5460 ostendunt.
1743 5404 2069 5460 Dolaverunt

548 5610 576 5639 ι
613 5597 743 5666 Qum
769 5595 980 5655 lineolis
1003 5611 1188 5656 notata
1214 5617 1322 5656 non
1367 5613 1513 5669 sunt,
1542 5620 1574 5660 a
1596 5604 1822 5662 Rabano
1845 5603 2058 5662 absunt.

552 5669 579 5708 δ
619 5669 746 5730 Haec
775 5685 962 5728 rursus
991 5672 1198 5729 Rabani
1225 5675 1389 5728 verba
1425 5686 1569 5731 sunt.

549 5750 573 5779 ο
615 5740 744 5808 Quae
781 5750 967 5798 notata
1009 5759 1115 5797 non
1144 5753 1288 5809 sunt,
1335 5746 1389 5798 in
1427 5747 1573 5802 edito
1616 5748 1826 5806 Rabani
1851 5764 1958 5806 non
1987 5748 2066 5804 le-

478 5820 828 5938 Βυὲῐῗξέειωι
851 5882 970 5936 ιιωρ
991 5895 1207 5952 quoque
1230 5881 1286 5938 in
1314 5883 1559 5941 Rabano.

2027 5986 2118 6020 κγ

1656 6011 1728 6026 ειν-

1672 6039 1700 6055 θ-

2172 4756 2364 4812 domus
2391 4757 2627 4824 Domini,
2676 4763 2996 4830 praaparatis
3026 4765 3340 4834 diligentius
3371 4768 3558 4838 lignis,
3595 4788 3664 4825 ac
3697 4772 3768 4824 la-

2170 4851 2410 4920 pidibus,
2460 4867 2524 4905 ac
2553 4852 2766 4907 decenti
2814 4855 3004 4909 ordine
3045 4857 3346 4913 collocatis.
3377 4860 3512 4926 Qua
3537 4863 3676 4917 olim
3707 4865 3766 4916 de

2169 4945 2351 5014 prisco
2373 4960 2470 4999 suo
2503 4946 2611 5000 situ
2639 4949 2664 4986 3
2695 4945 2799 5017 (vel
2822 4948 3026 5021 radice)
3058 4948 3277 5004 fuerant
3307 4952 3619 5018 abstracta,
3646 4957 3765 5024 quia

2171 5041 2295 5104 post
2338 5036 2512 5105 prima
2553 5036 2675 5090 ﬁdei
2707 5037 3030 5102 rudimenta,
3080 5049 3203 5110 post
3232 5040 3500 5098 collocata
3530 5046 3585 5098 in
3615 5045 3765 5098 nobis

2165 5123 2321 5192 juxta
2343 5127 2652 5196 exemplum
2679 5127 2996 5184 sublimium
3023 5132 3265 5187 virorum
3291 5132 3655 5191 fundamenta
3677 5138 3766 5191 hu-

2174 5217 2422 5272 militatis
2448 5219 2473 5258 h
2530 5237 2547 5268 ι
2585 5219 2864 5275 addendus
2903 5230 2989 5276 est
3033 5223 3086 5277 in
3124 5223 3294 5278 altum
3322 5227 3508 5294 paries
3536 5243 3764 5297 oper-um

2172 5310 2461 5377 bonorum,
2489 5312 2645 5382 quasi
2675 5325 2841 5383 super
2863 5297 3131 5384 impositis
3161 5317 3263 5372 sibi
3295 5319 3529 5376 invicem
3549 5319 3764 5376 ordini-

2171 5407 2272 5462 bus
2302 5405 2542 5476 lapidum
2575 5404 2748 5479 (Psal.
2777 5424 3008 5475 Lxxxnl,
3039 5409 3096 5481 8)
3134 5412 3204 5464 ad
3247 5412 3636 5468 ambulandum
3657 5455 3676 5480 ,
3702 5429 3765 5470 ac

2243 5617 2266 5645 ο
2301 5605 2381 5658 En
2412 5605 2608 5659 iterum
2632 5602 2908 5660 Rabanus.

2250 5675 2270 5715 ί
2314 5676 2445 5742 Quae
2467 5675 2680 5730 lineolis
2703 5677 2912 5739 Carent,
2939 5675 2993 5730 in
3018 5677 3241 5732 Rabano
3260 5693 3371 5733 non
3392 5687 3633 5734 exstant.

2249 5749 2276 5788 ε
2315 5748 2490 5801 Verba
2518 5747 2634 5800 tunc
2680 5764 2692 5799 :
2743 5745 2822 5801 vel
2867 5747 3044 5800 radice
3081 5747 3242 5802 aliam
3283 5749 3571 5804 lectionem

2172 5828 2336 5889 cant;
2374 5817 2521 5872 nolui
2548 5827 2728 5889 tamen
2747 5818 2983 5872 demere.
3021 5819 3232 5881 Demat,
3258 5821 3307 5875 si
3329 5821 3465 5889 vult,
3489 5820 3718 5879 lector.

2241 5890 2270 5931 ιι
2309 5888 2702 5958 Subsequentia
2731 5889 2786 5943 in
2815 5889 3037 5944 Rabano
3061 5890 3319 5961 reperies.
