3940 6340
230 376 354 447 *135

890 360 1353 446 ρυλεετιοΝΕΒ
1388 362 1541 427 xxx
1578 356 1809 426 sUrEn

1939 366 2092 423 mos
2130 348 2395 423 sueuit.
2428 391 2500 404 --
2536 360 2741 419 LIBER
2779 359 2867 417 ιιι.

3410 356 3514 415 7'54

232 498 637 579 proﬁciendum
665 492 729 552 de
752 491 942 550 virtute
962 492 1018 549 in
1039 492 1302 546 virtutem.
1331 482 1427 546 Vel
1454 496 1601 545 certe
1619 484 1827 561 lapides
1852 491 1908 550 Α
1927 487 2030 542 bus
2064 486 2303 579 propius,
2336 500 2399 540 ac
2440 480 2752 554 diligentius
2783 478 3135 579 intuentibus
3178 483 3517 579 apparebant

228 588 589 658 fundamenti
610 588 840 663 grandes
860 585 1109 660 pretiosi,
1133 581 1475 654 etquadrati,
1500 581 1661 655 primi
1680 586 1825 644 sunt,

233 698 305 747 ut
327 701 490 760 supra
514 678 1154 747 diximus,Ecclesiarum
1182 672 1432 747 magistri
1460 672 1620 745 (Eph.
1638 689 1696 735 ιι,
1714 667 1826 743 20),

231 783 339 855 qui
361 779 430 837 ab
454 777 571 850 ipso
583 772 812 841 Domino
836 770 1062 826 verbum
1095 765 1605 825 audieruutsalutis.
1632 764 1833 837 Super-

230 873 409 948 positi
421 877 599 927 autem
622 865 842 922 ordines
861 862 1125 936 lapidum,
1149 860 1263 916 sive
1285 858 1576 931 lignorum,
1599 871 1835 926 sequen-

233 945 331 1022 ies
344 978 444 1020 suo
462 974 677 1034 quoque
700 965 944 1026 tempore
973 950 1310 1016 sacerdotes,
1326 956 1558 1021 quorum
1584 945 1669 1002 vel
1690 960 1831 1019 prae-

232 1057 541 1121 dicatione,
566 1066 631 1108 ac
657 1047 963 1106 ministerio
990 1043 1197 1101 fabrica
1218 1041 1417 1100 crescit
1438 1039 1716 1105 Ecclesiae,
1748 1037 1835 1093 vel

232 1143 510 1225 (ornatur)
541 1143 825 1201 ordinatur
849 1138 1167 1195 virtutibus.
1202 1136 1400 1205 Quales
1439 1141 1621 1190 autem
1651 1131 1835 1189 colore

233 1238 452 1297 fuerint
471 1235 702 1308 lapides,
733 1230 929 1304 quibus
958 1230 1165 1288 factum
1193 1237 1275 1285 est
1304 1226 1587 1300 templum,
1615 1227 1669 1282 in
1692 1225 1835 1281 libro

232 1328 694 1400 Paralipomenon
725 1331 911 1395 aperte
935 1321 1268 1379 declaratum
1291 1328 1396 1386 est,
1427 1320 1642 1376 dicente
1664 1316 1835 1372 David

233 1424 314 1482 ad
345 1421 716 1483 Salomonem,
747 1431 869 1471 cum
892 1414 943 1469 ei
970 1413 1244 1484 impensas
1273 1410 1570 1483 templi,'et
1597 1424 1715 1480 quae
1739 1424 1834 1479 pa-

236 1518 487 1577 raverat,
528 1506 839 1565 ostenderet
869 1498 923 1576 (I
954 1492 1086 1557 Par.
1118 1512 1269 1566 xxxx,
1299 1500 1356 1573 2)
1398 1519 1411 1554 :
1457 1499 1677 1555 Omnem
1712 1514 1834 1571 pre-

236 1604 441 1660 tiosum
478 1598 729 1671 lapidem,
776 1604 825 1650 et
854 1608 1088 1648 marmor
1130 1593 1340 1664 parium
1385 1590 1835 1646 abundantissime

235 1690 555 1769 prteparavi.
609 1686 847 1744 Marmor
878 1692 1062 1742 autem
1110 1685 1323 1755 parium
1375 1694 1614 1738 marmor
1643 1680 1832 1738 candi-

239 1786 381 1843 dum
399 1783 614 1847 dicitur,
632 1778 793 1851 quale
805 1777 991 1834 eadem
1022 1776 1197 1831 insula
1216 1776 1438 1847 gignere
1468 1774 1771 1830 consuevit.
1804 1792 1824 1826 ι

236 1886 272 1919 ι
307 1870 462 1932 Unde
481 1876 639 1942 poeta
666 1868 732 1924 de
762 1868 853 1922 illa
877 1865 1055 1940 (Virg.
1081 1881 1144 1921 ιιι
1165 1863 1354 1937 Ain):

303 1986 538 2048 Olearon,
566 1987 866 2048 niveamque
880 1982 1058 2041 Paron,
1079 1993 1382 2048 sparsasque
1398 1994 1488 2043 per
1510 1993 1680 2048 equor

302 2044 532 2115 Cyclada,
553 2047 644 2099 sed
667 2044 832 2096 crebri
855 2045 1067 2107 legimus
1090 2044 1215 2093 freta
1248 2044 1440 2093 concita
1465 2045 1646 2094 ventis.

230 2155 415 2215 Nivea
456 2166 586 2226 ergo
606 2148 786 2207 Paron
817 2149 1037 2215 dicitur,
1082 2161 1147 2203 eo
1173 2148 1318 2218 quod
1345 2145 1719 2204 candidissimi
1747 2161 1836 2220 ge-

233 2249 397 2308 neris
422 2259 664 2302 marmor
684 2243 885 2298 mittat.
915 2260 934 2292 ‹
963 2234 1061 2297 Est
1081 2248 1264 2296 autem
1289 2255 1396 2294 una
1421 2239 1487 2295 de
1509 2238 1833 2312 Cycladibus

235 2339 462 2407 insulis,
490 2355 598 2413 quo
632 2332 885 2393 videlicet
910 2333 1087 2406 lapide
1118 2331 1378 2406 templum
1410 2331 1581 2388 fuisse
1624 2330 1833 2388 factum

234 2428 511 2506 Iosephus
557 2430 798 2488 insinuat
835 2428 1021 2484 dicens
1059 2441 1075 2481 :
1111 2425 1348 2481 Elevavit
1384 2426 1558 2498 itaque
1584 2424 1832 2497 templum

234 2540 411 2598 usque
438 2520 508 2583 ad
533 2536 796 2579 cameram
825 2535 890 2574 ex
919 2516 1094 2590 lapide
1122 2516 1241 2572 albo
1266 2526 1625 2572 constructum
1650 2533 1668 2572 :
1699 2517 1727 2558 δ
1754 2516 1833 2572 al-

237 2614 415 2672 titudo
440 2610 541 2683 fuit
566 2610 747 2682 viginti
767 2610 996 2681 quinque
1026 2608 1341 2673 cubitorum,
1371 2617 1418 2661 et
1450 2615 1679 2662 centum.
1721 2598 1834 2667 Nec

237 2704 492 2782 mysterii
528 2718 723 2761 sensus
750 2696 805 2756 in
847 2701 1032 2757 abdito
1064 2704 1182 2767 est;
1214 2699 1387 2755 cuivis
1418 2698 1618 2753 etenim
1648 2704 1830 2767 patet,

237 2800 377 2873 quia
405 2811 647 2852 marmor
672 2795 983 2859 candidum,
1018 2808 1086 2848 ex
1117 2808 1224 2863 quo
1253 2793 1445 2847 domus
1471 2790 1685 2846 Domini
1708 2804 1835 2845 con-

236 2894 457 2946 structa
487 2894 594 2954 est,
621 2885 888 2941 mundam
931 2882 1229 2940 electorum
1268 2884 1561 2951 actionem,
1592 2884 1754 2939 simul
1779 2893 1833 2941 et

238 2978 637 3038 conscientiam
667 2976 737 3033 ab
762 2974 911 3031 omni
938 2986 1091 3032 navo
1117 2973 1482 3046 corruptionis
1510 2975 1832 3046 castigatam

238 3072 512 3145 designat,
554 3070 739 3143 quales
770 3084 889 3125 esse
917 3067 1090 3125 voluit
1120 3069 1339 3139 sapiens
1366 3067 1456 3124 ille
1497 3067 1831 3125 architectus

236 3180 361 3233 eos,
393 3178 528 3237 quos
555 3176 718 3237 super
760 3161 1168 3220 fundamentum
1198 3162 1400 3219 Christi
1428 3162 1666 3229 locabat,
1698 3162 1833 3235 lapi-

242 3258 350 3317 des
374 3256 656 3331 pretiosos,
704 3268 838 3312 auro
876 3264 1209 3328 argentoque
1264 3254 1546 3312 redimitos
1581 3252 1668 3328 (II
1709 3254 1832 3312 Cor.

239 3362 349 3417 vn,
384 3351 436 3423 1)
467 3348 838 3415 :Cltarissimi,
871 3348 1066 3419 inquit,
1112 3346 1421 3403 mandemus
1469 3362 1563 3402 nos
1598 3346 1662 3401 ab
1694 3349 1835 3402 omni

238 3440 640 3515 inquinamento
666 3440 861 3508 carnis,
892 3449 939 3494 et
967 3439 1181 3511 spiritus
1200 3481 1213 3506 ,
1243 3440 1571 3511 perﬁcientes
1600 3440 1835 3511 sanctiﬁ-

238 3533 503 3589 catioaem
531 3532 586 3587 in
616 3533 800 3586 timore
850 3531 966 3586 Dei.
1000 3552 1019 3585 ι
1056 3538 1079 3571 ο
1110 3529 1423 3589 ιΕάὶίίοἰὶιω
1452 3534 1510 3588 in
1553 3534 1833 3605 superiore

236 3622 409 3695 hujus
431 3622 723 3680 voluminis
751 3628 906 3693 parte
952 3620 1120 3679 babes
1160 3638 1191 3679 a
1234 3621 1396 3679 beato
1430 3622 1572 3680 Beda
1617 3625 1834 3696 exposi-

238 3712 440 3772 tumd.

319 3805 475 3882 (Cap.
504 3824 628 3875 vm,
660 3807 712 3874 l,
743 3817 792 3863 et
813 3806 876 3862 11
900 3807 1029 3862 Par.
1058 3823 1113 3873 v,
1139 3806 1220 3878 2.)
1251 3802 1515 3863 Venerunt
1544 3809 1719 3863 cuncti
1747 3826 1831 3865 se-

239 3917 337 3960 nes
369 3916 433 3956 es:
458 3899 629 3957 Israel
655 3902 724 3955 ad
752 3916 920 3972 regem
949 3898 1287 3954 Salomonem
1332 3902 1384 3954 in
1415 3898 1739 3966 Jerusalem,
1771 3910 1831 3955 ut

239 3997 509 4066 deferrent
529 4010 709 4050 arcam
738 3994 945 4063 {aderis
974 3990 1187 4047 Domini
1216 3992 1280 4048 de
1307 3993 1517 4048 civitate
1546 3992 1744 4056 David,
1776 3996 1830 4048 id

241 4094 329 4143 est
365 4084 428 4141 de
455 4083 602 4153 Sion,
634 4095 682 4141 et
711 4084 943 4140 tulerunt
968 4084 1265 4139 sacerdotes
1292 4102 1472 4139 arcam
1498 4084 1710 4157 fmderis
1730 4086 1835 4142 Dc-

237 4178 403 4244 mini,
448 4177 837 4250 intuleruntque
864 4190 980 4231 eam
1025 4176 1080 4231 in
1107 4175 1277 4232 locum
1322 4193 1475 4231 suum
1516 4177 1571 4232 in
1616 4177 1832 4232 oraculo

237 4266 428 4340 templi
452 4271 506 4323 in
526 4276 708 4324 sancta
733 4276 1036 4323 sanctorum
1065 4269 1249 4324 subtus
1279 4268 1394 4325 alas
1423 4270 1675 4326 cherubin
1698 4288 1717 4326 :
1760 4270 1834 4327 si-

238 4360 457 4434 quidem
485 4358 736 4415 cherubin
761 4359 1122 4432 expandebant
1149 4359 1266 4416 alas
1301 4379 1427 4416 suas
1467 4381 1626 4435 super
1660 4362 1833 4420 locum

239 4466 410 4516 arcte,
439 4450 874 4523 protegebantqae
905 4464 1105 4518 aream,
1135 4458 1183 4506 et
1230 4461 1395 4509 vectes
1424 4453 1543 4526 ejus
1586 4454 1828 4526 desuper.

1858 3206 1912 3279 Ο

1933 584 2061 633 ante
2086 575 2389 641 oraculum,
2436 590 2543 630 non
2569 580 2750 629 tamen
2776 570 2894 627 ﬁeri
2919 581 3155 643 poterat,
3183 578 3244 629 ut
3267 574 3384 649 ipsa
3426 590 3519 632 eo-

1935 689 2055 727 rum
2091 670 2268 741 capita
2297 676 2423 726 ante
2453 668 2733 726 oraculum
2759 668 3079 732 eminerent,
3104 669 3234 740 quia
3260 670 3519 729 nimirum

1932 779 2155 819 necesse
2179 769 2320 830 erat,
2344 769 2403 817 ut
2426 760 2612 818 clauso
2631 761 2870 825 oraculo,
2889 767 2947 817 et
2964 776 3204 833 appenso
3224 771 3350 819 ante
3372 764 3517 821 ostia

1932 854 2073 921 velo,
2122 854 2224 924 ipsi
2253 869 2467 927 quoque
2489 861 2674 909 vectes
2698 851 2799 908 toti
2842 869 2967 908 cum
2993 868 3142 919 arca,
3170 861 3225 909 et
3254 852 3520 912 cherubin

1936 947 2266 1005 abderentur
2294 946 2555 1014 interius;
2585 946 2730 1019 quod
2758 946 2877 1001 ﬁeri
2917 962 3025 1003 non
3052 954 3289 1017 poterat,
3319 946 3365 1003 si
3395 929 3522 1020 pro-

1936 1041 2206 1098 minentes
2224 1040 2457 1097 ulterius
2474 1049 2658 1097 vectes
2681 1039 3046 1112 producendis
3070 1039 3139 1095 ad
3161 1036 3521 1096 claudendum

1934 1134 2092 1189 ostiis
2137 1132 2312 1188 locum
2363 1149 2468 1188 non
2518 1130 2732 1188 darent.
2776 1130 3017 1200 Quorum
3050 1132 3378 1204 positionem
3426 1147 3522 1188 ve-

1934 1226 2101 1281 ctium
2131 1224 2413 1297 Scriptura
2443 1240 2553 1298 non
2602 1224 2723 1281 sine
2748 1240 2933 1291 causa,
2979 1224 3073 1281 sed
3107 1226 3289 1299 magni
3319 1222 3521 1282 intuitu

1937 1317 2264 1375 sacramenti
2309 1325 2420 1373 tam
2461 1316 2751 1389 diligenter
2779 1316 3034 1389 expedire
3080 1318 3293 1374 curavit
3336 1337 3350 1372 :
3398 1333 3527 1373 con-

1937 1420 2046 1469 stat
2078 1411 2248 1476 enim,
2278 1410 2425 1480 quod
2454 1408 2645 1466 domus
2676 1407 2862 1481 templi
2890 1408 3151 1477 exterior,
3180 1408 3527 1481 peregrinan-

1937 1510 2050 1559 tem
2095 1503 2151 1557 in
2195 1500 2357 1557 terris
2384 1499 2725 1557 Ecclesiam:
2770 1498 2955 1557 Sancta
2987 1512 3299 1559 sanctorum
3340 1503 3524 1559 autem

1904 1590 1909 1591 γ
1938 1598 2213 1653 internam
2243 1612 2493 1667 superate
2517 1596 2709 1667 patria:
2735 1594 3049 1653 felicitatem
3079 1596 3343 1669 designat.
3388 1594 3527 1654 Item

1938 1689 2087 1746 illata
2122 1690 2176 1744 in
2204 1697 2390 1746 sancta
2416 1696 2731 1745 sanctorum
2765 1705 2914 1755 arca,
2945 1697 3277 1761 assumptam
3310 1689 3521 1747 Christi

1937 1782 2325 1849 humilitatem,
2357 1789 2413 1837 et
2464 1782 2608 1837 intra
2656 1782 2835 1837 velum
2871 1781 3034 1853 regiae
3083 1781 3324 1838 cmlestis
3370 1780 3527 1838 indu-

1858 1849 1909 1910 Β
1935 1882 2081 1930 ctam
2116 1894 2128 1928 :
2161 1881 2342 1930 vectes
2370 1888 2519 1941 vero,
2559 1872 2758 1944 quibus
2787 1871 2978 1928 eadem
3008 1888 3136 1928 arca
3164 1871 3522 1942 portabatur,
3594 1864 3599 1867 Α

1931 1967 2317 2043 praedicatores
2344 1966 2517 2033 verbi,
2547 1982 2646 2038 per
2685 1981 2821 2036 quos
2852 1966 2967 2036 ipse
3010 1966 3210 2022 mundo
3254 1963 3524 2030 innotuit,

1933 2062 2113 2134 typice
2160 2059 2500 2119 denuntiant.
2537 2057 2556 2098 ι
2594 2058 2941 2131 Apparebant
2985 2059 3128 2114 enim
3179 2057 3523 2114 summitates

1933 2155 2169 2209 vectium
2218 2150 2350 2207 foris
2376 2159 2501 2206 ante
2547 2150 2827 2205 oraculum
2857 2165 2965 2205 non
2993 2164 3228 2220 semper,
3262 2149 3356 2204 sed
3396 2162 3522 2205 cum

1934 2243 2073 2300 ostia
2095 2240 2336 2312 ejusdem
2363 2242 2571 2297 oraculi
2594 2241 2795 2313 aperiri
2825 2240 3187 2311 contingeret,
3217 2256 3396 2311 neque
3418 2239 3522 2295 hoc

1935 2334 2212 2400 omnibus,
2248 2333 2342 2389 sed
2375 2333 2442 2389 iis
2463 2332 2820 2399 solummodo,
2850 2332 2942 2403 qui
2964 2331 3189 2404 propius
3209 2332 3529 2388 accedentes

1934 2426 2195 2483 attentius
2240 2440 2327 2491 ea,
2367 2442 2489 2497 quae
2525 2426 2672 2481 intus
2719 2433 2901 2493 erant,
2949 2410 3270 2511 satagebant
3308 2424 3526 2491 intueri,

1933 2517 2053 2589 ipsa
2088 2525 2269 2573 autem
2318 2533 2467 2583 arca,
2510 2517 2686 2589 qualis
2734 2524 2789 2573 et
2840 2518 3111 2589 quomodo
3161 2526 3307 2573 esset
3351 2518 3528 2591 posita

1937 2610 2086 2684 (solis
2114 2611 2204 2681 iis)
2234 2609 2408 2665 solum
2439 2611 2539 2676 eis,
2572 2610 2662 2680 qui
2690 2610 2972 2667 oraculum
2995 2610 3312 2677 intrassent,
3344 2609 3529 2666 videre

1934 2700 2157 2769 licebat,
2188 2704 2316 2773 quia
2366 2703 2545 2758 nullus
2570 2711 2883 2759 sanctorum
2916 2702 3096 2758 adhuc
3143 2701 3255 2757 vita
3295 2701 3527 2777 positus,

1937 2794 2157 2850 tametsi
2207 2795 2433 2851 multum
2468 2795 2523 2849 in
2568 2793 2853 2850 altitudine
2903 2811 2961 2850 se
3007 2794 3207 2850 mentis
3252 2793 3525 2861 attollens,

1936 2887 2031 2943 sed
2068 2882 2171 2943 soli
2208 2886 2353 2942 illius
2380 2886 2568 2957 patriae
2594 2885 2745 2942 cives
2772 2885 2999 2958 gloriam
3025 2884 3159 2941 inibi
3188 2884 3271 2940 sui
3300 2886 3530 2941 Redem-
3616 2938 3619 2939 ν

1935 2979 2108 3052 ptoris
2137 2977 2326 3051 (plene)
2364 2978 2523 3050 plane
2565 2983 2911 3034 contuentur.
2946 2977 3087 3035 Sunt
3109 2984 3163 3033 et
3189 2987 3375 3033 vectes
3402 2993 3531 3034 cum

1938 3085 2064 3126 arca
2086 3072 2142 3126 in
2171 3070 2392 3126 oraculo
2416 3071 2706 3138 reconditi,
2733 3070 2860 3142 quia
2884 3068 3189 3128 absconditi
3211 3077 3338 3127 sunt
3359 3072 3525 3129 etiam

1940 3162 2335 3233 nunc‘perfecti
2361 3162 2561 3233 quique
2590 3161 2770 3228 electi,
2802 3161 2894 3232 qui
2922 3179 3023 3218 nos
3048 3154 3444 3234 praecesserunt
3464 3164 3530 3220 de

1943 3239 2145 3308 mundo
2177 3252 2230 3306 in
2260 3252 2443 3307 abdito
2483 3252 2665 3307 vultus
2705 3250 2822 3317 Dei,
2860 3268 2891 3307 a
2922 3237 3333 3308 conturbatioue
3359 3250 3530 3309 homi-

1941 3362 2096 3411 num,
2148 3356 2377 3417 quorum
2410 3353 2594 3399 tamen
2626 3343 2971 3400 summitates
2999 3345 3234 3400 vectium
3281 3361 3530 3400 nonnun-

1939 3448 2105 3508 quam
2130 3443 2319 3508 aperto
2344 3435 2564 3491 oraculo
2590 3434 2697 3502 bis,
2729 3434 2822 3507 qui
2863 3434 3207 3506 appropiant,
3240 3434 3527 3491 visuntur:

1937 3547 2065 3588 cum
2090 3528 2509 3601 perfectioribus
2538 3529 2862 3603 quibusque,
2887 3536 3051 3599 atque
3073 3527 3289 3584 oculum
3312 3527 3396 3584 sui
3417 3543 3524 3583 cor-

1936 3621 2024 3678 dis
2046 3628 2160 3676 tota
2212 3621 2514 3677 intentione
2540 3620 2976 3690 puriﬁcantibus,
3006 3620 3187 3676 divina
3229 3621 3405 3694 gratia
3432 3620 3526 3675 ali-

1936 3717 2071 3788 quid
2099 3724 2401 3772 extremum
2433 3716 2498 3773 de
2529 3731 2887 3786 supernorum
2927 3714 3123 3770 civium
3169 3715 3365 3787 gaudio
3396 3730 3520 3770 con-

1939 3807 2310 3878 templandum
2344 3806 2647 3862 donaverit.
2679 3807 2810 3874 Quae
2841 3806 3101 3862 nimirum
3144 3803 3526 3876 contemplatio

1937 3904 2047 3971 his,
2078 3903 2167 3972 qui
2198 3902 2358 3973 paulo
2384 3894 2597 3972 longius
2621 3907 2986 3967 recesserunt,
3028 3898 3250 3955 minime
3276 3899 3525 3955 concedi-

1937 4001 2047 4058 tur,
2097 3992 2224 4063 quia
2270 3998 2472 4062 quanta
2518 3989 2758 4044 exterius
2802 3998 2984 4046 mente
3028 4004 3163 4059 vaga
3216 3997 3519 4057 remanent,

1937 4092 2089 4140 tanto
2122 4082 2324 4149 minus,
2352 4098 2473 4154 qua:
2500 4070 2613 4137 sint
2640 4082 2851 4137 interna
2878 4080 3095 4153 gaudia,
3123 4080 3330 4138 vident.
3353 4101 3373 4135 ι

2012 4174 2193 4249 (Vers.
2243 4173 2356 4238 lO.)
2388 4172 2590 4230 Deinde
2635 4174 2920 4246 sequitur:
2952 4171 3021 4229 In
3060 4190 3187 4230 arca
3215 4184 3389 4231 autem
3422 4192 3525 4230 non

1936 4279 2050 4326 erat
2080 4267 2251 4332 aliud,
2278 4268 2379 4322 nisi
2401 4267 2522 4321 dure
2550 4265 2744 4323 tabula:
2769 4264 3016 4339 lapidem,
3044 4284 3174 4339 quas
3201 4276 3449 4338 posuerat
3470 4264 3523 4322 in

1936 4377 2000 4416 ea
2029 4359 2234 4431 Moyses
2277 4359 2333 4414 in
2362 4357 2522 4424 Oreb,
2570 4357 2783 4429 quando
2818 4359 3010 4431 pepigit
3052 4357 3222 4428 [cedas
3270 4357 3525 4413 Dominus

1938 4466 2056 4506 cum
2082 4450 2208 4521 ﬁliis
2237 4448 2426 4516 lsrael,
2456 4465 2576 4503 cum
2605 4450 2973 4521 egrederentur
3017 4450 3083 4505 de
3106 4459 3246 4505 terra
3280 4447 3523 4520 Egypti.

238 4544 483 4617 Cumque
507 4545 793 4599 eminerent
821 4553 1006 4610 vectes,
1052 4554 1462 4619 apparereutque
1505 4550 1830 4607 summitates
1858 4572 1914 4640 Β
1939 4542 2119 4610 Quaeri
2164 4549 2344 4613 potest
2380 4542 2651 4612 quomodo
2690 4540 2780 4598 hic
2808 4542 2955 4598 dicat
2980 4540 3124 4613 quod
3166 4542 3220 4596 in
3251 4556 3378 4597 arca
3417 4557 3522 4597 non

234 4648 428 4693 eorum
455 4633 585 4705 foris
609 4634 968 4689 sanctuarlum
998 4643 1119 4689 ante
1145 4635 1443 4704 oraculum,
1476 4654 1579 4695 non
1614 4655 1834 4710 appare-

232 4729 375 4785 bant
412 4725 555 4783 ultra
581 4728 903 4783 extrinsecus
929 4740 949 4780 :
979 4728 1070 4800 qui
1114 4737 1163 4782 et
1189 4728 1403 4799 fuerunt
1446 4726 1519 4785 ibi
1565 4747 1731 4804 usque
1775 4731 1831 4788 in

232 4826 556 4891 prmsentem
576 4817 732 4872 diem.
755 4835 774 4869 ι
796 4816 907 4873 Hoc
935 4816 1275 4874 manifestius
1302 4820 1356 4873 in
1377 4820 1829 4895 Paralipomenon

228 4907 521 4964 Wlumine
549 4907 808 4965 scribitur
859 4907 1044 4983 (Ibid.,
1072 4922 1206 4965 vers.
1238 4909 1293 4982 9)
1329 4928 1342 4966 :
1380 4922 1403 4952 θ
1449 4910 1704 4982 Vectium,
1747 4913 1831 4970 in-

230 5001 387 5075 quit,
417 5001 604 5074 quibus
632 5001 915 5071 portabaat
934 5015 1134 5067 arcam,
1171 5002 1297 5072 quia
1326 5001 1603 5074 paululum
1634 5003 1832 5077 longio-

224 5094 333 5147 ηε
354 5101 526 5159 erant,
554 5093 727 5164 capita
753 5092 1006 5162 parebant
1031 5090 1459 5146 anteoraculum.
1484 5088 1543 5148 Si
1570 5108 1688 5149 vero
1716 5096 1834 5166 quis

230 5181 525 5257 paululum
540 5181 733 5265 fuisset
762 5182 1105 5248 extrinsecus,
1129 5197 1217 5237 eos
1245 5178 1418 5237 videre
1444 5198 1548 5238 non
1568 5192 1829 5254 poterant.

228 5276 353 5336 {ibi
387 5278 705 5345 notandum,
734 5276 863 5349 quia
891 5283 947 5333 et
970 5277 1017 5332 si
1050 5276 1232 5348 capita
1259 5276 1499 5332 vectium
1524 5277 1835 5337 accedenti-

314 5448 344 5478 ι
384 5434 513 5504 Qua
542 5434 762 5491 lineolis
791 5442 1002 5500 carent,
1040 5431 1298 5504 lichanos
1325 5431 1551 5504 minime
1572 5433 1756 5491 habet.

313 5507 346 5548 ιδ
568 5506 827 5565 Babanus
844 5521 860 5561 :
875 5504 1101 5576 altitudo
1115 5502 1215 5574 fuit
1227 5503 1501 5576 sexaginta
1510 5504 1827 5563 cubitorum.

321 5588 345 5618 ο
391 5572 666 5635 Hactenus
689 5578 854 5634 etiam
885 5572 1160 5632 Rabanus.

319 5647 350 5689 ει
391 5646 630 5721 Plurima
657 5646 863 5721 omittit
883 5648 1054 5721 codex
1079 5652 1283 5714 noster,
1313 5656 1434 5721 qum
1456 5645 1621 5704 habet
1640 5646 1828 5721 vulga-

228 5729 338 5778 tus
365 5720 666 5777 Eucherius
690 5734 757 5789 ex
772 5720 923 5785 Beda
958 5719 1277 5843 desumpti
1314 5717 1380 5781 ad
1416 5733 1576 5790 quem
1606 5717 1829 5790 quidem

228 5784 395 5843 idem
425 5788 595 5843 codex
641 5782 923 5843 Lectorem
961 5782 1176 5843 atterat.
1254 5761 1308 5843 ic
1349 5782 1531 5843 aliuua
1561 5796 1712 5843 certe
1733 5784 1828 5843 de-

228 5761 598 5848 t'EZnTZB'éEI
605 5761 923 5845 ’ἤέιῖἒὶιῖ
959 5761 1183 5860 Ξῇἒὲἧῗ
1190 5761 1828 5862 ῖιῖοἜιιιῗιῖιῗοᾶἷέἆέἱ

238 5870 398 5929 sunt,
425 5876 548 5935 qua
573 5869 832 5919 notantur
850 5862 909 5919 in
937 5859 1088 5918 serie
1107 5859 1362 5932 capitum.
1438 5859 1458 5862 “
1814 5883 1821 5888 -

1939 4643 2087 4693 esset
2109 4634 2278 4702 aliud,
2307 4632 2412 4690 nisi
2442 4633 2562 4689 dua:
2590 4632 2785 4688 tabula:
2816 4630 3134 4698 testimonii,
3164 4648 3287 4688 cum
3314 4643 3523 4705 aposto-

1938 4729 2025 4786 lus
2051 4726 2271 4793 Paulus,
2296 4725 2557 4800 magister
2580 4726 2823 4798 gentium
2850 4724 2905 4780 in
2934 4723 3039 4781 ﬁde
3065 4732 3120 4781 et
3144 4725 3391 4793 veritate,
3417 4726 3522 4785 He-

1936 4813 2124 4887 brteis,
2140 4818 2193 4875 id
2216 4825 2299 4875 est
2318 4818 2443 4875 [iliis
2465 4815 2652 4883 lsrael,
2677 4817 2877 4873 scribat
2895 4816 3082 4873 dicens
3103 4816 3291 4888 (Hebr.
3317 4834 3397 4888 ιχ,
3425 4820 3517 4893 2):

1938 4906 2358 4965 Tabernaculum
2383 4907 2522 4963 enim
2549 4905 2750 4978 factum
2777 4914 2852 4962 est
2880 4907 3129 4979 primum,
3160 4908 3215 4963 in
3240 4926 3344 4982 quo
3370 4921 3522 4968 erant

1937 4999 2275 5067 candelabra,
2308 5008 2357 5054 et
2384 5014 2579 5065 mensa,
2615 5006 2665 5054 et
2688 4999 2973 5071 propositio
2992 5016 3210 5071 panum,
3242 5019 3361 5075 qua:
3384 5004 3518 5060 dici-

1940 5100 2029 5147 tur
2053 5099 2258 5147 sancta.
2284 5087 2415 5145 Post
2438 5089 2784 5146 uelamentum
2812 5099 2989 5145 autem
3009 5092 3320 5163 secundum,
3346 5096 3519 5152 taber-

1938 5181 2214 5249 naculum,
2257 5178 2397 5254 quod
2424 5178 2622 5234 dicitur
2670 5188 2855 5236 sancta
2901 5192 3207 5241 sanctorum
3233 5204 3252 5242 :
3296 5205 3517 5245 aureum

1937 5275 2133 5335 habens
2161 5274 2508 5344 thuribulum,
2532 5284 2583 5330 et
2602 5292 2782 5332 arcam
2807 5283 3099 5338 testamenti
3125 5285 3516 5342 circumtectam

2014 5435 2224 5510 ’-Βοάα
2250 5449 2371 5505 cal”
2405 5448 2503 5510 se}!
2533 5435 2847 5510 «pisatione-
2875 5436 2944 5492 Μ
2972 5452 3094 5510 quae
3122 5447 3424 5510 sequami-
3448 5439 3517 5497 li-
3588 5438 3593 5443 '

1933 5506 2315 5580 aeolisnotata
2343 5506 2528 5563 tradit.
2558 5506 2815 5580 Babanus
2834 5508 2951 5580 haec
2978 5506 3184 5580 pariter
3198 5506 3395 5568 habet.
3554 5522 3564 5533 '

2011 5577 2031 5617 ί
2072 5576 2361 5644 Nonnulla,
2408 5592 2528 5650 quae
2555 5578 2783 5650 vulgatis
2822 5576 3001 5647 Bedae,
3030 5588 3084 5637 et
3112 5578 3325 5639 Rabani
3356 5582 3514 5638 ﬁbris

1930 5648 2208 5733 leguntur,
2233 5640 2597 5733 praetermittit
2621 5640 3018 5733 HigClaudius.
3047 5652 3133 5708 An
3166 5651 3511 5733 quiaApanim

1924 5719 2131 5803 idonea
2160 5719 2259 5803 iis.
2274 5735 2424 5803 (quae
2450 5720 2559 5783 sibi
2593 5720 2912 5793 explicanda
2936 5719 3337 5796 proposuerat!
3359 5720 3510 5793 iudi-

1926 5784 2138 5850 caverit
2163 5784 2380 5849 Lector.

2931 5982 2937 5986 ,
2956 5974 2995 5983 ..σ-
