3940 6340
382 391 491 455 ’118

380 525 545 575 verso
585 507 793 571 videris
812 519 1111 580 pervorsus
1137 522 1153 561 :
1182 517 1212 549 ι
1244 505 1317 563 ob
1360 508 1507 579 quod
1535 506 1616 561 eis
1644 520 1751 561 non
1792 503 1962 571 faves,
1990 504 2043 567 Α

381 616 670 674 perversus
696 615 816 657 esse
837 599 1042 655 videris
1065 639 1081 666 ,
1106 598 1362 670 quoniam
1387 598 1575 655 dicunt
1598 613 1705 655 non
1726 602 1812 653 est
1838 610 1961 653 rec-

383 701 437 751 ta
465 693 552 753 via
581 690 797 751 Domini
824 706 840 749 ;
864 696 934 747 et
968 690 1217 760 ipsorum
1242 689 1332 747 vta
1358 699 1470 749 non
1507 696 1592 746 est
1614 695 1791 745 recta.
1827 707 1847 741 s

455 786 723 855 Quoniam
746 794 805 839 tu
826 781 1076 857 populum
1089 782 1337 840 humilem
1355 781 1557 839 salvum
1582 782 1764 853 facies.
1798 800 1819 834 ι
1847 779 1961 836 Hoc

381 887 563 937 autem
593 892 934 951 perversum,
953 875 1167 932 videtur
1188 876 1465 947 perversis
1480 916 1499 942 ,
1524 875 1667 947 quod
1692 873 1958 931 conﬁten-

380 982 465 1028 tes
486 979 708 1043 peccata
753 985 852 1026 sua
871 967 1048 1024 salvos
1068 967 1257 1025 facies.
1286 967 1355 1022 Et
1378 965 1559 1023 oculos
1610 965 1955 1037 superborum

381 1063 703 1120 ltumiliabis.
732 1062 1050 1136 Ignorantes
1073 1069 1258 1117 autem
1282 1060 1381 1117 Dei
1403 1058 1696 1130 justitiam,
1725 1065 1781 1113 et
1803 1070 1958 1113 suam

382 1151 627 1209 volentes
653 1153 1002 1216 constituere,
1028 1150 1361 1207 bumiliabis.
1399 1171 1419 1203 ι

456 1244 718 1311 Quoniam
764 1253 821 1298 tu
858 1244 886 1284 h
932 1241 1254 1298 illuminabis
1317 1240 1587 1297 lucernam
1612 1258 1806 1308 meam,
1845 1239 1983 1296 Dor

379 1334 539 1390 mine.
598 1354 618 1389 ι
654 1334 919 1404 Quoniam
945 1349 1055 1391 non
1087 1342 1171 1391 est
1197 1341 1442 1390 nostrum
1467 1334 1650 1390 lumen
1693 1350 1759 1391 ex
1782 1333 1961 1397 nobis,

352 1426 478 1501 .scd
522 1434 579 1485 tu
626 1426 955 1487 illuminabis
979 1425 1257 1483 lucernam
1292 1440 1471 1483 meam
1494 1467 1511 1493 ,
1539 1425 1785 1482 Domine.
1818 1425 1961 1480 Deus

380 1538 548 1590 meus,
598 1520 841 1578 illumina
868 1522 1105 1579 tenebras
1149 1538 1314 1579 meas.
1372 1521 1485 1578 Nos
1533 1521 1679 1577 enim
1724 1520 1963 1591 peccatis

379 1614 584 1670 nostris
615 1614 854 1671 tenebra:
879 1628 1098 1681 sumus,
1136 1615 1231 1673 sed
1265 1614 1411 1671 Deus
1454 1628 1607 1671 meus
1634 1612 1965 1668 illuminabit

381 1706 637 1762 tenebras
665 1721 833 1761 meas.
868 1726 888 1759 s

450 1795 714 1864 Quoniam
736 1816 771 1854 a
789 1808 838 1854 te
861 1809 889 1841 ον
906 1799 1106 1871 eripiar
1122 1817 1155 1855 a
1183 1798 1481 1855 tentstione.
1516 1815 1536 1849 ί
1562 1795 1827 1864 Quoniam
1851 1812 1961 1851 non

1440 382 1717 447 CLAUDII
1753 378 2211 443 TAURINENSIS
2246 372 2555 443 EPISCCPI

3538 378 3658 442 71‘

2068 504 2238 574 quilla
2267 543 2283 571 ,
2316 510 2370 560 et
2407 503 2591 560 mollia
2625 542 2643 569 ,
2672 493 2767 559 sed
2795 490 2959 558 etiam
3008 506 3112 574 per
3142 510 3333 573 aspera
3367 538 3384 568 ,
3420 508 3481 557 et
3515 501 3663 560 dura

2060 596 2376 653 transimus.
2408 596 2553 652 Bene
2592 610 2723 667 ergo
2764 608 2866 665 per
2892 594 3229 666 psalmistam
3259 593 3465 651 dicitur
3493 607 3509 648 :
3545 592 3659 661 Qui
3680 606 3697 613 ”

2057 689 2277 760 perfecit
2309 689 2467 761 pedes
2486 704 2630 743 meos
2658 697 2909 760 tanquam
2936 688 3094 743 cerui.
3123 686 3331 744 Cervus
3355 686 3507 744 enim
3527 700 3660 743 cum

2058 778 2325 833 montium
2357 780 2485 851 iuga
2534 780 2869 845 conscendit,
2900 793 3131 851 qumque
3158 793 3384 851 aspera,
3421 791 3660 849 quaeque

2060 885 2120 927 se
2142 869 2402 940 objiciunt
2415 872 2655 928 sentibus
2668 871 2897 944 illigata,
2913 873 3041 928 dato
3061 872 3203 929 saltu
3226 871 3657 944 transgreditur,

2059 970 2117 1019 et
2171 964 2375 1035 absque
2401 964 2510 1021 ullo
2538 980 2733 1021 cursus
2760 965 2846 1021 sui
2885 964 3167 1022 obstaculo
3186 1005 3203 1033 ,
3235 966 3261 1007 ⁸
3284 964 3339 1020 in
3360 962 3664 1034 superiori-

2059 1055 2163 1113 bus
2185 1058 2448 1115 elevatur.
2464 1060 2542 1115 ita
2556 1059 2721 1115 etiam
2736 1058 3031 1116 electorum
3043 1067 3254 1115 mentes
3271 1100 3286 1125 ,
3299 1072 3530 1129 quaeque
3555 1046 3664 1110 sibi

2062 1150 2120 1205 in
2150 1150 2255 1207 hoc
2287 1152 2490 1208 mundo
2519 1152 2808 1219 obsistere,
2840 1160 3002 1224 atque
3028 1152 3251 1208 obviare
3276 1149 3658 1222 conspiciunt,

2064 1244 2538 1314 contemplationis
2557 1244 2697 1301 saltu
2730 1244 3121 1300 transcendunt
3151 1258 3167 1298 :
3197 1252 3253 1299 et
3288 1256 3441 1297 more
3470 1255 3668 1296 cervo-

2063 1351 2204 1402 rum,
2231 1338 2498 1408 despectis
2527 1346 2864 1395 terrenarum
2893 1353 3076 1395 rerum
3103 1336 3367 1406 sentibus,
3393 1335 3449 1390 in
3474 1348 3667 1406 super—

2065 1443 2136 1483 na
2159 1442 2218 1484 se
2241 1431 2498 1486 evehunt.
2530 1449 2553 1485 )
2650 1433 2661 1466 ῖ

2136 1519 2207 1575 Et
2236 1536 2394 1592 super
2417 1519 2625 1577 excelsa
2658 1530 2855 1578 statuet
2881 1538 2986 1578 me.
3032 1540 3053 1576 ι
3089 1520 3159 1578 Et
3187 1534 3355 1593 super
3379 1518 3666 1576 caelestem

2065 1610 2454 1669 habitationem
2474 1614 2603 1684 ﬁget
2641 1614 3001 1670 intentionem
3040 1628 3239 1680 meam,
3265 1620 3327 1668 ut
3352 1611 3585 1683 implear
3611 1610 3670 1667 in

2067 1702 2228 1774 (Eph.
2253 1721 2338 1771 ιιι,
2371 1705 2459 1774 i9)
2487 1722 2705 1764 omnem
2732 1706 3123 1778 plenitudinem
3162 1706 3280 1763 Dei.
3316 1726 3337 1760 ι

2141 1794 2248 1860 Qui
2267 1796 2418 1851 docet
2446 1813 2636 1853 manus
2682 1817 2827 1855 meas
2854 1801 2924 1855 ad
2954 1799 3216 1872 prndium.
3290 1817 3309 1851 ι
3351 1796 3457 1867 Qui
3508 1797 3673 1852 docet

378 1907 411 1946 a
434 1907 542 1957 me,
579 1892 676 1949 sed
704 1908 737 1946 a
764 1899 820 1948 te
852 1932 869 1958 ,
911 1869 1074 1949 eruar
1108 1885 1163 1948 a'
1183 1892 1499 1950 tentatione.
1530 1890 1602 1945 Et
1623 1891 1681 1945 in
1708 1890 1819 1945 Deo
1854 1907 1972 1945 meo
2000 1869 2050 1932 Β
2079 1901 2167 1943 me
2192 1891 2404 1959 operari
2430 1891 2497 1945 ad
2527 1894 2862 1962 superandos
2891 1869 3160 1958 inimicos,
3198 1889 3291 1962 qui
3314 1889 3474 1945 nobis
3500 1889 3674 1945 inter-

377 1985 738 2056 transgredior
755 2001 983 2041 murum.
1013 1986 1211 2042 Etnon
1239 1986 1294 2041 in
1323 2001 1431 2051 me,
1472 1984 1567 2041 sed
1608 1984 1666 2039 in
1709 1984 1827 2039 Deo
1850 1999 1974 2039 meo

378 2077 747 2149 transgrediar
758 2093 994 2144 murum,
1007 2094 1170 2149 quem
1184 2079 1326 2134 inter
1338 2065 1606 2145 homines,
1626 2086 1682 2133 et
1692 2076 1973 2133 cmlestem

379 2170 719 2229 Hierusalem
753 2180 976 2242 peccata
1004 2179 1318 2227 erexerunt.
1348 2191 1368 2225 ι

447 2262 588 2317 Deus
609 2280 753 2318 meus
781 2303 796 2328 ,
829 2262 1171 2318 immaculata
1196 2272 1270 2318 est
1298 2263 1379 2317 uia
1401 2263 1536 2335 ejus.
1575 2282 1595 2315 ι
1630 2263 1779 2319 Deus
1806 2274 1964 2319 meus

375 2367 488 2411 non
516 2354 664 2409 venit
685 2354 740 2410 in
765 2354 1014 2410 homines
1039 2394 1055 2420 ,
1080 2354 1187 2411 nisi
1214 2354 1600 2410 mundaverint
1644 2355 1790 2410 viam
1819 2354 1967 2420 fidei,

380 2461 489 2518 qua
516 2446 699 2501 veniat
746 2446 816 2501 ad
856 2461 952 2501 eos
978 2485 995 2511 ,
1020 2445 1149 2517 quia
1198 2444 1547 2502 immaculata
1575 2455 1659 2502 est
1688 2447 1777 2501 via
1827 2444 1966 2515 ejus.

379 2537 611 2617 Eloquia
657 2537 870 2593 Domini
913 2538 1033 2608 igne
1075 2538 1396 2593 examinata.
1475 2538 1700 2609 Eloquia
1749 2537 1968 2593 Domini

378 2630 552 2705 igned
582 2631 1004 2687 examinationis
1056 2632 1375 2701 probantur.
1430 2630 1706 2687 Protector
1728 2643 1805 2689 est
1850 2650 1967 2687 om-

380 2725 531 2780 nium
560 2723 948 2795 sperantiumin
967 2740 1044 2781 se.
1070 2724 1139 2782 Et
1165 2740 1379 2792 omnes,
1405 2726 1499 2797 qui
1522 2740 1631 2781 non
1654 2726 1710 2781 in
1733 2741 1794 2782 se
1814 2727 1963 2797 ipsis,

379 2817 474 2872 sed
505 2816 561 2871 in
592 2815 682 2870 illo
718 2823 979 2887 sperant,
1022 2815 1209 2873 eadem
1246 2817 1597 2873 tribulatione
1625 2831 1735 2872 non
1762 2832 1966 2873 consu-

380 2915 599 2962 mentur
626 2925 642 2962 :
670 2922 798 2978 spes
820 2907 969 2963 enim
1001 2909 1249 2977 sequitur
1278 2908 1460 2964 fidem.
1492 2928 1511 2961 s

456 2995 722 3063 Quoniam
745 2999 861 3071 quis
882 2999 1022 3053 Deus
1044 3009 1234 3070 praeter
1245 2999 1529 3054 Dominum
1548 2999 1574 3053 Ρ
1593 3017 1612 3051 t
1646 2998 1743 3055 Cui
1774 3010 1799 3041 ο
1822 3000 1965 3057 servi

380 3105 590 3149 sumus.
620 3090 687 3149 Et
706 3091 829 3163 quis
858 3090 1029 3159 Deus,
1060 3098 1259 3163 praeter
1286 3091 1598 3165 Dominum,
1624 3107 1808 3163 quem,
1838 3100 1964 3164 post

380 3184 583 3253 bonam
627 3184 949 3247 servitutem
974 3191 1236 3256 tanquam
1274 3184 1650 3241 hmreditatem
1687 3195 1964 3257 speratam

319 3290 323 3294 ’
381 3276 478 3334 filii
510 3276 943 3347 possidebimus?
975 3296 994 3329 ι

456 3370 598 3426 Deus
628 3370 718 3441 qui
739 3370 1016 3441 pracinxit
1036 3386 1119 3424 me
1139 3371 1349 3427 uirtute.
1381 3389 1400 3424 ι
1428 3372 1573 3429 Deus
1597 3373 1689 3443 qui
1712 3387 1802 3428 me
1827 3387 1967 3443 pras-

384 3463 558 3518 cinxit
587 3502 601 3528 ,
628 3469 690 3516 ut
712 3459 870 3517 fortis
894 3461 999 3517 sim
1029 3479 1043 3515 :
1073 3478 1142 3519 ne
1167 3463 1473 3519 dillluentes
1513 3464 1666 3519 sinus
1693 3465 1965 3535 cupidita-

386 3553 458 3607 tis
488 3552 787 3625 impediant
810 3566 1003 3623 0pera,
1054 3561 1111 3608 et
1136 3569 1359 3624 gressus
1382 3569 1554 3609 meos.
1581 3554 1653 3609 Et
1674 3556 1847 3625 posuit
1876 3556 1971 3611 im-

387 3642 708 3698 maculatum
724 3644 862 3699 viam
883 3660 1070 3698 meam.
1099 3643 1168 3700 Et
1188 3644 1370 3715 posuit
1397 3644 1804 3702 immaculatam
1822 3647 1970 3702 viam

387 3736 814 3807 charitatis,qua
832 3736 900 3792 ad
914 3736 1068 3793 illum
1093 3736 1329 3805 veniam,
1346 3737 1488 3794 sicut
1509 3738 1858 3796 immaculata
1885 3746 1972 3796 est

387 3830 546 3895 ﬁdes,
577 3845 685 3900 qua
713 3832 864 3886 venit
888 3830 957 3889 ad
984 3845 1092 3887 me.
1138 3851 1159 3887 ν

461 3920 563 3989 Qui
584 3922 801 3995 perfecit
838 3922 994 3994 pedes
1016 3938 1155 3978 meos
1181 3931 1433 3996 tanquam
1456 3926 1613 3981 cervi.
1651 3944 1673 3979 t
1707 3920 1811 3995 Qui
1848 3942 1976 4000 per-

387 4013 517 4070 fecit
568 4030 810 4070 amorem
839 4030 1019 4070 meum
1062 4015 1131 4071 ad
1167 4017 1600 4074 transcendenda
1646 4020 1887 4090 spinosa,
1918 4029 1975 4078 et

387 4105 640 4160 umbrosa
681 4103 1085 4176 implicamenta
1112 4106 1272 4178 hujus
1322 4109 1527 4165 saeculi.
1560 4110 1581 4150 ί
1613 4110 1837 4179 Cervos,
1865 4114 1975 4185 spi-

387 4195 611 4251 rituales
654 4196 804 4253 viros
852 4198 1090 4268 appellat
1122 4207 1345 4270 propter
1400 4201 1739 4260 alacritatem
1793 4206 1972 4264 veloci

387 4306 552 4346 cursu
587 4305 602 4344 :
634 4290 986 4347 robustorum
1016 4290 1161 4348 enim
1202 4300 1414 4350 mentes
1441 4296 1497 4350 in
1526 4295 1639 4351 Deo
1683 4297 1977 4356 immobili-

386 4392 471 4439 ter
496 4381 617 4438 lixae
645 4389 797 4439 tanto
822 4382 1052 4440 adversa
1092 4398 1324 4455 quasque
1370 4386 1676 4457 despiciunt
1704 4430 1717 4454 ,
1770 4400 1980 4460 quanto

387 4482 659 4541 cernunt,
693 4475 839 4546 quod
885 4484 1079 4533 contra
1123 4485 1397 4551 praecepta
1443 4480 1742 4537 conditoris
1784 4498 1980 4537 excre-

2081 1978 2301 2035 cludere
2334 1981 2576 2038 caelestia
2616 1998 2783 2056 regna
2814 1993 3095 2039 conantur.
3135 1981 3207 2038 Et
3231 1982 3477 2055 posuisti,
3499 1992 3559 2036 ut
3587 1998 3677 2036 ar-

2080 2088 2201 2127 cum
2221 2090 2438 2142 trreum,
2463 2075 2677 2131 brachia
2702 2093 2837 2130 mea.
2880 2076 2948 2131 Et
2994 2076 3227 2147 posuisti
3267 2074 3676 2149 infatigabilem

2080 2161 2432 2221 intentionem
2461 2166 2728 2222 bonorum
2757 2182 2982 2237 operum
3006 2181 3275 2224 meorum.
3316 2186 3336 2221 ι

2149 2255 2222 2309 Et
2251 2256 2443 2312 dedisti
2468 2258 2598 2314 mibi
2630 2262 3003 2330 protectionem
3032 2259 3220 2315 salutis
3262 2276 3391 2316 mea:
3409 2274 3429 2312 .'
3452 2268 3501 2315 et
3546 2259 3677 2314 dea:-

2080 2357 2192 2403 tera
2230 2359 2327 2404 tua
2349 2353 2572 2423 suscepit
2600 2368 2700 2407 me.
2741 2372 2760 2404 ι
2794 2354 2853 2410 ld
2881 2362 2966 2409 est
3007 2353 3162 2409 favor
3199 2354 3388 2426 gratiae
3415 2362 3523 2410 tuas
3547 2369 3677 2409 sus-

2077 2444 2225 2513 cepit
2256 2460 2362 2500 me.
2396 2445 2467 2499 Et
2510 2446 2789 2519 disciplina
2810 2458 2903 2503 tua
2932 2448 3126 2504 direxit
3171 2466 3253 2505 me
3280 2450 3336 2505 in
3382 2451 3565 2521 linem.
3603 2449 3678 2507 Et

2075 2535 2106 2576 ιι
2129 2536 2399 2593 correctio
2434 2545 2529 2593 tua
2553 2553 2641 2594 me
2688 2540 2905 2596 deviare
2930 2556 3039 2597 non
3066 2542 3250 2597 sinens
3280 2583 3295 2609 ,
3328 2541 3535 2597 direxit
3566 2582 3581 2608 ,
3613 2548 3679 2597 ut

2076 2626 2337 2698 quidquid
2363 2642 2463 2700 ago
2488 2668 2503 2695 ,
2555 2629 2610 2684 in
2640 2643 2764 2685 eum
2794 2631 2958 2687 tinem
2985 2628 3223 2688 referam
3256 2673 3271 2696 ,
3308 2647 3418 2702 quo
3455 2635 3471 2672 ί
3511 2646 3679 2688 coro-

2074 2729 2240 2775 netur
2264 2720 2420 2775 mihi.
2454 2721 2525 2776 Et
2552 2721 2832 2795 disciplina
2858 2733 2951 2778 tua
2977 2723 3091 2795 ipsa
3116 2740 3197 2778 me
3225 2723 3448 2778 docebit.
3481 2723 3555 2779 Et
3572 2738 3676 2779 ca-

2081 2813 2204 2868 dem
2244 2813 2515 2869 correctio
2545 2821 2638 2868 tua
2665 2830 2753 2870 me
2804 2815 3020 2872 docebit
3044 2817 3338 2889 pervenire
3364 2856 3381 2883 ,
3403 2814 3551 2888 quod
3593 2815 3680 2873 di-

2072 2905 2235 2962 rexit.
2257 2925 2278 2959 s

2140 2997 2395 3053 Dilatasti
2428 3015 2636 3070 gressus
2667 3016 2810 3056 meos
2834 3000 3011 3056 subter
3034 3016 3142 3055 me.
3180 3018 3202 3052 ι
3233 2997 3347 3056 Nec
3373 2998 3682 3071 impedient

2071 3090 2318 3147 carnales
2345 3093 2626 3163 angustiae,
2659 3093 2916 3165 quoniam
2940 3094 3107 3150 latam
3136 3093 3313 3151 fecisti
3343 3093 3681 3151 charitaten

2073 3197 2254 3237 meam
2280 3191 2594 3254 operantem
2619 3183 2885 3250 hilariter,
2924 3186 3091 3242 etiam
3119 3186 3185 3241 de
3213 3185 3367 3257 ipsis,
3390 3200 3510 3258 qua
3543 3185 3681 3242 sub-

2073 3279 2161 3327 ter
2184 3289 2272 3328 me
2303 3282 2428 3329 sunt
2462 3315 2478 3341 ,
2512 3275 2835 3332 mortalibus
2854 3277 3039 3343 rebus,
3062 3285 3120 3333 et
3143 3277 3426 3333 membris.
3458 3275 3529 3330 Et
3572 3292 3682 3332 non

2072 3375 2195 3420 sunt
2210 3365 2481 3432 inﬁrmata
2492 3367 2705 3438 vestigia
2730 3384 2868 3423 mea.
2891 3368 2964 3423 Et
2982 3384 3090 3424 non
3113 3377 3240 3425 sunt
3265 3368 3542 3424 inﬁrmata
3561 3369 3679 3426 sive

2073 3455 2273 3514 itinera
2301 3471 2443 3524 mea,
2480 3458 2596 3515 sive
2620 3459 2775 3532 signa
2803 3501 2822 3529 ,
2861 3477 2984 3533 qum
3008 3461 3275 3535 impressa
3310 3464 3680 3521 811111αὰίωί-

2079 3551 2308 3606 tandum
2338 3553 2715 3622 sequentibus.
2747 3574 2769 3609 s

2144 3640 2442 3716 Persequar
2468 3645 2709 3703 inimicos
2735 3664 2876 3705 meos
2914 3690 2931 3717 ,
2955 3659 3005 3705 et
3040 3650 3480 3722 comprehendam
3526 3650 3677 3706 illos.

2082 3758 2103 3792 s
2132 3738 2436 3811 Persequar
2487 3741 2714 3800 allectus
2741 3745 2991 3802 carnales
3016 3762 3188 3813 meos,
3232 3761 3302 3807 ne
3322 3744 3395 3802 sb
3411 3747 3498 3803 eis
3520 3761 3677 3802 com-

2074 3829 2387 3900 prehendar
2404 3846 2418 3887 :
2435 3831 2529 3888 sed
2546 3834 3003 3906 comprehendam
3024 3836 3164 3903 illos,
3181 3843 3244 3893 ut
3265 3836 3624 3895 absumuntur
3658 3852 3678 3894 ε

2081 3920 2149 3977 Et
2195 3940 2298 3980 non
2325 3921 2597 3982 convertar
2624 3927 2791 3984 donec
2846 3929 3114 3999 deﬁciant.
3145 3928 3217 3983 Et
3239 3927 3309 3989 ab
3356 3928 3460 3985 ista
3492 3928 3674 3985 inten-

2079 4017 2228 4072 tione
2250 4031 2358 4072 non
2392 4028 2680 4077 convertar
2709 4019 2779 4075 ad
2799 4020 3060 4095 quietem,
3092 4020 3266 4079 donec
3283 4017 3542 4079 deﬁciant
3580 4020 3677 4091 qui

2079 4113 2403 4184 obstrepunt
2426 4114 2581 4171 mihi.
2613 4133 2634 4168 ι

2152 4205 2222 4260 Et
2253 4206 2582 4279 confringam
2604 4206 2725 4262 illos
2747 4224 2768 4274 ,'
2794 4223 2888 4264 nec
2910 4214 3153 4279 poterunt
3167 4213 3331 4265 stare.
3368 4224 3389 4259 ε
3417 4203 3678 4263 Confrin-

2082 4313 2207 4370 gam
2232 4297 2377 4365 illos,
2397 4313 2499 4355 nec
2516 4297 2792 4355 durabunt
2817 4298 3105 4355 adversum
3122 4314 3232 4357 me.
3257 4297 3457 4355 Cadent
3483 4297 3676 4353 subtus

2080 4388 2236 4461 pedes
2257 4405 2418 4444 meos.
2459 4389 2659 4447 Deictis
2683 4390 2789 4447 illis
2808 4432 2823 4459 ,
2850 4407 3163 4463 praeponam
3210 4405 3447 4457 amores,
3475 4391 3677 4462 quibus

2084 4481 2301 4536 ambulo
2327 4481 2381 4536 in
2403 4489 2689 4539 aeternum.
2728 4504 2747 4537 s

387 4577 545 4624 scunt
576 4587 589 4622 :
621 4568 947 4626 aeternitatis
970 4569 1167 4640 quippe
1195 4571 1419 4641 praemia
1437 4574 1817 4643 prrsstolantes
1843 4618 1858 4641 ,
1893 4577 1977 4631 vi-
2002 4609 2058 4675 Β
2155 4572 2225 4626 Et
2246 4576 2574 4647 prwcinxisti
2600 4591 2681 4630 me
2704 4579 2890 4631 virtute
2916 4577 2985 4631 ad
3011 4575 3221 4632 bellum.
3257 4595 3275 4629 t
3311 4576 3374 4631 Et
3402 4575 3677 4632 constrin.

388 4676 475 4716 res
503 4675 570 4716 ex
600 4660 1021 4719 adversitatibus
1048 4671 1288 4727 sumunt,
1321 4664 1447 4733 quia
1477 4673 1759 4721 crescente
1789 4682 1973 4740 pugna

388 4750 765 4822 gloriosiorem
799 4752 904 4808 sibi
934 4768 1045 4808 non
1084 4753 1369 4825 ambigunt
1414 4770 1639 4813 manere
1663 4759 1969 4817 victoriam.

391 4844 482 4900 Sic
513 4844 697 4918 itaque
730 4844 1028 4902 electorum
1055 4844 1325 4903 desideria
1350 4848 1481 4903 dum
1515 4859 1840 4919 premuntur
1873 4853 1975 4909 ad-

388 4936 646 4991 versitate
676 4977 691 5002 ,
718 4936 1013 5005 proficiunt
1030 4976 1047 5005 ,
1072 4936 1216 4993 sicut
1240 4936 1381 5007 ignis
1405 4935 1537 4995 flatu
1583 4941 1872 5011 premitur,
1912 4952 1975 5000 ut

389 5036 601 5084 crescat
631 5036 725 5096 ;et
746 5029 891 5087 unde
925 5028 1083 5102 quasi
1102 5028 1347 5101 extingui
1371 5030 1632 5098 cernitur,
1666 5032 1792 5090 inde
1820 5035 1977 5093 robo-

394 5131 565 5176 ratur.
605 5120 667 5176 ln
692 5136 762 5178 eo
803 5137 1039 5194 namque
1064 5122 1403 5180 ostendimus
1436 5164 1453 5190 ,
1478 5133 1685 5195 quanta
1706 5129 1775 5185 ad
1803 5128 1975 5185 Deum

392 5212 686 5284 cupiditate
706 5211 1020 5288 ﬂagramus,
1044 5215 1093 5273 si
1128 5229 1237 5273 non
1268 5215 1442 5273 solum
1461 5218 1532 5274 ad
1561 5234 1687 5274 eum
1710 5235 1809 5292 per
1829 5229 1979 5277 tran-

465 5405 490 5434 ι
522 5391 700 5448 Verba
726 5392 843 5451 haec
871 5412 885 5447 ε
913 5394 977 5449 ob
996 5379 1241 5475 [id
1263 5382 1754 5475 estob'bocquod]
1776 5401 1851 5455 eis
1871 5417 1998 5473 non,

393 5464 543 5553 toties.
554 5480 827 5553 pler-uenus
855 5481 965 5548 esse
988 5464 1185 5553 uideris
1202 5466 1401 5553 desunt
1423 5467 1477 5523 in
1505 5464 1685 5525 editis.

454 5536 493 5618 ,ιι
696 5534 988 5591 illuminas.
1012 5535 1081 5590 Et
1102 5549 1293 5592 revera
1318 5538 1572 5613 deinceps
1601 5542 1820 5613 repetit,
1849 5544 1972 5604 illu-

392 5606 649 5665 minsbis.

466 5688 489 5763 ξ
529 5672 699 5763 Ellis»
724 5694 904 5763 ςνεεαη·
935 5750 966 5763 _.
1044 5750 1057 5763 .

453 5748 491 5817 ,ιι
527 5749 697 5817 Edit.,
727 5748 1106 5807 tribulationis.

465 5831 491 5861 ο
513 5819 681 5886 Edit.,
704 5821 976 5878 servimus.

468 5888 490 5930 ί
516 5890 692 5949 Verba
706 5892 825 5950 haec
854 5892 1545 5972 :ceruos,spiritualesviros
1570 5898 1799 5973 appellat
1822 5919 1985 5977 prop-

2083 4663 2212 4719 xisti
2259 4663 2481 4721 fluentia
2506 4665 2773 4723 desideria
2818 4667 3001 4723 carnis
3028 4684 3185 4735 mete,
3235 4669 3432 4724 virtute
3455 4709 3473 4736 ,
3503 4683 3575 4724 ne
3617 4669 3675 4724 in

2080 4757 2176 4813 tali
2203 4773 2382 4830 pugna
2408 4760 2753 4831 praepedirer.
2785 4759 3150 4833 Supplantasti
3172 4763 3500 4835 insurgentes
3522 4762 3577 4816 in
3593 4776 3677 4815 me

2084 4849 2265 4905 subter
2289 4868 2391 4906 me.
2422 4851 2609 4922 Decipi
2635 4850 2811 4911 fecisti
2834 4869 2949 4920 eos,
2978 4854 3069 4926 qui
3100 4870 3187 4911 me
3225 4854 3676 4925 insequebantur,

2080 4949 2142 4999 ut
2162 4944 2349 5000 subter
2371 4958 2458 4999 me
2487 4944 2701 5012 ﬁerent,
2725 4946 2817 5017 qui
2844 4962 3011 5018 super
3039 4963 3127 5004 me
3157 4963 3277 5005 esse
3300 4949 3616 5019 cupiebant.
3650 4968 3670 5003 ι

2152 5037 2224 5093 Et
2243 5038 2482 5095 inimicos
2504 5057 2642 5095 meos
2662 5040 2852 5097 dedisti
2873 5041 3001 5097 mihi
3019 5040 3257 5098 dorsum.
3284 5060 3303 5094 ε
3328 5041 3395 5097 Et
3418 5040 3676 5098 inimicos

2082 5148 2234 5190 neos
2271 5135 2590 5191 convertisti
2611 5177 2627 5200 ,
2664 5144 2715 5192 et
2749 5134 2969 5192 dorsum
2999 5136 3133 5203 mibi
3161 5149 3256 5195 eos
3285 5134 3462 5193 fecisti
3499 5150 3625 5193 esse
3658 5151 3675 5201 ;

2080 5224 2252 5292 idest,
2268 5233 2329 5281 ut
2356 5234 2714 5298 sequerentur
2738 5243 2847 5285 me.
2879 5225 2948 5282 Et
2970 5226 3090 5283 odio
3104 5225 3352 5284 habentes
3372 5242 3476 5294 me,
3498 5226 3677 5300 perdi-

2083 5412 2163 5458 ter
2184 5401 2530 5488 alacritatem
2554 5402 2715 5459 ueloci
2756 5421 2913 5488 cursu
3071 5413 3158 5488 est
3182 5405 3238 5461 in
3263 5402 3461 5488 velocia
3483 5418 3675 5488 cursu,

2082 5490 2178 5547 seu
2192 5474 2237 5531 si
2252 5475 2355 5547 vis,
2372 5475 2557 5533 uelocis
2569 5492 2777 5547 cursus,
2788 5472 2995 5533 Claudii
3010 5484 3139 5533 sunt
3160 5491 3176 5531 :
3206 5472 3676 5547 rdiquanegorii

2084 5545 2265 5620 lllagni
2295 5547 2519 5620 allegati
2542 5563 2572 5620 a
2598 5546 2821 5620 Paterio
2851 5565 2917 5620 ex
2945 5547 3039 5605 lib.
3059 5564 3149 5609 xvs
3177 5544 3469 5604 Horatium
3492 5544 3674 5620 [lim

2082 5616 2332 5692 24,:al‘ias
2353 5616 2473 5692 cap.
2500 5616 2587 5692 l6,
2615 5618 2743 5692 olim
2769 5618 2881 5692 10.]

2162 5691 2189 5728 ⁸
2228 5687 2319 5770 Sic
2353 5687 2621 5756 Paterius,
2646 5690 2740 5746 sed
2765 5691 2822 5747 in
2846 5687 3066 5771 vulgato
3088 5690 3148 5748 S.
3172 5689 3425 5765 Gregorii
3448 5687 3595 5757 libro
3617 5689 3675 5747 in

2086 5776 2386 5817 superiora.
2746 5804 2751 5807 _

2220 5829 2363 5903 ﬁdit.
2396 5830 2678 5903 correptio.

2168 5902 2187 5944 ἱ
2221 5900 2369 5959 Edit.
2404 5900 2698 5959 solueretur
2718 5903 2837 5960 tibi.
