3940 6340
270 363 378 432 πη

914 350 1376 432 ΩΙΠΕΒΤῙΟΝΕΞ
1412 355 1566 422 XXX
1601 354 1832 418 SUPER

1968 348 2126 418 iROS
2161 348 2425 410 REGUM.
2455 378 2528 396 --
2558 347 2765 410 LIBER
2799 340 2871 409 Il.

3430 345 3540 422 ⁷18

214 543 218 548 ,
270 485 420 546 disti.
451 480 602 539 Alios
633 485 814 542 autem
841 493 1054 548 eorum,
1091 480 1186 552 qui
1215 479 1271 538 in
1308 478 1432 536 odio
1461 476 1849 549 perdurarunt,
1880 468 2028 538 AEt
2054 470 2251 532 nomini
2289 477 2382 526 tuo
2415 468 2660 543 psallam.
2696 468 2766 527 Et
2816 465 2983 534 latius
3027 467 3341 532 innotesces
3380 469 3548 548 hom

267 574 606 646 disperdisti.
649 593 670 626 ι

344 666 719 722 Clamaverunt
760 679 853 720 nec
897 673 1010 724 erat
1051 664 1144 736 qui
1191 661 1364 718 salvos
1411 660 1629 734 faceret.
1665 677 1686 714 ο
1719 655 1855 726 Quis

265 760 418 817 enim
445 757 626 814 salvos
663 755 905 822 faceret,
939 771 1076 826 quos
1112 763 1170 811 tu
1198 771 1307 812 non
1335 753 1586 810 faceres?
1609 751 1693 809 Ad
1738 751 1856 810 Do-

262 853 472 906 minum
501 865 594 910 nec
631 847 899 902 exaudivit
937 863 1044 904 eos.
1079 846 1191 904 Nec
1218 847 1286 904 ad
1321 844 1638 918 quemlibet,
1669 844 1764 900 sed
1788 844 1856 902 ad

263 943 558 998 Dominum
596 939 996 1006 clamaverunt,
1026 953 1130 994 nec
1170 936 1516 998 exauditione
1557 935 1747 1008 dignos
1768 932 1854 1007 ju-

264 1036 473 1091 dicabit
501 1049 610 1090 non
642 1032 957 1092 recedentes
985 1045 1018 1094 a
1050 1029 1259 1088 malitia
1298 1045 1417 1086 sua.
1457 1050 1477 1082 ι

339 1127 410 1182 Et
441 1124 794 1182 comminuam
839 1121 960 1176 illos
983 1163 1001 1189 ,
1048 1131 1105 1178 ut
1124 1119 1385 1194 pulverem
1412 1121 1574 1192 juxta
1603 1132 1630 1166 ι
1663 1119 1854 1192 faciem

269 1220 434 1275 venti.
479 1236 497 1269 ι
528 1216 598 1272 Et
623 1215 988 1276 comminuam
1016 1213 1139 1270 illos
1172 1232 1185 1268 :
1216 1213 1354 1269 aridi
1382 1213 1526 1270 enim
1552 1219 1700 1280 sunt,
1744 1225 1854 1268 non

267 1309 598 1379 recipientes
639 1305 870 1366 imbrem
898 1303 1290 1364 misericordia:
1318 1302 1455 1370 Dei,
1493 1311 1553 1358 ut
1592 1301 1761 1369 elati,
1797 1310 1855 1358 et

267 1405 444 1461 inﬂati
474 1403 726 1474 superbia
753 1403 823 1458 ab
850 1416 945 1472 spe
965 1400 1143 1468 ﬁrma,
1162 1409 1219 1456 et
1244 1401 1564 1458 inconcussa
1591 1408 1854 1469 tanquam

266 1507 436 1556 terra:
475 1496 765 1561 soliditate,
797 1503 856 1550 et
897 1494 1194 1556 stabilitate
1220 1495 1520 1566 rapiantur.
1573 1493 1640 1548 Ut
1679 1493 1852 1550 lutum

265 1593 568 1664 platearum
592 1589 773 1650 delebo
799 1606 908 1646 eos.
935 1588 1042 1646 Per
1090 1588 1230 1646 latas
1262 1629 1278 1656 ,
1315 1604 1453 1660 quas
1479 1587 1636 1646 multi
1662 1588 1852 1644 ambu-

266 1684 407 1751 lant,
427 1682 742 1757 perditionis
755 1682 890 1750 vias,
916 1681 1272 1746 luxuriantes.
1303 1689 1358 1740 et
1383 1682 1625 1738 lubricos
1653 1679 1847 1736 delebo

264 1795 386 1836 eos.
418 1799 438 1833 D

340 1870 512 1926 Erues
540 1885 622 1926 me
651 1867 716 1924 de
737 1867 1232 1926 contradictionibus
1259 1865 1456 1940 populi.
1495 1883 1517 1918 ο
1549 1865 1723 1922 Erues
1764 1877 1852 1920 me
1879 1856 1928 1918 B

267 1960 337 2016 de
367 1960 882 2017 contradictionibus
916 1975 1124 2026 eorum,
1159 1960 1254 2030 qui
1287 1959 1582 2014 dixerunt:
1610 1957 1669 2013 Si
1693 1957 1852 2014 dimi-

267 2053 506 2110 serimus
520 2068 643 2108 eum
659 2054 837 2112 vivum
855 2051 1081 2118 b.0mne
1105 2051 1360 2108 saeculum
1384 2058 1507 2120 post
1525 2064 1647 2106 eum
1676 2050 1793 2106 ibit.
1827 2069 1848 2104 ι

343 2143 637 2199 Constituet
666 2161 747 2198 me
774 2142 830 2200 in
853 2153 1008 2215 caput
1032 2143 1283 2215 gentium.
1312 2141 1554 2214 Populus
1571 2158 1724 2214 quem
1749 2157 1855 2198 non

269 2235 492 2306 cognovi
525 2275 542 2300 ,
571 2246 595 2274 ο
623 2235 807 2290 serviet
833 2234 981 2290 mihi.
1015 2253 1035 2286 ι
1083 2234 1321 2305 Populus
1347 2235 1588 2307 gentium
1617 2275 1632 2299 ,
1689 2248 1853 2304 quem

268 2325 541 2396 corporali
568 2325 854 2397 praesentia
894 2341 1003 2382 non
1030 2326 1248 2382 visitavi
1279 2365 1294 2392 ,
1327 2326 1552 2381 servivit
1597 2325 1752 2380 mihi.
1779 2323 1849 2380 In

269 2417 527 2474 obauditu
573 2417 718 2474 auris
757 2416 979 2474 obedivit
1017 2417 1165 2472 mihi.
1195 2417 1307 2474 Nec
1333 2419 1506 2476 oculis
1555 2433 1642 2474 me
1693 2418 1850 2484 vidit,

270 2512 372 2568 sed
400 2512 666 2583 recipiens
701 2511 1089 2584 praedicatores
1117 2527 1268 2569 meos
1296 2513 1352 2570 iu
1396 2512 1657 2570 obaudltu
1705 2513 1854 2569 auris

268 2605 549 2662 obaudivit
576 2605 731 2661 mihi.
769 2624 788 2660 ι

342 2696 474 2752 Filii
512 2696 672 2753 alieni
695 2697 900 2754 mentiti
921 2706 1044 2753 sunt
1065 2696 1212 2754 mihi.
1258 2715 1278 2750 ε
1310 2694 1434 2753 Filii
1480 2712 1590 2753 non
1628 2696 1737 2752 mei
1767 2696 1852 2752 di-

269 2790 455 2856 cendi,
481 2789 574 2844 sed
598 2789 779 2860 potius
797 2788 980 2854 alieni,
998 2788 1195 2860 quibus
1218 2799 1368 2843 recte
1391 2787 1588 2843 dicitur
1615 2805 1628 2842 ε
1670 2786 1768 2842 Vos
1789 2803 1855 2842 em

269 2891 419 2954 patre
438 2880 648 2936 diabolo
668 2883 810 2947 estis,
841 2881 1039 2936 mentiti
1065 2891 1185 2937 sunt
1207 2881 1352 2936 mihi.
1377 2879 1505 2936 Filii
1527 2879 1687 2942 alieni
1707 2880 1853 2935 inve-

271 2984 590 3032 teraverunt.
630 2974 752 3029 Filii
792 2974 973 3037 alieni.
1006 2975 1202 3044 quibus
1231 2982 1292 3028 ut
1319 2981 1733 3038 renovarentur,
1755 2989 1855 3034 no-

271 3083 400 3124 vum
439 3076 821 3126 testamentum
849 3066 1026 3134 attuli,
1059 3067 1114 3122 in
1145 3065 1170 3106 d
1200 3074 1437 3122 veterem
1465 3065 1740 3120 hominem
1767 3079 1854 3126 re-

275 3167 615 3214 manserunt.
647 3158 718 3212 Et
749 3157 1174 3214 claudicaverunt
1201 3175 1234 3211 a
1265 3156 1463 3212 semitis
1487 3156 1617 3212 suis.
1639 3155 1707 3210 Et
1737 3164 1854 3212 tan-

1950 562 2212 635 operibus
2248 561 2405 626 meis,
2439 581 2483 640 s_

2022 654 2373 727 Magniﬁcam
2413 654 2609 716 solum
2668 654 2802 728 regis
2830 654 3017 728 ipsius.
3052 673 3073 716 ι
3109 655 3256 718 Deus
3293 656 3389 729 qui
3415 673 3538 720 ma-

1953 746 2196 820 gniﬁcat,
2235 755 2296 804 ut
2323 747 2718 816 admirabilem,
2741 746 2907 810 faciat
2959 747 3164 812 salutes
3187 788 3206 818 ,
3235 764 3378 822 quas
3422 750 3546 824 eius

1953 841 2096 898 ﬁlius
2158 841 2253 897 dat
2315 843 2682 906 credentibus.
2741 842 2810 898 Et
2859 843 3058 916 faciens
3116 842 3540 908 misericordiam

1956 934 2164 991 Christo
2188 952 2308 993 suo.
2350 935 2496 993 Deus
2535 936 2630 1008 qui
2682 935 2816 1000 facit
2854 935 3285 998 misericordiam
3320 935 3542 1006 Christo

1954 1044 2074 1085 suo.
2102 1027 2296 1094 David,
2327 1037 2375 1084 et
2399 1028 2513 1084 seni
2533 1029 2651 1100 ejus
2688 1045 2853 1101 usque
2878 1028 2936 1083 in
2955 1027 3225 1088 steculum.
3266 1028 3380 1101 Ipsi.
3401 1027 3541 1090 iibe-

1968 1119 2141 1176 ratori
2166 1135 2328 1175 manu
2352 1119 2577 1191 potenti,
2595 1119 2688 1190 qui
2717 1120 2849 1176 vicit
2872 1120 3019 1176 hunc
3047 1120 3333 1192 mundum,
3373 1129 3433 1186 et
3459 1121 3544 1190 eis

1967 1219 2016 1281 ε,
2045 1226 2182 1282 quos
2208 1211 2265 1268 in
2291 1196 2572 1283 evangelio
2626 1211 2810 1283 genuit
2830 1212 2886 1266 in
2909 1218 3193 1270 aeternum.
3234 1231 3257 1270 ι

2029 1344 2050 1378 ι
2085 1327 2449 1396 Quaecumque
2475 1325 2531 1380 in
2558 1325 2662 1382 hoc
2687 1323 2903 1381 Psalmo
2929 1325 3074 1382 dicta
3096 1331 3242 1395 sunt,
3277 1341 3400 1398 quae
3428 1326 3538 1399 ipsi

1953 1432 2063 1474 non
2098 1417 2319 1489 preprie
2343 1416 2571 1472 Domino
2603 1456 2620 1483 ,
2653 1417 2708 1472 id
2735 1425 2823 1473 est
2874 1418 3041 1488 capiti
3072 1417 3330 1475 Ecclesiae.
3354 1459 3372 1488 ,
3401 1434 3538 1476 cori-

1955 1526 2153 1583 gruere
2174 1519 2442 1582 possunt,
2470 1511 2538 1566 ad
2557 1509 2858 1568 Ecclesium
2879 1511 3164 1569 referenda
3192 1521 3337 1570 sunt.
3371 1514 3544 1572 Totus

1953 1603 2102 1658 enim
2117 1601 2368 1659 Christus
2399 1602 2488 1657 hic
2509 1601 2772 1673 loquitur,
2800 1602 2857 1659 in
2884 1618 2994 1675 quo
3014 1613 3142 1662 sunt
3163 1607 3346 1663 omnia
3367 1621 3539 1663 mem-

1953 1693 2055 1748 bra
2077 1692 2216 1763 ejus.
2252 1715 2271 1749 ι

2027 1802 2114 1876 (II
2136 1803 2265 1877 Reg.
2297 1822 2413 1877 cap.
2446 1821 2614 1872 χχιιι,
2648 1804 2727 1877 i.)
2751 1802 2882 1859 Haec
2918 1813 3094 1860 autem
3113 1816 3234 1862 sunt
3257 1807 3412 1863 verba
3435 1825 3536 1865 no-

1955 1898 2190 1964 vissima,
2222 1913 2340 1970 qua:
2366 1898 2498 1953 dixit
2513 1898 2690 1953 David
2707 1897 2853 1968 ﬁlius
2879 1897 3013 1954 Isai.
3043 1901 3223 1958 Verba
3248 1902 3545 1959 novissima

1957 1988 2128 2044 David
2155 2003 2259 2044 non
2289 1988 2522 2045 ﬁnienda
2552 1989 2684 2044 dicit
2715 2031 2730 2056 ,
2758 1990 2854 2045 sed
2878 1989 3227 2061 perﬁcienda,
3265 2010 3373 2050 non
3413 2010 3544 2051 con-

1957 2083 2244 2148 sumenda,
2269 2082 2362 2137 sed
2393 2097 2513 2152 quae
2533 2081 2746 2138 cunctis
2784 2081 3032 2140 fidelibus
3049 2084 3405 2156 perfectionis
3427 2087 3544 2160 ple-

1956 2175 2256 2231 nitudinem
2283 2175 2585 2232 conferant.

2030 2285 2211 2359 (Vers.
2239 2287 2317 2361 2.)
2351 2287 2586 2361 Spiritus
2610 2288 2829 2345 Domini
2849 2289 3055 2348 locutus
3081 2302 3155 2350 est
3186 2294 3215 2335 ιι
3245 2313 3403 2369 super
3437 2315 3544 2370 me,

1954 2390 2004 2436 et
2031 2399 2201 2438 sermo
2236 2383 2351 2452 eius
2390 2401 2482 2455 per
2521 2383 2755 2455 linguam
2789 2401 2980 2444 meam.
3013 2384 3277 2459 Spiritum
3307 2391 3543 2459 Domini,

1957 2469 2220 2544 Spiritum
2262 2471 2520 2529 Sanctum
2549 2473 2682 2530 dicit
2713 2493 2725 2530 :
2759 2489 2942 2532 sermo
2964 2476 3062 2533 Dei
3095 2476 3346 2537 Christus
3369 2480 3542 2538 Filius

1956 2564 2055 2620 Dei
2085 2565 2372 2637 accipitur,
2415 2567 2531 2638 ipse
2555 2566 2702 2624 enim
2738 2567 2992 2628 Christus
3032 2580 3118 2628 est
3147 2572 3402 2634 Christus
3443 2577 3546 2636 Dei

1956 2655 2145 2714 Jacob.

2029 2769 2212 2843 (Vera.
2245 2771 2324 2845 6.)
2354 2770 2797 2833 Prtevaricatores
2823 2786 2997 2832 autem
3017 2779 3174 2851 quasi
3213 2780 3378 2852 spinae
3407 2777 3544 2837 evel-

1957 2862 2130 2920 lentur
2154 2866 2400 2921 universi.
2447 2867 2898 2926 Praevaricatores
2934 2868 3106 2926 Judaei
3125 2912 3141 2938 ,
3175 2879 3338 2943 atque
3367 2873 3544 2930 haere-

1958 2954 2052 3012 tici
2073 2965 2203 3015 sunt
2237 2957 2388 3014 velut
2425 2960 2594 3031 spina:
2629 2963 2696 3017 de
2720 2962 2985 3027 Ecclesia,
3013 2980 3135 3034 quae
3173 2973 3258 3022 est
3289 2974 3438 3021 terra
3469 2969 3544 3023 vi-

1956 3049 2201 3106 ventium
2232 3091 2250 3118 ,
2276 3051 2450 3108 avulsi
2480 3093 2496 3120 ,
2538 3060 2705 3124 atque
2730 3062 2936 3113 aeterno
2972 3055 3226 3114 incendio
3272 3058 3544 3116 combusti

1959 3141 2234 3210 peribunt.

273 3265 439 3319 quam
471 3264 578 3306 uno
598 3249 734 3320 pede
755 3248 978 3314 debiles,
1011 3249 1137 3318 quia
1168 3256 1324 3303 vetus
1343 3255 1588 3304 tenentes
1614 3287 1630 3313 ,
1653 3262 1854 3304 novum
1882 3229 1929 3294 (ἶ
2035 3249 2216 3322 (Vera.
2257 3251 2339 3324 8.)
2394 3251 2526 3307 Htec
2581 3253 2796 3308 nomina
2834 3253 3053 3324 fortium
3098 3253 3272 3310 David
3305 3269 3325 3308 :
3356 3256 3544 3316 sedens

275 3348 660 3400 testamentum
688 3348 1032 3408 respuerunt,
1064 3339 1241 3394 claudi
1282 3337 1460 3394 effecti
1501 3346 1646 3402 sunt,
1689 3338 1853 3394 etiam

275 3431 330 3485 in
362 3431 480 3502 ipsa
498 3431 668 3486 veteri
690 3430 807 3502 lege
834 3430 1014 3501 potius
1040 3445 1167 3485 suas
1200 3430 1519 3486 traditiones
1540 3440 1855 3501 sequentes,

274 3518 440 3601 quam
471 3529 586 3586 Dei.
641 3527 853 3601 (Matth.
884 3544 976 3594 xv,
1003 3527 1058 3598 ‘2)
1105 3526 1590 3583 Calumniabantur
1618 3528 1766 3582 enim
1789 3528 1857 3584 de

277 3622 530 3678 manibus
552 3637 657 3676 non
683 3621 806 3677 lotis
836 3661 852 3686 ,
890 3621 1017 3692 quia
1049 3620 1184 3676 tales
1219 3627 1376 3675 erant
1418 3621 1628 3676 semitae
1654 3663 1671 3688 ,
1719 3638 1858 3692 quas

278 3714 383 3786 ipsi
412 3714 672 3778 fecerant,
721 3722 776 3769 et
818 3714 1205 3770 consuetudine
1233 3713 1520 3781 triverant,
1551 3716 1856 3774 aberrando

277 3807 346 3862 ab
384 3817 408 3846 θ
439 3807 632 3861 itinere
652 3813 1042 3875 praeceptorum
1070 3805 1186 3860 Dei.
1216 3825 1234 3858 ι

358 3898 496 3952 Vivit
524 3897 781 3952 Dominus
809 3938 824 3964 ,
855 3907 900 3952 et
927 3897 1224 3952 benedictus
1255 3896 1398 3952 Deus
1427 3914 1595 3954 meus.
1633 3915 1652 3949 t
1681 3895 1854 3969 (Rom.

278 4007 401 4056 vm,
431 3989 488 4054 6)
541 3989 850 4045 Secundum
874 3997 1054 4044 autem
1085 4003 1303 4044 carnem
1336 4004 1548 4058 sapere,
1576 4003 1724 4044 mors
1751 3996 1856 4043 est.

289 4082 429 4139 Vivit
459 4082 738 4149 Dominus,
760 4090 808 4136 et
828 4080 1126 4137 benedictus
1150 4080 1292 4136 Deus
1315 4097 1480 4135 meus.
1507 4080 1577 4134 Et
1602 4078 1862 4134 exaltetur

278 4174 426 4230 Deus
447 4173 636 4229 salutis
663 4189 811 4228 meae.
837 4171 907 4227 Et
955 4187 1061 4226 non
1112 4179 1326 4227 terrena
1383 4170 1772 4227 consuetudine
1795 4171 1861 4226 de

279 4268 396 4323 Deo
428 4266 622 4323 salutis
648 4281 781 4322 mea:
814 4263 1046 4320 sentiam
1081 4282 1092 4316 :
1128 4279 1230 4319 nec
1261 4271 1533 4320 terrenam
1561 4263 1735 4334 ipsam
1764 4278 1852 4318 sa-

277 4358 472 4423 lutem,
503 4355 599 4414 sed
637 4357 692 4412 in
721 4356 938 4413 excelso
959 4356 1025 4410 de
1054 4355 1145 4409 illo
1169 4371 1401 4426 sperem.
1441 4376 1460 4409 ι

355 4447 496 4504 Deus
538 4448 627 4522 qui
679 4447 777 4503 das
818 4446 1097 4501 vindictam
1130 4446 1256 4500 mihi
1283 4486 1300 4512 ,
1346 4457 1394 4502 et
1435 4447 1613 4503 subdis
1643 4447 1860 4519 populos

1959 3344 2016 3397 in
2035 3342 2286 3397 cathedra
2307 3343 2726 3413 sapientissimus
2752 3345 2992 3416 princeps
3017 3346 3154 3400 inter
3181 3356 3306 3416 tres,
3332 3349 3441 3420 ipse
3465 3357 3546 3406 est

1958 3434 2110 3506 quasi
2135 3435 2449 3488 tenerrimus
2469 3433 2600 3505 ligni
2627 3434 2959 3501 vermiculus,
2989 3437 3082 3509 qui
3117 3439 3438 3510 octingentos
3465 3442 3549 3496 in-

1958 3527 2163 3598 terfecit
2184 3527 2377 3598 impetu
2412 3544 2536 3581 uno.
2571 3530 2587 3570 ί
2620 3527 2740 3584 Non
2769 3528 2980 3586 Gesbaa
3007 3569 3022 3595 ,
3057 3528 3070 3579 i
3105 3537 3166 3584 ut
3189 3532 3412 3602 quidam
3452 3549 3547 3605 pu-

1958 3630 2098 3688 tant,
2126 3622 2220 3678 sed
2240 3623 2356 3692 ipse
2383 3622 2555 3678 David
2578 3631 2663 3684 est
2692 3623 2870 3680 dictus
2884 3625 3039 3694 quasi
3071 3627 3387 3681 tenerrimus
3408 3626 3542 3700 ligni

1959 3713 2292 3770 vermiculus.
2315 3714 2451 3770 «Per
2474 3730 2636 3785 quem
2661 3716 2832 3771 virtus
2859 3717 3019 3771 simul
3046 3715 3253 3782 bellica,
3274 3727 3328 3773 et
3354 3718 3543 3774 mode-

1962 3817 2049 3862 sta
2082 3807 2185 3862 viri
2212 3807 2524 3877 designatur
2549 3807 2800 3863 civilitas.
2818 3807 2953 3874 Quia
2971 3808 3221 3864 videlicet
3247 3811 3389 3864 sicut
3415 3824 3542 3864 ver-

1960 3899 2192 3953 miculus
2219 3898 2348 3968 ligni
2384 3907 2535 3953 tener
2562 3899 2803 3968 quidem,
2832 3906 2887 3951 et
2904 3899 3113 3969 fragilis
3160 3907 3275 3954 toto
3302 3915 3400 3956 suo
3422 3916 3547 3957 cor-

1958 4007 2092 4062 pore
2116 4031 2130 4058 ,
2167 4007 2266 4046 nec
2293 4006 2400 4045 non
2425 3999 2483 4046 et
2521 3990 2866 4061 permodicus
2897 4001 3123 4063 apparet
3147 4034 3162 4061 ,
3192 3994 3550 4055 nihilominus

1960 4091 2144 4138 tamen
2173 4083 2530 4138 fortissimum
2563 4083 2690 4154 ligni
2731 4083 2898 4139 robur
2927 4086 3167 4141 exedens
3197 4127 3214 4155 ,
3249 4090 3547 4160 consumit,

1961 4184 2016 4230 et
2045 4175 2319 4230 cariosum
2349 4175 2546 4230 reddit.
2584 4174 2735 4231 Unde
2769 4191 2800 4230 a
2845 4177 3071 4232 terendo
3114 4177 3258 4250 ligna
3285 4222 3300 4247 ,
3327 4183 3547 4240 terede-

1963 4268 2050 4324 nis
2079 4283 2276 4324 nomen
2301 4269 2464 4325 habet
2493 4286 2506 4322 :
2540 4268 2620 4324 sic
2647 4268 2736 4324 ille
2767 4268 2995 4326 aﬂ‘abilis
3018 4272 3272 4330 omnibus
3303 4275 3468 4343 domi,
3492 4283 3548 4333 et

1963 4365 2182 4434 quietus
2204 4405 2220 4429 ,
2267 4370 2431 4432 atque
2477 4362 2699 4417 humilis
2737 4363 3046 4431 videbatur,
3079 4375 3135 4420 at
3163 4367 3218 4422 in
3247 4369 3546 4426 certamine

1963 4455 2180 4524 publico
2205 4455 2485 4508 robustum
2513 4467 2571 4507 se
2602 4492 2616 4519 ,
2649 4460 2813 4524 atque
2850 4454 3246 4512 intolerabilem
3288 4458 3540 4516 hostibus

277 4542 376 4599 sub
405 4559 506 4597 me.
539 4559 557 4593 ί
592 4541 735 4598 Deus
761 4541 854 4612 qui
883 4541 1124 4596 vindicas
1155 4556 1241 4594 me
1265 4580 1278 4606 ,
1317 4540 1596 4598 subdendo
1642 4543 1741 4596 sub
1770 4558 1858 4599 me
1886 4603 1938 4620 ﬁ
1965 4545 2274 4599 exhibebat.
2313 4564 2330 4595 ι
2360 4543 2666 4598 Absurdum
2697 4560 2806 4600 non
2822 4547 3069 4612 est,uthi
3102 4557 3212 4603 tres
3240 4551 3545 4620 fortissimi,

277 4634 528 4707 populos.
560 4633 832 4688 Liberator
861 4649 1006 4694 meus
1032 4630 1096 4686 de
1117 4631 1341 4685 inimicis
1368 4632 1494 4686 meis
1523 4673 1538 4699 ,
1569 4631 1856 4688 clamanti-
1886 4603 1940 4665 D
1967 4636 2134 4692 David
2157 4677 2172 4704 ,
2199 4646 2256 4691 et
2281 4637 2521 4701 Eleazar,
2553 4647 2608 4692 et
2635 4635 2832 4693 Samae
2850 4680 2865 4705 ,
2889 4639 3260 4710 intelligantur
3281 4603 3544 4714 Trinitas;

279 4730 406 4794 bus,
427 4725 696 4798 cruci/ige,
721 4723 988 4794 cruci/iga,
1018 4720 1236 4782 ludatis.
1263 4740 1282 4776 ι

355 4820 431 4874 Ab
456 4818 840 4891 insurgentibus
870 4817 925 4871 in
955 4833 1034 4870 me
1079 4813 1335 4878 exultabis
1369 4831 1470 4870 me.
1519 4834 1538 4869 ί
1572 4815 1615 4872 Δ
1664 4817 1861 4888 quibus

277 4913 483 4969 Iudaeis
509 4911 910 4983 insurgentibus
937 4910 992 4964 in
1015 4922 1102 4964 me
1122 4907 1440 4978 patientem,
1468 4909 1734 4968 exultabis
1774 4928 1862 4968 me

277 5015 674 5079 resurgentem.
707 5005 750 5059 Α
777 5005 888 5059 viro
931 5002 1109 5074 iniquo
1135 5018 1283 5058 erues
1317 5017 1398 5056 me
1428 5015 1446 5054 :
1482 5002 1531 5058 Α
1575 5019 1742 5076 regno
1771 5022 1864 5062 eo-

278 5118 403 5157 rum
437 5100 622 5170 iniquo
653 5098 672 5140 ί
702 5098 902 5168 eripies
932 5113 1039 5153 me.
1079 5119 1097 5152 ι
1551 5091 1554 5094 ’

356 5193 643 5264 Propterea
659 5192 1050 5262 conﬁtebortibi
1065 5193 1120 5248 in
1139 5194 1400 5265 gentibus,
1422 5193 1664 5252 Domine.
1690 5212 1709 5245 ‹
1729 5193 1861 5249 Pro-

277 5297 473 5359 pterea
515 5285 610 5340 tibi
656 5299 755 5355 per
794 5299 882 5339 me
921 5283 1323 5342 conﬁtebuntur
1349 5294 1538 5360 gentes
1567 5327 1580 5354 ,
1613 5285 1857 5343 Domine.

355 5411 382 5439 ⁸
408 5398 579 5463 Edit.,
613 5406 756 5450 ante.

354 5469 382 5509 1³
410 5469 572 5524 Joan.
599 5483 675 5533 ιι,
704 5467 795 5523 48.
820 5465 878 5522 In
909 5466 1068 5523 editis
1087 5468 1261 5535 deest,
1290 5471 1480 5525 vivum.

354 5551 378 5579 ε
404 5540 578 5623 _Edit.,
599 5538 826 5594 serviniL
859 5539 1069 5594 Revera
1099 5539 1153 5593 in
1173 5540 1533 5611 explicatione
1575 5541 1808 5597 habetur
1834 5559 1847 5598 :

274 5619 509 5668 servivit.

354 5681 382 5721 ἀ
410 5681 579 5746 Ειιὶι.,
604 5681 658 5734 in
680 5689 845 5735 vetere
867 5681 1092 5737 homine.

359 5765 386 5794 ο
413 5752 584 5818 Edit.,
603 5751 898 5808 itineribus.

358 5825 378 5864 ί
408 5824 579 5889 Είὶὶιο,
611 5839 784 5880 emes.

360 5897 388 5937 ε
405 5893 578 5962 Edit.,
600 5910 733 5968 quos
768 5896 1036 5955 credentes
1069 5895 1382 5968 Evangelia.

1966 4729 2110 4784 Deus
2128 4728 2290 4784 Pater
2317 4771 2330 4795 ,
2357 4737 2412 4784 et
2433 4728 2602 4784 Filius
2633 4771 2648 4796 ,
2674 4736 2729 4785 et
2759 4729 2993 4801 Spiritus
3018 4741 3239 4788 sanctus
3269 4752 3283 4787 :
3315 4735 3382 4790 ad
3411 4751 3544 4806 quo-

1965 4840 2084 4879 rum
2115 4825 2480 4895 aequalitatem
2499 4825 2679 4879 cteteri
2705 4822 2984 4878 fortissimi
3017 4840 3122 4879 non
3152 4840 3545 4896 pervenerunt.

1969 4915 2150 4990 (νοτε.
2182 4917 2270 4983 14,
2297 4915 2430 4988 etc.)
2462 4935 2480 4967 ι
2500 4916 2631 4971 item
2647 4917 2674 4955 ¹ι
2704 4916 2819 4985 ipse
2835 4916 3003 4970 David
3028 4916 3081 4970 in
3103 4917 3290 4986 prazlio
3309 4919 3542 4978 Philisti-

1970 5023 2165 5064 norum
2203 5023 2327 5066 cum
2353 5008 2545 5063 sitiens
2589 5014 2900 5063 versaretur
2944 5005 3000 5060 in
3031 5006 3173 5061 bello
3202 5049 3218 5074 ,
3250 5015 3306 5064 et
3337 5024 3534 5080 aquam

1967 5111 2234 5173 quaereret
2263 5120 2276 5155 :
2321 5101 2452 5167 Quis
2481 5101 2608 5155 mihi
2635 5108 2813 5170 potum
2837 5099 3006 5165 dabit,
3052 5102 3147 5167 ait,
3179 5103 3244 5157 de
3281 5102 3423 5172 lacu,
3454 5108 3547 5179 qui

1966 5201 2042 5245 est
2098 5193 2154 5245 in
2187 5191 2491 5246 Bethleem?
2525 5190 2593 5245 Et
2611 5190 2699 5247 .ad
2725 5197 2912 5260 portas
2945 5198 3064 5246 erat
3102 5192 3206 5249 iter
3249 5195 3541 5254 cisternae:

1967 5291 2023 5340 et
2048 5281 2216 5338 David
2247 5280 2265 5321 ι
2292 5280 2587 5337 interfusus
2620 5281 2868 5340 hostibus
2889 5322 2906 5347 ,
2937 5290 3137 5340 etcum
3165 5287 3346 5344 media
3373 5289 3545 5347 hosti-

2031 5399 2065 5440 ιι
2089 5396 2319 5467 Vulgata
2347 5414 2359 5450 :
2393 5411 2485 5466 per
2517 5411 2616 5450 me.

2036 5471 2054 5510 ί
2085 5466 2522 5548 Hmc‘comparesn
2540 5482 2664 5521 cum
2687 5466 2773 5532 iis,
2803 5477 2923 5548 qua}
2943 5467 3340 5548 tradidit__Beda
3363 5471 3543 5548 [quag.

1958 5540 2132 5596 stione
2170 5539 2226 5611 9]
2268 5548 2319 5593 et
2349 5537 2636 5611 manifesto
2681 5539 2974 5608 perspicies
3018 5539 3302 5600 Claudium
3343 5537 3418 5602 ea
3465 5563 3538 5606 ex

1963 5608 2396 5683 praeclarissimo
2408 5609 2530 5683 hoc_
2544 5608 2764 5683 doctore
2794 5611 3090 5682 excepisse.

2039 5679 2052 5731 i
2093 5682 2340 5736 Jesbaam
2364 5678 2485 5733 Par.
2511 5679 2551 5744 1,
2584 5696 2662 5743 1x,
2688 5680 2772 5733 Η.

1967 5824 1980 5837 .
2037 5751 2064 5791 ιι
2091 5751 2327 5837 isidorus
2370 5750 2510 5822 [cap.
2551 5750 2606 5816 4,
2637 5751 2690 5804 in
2738 5751 2833 5807 lib.
2875 5750 2920 5806 ll
2958 5752 3124 5827 Reg]
3168 5755 3541 5828 subsequentia

1967 5833 2433 5950 inquinent...“
2459 5891 2745 5965 legendum
2765 5893 3026 5951 arbitror.
