3940 6340
397 361 504 430 719

1477 356 1756 420 CLAUDII
1793 351 2258 415 TAURINENSIS
2296 349 2604 415 EPISCOPI

3563 346 3693 412 ἰω

396 487 532 543 lium
549 485 835 542 cinxerant
860 458 1014 556 septa
1050 456 1380 542 castrorum.
1413 493 1443 524 ι
1470 479 1845 537 Praeciderunt
1866 484 1979 532 tres
2008 475 2064 537 Α
2153 474 2337 548 (Vera.
2370 476 2461 544 16,
2511 476 2644 548 etc.)
2671 472 2756 530 Ad
2783 472 2927 530 hanc
2947 471 3159 545 'aquam
3203 469 3564 529 hauriendam
3605 474 3704 530 ir—

398 577 502 634 viri
561 577 966 634 multitudinem
1020 576 1461 633 adversariorum
1492 615 1508 642 ,
1572 580 1629 628 et
1682 571 1987 627 hauserunt

397 685 594 742 aquam
616 670 682 726 de
703 670 844 735 lacu,
883 669 976 740 qui
995 675 1116 726 erat
1160 669 1216 724 in
1242 666 1521 724 Bethleem
1541 705 1558 732 ,
1589 674 1645 720 et
1673 661 1988 720 obtulerunt

399 745 517 834 regi
538 761 849 826 bibendam,
879 760 975 816 sed
1011 775 1108 815 rex
1133 758 1309 815 noluit
1328 757 1518 814 bibere
1550 797 1565 823 ,
1596 764 1653 810 et
1676 753 1706 795 ιι
1740 751 1987 824 profudit

398 850 545 905 illam
586 851 813 906 Domino
847 869 860 905 :
902 850 1137 924 dixitque
1167 893 1185 918 ,
1243 867 1349 906 non
1394 849 1665 918 contingat
1720 845 1849 900 mihi
1889 844 1987 897 hoc

402 946 598 1008 facere,
630 951 686 996 ut
711 944 1022 1015 sanguinem
1045 943 1294 1006 uirorum,
1326 942 1418 1014 qui
1444 941 1686 996 abierunt
1707 949 1757 1004 ο,
1785 953 1851 992 ex
1871 937 1988 990 ani-

400 1038 496 1088 mis
530 1021 742 1090 illorum
783 1035 974 1090 bibam.
1025 1034 1169 1090 Vicit
1213 1050 1346 1107 ergo
1379 1043 1628 1088 naturam
1659 1072 1673 1096 ,
1707 1038 1768 1085 ut
1795 1030 1988 1085 sitiens

401 1147 504 1180 um
543 1128 772 1193 biberet,
801 1137 857 1183 et
879 1127 1186 1199 exemplum
1209 1127 1275 1182 de
1295 1141 1355 1182 se
1387 1125 1619 1197 praebuit
1640 1164 1654 1188 ,
1680 1139 1788 1193 quo
1810 1121 1988 1178 omnis

401 1219 674 1274 exercitus
697 1218 929 1274 tolerare
952 1219 1097 1273 sitim
1120 1218 1376 1272 disceret.
1407 1215 1561 1283 Quod
1578 1215 1625 1270 si
1658 1213 1822 1268 altius
1850 1211 1988 1267 velis

400 1321 670 1382 spectare,
697 1321 751 1367 et
774 1311 1134 1380 introspicere
1164 1308 1505 1381 mysterium,
1539 1306 1760 1363 sitiebat
1792 1302 1986 1368 David,

400 1419 508 1459 non
539 1419 736 1472 aquam
777 1418 898 1474 quae
923 1409 1010 1457 est
1035 1403 1090 1456 in
1119 1400 1398 1457 Bethleem
1423 1439 1439 1466 ,
1473 1399 1571 1455 sed
1617 1396 1909 1453 oriundum
1933 1394 1990 1448 in

398 1495 591 1551 eadem
644 1493 921 1550 Bethleem
969 1508 1039 1548 ex
1088 1492 1311 1562 Virgine
1366 1489 1644 1546 Christum
1699 1488 1756 1542 in
1792 1485 1986 1557 spiritu

403 1584 753 1659 praevidebat.
793 1584 937 1656 Ergo
962 1582 1185 1639 volebat
1208 1582 1418 1648 bibere,
1447 1595 1559 1635 non
1585 1592 1783 1649 aquam
1813 1574 1991 1630 ﬂumi-

400 1680 509 1744 nis,
548 1679 642 1733 sed
659 1676 934 1732 lavacrum
964 1689 1033 1731 ex
1059 1675 1229 1730 latere
1259 1673 1462 1730 Christi
1489 1670 1518 1711 d
1547 1670 1820 1743 pluentem
1845 1684 1860 1722 :
1884 1667 1991 1723 hoc

399 1779 516 1837 est,
545 1783 654 1823 non
679 1781 947 1837 aquarum
977 1765 1199 1822 sitiebat
1244 1763 1594 1829 elementum,
1632 1761 1729 1817 sed
1763 1759 1990 1831 sangui-

399 1875 528 1916 nem
557 1859 763 1916 Christi
788 1874 802 1912 :
831 1859 976 1914 unde
1006 1857 1173 1912 etiam
1195 1871 1305 1912 non
1331 1854 1468 1910 bibit
1492 1868 1689 1924 aquam
1719 1851 1981 1918 oblatam,
2012 1865 2060 1924 Β

399 1953 498 2007 sed
531 1951 761 2007 Domino
791 1949 930 2005 fudit
959 1948 1274 2021 significans
1306 1946 1460 2002 sitire
1499 1960 1559 2001 se
1585 1944 1792 2000 Christi
1817 1943 1990 1999 sacri-

405 2041 592 2097 ﬁcium
611 2081 627 2108 ,
660 2056 768 2097 non
795 2049 1004 2096 natura;
1032 2038 1312 2103 ﬂuentem,
1346 2036 1444 2092 sed
1478 2033 1611 2090 illud
1636 2031 1988 2100 sacrificium,

339 2185 351 2191 -
402 2132 463 2188 in
491 2147 598 2203 quo
619 2141 768 2188 esset
787 2131 1037 2187 remissio
1053 2136 1422 2200 peccatorum,
1438 2125 1590 2180 illum
1614 2125 1766 2179 sitire
1788 2121 1992 2178 fontem

403 2233 671 2279 aeternum
704 2264 720 2288 ,
747 2237 857 2278 non
893 2221 986 2292 qui
1006 2217 1264 2291 periculis
1285 2224 1622 2290 quaereretur
1653 2213 1864 2280 alienis,
1898 2211 1994 2269 sed

402 2312 649 2386 pericula
675 2313 853 2368 aliena
881 2309 1103 2367 deleret.
1171 2319 1174 2322 '
1785 2374 1790 2380 π

480 2426 500 2461 ι
534 2406 593 2463 In
617 2407 724 2463 hoc
749 2405 892 2462 facto
912 2417 935 2445 ο
959 2402 1304 2476 cogitandum
1330 2414 1674 2472 summepere
1698 2407 1801 2466 est,
1819 2411 1994 2469 quan-

400 2506 520 2554 tum
549 2496 617 2553 ad
646 2511 827 2552 mores
871 2495 1152 2552 hominum
1183 2493 1423 2564 pertinet
1445 2534 1460 2560 ,
1492 2499 1553 2546 ut
1582 2491 1674 2561 qui
1705 2505 1766 2546 se
1800 2489 1992 2544 illicita

400 2591 655 2647 meminit
682 2589 1025 2646 commisisse
1050 2629 1066 2655 ,
1097 2603 1129 2642 a
1150 2586 1474 2657 quibusdam
1497 2585 1663 2640 etiam
1687 2583 1850 2638 licitis
1878 2589 1994 2637 stu-

405 2682 535 2739 deat
567 2682 844 2754 abstinere
875 2699 888 2736 :
914 2681 1168 2751 quatinus
1197 2694 1296 2749 per
1338 2679 1444 2734 hoc
1472 2676 1742 2732 conditori
1773 2690 1874 2730 suo
1905 2690 1994 2729 sa-

398 2770 680 2828 tisfaciat:
728 2771 903 2841 utqui
945 2769 1218 2826 commisit
1260 2767 1535 2838 prohibita
1566 2807 1581 2832 ,
1629 2781 1664 2821 a
1693 2765 1992 2834 semetipso

397 2864 722 2920 abscindere
743 2862 937 2918 debeat
957 2862 1122 2916 etiam
1153 2874 1432 2925 concessa,
1466 2866 1523 2913 et
1547 2873 1607 2913 se
1633 2856 1995 2928 reprehendat

403 2953 465 3011 in
492 2953 752 3018 minimis,
778 2953 870 3021 qui
897 2966 958 3006 se
990 2950 1240 3006 meminit
1262 2951 1319 3004 in
1353 2949 1616 3004 'maximis
1643 2948 1660 2987 ί
1694 2947 1995 3004 declinasse

402 3044 608 3118 (Exod.
625 3061 719 3113 xx,
751 3045 838 3116 l7)
862 3064 874 3099 :
899 3044 1012 3100 Lex
1035 3052 1187 3100 certe
1210 3043 1411 3100 veteris
1432 3041 1749 3098 testamenti
1763 3040 1994 3096 alienam

397 3154 631 3194 uxorem
681 3138 995 3210 concupisci
1045 3137 1324 3208 prohibet,
1396 3135 1600 3207 Regem
1645 3150 1778 3191 vero
1830 3134 1994 3190 fortia

392 3228 591 3303 jubere
627 3231 924 3298 militibus,
956 3231 1044 3287 vel
1069 3230 1381 3287 desiderare
1410 3245 1608 3301 aquam
1628 3271 1643 3296 ,
1675 3245 1785 3285 non
1805 3242 1997 3300 poena-
2023 3225 2070 3290 C

400 3321 532 3379 liter
555 3331 722 3379 vetat.
749 3323 818 3378 Et
862 3323 1045 3379 cuncti
1074 3323 1348 3387 novimus,
1403 3322 1546 3392 quod
1585 3322 1755 3378 David
1795 3335 1996 3377 concu-

393 3416 682 3488 piscentiae
710 3432 968 3473 mucrone
991 3416 1282 3483 tranﬂxus,
1321 3415 1555 3488 alienam
1586 3413 1893 3487 coniugem,
1941 3423 1998 3470 et

407 3508 696 3580 appetivit,
721 3516 784 3584 et
806 3508 1051 3575 abstulit,
1093 3508 1248 3580 cujus
1277 3509 1492 3580 culpam
1525 3508 1690 3580 digna
1717 3509 1742 3549 ε
1768 3507 1996 3563 vulnera

408 3607 543 3656 sunt
577 3607 761 3655 secuta
788 3617 801 3653 :
833 3607 890 3654 et
917 3599 1119 3655 malum
1161 3601 1305 3670 quod
1327 3601 1793 3671 perpetravit,per
1815 3599 1994 3671 paeni-

401 3689 588 3745 tentiae
620 3689 856 3746 lamenta
883 3691 1142 3746 correxit.
1169 3691 1272 3758 Qui
1296 3707 1420 3747 cum
1446 3692 1601 3762 longe
1624 3699 1768 3762 post,
1801 3700 1995 3746 contra

407 3779 652 3836 hostium
674 3795 878 3842 cuneos
927 3782 1164 3848 sederet,
1217 3799 1414 3852 aquam
1446 3783 1632 3838 bibere
1658 3784 1724 3838 de
1748 3783 1998 3838 Bethlee—

399 3870 508 3926 mis
542 3872 782 3927 cisterna
812 3887 877 3927 ex
907 3871 1177 3927 desiderio
1203 3874 1394 3939 voluit,
1427 3873 1582 3944 cujus
1606 3873 1765 3929 electi
1793 3874 1995 3930 milites

399 3963 544 4019 inter
589 3975 835 4020 catervas
884 3965 1292 4020 adversantium
1343 3965 1551 4021 medias
1600 3975 1991 4038 erumpentes,

399 4068 603 4124 aquam
625 4070 788 4124 quam
837 4069 933 4109 rex
983 4055 1428 4121 desideraverat,
1459 4054 1614 4111 illaasi
1657 4055 1991 4111 detulerunt.

400 4144 511 4201 Sed
531 4144 617 4199 vir
642 4144 868 4217 ﬂagellis
893 4146 1158 4212 eruditus,
1189 4147 1544 4217 semetipsum
1580 4150 1833 4217 protinus
1869 4163 1994 4202 cum

397 4237 645 4310 periculo
688 4237 921 4292 militum
963 4254 1161 4307 aquam
1213 4239 1554 4294 desiderasse
1603 4241 1990 4312 reprehendit,

399 4343 628 4400 eamque
681 4328 907 4384 Domino
955 4328 1212 4397 fundens,
1277 4329 1469 4387 libavit
1499 4346 1514 4385 :
1547 4332 1691 4388 sicut
1725 4333 1992 4404 scriptum

395 4429 484 4476 est
528 4438 541 4476 :
587 4420 766 4475 libavit
795 4437 913 4476 eam
965 4419 1215 4476 Domino.
1276 4422 1306 4462 ιι
1362 4421 1421 4477 ln
1473 4423 1742 4479 sacriﬁcio
1789 4425 1992 4495 quippe

393 4509 612 4566 Domini
634 4510 804 4568 eﬂ‘usa
847 4527 987 4585 aqua
1015 4528 1284 4569 conversa
1313 4523 1400 4570 est
1430 4555 1444 4581 ,
1478 4516 1736 4586 quoniam
1767 4517 1991 4588 culpam

2085 576 2347 639 ruperunt
2379 578 2554 623 castra
2604 564 3010 622 Philistinorum
3063 573 3177 620 tres
3237 562 3443 631 fortes,
3487 563 3694 620 Abisai

2085 660 2258 718 frater
2281 661 2435 730 Joab,
2467 669 2524 718 et
2541 661 2774 718 Banaias
2798 660 2940 717 filius
2969 658 3190 717 Joiadte.
3223 658 3403 733 (Verr.
3427 660 3548 733 20.)
3573 662 3701 719 Iste

2086 751 2320 809 Banaias
2340 755 2607 825 percussit
2635 752 2772 808 duos
2802 753 2989 809 leones
3015 751 3170 807 Moab
3189 793 3204 819 ,
3235 761 3292 808 et
3313 752 3428 822 ipse
3454 753 3701 810 descen-

2088 845 2211 912 dit,
2247 855 2303 902 et
2326 846 2598 918 percussit
2641 845 2854 902 leonem
2891 845 2948 900 in
2987 842 3166 900 media
3208 844 3450 900 cisterna
3491 846 3701 903 diebus

2089 936 2252 993 nivis.
2288 939 2305 980 ί
2343 937 2663 1006 «Quomodo
2692 937 2764 993 sit
2784 933 3295 1006 factum,Josephus
3314 944 3506 990 narrat
3528 951 3701 1007 aper—

2087 1027 2196 1083 tius
2233 1046 2247 1082 :
2279 1029 2423 1099 quod
2447 1027 2699 1084 videlicet
2741 1027 2980 1083 cisterna
3005 1025 3172 1081 fuerit
3198 1026 3425 1081 nimium
3453 1027 3695 1096 profun-

2090 1117 2177 1183 da,
2208 1133 2329 1189 quae
2359 1125 2603 1189 tempore
2631 1117 2846 1190 hyemis
2884 1131 3008 1172 cum
3044 1122 3231 1171 essent
3253 1117 3436 1171 omnia
3469 1118 3702 1173 nivibus

2088 1209 2248 1280 plena
2282 1250 2297 1277 ,
2336 1211 2453 1281 ipsa
2493 1225 2708 1280 quoque
2747 1209 2918 1265 nimio
2971 1208 3179 1264 nivium
3234 1220 3466 1281 aggestu
3526 1210 3706 1268 fuerit

2094 1309 2392 1372 comquata,
2425 1315 2588 1371 quam
2622 1315 2746 1355 cum
2773 1299 2860 1356 leo
2917 1301 3308 1371 superveniens
3335 1302 3570 1372 periculi
3599 1321 3706 1360 ne-

2093 1392 2246 1449 scius
2268 1389 2568 1459 incidisset,
2601 1391 2804 1447 ibidem
2838 1390 3128 1446 conclusus
3154 1392 3343 1464 grandi
3367 1394 3557 1464 rugitu
3585 1395 3707 1449 cla-

2095 1492 2272 1541 maret
2297 1502 2311 1538 :
2336 1484 2696 1540 accurrehant
2731 1483 2984 1539 homines
3011 1482 3198 1539 videre
3222 1523 3239 1550 ,
3269 1483 3414 1554 quod
3438 1493 3613 1552 esset,
3645 1495 3708 1541 et

2095 1576 2223 1630 dum
2251 1590 2375 1631 cum
2401 1575 2523 1630 aliis
2551 1574 2621 1629 ad
2653 1574 2762 1630 tale
2782 1573 3171 1646 spectaculum,
3190 1575 3481 1632 adveniret
3507 1585 3565 1632 et
3593 1576 3705 1631 Ba-

2095 1671 2269 1737 naias,
2287 1670 2506 1727 desiluit
2528 1671 2714 1726 statim
2737 1669 2792 1726 in
2815 1670 3135 1739 cisternam,
3152 1678 3209 1727 et
3232 1685 3555 1743 aggressum
3581 1686 3706 1728 me—

2098 1762 2204 1819 diis
2235 1763 2291 1818 in
2312 1763 2527 1818 nivibus
2558 1762 2835 1819 interfecit
2863 1763 3099 1819 leonem.
3140 1783 3160 1818 ι

2158 1853 2339 1928 (Vers.
2357 1854 2447 1922 25,
2465 1854 2555 1921 24,
2585 1855 2720 1928 etc.)
2749 1855 2955 1912 Dehinc
2981 1854 2995 1907 l
3025 1857 3231 1913 texitur
3247 1858 3532 1932 catologus
3556 1860 3706 1917 viro-

2092 1962 2215 2003 rum
2262 1945 2487 2002 fortium
2528 1947 2582 2002 in
2631 1946 2804 2019 ﬁgura
2851 1955 3164 2005 sanctorum
3190 1990 3205 2018 ,
3238 1951 3331 2021 qui
3371 1951 3706 2008 fortitudine

2092 2038 2362 2093 virtutum
2376 2037 2506 2092 boni
2524 2037 2709 2108 operis
2743 2078 2759 2105 ,
2799 2045 2855 2094 et
2879 2038 3124 2095 scientiae
3158 2040 3355 2096 divinae
3406 2041 3707 2097 Trinitatis

2092 2129 2237 2198 fulti,
2268 2145 2376 2186 non
2405 2117 2782 2187 tantummodo
2805 2146 2865 2187 se
2886 2131 3032 2204 ipsos
3062 2133 3132 2188 ab
3157 2133 3406 2191 hostibus
3437 2136 3704 2208 malignis

2094 2222 2412 2290 defendunt,
2428 2238 2619 2279 verum
2646 2223 2893 2280 inﬁmos
2907 2224 3178 2294 quoslibet
3202 2236 3524 2300 protegunt.

2168 2316 2197 2358 ιι
2217 2316 2417 2375 Peccat
2451 2325 2574 2390 post
2627 2317 2745 2374 haec
2804 2317 2976 2374 David
3006 2319 3264 2391 populum
3303 2322 3655 2380 numerando
3685 2338 3702 2378 :

2093 2411 2341 2484 praecipit
2385 2411 2532 2468 enim
2560 2411 2732 2468 David
2769 2411 2926 2480 Joab,
2967 2422 3028 2470 ut
3065 2415 3471 2486 perambularet
3517 2427 3704 2476 totum

2094 2503 2298 2572 Israel,
2334 2503 2516 2577 (Verr.
2559 2505 2616 2578 2)
2656 2513 2712 2562 et
2759 2505 2980 2564 aﬂ‘erret
3036 2525 3328 2567 numerum
3373 2513 3560 2584 populi
3589 2529 3611 2568 :
3646 2524 3704 2571 et

2094 2595 2213 2653 haec
2239 2597 2363 2653 ideo
2379 2596 2662 2668 Scriptura
2684 2598 2832 2666 dicit,
2864 2597 3045 2672 (Vera.
3072 2600 3126 2676 l)
3151 2603 3294 2674 quod
3327 2602 3480 2660 furor
3507 2605 3706 2661 Domi-

2097 2691 2154 2746 ni
2192 2690 2357 2761 coepit
2380 2690 2540 2746 irasci
2569 2698 2759 2746 contra
2791 2691 2981 2748 lsrael.
3017 2691 3037 2732 1
3072 2712 3091 2745 ‹
3121 2683 3294 2761 Quod'
3312 2694 3367 2750 in
3395 2695 3500 2753 hoc
3545 2695 3706 2753 facto

2098 2783 2244 2838 aliud
2297 2784 2699 2841 demonstratur
2742 2785 2848 2841 nisi
2875 2787 3022 2856 quod
3079 2787 3162 2844 sic
3207 2804 3309 2859 pro
3334 2789 3705 2860 qualitatibus

2098 2875 2438 2931 subditorum
2483 2875 2845 2948 disponuntur
2892 2887 3015 2933 acta
3064 2881 3367 2952 regentium
3395 2922 3410 2948 ,
3437 2890 3496 2936 ut
3545 2895 3706 2952 saepe

2099 2983 2200 3039 pro
2229 2970 2376 3025 malo
2399 2972 2578 3042 gregis
2614 2972 2780 3028 etiam
2808 2986 2937 3028 vere
2964 2973 3093 3029 boni
3121 2974 3402 3045 delinquat
3429 2975 3536 3030 vita
3562 2990 3704 3046 pas-

2099 3060 2273 3117 toris?
2308 3061 2400 3118 llle
2425 3064 2571 3118 enim
2591 3105 2606 3131 ,
2656 3063 2768 3120 Deo
2791 3072 3107 3132 attestante,
3136 3064 3384 3122 laudatus
3412 3109 3426 3134 ,
3458 3067 3561 3123 iste
3595 3083 3706 3123 su-

2097 3169 2391 3226 pernorum
2421 3157 2802 3228 mysteriorum
2831 3147 3271 3216 conscius'David
3294 3159 3572 3233 propheta,
3599 3167 3706 3215 tu-

2104 3262 2257 3303 more
2285 3249 2582 3318 repentinze
2628 3249 2878 3306 elationis
2932 3249 3150 3306 inﬂatus
3200 3252 3452 3323 populum
3495 3268 3706 3307 nume-

2102 3337 2275 3394 rando
2301 3340 2568 3409 peccavit,
2605 3348 2659 3397 et
2692 3349 2874 3398 tamen
2905 3344 3201 3400 vindictam
3237 3344 3484 3414 populus,
3515 3343 3703 3400 David

2100 3439 2360 3501 peccante
2390 3473 2404 3498 ,
2433 3435 2688 3503 suscepit.
2722 3433 2831 3490 Cur
2862 3435 3001 3492 hoc?
3024 3436 3176 3507 quia’
3203 3435 3456 3491 videlicet
3490 3450 3704 3491 secun-

2101 3521 2231 3576 dum
2267 3524 2518 3579 meritum
2546 3525 2785 3595 plebium
2814 3527 3174 3598 disponuntur
3197 3526 3362 3582 corda
3389 3535 3700 3582 rectorum.

2100 3610 2288 3670 Justus
2310 3631 2440 3670 vero
2478 3613 2639 3684 iudex
2688 3619 2964 3687 peccantis
2990 3619 3182 3674 vitium
3214 3633 3279 3673 ex
3310 3620 3547 3689 ipsorum
3567 3621 3700 3675 ani-

2101 3705 2482 3760 madversione
2512 3707 2778 3777 corripuit
2808 3750 2822 3775 ,
2851 3724 2918 3764 ex
2955 3725 3186 3780 quorum
3218 3725 3380 3765 causa
3414 3712 3696 3781 peccavit,

2102 3795 2198 3852 sed
2228 3797 2372 3866 quod
2409 3797 2544 3867 ipse,
2590 3814 2685 3854 sua
2731 3800 2940 3855 scilicet
2969 3802 3247 3858 voluntate
3273 3804 3588 3874 superbiens
3608 3843 3629 3869 ,
3665 3819 3699 3858 a

2101 3885 2257 3956 culpa
2283 3886 2490 3942 alienus
2524 3904 2631 3944 non
2666 3888 2790 3956 fuit,
2827 3890 3122 3948 vindictam
3171 3893 3340 3964 culpae
3370 3894 3532 3948 etiam
3573 3894 3700 3964 ipse

2103 3981 2360 4052 suscepit.
2379 3979 2514 4036 Nam
2532 3982 2613 4036 ira
2627 3984 2877 4050 saeviens,
2897 4001 3017 4056 qua:
3040 3987 3398 4057 corporaliter
3418 3985 3694 4057 populum

2101 4070 2346 4140 pertulit,
2372 4079 2640 4127 rectorem
2658 4088 2871 4145 quoque
2887 4077 3068 4146 populi
3096 4077 3286 4133 intimo
3308 4078 3483 4132 cordis
3499 4076 3698 4133 dolore

2099 4163 2414 4233 prostravit.
2435 4163 2655 4220 Certum
2679 4181 2808 4222 vero
2825 4178 2929 4234 est,
2959 4169 3102 4240 quod
3131 4170 3203 4224 ita
3221 4170 3325 4225 sibi
3356 4169 3610 4233 invicem,
3637 4178 3699 4225 et

2102 4265 2378 4312 rectorum
2400 4258 2591 4313 merita
2621 4269 3032 4328 connectantur,
3058 4270 3115 4318 et
3145 4261 3416 4332 plebium,
3452 4270 3506 4316 ut
3542 4277 3694 4332 saepe

2100 4362 2166 4402 ex
2197 4348 2354 4419 culpa
2381 4358 2678 4420 pastorum,
2703 4351 2941 4410 deterior
2965 4353 3060 4409 ﬁat
3086 4355 3198 4410 vita
3220 4353 3454 4424 plebium
3475 4362 3532 4408 et
3545 4368 3697 4424 saepe

2101 4455 2168 4496 ex
2189 4442 2385 4498 merito
2411 4443 2646 4513 plebium
2675 4453 2916 4500 mutetur
2942 4446 3052 4501 vita
3087 4453 3386 4517 pastorum.
3419 4443 3521 4500 Sed
3559 4445 3692 4514 quia

2101 4543 2343 4590 rectores
2359 4534 2560 4591 habent
2565 4535 2804 4607 judicem
2817 4553 2970 4592 suum
2981 4578 2996 4603 ,
3013 4553 3209 4609 magna
3223 4536 3432 4592 cautela
3446 4534 3693 4591 subdito-

394 4602 851 4672 concupisceutize
905 4605 1166 4660 mactavit
1215 4619 1316 4676 per
1367 4607 1746 4676 paenitentiam
1802 4587 1989 4681 repre-

2106 4587 2119 4588 ,
2144 4587 2153 4588 ,
2297 4587 2338 4590 ,-
2361 4587 2458 4590 η-.-
2475 4587 2996 4607 -____W_--____-_____,
3014 4587 3209 4609 mea-“
3229 4587 3534 4592 _“____u-_c
3556 4587 3658 4590 ,η-

2103 4641 2223 4681 rum
2240 4635 2339 4692 est,
2360 4642 2467 4682 non
2486 4635 2691 4684 temere
2715 4629 2878 4683 vitam
2895 4628 3140 4699 judicare
3161 4629 3481 4701 regentium.
3498 4625 3693 4698 Neque

393 4693 678 4752 hensionis
735 4712 866 4752 suae.
923 4696 1027 4766 Qui
1079 4713 1210 4770 ergo
1261 4701 1548 4770 quondam
1603 4705 1990 4774 concupiscere

395 4787 632 4846 alienam
661 4790 945 4862 coniugem
979 4805 1325 4862 nequaquam
1352 4793 1556 4862 timuit,
1580 4804 1772 4866 postea
1799 4798 1986 4867 etiam,

395 4882 540 4952 quod
567 4897 764 4953 aquam
787 4885 1152 4956 concupisset,
1188 4887 1427 4958 expavit.
1480 4887 1582 4956 Qui
1619 4889 1764 4944 enim
1793 4906 1853 4947 se
1883 4891 1987 4948 illi-

394 4973 504 5028 cita
529 4984 874 5045 perpetrasse
901 4979 1245 5046 meminerat,
1274 4987 1468 5035 contra
1495 4983 1848 5054 semetipsum
1867 4983 1984 5056 jam

394 5065 626 5136 rigidus,
651 5069 816 5124 etiam
836 5085 867 5125 a
893 5070 1054 5130 licitis
1079 5074 1407 5130 abstinebat.
1432 5094 1453 5129 ι

467 5208 494 5276 ξ
521 5194 930 5276 [immiserunt
965 5204 1073 5276 sed
1098 5212 1324 5273 praestat
1342 5208 1514 5263 nostri
1544 5205 1759 5271 Codicis
1793 5213 1978 5276 lectio.

469 5266 499 5307 δ
528 5265 804 5341 _I_’erfudit,
837 5283 894 5330 ut
917 5265 1174 5330 arbitror.

457 5347 492 5419 ,ε
527 5338 869 5422 γυιβριεμεῑ
916 5344 1216 5422 animarum
1245 5349 1537 5420 periculum
1577 5352 1771 5412 bibam.
1811 5359 1982 5418 Error

401 5407 595 5480 aliquis
623 5407 712 5469 hic
736 5407 913 5472 inesse
941 5415 1176 5472 videtur.

468 5480 495 5520 ά
523 5482 793 5552 ﬂuentem.

472 5552 1287 5659 ζηὲἯξξῗίέηιξΞξξείξξ.ηθξτὲἱίθῑίο
1314 5603 1332 5630 ν
1359 5564 1589 5659 idem
1621 5570 1979 5659 9¥.G“°8°ri0

395 5621 696 5713 desumpsit
713 5621 994 5713 Claudius.
1018 5629 1154 5713 Vide
1165 5621 1405 5713 obsecro
1426 5621 1689 5713 eregbtii-
1703 5621 1982 5706 1.31mi};

393 5692 494 5777 διε
518 5692 892 5777 ξειςξνδῃεβιίᾳ
916 5698 1091 5772 [num.
1125 5703 1239 5777 16].

471 5763 499 5838 ς
693 5763 992 5838 deliquisse.

472 5834 499 5874 ⁸
525 5834 668 5892 Edit.
701 5834 928 5898 verbera.
967 5842 1075 5904 Sed
1101 5856 1250 5907 certe
1276 5866 1465 5913 mucro
1487 5859 1701 5918 vulnera
1722 5881 1830 5924 non
1856 5880 1975 5926 ver-

2097 4719 2246 4774 enim
2280 4719 2485 4776 frustra
2517 4737 2616 4792 per
2641 4721 2994 4792 semetipsum
3024 4722 3289 4779 Dominus
3317 4721 3528 4796 (Matth.
3563 4737 3687 4786 xxi,

2098 4809 2188 4882 12)
2219 4827 2294 4866 tes
2324 4812 2811 4868 nummulariorum
2844 4812 3006 4881 fudit,
3040 4822 3096 4870 et
3126 4814 3415 4871 cathedras
3445 4812 3691 4868 venden-

2098 4902 2233 4958 tium
2262 4903 2545 4959 columbas
2591 4905 2788 4959 evertit
2821 4923 2834 4959 :
2868 4904 3128 4960 nimirum
3155 4904 3470 4978 significans
3498 4943 3515 4971 ,
3553 4903 3686 4974 quia

2095 5008 2196 5064 per
2236 4995 2524 5066 magistros
2577 4995 2794 5066 quidem
2831 4997 3003 5053 vitam
3027 4997 3240 5069 judicat
3280 4997 3516 5070 plebium
3541 5037 3558 5062 ,
3589 4994 3687 5050 sed

2101 5101 2201 5160 per
2223 5089 2573 5160 semetipsum
2589 5087 2728 5146 facta
2748 5092 3026 5147 examinat
3045 5091 3426 5164 magistrorum
3448 5105 3465 5146 :
3492 5105 3685 5147 uuam-

2092 5221 2470 5298 berajnﬂigit.

2160 5295 2188 5335 h
2223 5295 2396 5367 ﬁdit,
2430 5297 2772 5367 sacriﬁcium.
2795 5315 2808 5362 1

2167 5368 2184 5442 ξ
2222 5365 2351 5442 llaec
2379 5365 2932 5442 docuitBedaquaest.
2959 5370 3045 5428 10.

2094 5507 2110 5521 .
2164 5435 2179 5487 ἱ
2222 5435 2491 5521 Nonnulla
2523 5454 2592 5521 ex
2625 5435 3101 5521 lsidorondesumit
3138 5443 3397 5503 Claudius
3423 5487 3439 5514 ,
3464 5447 3562 5506 sed
3583 5448 3677 5521 ita

2091 5513 2336 5572 invertit,
2370 5525 2436 5565 ac
2463 5519 2658 5576 mutat,
2708 5521 2770 5568 ut
2794 5513 2961 5569 alium
2987 5515 3148 5578 plane
3201 5513 3430 5575 sensum
3467 5535 3535 5577 ea
3581 5519 3680 5578 ha-

2088 5578 2441 5660 bean_t._Vide
2471 5589 2635 5652 caput
2655 5582 2687 5636 7
2715 5583 2772 5638 in
2795 5583 2888 5640 lib.
2914 5585 2958 5640 ll
2983 5578 3118 5660 Reg.
3154 5589 3370 5646 lsidori.

2161 5650 2188 5724 ξι
2219 5649 2263 5724 ll
2285 5649 2419 5724 Beg.
2452 5649 2572 5724 cap.
2600 5669 2750 5710 xxw.

2163 5718 2181 5760 l
2213 5718 2612 5806 gunséquentia
2656 5724 2828 5806 habes
2857 5728 2910 5782 in
2939 5727 3160 5789 Paterio
3205 5731 3351 5806 [cap-
3384 5733 3482 5806 25]
3529 5733 3676 5806 illi/’0‘

2081 5807 2188 5881 que
2211 5792 2264 5848 in
2296 5791 2576 5881 Greggrio,
2601 5811 2669 5851 ex
2694 5795 2849 5881 cujus
2856 5791 3284 5881 fommexttar‘iis
3296 5791 3372 5862 lin
3399 5791 3525 5867 Job.
3555 5803 3673 5881 [ιω.

2081 5879 2209 5934 xxv,
2235 5880 2382 5924 num.
2406 5865 2498 5944 55]
2529 5865 2831 5943 desumpsit
2851 5867 3120 5935 Paterius.

2188 5998 2309 6027 ιμ’-ι
