3940 6340
247 441 351 500 ⁸121

887 436 1357 511 QUESTIONES
1390 437 1541 496 XXX
1580 437 1810 498 SUPER
1847 439 2094 500 LIBROS
2133 441 2397 502 REGUM.
2436 429 2510 488 -’—
2545 443 2751 502 LIBER
2784 441 2875 502 III.

3009 378 3218 405 ...φωνην

3415 443 3526 505 7%!

243 563 336 618 vis
364 558 529 616 etiam
576 556 917 614 subditorum
939 557 1074 614 vitia
1105 599 1122 627 ,
1151 575 1271 629 quae
1295 574 1329 613 a
1358 558 1636 630 magistris
1679 558 1840 613 modo
1866 563 1919 624 Α
1943 567 2033 615 tur
2057 585 2070 620 :
2095 574 2152 623 ei
2169 580 2386 622 rursum
2413 564 2506 636 qui
2533 563 2761 634 subjecti
2784 568 2912 619 sunt
2937 602 2953 630 ,
2976 553 3274 620 Rectorum
3295 576 3522 622 suorum

243 654 337 711 vel
363 652 775 710 dissimulantur
799 652 1056 724 judicari,
1109 652 1198 708 vel
1226 659 1536 722 nequeunt,
1570 650 1686 720 ejus
1717 667 1839 722 pro-

243 731 340 805 cul
365 745 527 802 dubio
547 744 756 817 judicio
784 753 1155 801 reservantur.
1187 744 1356 818 Igitur
1405 746 1531 800 dum
1556 744 1706 800 salva
1734 743 1840 799 iide

243 853 344 896 res
373 838 571 911 agitur,
599 849 624 878 α
644 837 819 893 virtus
843 852 911 892 ex
941 838 1138 893 merito
1157 846 1262 904 est,
1289 838 1333 893 si
1357 837 1620 910 quidquid
1643 835 1841 907 prioris

243 941 337 989 est
365 973 381 997 ,
423 930 709 986 toleratur.
755 930 927 987 Debet
975 939 1154 987 tamen
1189 931 1467 986 humiliter
1518 931 1754 1003 suggeri,
1793 931 1841 986 si

244 1022 484 1079 fortasse
503 1020 702 1088 valeat,
721 1021 865 1092 quod
889 1021 1156 1092 displicet,
1187 1022 1485 1078 emendari.
1516 1021 1622 1078 Sed
1648 1037 1842 1077 curan-

243 1116 383 1171 dum
412 1130 756 1186 summopere
777 1123 880 1182 est,
903 1104 972 1172 ne
998 1116 1052 1171 in
1085 1117 1397 1186 superbiam
1424 1124 1667 1173 transeat
1683 1115 1840 1186 justi-

242 1209 342 1264 tite
369 1208 673 1264 inordinata
696 1207 941 1266 defensio
971 1226 986 1275 ;
1025 1223 1096 1264 ne
1135 1208 1265 1265 dum
1311 1209 1576 1265 rectitudo
1625 1209 1842 1265 incaute

244 1299 525 1373 dirigitur,
553 1301 668 1371 ipsa
701 1302 963 1373 magistra
989 1301 1328 1358 rectitudinis
1366 1302 1643 1359 humilitas
1672 1302 1836 1358 amit-

247 1401 402 1448 tatur
425 1409 440 1458 ;
468 1409 537 1448 ne
559 1408 684 1448 eum
712 1393 817 1449 sibi
841 1409 1079 1465 praeesse
1107 1395 1339 1466 quisque
1360 1396 1652 1467 despiciat,
1675 1412 1838 1467 quem

244 1482 488 1540 fortasse
515 1485 800 1558 contingit,
829 1496 891 1541 ut
916 1487 974 1542 in
999 1486 1180 1558 aliqua
1213 1489 1426 1545 actione
1452 1490 1835 1560 mprehendat.

245 1575 454 1634 Contra
473 1577 619 1633 hunc
644 1586 912 1634 tumorem
936 1578 1202 1651 superbia:
1231 1581 1572 1637 subditorum
1596 1597 1750 1638 mens
1773 1581 1842 1637 ad

243 1669 556 1725 custodiam
584 1669 905 1725 humilitatis
940 1671 1261 1726 edomatur:
1294 1671 1341 1726 si
1376 1671 1667 1729 inﬁrmitas
1708 1687 1840 1744 pro-

243 1760 370 1831 pria
401 1759 736 1817 incessanter
762 1761 1061 1823 attenditur
1093 1779 1107 1817 ;
1138 1777 1265 1819 nam
1285 1762 1430 1818 vires
1455 1771 1673 1819 nostras
1686 1777 1842 1819 vera-

244 1852 392 1908 citer
437 1853 743 1909 examinari
769 1853 1130 1927 negligimus:
1173 1861 1230 1910 et
1263 1853 1391 1924 quia
1429 1855 1498 1910 de
1537 1855 1694 1911 nobis
1723 1853 1840 1910 lor-

1939 662 2180 718 actiones
2197 658 2444 728 judicant
2471 674 2486 713 :
2521 666 2576 715 et
2598 657 2644 714 si
2675 659 2821 730 ipsos
2847 656 3090 728 regimen
3131 665 3317 713 tenere
3345 657 3522 713 conti-

1940 761 2111 826 geret,
2158 767 2217 808 se
2249 752 2492 823 potuisse
2538 765 2700 822 agere
2731 749 2927 806 melius
2954 755 3169 819 putant.
3211 747 3368 804 Unde
3412 747 3526 819 ple-

1939 857 2168 912 rumque
2214 842 2304 907 iit,
2335 850 2396 898 ut
2424 849 2667 898 rectores
2712 841 2894 896 minus
2936 839 3236 911 prudenter
3259 853 3326 894 ea
3348 879 3364 905 ,
3393 853 3516 908 quas

1941 935 2146 1010 agenda
2173 943 2317 1001 sunt,
2343 935 2582 1003 videant,
2605 933 2732 1006 quia
2753 948 2940 988 eorum
2967 931 3154 988 oculos
3178 931 3295 1001 ipsa
3323 930 3524 986 nebula

1940 1030 2191 1086 elationis
2236 1029 2512 1092 obscurat,
2540 1035 2596 1083 et
2625 1040 2976 1097 nonunquam
3023 1024 3072 1080 is
3105 1023 3199 1095 qui
3243 1022 3525 1094 subjectus

1939 1131 2044 1190 est,
2066 1124 2172 1179 hoc
2196 1137 2322 1178 cum
2349 1119 2601 1191 praelatus
2626 1117 2792 1174 fuerit
2823 1158 2840 1184 ,
2887 1115 3095 1181 faciat,
3145 1115 3290 1185 quod
3319 1113 3525 1168 dudum

1941 1216 2058 1272 ﬁeri
2081 1215 2360 1286 subjectus
2390 1211 2674 1285 arguebat.
2703 1210 2772 1265 Et
2811 1223 2914 1280 pro
2937 1223 3003 1264 eo
3028 1248 3044 1274 ,
3072 1206 3215 1277 quod
3243 1205 3358 1272 illa,
3401 1219 3524 1275 qua:

1934 1310 2303 1382 iudicaverat,
2329 1311 2632 1377 perpetrat,
2684 1301 2866 1358 saltim
2919 1299 3047 1370 quia
3068 1297 3355 1370 judicavit,
3399 1311 3532 1352 eru-

1939 1402 2147 1458 bescat.
2180 1398 2349 1470 Igitur
2379 1397 2523 1452 sicut
2544 1392 2782 1464 praelatis
2804 1389 3105 1448 curandum
3131 1395 3215 1443 est
3243 1401 3313 1442 ne
3333 1400 3527 1442 eorum

1940 1491 2108 1550 corda
2137 1487 2496 1546 aestimatione
2533 1483 2794 1556 singulari
2839 1480 3117 1552 sapientiae
3141 1477 3292 1534 locus
3311 1476 3340 1516 ἀ
3367 1490 3529 1546 supe-

1942 1587 2058 1644 rius
2083 1584 2328 1650 extollat,
2382 1582 2459 1638 ita
2482 1578 2737 1650 subjectis
2761 1574 3154 1649 providendum
3187 1580 3290 1637 est,
3321 1585 3392 1626 ne
3416 1568 3530 1625 sibi

1941 1681 2235 1738 Rectorum
2264 1676 2408 1733 facta
2453 1673 2790 1744 displiceant.
2826 1668 2886 1726 Si
2935 1677 3120 1723 autem
3143 1663 3530 1736 magistrorum

1943 1774 2057 1830 vita
2078 1771 2202 1842 jure
2222 1765 2656 1840 reprehenditur,
2687 1768 2901 1835 oportet
2918 1767 2981 1815 ut
3008 1773 3104 1814 eos
3137 1752 3340 1813 subditi
3363 1750 3532 1807 etiam

1949 1882 2074 1926 cum
2123 1863 2410 1936 displicent
2472 1864 2818 1915 venerentur.
2873 1851 2982 1910 Sed
3033 1851 3140 1906 hoc
3171 1855 3257 1903 est
3302 1843 3531 1936 solerter

245 1943 328 1997 ιίθ
361 1941 390 1982 ¹⁵
417 1941 713 2011 credimus.
743 1943 948 2001 ideirco
969 1960 1084 2012 803.
1123 1945 1218 2017 (Ιυί
1251 1945 1412 2001 “oms
1440 1946 1652 2018 praelati
1689 1955 1840 2013 sum.
1868 1932 1918 1993 Β
1946 1930 2268 2017 intuendum
2286 1995 2303 2021 ,
2325 1969 2394 2009 ne
2417 1959 2511 2006 aut
2540 1962 2703 2020 quem
2741 1943 2994 2002 venerari
3021 1952 3246 1998 necesse
3270 1942 3375 2001 est,
3405 1930 3531 1989 imi-

243 2033 499 2090 districte
538 2033 868 2105 judicamus.
913 2036 1031 2106 Quo
1065 2037 1210 2094 enim
1251 2040 1612 2110 nosmetipsos
1661 2041 1841 2097 minus

243 2129 621 2198 agnoscimus,
663 2145 730 2188 eo
771 2130 891 2186 illos
913 2171 929 2197 ,
975 2146 1111 2200 quos
1129 2132 1529 2203 reprehendere
1563 2133 1793 2188 nitimur
1820 2173 1837 2200 ,

241 2221 374 2294 plus
409 2221 675 2280 videmus.
708 2221 930 2296 Singula
984 2225 1102 2280 haec
1141 2223 1284 2279 mala
1314 2233 1442 2280 sunt
1470 2265 1485 2291 ,
1541 2239 1662 2295 quae
1697 2238 1842 2296 saepe

245 2330 279 2369 a
308 2315 542 2370 subditis
576 2315 632 2372 in
665 2327 689 2356 ο
727 2315 968 2388 praelatis
999 2333 1012 2372 :
1052 2333 1195 2389 saepe
1239 2333 1271 2373 a
1296 2318 1536 2390 prmlatis
1563 2319 1617 2374 in
1661 2320 1844 2376 subdi-

243 2407 321 2462 tis
349 2406 766 2465 committuntur
788 2451 805 2477 ,
848 2410 979 2482 quia
1015 2419 1072 2467 et
1097 2427 1287 2468 omnes
1317 2413 1564 2469 subditos
1603 2413 1657 2468 hi
1690 2454 1705 2480 ,
1737 2415 1832 2485 qui

243 2511 512 2572 praesunt,
543 2501 722 2560 minus
766 2517 930 2574 quam
955 2503 1059 2577 ipsi
1088 2511 1234 2572 sunt,
1269 2505 1546 2578 sapientes
1571 2505 1843 2563 arbitran-

321 2649 350 2678 δ
380 2637 548 2704 Edit.,
573 2638 778 2694 virtutis
798 2648 874 2696 est
894 2640 1157 2700 meritum.

321 2709 353 2751 1³
380 2709 549 2776 Edit.,
573 2708 815 2780 fortiora.

1945 2050 2053 2107 tari
2093 2054 2340 2120 appetas,
2379 2050 2474 2099 aut
2507 2055 2672 2113 quem
2727 2036 2929 2094 imitari
2973 2031 3232 2103 despicis,
3271 2023 3531 2120 venerari

1945 2115 2262 2202 contemnas
2303 2158 2317 2194 :
2357 2136 2573 2194 subtilis
2614 2133 2817 2191 etenim
2867 2130 2960 2186 via
2987 2125 3222 2184 tenenda
3251 2129 3336 2178 est
3367 2115 3532 2176 recti-

1949 2236 2182 2310 tudinis,
2223 2242 2278 2290 et
2303 2228 2646 2294 humilitatis,
2674 2235 2735 2282 ut
2780 2224 2862 2280 sic
2887 2214 3337 2310 mprehensihilia
3361 2210 3532 2282 magi-

1949 2308 2190 2386 strorum
2202 2324 2343 2380 facta
2359 2320 2680 2392 displiceant
2698 2335 2713 2384 ;
2733 2323 3002 2389 quatenus
3027 2308 3364 2367 subditorum
3377 2315 3534 2363 meus

1941 2436 1974 2477 a
2000 2416 2266 2476 servanda
2288 2411 2586 2486 magisterii
2611 2405 2921 2466 reverentia
2947 2418 3059 2460 non
3079 2396 3322 2458 recalet.
3355 2413 3378 2450 ι

2025 2651 2048 2681 ο
2076 2638 2247 2706 Edit.,

2278 2635 2526 2710 praelatos
2543 2661 2615 2678 --
2632 2630 2888 2690 subditos.

2023 2711 2050 2757 ιι
2078 2711 2245 2777 Edit.,
2278 2708 2536 2780 superior.
2621 2764 2627 2768 Ἰ

255 2839 3526 2890 mm

1257 2959 1661 3028 INCIPIUNT
1704 2955 2104 3024 CAPITULA
2140 2953 2355 3020 LIBRI
2398 2951 2513 3015 III.

1723 3099 2078 3120 ψ

313 3199 396 3273 De
415 3204 681 3256 senectute
694 3202 870 3269 David,
893 3213 946 3258 et
966 3205 1280 3259 successione
1305 3205 1595 3269 Salomonis,
1617 3208 1673 3259 et
1690 3205 1844 3258 nomi-
1870 3210 1917 3273 C
2008 3203 2088 3273 ,ρο
2109 3213 2245 3273 mare
2269 3211 2422 3273 aereo.

243 3273 316 3312 ne
338 3265 464 3324 ejus.

283 3386 296 3397 ι
313 3325 631 3397 De_visione,_
649 3343 794 3397 quam
816 3329 937 3397 vidit
960 3331 1010 3382 in
1034 3329 1232 3397 Gabaon
1257 3330 1506 3395 Salomon,
1526 3338 1579 3382 et
1601 3331 1844 3395 sapientia

243 3388 298 3438 ei
314 3388 517 3452 collata,
545 3400 589 3440 et
612 3388 794 3452 judicio
815 3394 1020 3444 duarum
1043 3392 1320 3444 mulierum.

313 3449 394 3528 Pe
417 3449 509 3513 eo,
524 3449 662 3528 quod
671 3455 906 3528 scriptum
931 3464 1014 3528 est
1031 3495 1044 3514 ,
1070 3456 1200 3528 quod
1227 3456 1450 3528 Salomon
1472 3456 1566 3528 tria
1587 3455 1844 3528 millia_pa-

255 3512 453 3581 rabulas
475 3512 710 3580 ediderit,
732 3512 786 3567 et
825 3512 1258 3581 l‘uerunt'ca'rmiua
1283 3521 1391 3578 ejus
1410 3519 1629 3581 quinque
1655 3512 1802 3568 millia
1822 3553 1841 3581 ,

242 3573 671 3642 d-sputaveritque
693 3573 723 3629 ᾗ
747 3579 1076 3642 εεάΐουξιιιιθ
1099 3581 1158 3628 ad
1183 3573 1463 3642 hyssopum.

311 3642 561 3704 Quomodo
585 3641 750 3690 Hiram
774 3653 864 3690 rex
887 3641 1194 3692 Salomonem
1212 3643 1263 3692 in
1285 3640 1439 3704 opere
1450 3640 1621 3704 templi
1638 3641 1840 3703 iuverit.

312 3701 442 3767 Quot
465 3707 719 3767 operarios
741 3704 966 3767 Salomon
995 3707 1041 3752 in
1064 3716 1223 3767 opere
1247 3701 1418 3767 teiiipli
1443 3701 1691 3756 habuerit.

312 3760 392 3826 De
425 3760 523 3822 quo
546 3765 707 3826 lapide
733 3766 968 3826 templum
991 3769 1053 3816 sit
1077 3760 1271 3815 factum.

313 3823 539 3890 Quando,
565 3823 643 3874 vel
670 3828 749 3876 uiii
777 3823 1058 3876 aediﬁcatum
1077 3830 1138 3877 sit
1163 3827 1420 3890 templum.

309 3885 457 3944 Cujus
477 3900 719 3938 mensurae
743 3893 805 3940 sit
828 3891 1021 3938 factum.

307 3946 386 4014 De
405 3947 658 4014 fenestris,
685 3958 736 4002 et
760 3950 940 4014 tabulis
964 3952 1070 4012 ejus
1093 3963 1184 4014 per
1208 3962 1401 4013 gyrum.

310 4011 390 4075 lie
413 4011 718 4072 ast-ensu,'et
751 4013 950 4062 iacturis
972 4011 1139 4075 medii,
1167 4011 1226 4064 ac
1247 4011 1382 4065 tertii
1409 4015 1725 4064 tabernaculi.

313 4073 380 4137 Ut
406 4075 622 4133 parietes
641 4076 810 4136 cedro,
835 4088 892 4125 ac
915 4073 1241 4137 pavimentum
1263 4078 1333 4126 sit
1349 4077 1517 4126 abiete
1542 4079 1809 4128 intextum.

314 4136 392 4200 De
419 4137 648 4200 distincta
671 4151 901 4188 mensura
919 4136 1093 4199 templi
1120 4138 1288 4200 ipsius,
1309 4146 1362 4188 et
1383 4139 1590 4191 oraculi.

311 4199 379 4247 Ut
399 4201 554 4246 omnis
577 4199 747 4250 domus
769 4201 832 4249 sil.
854 4200 1004 4248 cedro
1026 4199 1218 4259 vestita,
1240 4208 1293 4252 et
1316 4212 1451 4252 auro.

310 4259 380 4324 Ut
401 4259 557 4309 altare
581 4262 765 4312 oraculi
789 4262 939 4312 cedro
960 4299 975 4324 ,
1002 4268 1056 4313 et
1079 4275 1216 4313 auro.

307 4323 386 4373 De
409 4324 652 4373 cherubin
680 4324 886 4375 factura.

314 4384 383 4448 lit
407 4385 572 4447 paries
593 4386 829 4448 sculptus,
856 4392 910 4436 et
933 4388 1266 4447 pavimentum
1288 4389 1353 4440 sit
1369 4400 1488 4442 auro
1509 4391 1750 4444 vestitum.

315 4446 395 4512 pe
412 4446 648 4507 ingressu
670 4446 874 4512 oraculi,
899 4446 1003 4499 sive
1028 4450 1219 4512 templi.

315 4509 396 4560 De
421 4512 559 4560 atriis
579 4514 751 4560 domus
774 4511 984 4561 Domini.

310 4570 442 4635 Quot
463 4574 600 4622 annis
625 4572 861 4635 templum
883 4577 948 4624 sit
969 4571 1276 4626 aediﬁcatum.

310 4635 386 4685 De
408 4634 656 4686 Columnis
677 4634 843 4688 aereis.

2011 3265 2089 3316 De
2112 3265 2309 3315 basibus
2333 3264 2526 3322 decem,
2543 3264 2592 3310 et
2614 3256 2868 3322 lateribus.
3232 3272 3257 3322 _'

1995 3312 2455 3404 .Quodﬁinregione
2478 3312 2708 3374 Iordanis
2747 3320 2873 3373 facta
2915 3324 3030 3372 sunt
3066 3328 3181 3371 vasa
3216 3315 3392 3369 domus
3429 3312 3530 3367 Do-

1945 3403 2079 3442 mini.

2010 3455 2087 3502 De
2110 3452 2249 3502 altari
2275 3457 2504 3513 utroque.

2007 3514 2088 3565 De
2109 3515 2294 3564 mensis
2316 3507 2491 3563 decem
2513 3511 2683 3561 aureis
2703 3510 2877 3560 domus
2899 3507 3114 3559 Domini.
3133 3543 3136 3546 «

2006 3577 2083 3627 De
2103 3579 2278 3628 decem
2311 3575 2636 3635 candelabris.

1996 3624 2088 3714 De
2110 3624 2405 3690 cardinibus
2465 3639 2736 3694 ostiorum,
2792 3638 2846 3684 et
2883 3631 3190 3697 perfectione
3219 3629 3394 3678 domus
3432 3624 3534 3677 Do-

1944 3716 2104 3815 ωιῧιῦἱ
2132 3769 2377 3812 venerunt
2396 3763 2558 3811 cuncti
2589 3772 2736 3810 senes
2759 3771 2823 3807 ex
2848 3755 3000 3806 Israel
3036 3756 3093 3805 ad
3119 3767 3292 3817 regem
3307 3751 3535 3817 δεε¹⁰⁶¹¹⁰⁹

1948 3839 2080 3888 nem,
2107 3833 2158 3875 et
2175 3822 2484 3888 Hierusalem
2513 3861 2526 3882 ,
2569 3832 2623 3872 et
2662 3820 2950 3888 detulerunt
2991 3831 3152 3888 arcam
3185 3816 3254 3863 de
3297 3816 3535 3888 Sintiiet

1946 3879 2164 3938 tuler'unt
2185 3887 2465 3934 sacerdotes
2489 3879 2648 3932 arcam
2671 3881 2871 3931 ftederis
2892 3879 3085 3929 Domini
3111 3880 3160 3926 in
3183 3881 3380 3926 oracqu
3403 3882 3508 3922 tem

1943 3952 2010 4012 pii
2036 3963 2050 4000 :
2077 3959 2126 4000 et
2165 3955 2272 4009 post
2312 3947 2419 3994 haec
2456 3946 2601 4008 dicit.
2650 3943 3535 4012 1uod.eminerentvectes,appare-

1945 4003 2488 4072 'reutque'summitates
2512 4003 2682 4072 eorum
2719 4004 2833 4052 loris
2869 4003 3334 4072 sanctuariumaiite
3359 4009 3534 4072 oracu-

1945 4074 2063 4123 lum.
2079 4064 2217 4123 Dicit
2238 4077 2404 4126 etiam.
2426 4067 2556 4132 quod
2580 4080 2675 4118 non
2699 4073 2834 4117 esset
2854 4064 2981 4114 aliud
3007 4065 3053 4112 in
3075 4075 3184 4132 arca
3207 4064 3490 4132 testamenti
3512 4095 3530 4118 ,

1943 4137 2039 4186 nisi
2060 4138 2169 4186 duae
2189 4133 2364 4185 tabula:
2387 4123 2594 4195 lapidea
2624 4169 2638 4194 ,
2676 4141 2799 4192 quas
2835 4134 3066 4192 posuerat
3089 4127 3138 4176 in
3162 4137 3222 4175 ea
3247 4123 3444 4188 Moyses
3479 4123 3531 4174 iu

1945 4197 2310 4321 orﬁgonebula,
2334 4271 2446 4321 quae
2468 4256 2691 4321 apparuit
2713 4251 3158 4321 in_domo_Domini_.

2005 4323 2084 4375 De
2106 4324 2261 4375 classe
2284 4313 2570 4380 Salomonis,
2597 4327 2746 4380 atque
2769 4315 2976 4380 Hiram‘,
3000 4325 3112 4380 quae
3135 4313 3236 4363 ibat
3268 4319 3535 4380 perannoa

1943 4369 2641 4462 exinaniaturdeum
2664 4369 2836 4429 'aurum
2857 4413 2875 4441 ,
2912 4369 3098 4440 simi'as,
3138 4369 3303 4438 patos,
3327 4377 3379 4424 et
3401 4369 3535 4435 ligna

1943 4449 2285 4569 ιῙΙᾰΒὲιιίιιιιοιιο
2304 4505 2594 4569 Salomonis,
2638 4509 2692 4556 et
2732 4501 3027 4555 abundantia
3072 4499 3288 4563 argenti,
3335 4499 3389 4548 et
3423 4493 3536 4550 auri

1947 4566 2276 4625 Hierusalem.

1869 4622 1924 4684 D
1950 4622 2220 4688 “paeni:
2242 4633 2530 4694 Salomonis,
2555 4638 2608 4683 et
2629 4630 2724 4682 line
2745 4630 2980 4682 malorum
3004 4627 3128 4691 ejus.

1528 4762 1821 4828 INCIPIT
1864 4763 2100 4826 LIBER
2143 4764 2254 4826 III.

318 4905 442 4980 (111
478 4907 606 4980 Reg.
645 4906 711 4980 ι.)
752 4905 946 4965 Senuit
995 4907 1188 4976 David,
1215 4908 1546 4981 ungiturque
1582 4908 1839 4965 Salomon

242 5001 298 5056 in
317 4999 522 5070 Regem
543 5014 707 5070 super
725 5014 940 5054 omnem
954 4998 1122 5054 Israel
1147 4999 1202 5054 in
1223 4998 1420 5066 Gihon,
1444 5007 1505 5054 ut
1527 4999 1842 5069 impleretur

243 5091 298 5147 in
333 5090 428 5145 illo
459 5089 552 5144 illa
597 5089 909 5160 promissio,
941 5106 1062 5160 quae
1105 5089 1248 5146 facta
1277 5100 1362 5146 est
1404 5089 1474 5146 ad
1525 5090 1695 5147 David
1752 5090 1836 5164 (II

241 5182 374 5254 Reg.
396 5198 494 5247 vit,
524 5181 577 5248 5,
607 5183 690 5247 12,
721 5182 808 5254 15)
838 5201 850 5236 :
879 5181 1003 5235 Non
1029 5191 1087 5236 tu
1117 5181 1404 5252 wdiﬁcabis
1429 5181 1557 5236 mihi
1597 5182 1833 5248 domum,

239 5273 340 5326 scd
371 5271 516 5341 [ilius
557 5281 700 5338 tuus,
740 5273 832 5344 qui
877 5274 1172 5345 egredietur
1201 5273 1266 5328 de
1305 5283 1452 5328 utero
1487 5283 1594 5328 tuo.
1636 5273 1696 5329 In
1734 5290 1842 5345 quo

239 5365 464 5434 quidem
509 5353 706 5419 futura:
743 5365 823 5420 rei
850 5365 1028 5434 imago
1066 5365 1210 5421 facta
1232 5373 1336 5432 est,
1368 5366 1424 5421 in
1445 5382 1511 5423 eo
1535 5367 1678 5437 quod
1709 5375 1845 5422 tem-

238 5455 396 5525 plum
437 5454 746 5522 :edilicavit,
790 5464 843 5512 et
883 5471 1074 5528 pacem
1114 5457 1302 5511 habuit
1328 5457 1618 5513 secundum
1645 5472 1843 5515 nomen

240 5564 425 5604 suum.
457 5560 483 5589 ει
513 5567 532 5600 ι
556 5548 812 5604 Salomon
833 5550 1029 5622 quippe
1051 5550 1440 5622 interpretatur
1457 5550 1728 5621 paciﬁcus,
1777 5567 1841 5610 ac

242 5657 344 5711 per
389 5641 493 5697 hoc
522 5640 652 5698 illud
680 5642 1003 5699 vocabulum
1032 5642 1108 5698 illi
1137 5641 1419 5698 verissime
1448 5643 1719 5713 congruit,
1743 5659 1832 5716 per

241 5749 411 5803 quem
451 5735 807 5792 mediatorem
845 5751 913 5792 ex
955 5736 1217 5804 inimicis,
1266 5745 1491 5809 accepta
1521 5737 1839 5796 remissione

318 5886 346 5914 α
390 5874 683 5948 Desumpta
726 5884 854 5934 sunt
916 5877 1300 5948 subsequentia
1356 5892 1424 5933 ex
1482 5880 1828 5938 enarratione

243 5943 540 6018 Augustini
567 5943 622 6004 in
650 5948 800 6006 Psal.
832 5965 959 6008 Lm
987 5943 1236 6023 [nurnero
1274 5948 1392 6021 ipso
1426 5949 1645 6024 primo].

1938 4913 2290 4979 peccatorum
2369 4904 2786 4962 reconciliamur
2845 4905 2975 4960 Deo.
3055 4902 3270 4959 Etenim
3329 4901 3531 4974 (Rom.

1939 5015 1991 5065 v,
2031 4999 2144 5073 10),
2174 5016 2291 5054 cum
2330 4999 2529 5054 inimici
2558 5015 2784 5053 essemus
2815 4995 3134 5051 reconciliati
3188 5011 3369 5050 sumus
3417 4995 3532 5051 Deo

1941 5109 2034 5163 per
2058 5101 2276 5146 mortem
2315 5089 2416 5160 ﬁlii
2454 5090 2591 5160 ejus,
2635 5088 2777 5144 idem
2819 5089 2935 5158 ipse
2983 5093 3086 5152 est,
3132 5085 3220 5141 ille
3247 5085 3530 5156 pacificus,

1941 5184 1971 5223 δ
2003 5186 2093 5256 qui
2137 5184 2266 5240 fecit
2292 5193 2512 5256 utraque
2543 5199 2726 5248 unum,
2771 5191 2819 5236 et
2860 5179 3088 5235 medium
3133 5179 3385 5249 parietem
3410 5195 3531 5234 ma-

1943 5278 2095 5333 ceria:
2137 5276 2358 5343 solvens,
2396 5276 2717 5330 “inimicitias
2778 5275 2834 5328 in
2900 5289 3057 5327 carne
3102 5288 3223 5338 sua,
3268 5270 3534 5342 legemque

1942 5369 2313 5424 mandatorum
2353 5367 2572 5422 decretis
2609 5381 2888 5431 evacuans,
2935 5372 2991 5418 ut
3030 5362 3162 5417 duos
3207 5361 3450 5416 conderet
3475 5362 3536 5417 in

1940 5479 1995 5517 se
2021 5476 2038 5514 :
2070 5463 2126 5517 in
2154 5479 2315 5517 unum
2353 5478 2539 5516 novum
2567 5459 2826 5514 hominem
2855 5457 3053 5529 faciens
3097 5471 3297 5526 pacem.
3344 5451 3416 5508 Et
3447 5470 3534 5509 ue-

1943 5555 2088 5610 niens
2113 5553 2484 5626 evangelisavit
2512 5567 2691 5626 pacem
2717 5551 2820 5620 his,
2861 5549 2951 5621 qui
2964 5548 3134 5621 longe,
3163 5556 3211 5603 et
3221 5563 3404 5619 pacem
3421 5546 3527 5608 his.

1941 5649 2031 5720 qui
2057 5664 2234 5719 prope.
2278 5645 2397 5718 Ipse
2436 5647 2492 5701 in
2519 5643 2812 5716 Evangelio
2837 5643 2970 5700 dicit
2990 5641 3100 5713 (lo.
3139 5639 3361 5712 Xiv,27)
3393 5656 3529 5712 :pa-

1942 5758 2052 5797 cem
2097 5758 2267 5796 meam
2308 5741 2375 5796 do
2403 5739 2568 5807 vobis,
2612 5755 2791 5810 pacem
2821 5736 3058 5809 relinquo
3100 5733 3263 5791 vobis.
3313 5732 3431 5800 His,
3470 5737 3529 5788 et

3275 5832 3339 5847 Μ

1938 5879 2196 6025 mh
2236 5880 2443 5953 ιι,14.
2489 5877 2614 5939 Haec
2647 5878 2913 5938 exscribit
2950 5876 3190 5938 Isidorus
3379 5834 3438 5929 2⁸
3463 5861 3539 5942 in:
3615 5960 3619 5974 '
