3940 6340
469 447 581 508 ⁸123

1535 431 1808 491 CLAUDII
1847 429 2310 489 TAU'BINENSIS
2348 425 2657 486 EPISCOPI

3629 424 3761 487 734

463 563 594 626 aliis
636 556 821 623 militis
865 553 1192 613 testimoniis
1237 551 1497 608 Dominus
1522 547 1771 606 Christus
1804 546 2056 617 paciﬁcus
2082 547 2137 608 Α
2161 546 2404 610 turbant,
2432 552 2490 600 ut
2518 559 2640 614 qum
2669 541 2944 599 sublevata
2974 542 3242 599 immenso
3265 557 3493 601 munere
3514 547 3766 616 exultat,

445 674 593 720 esse
631 662 988 714 monstratur.
1036 665 1065 694 ι
1109 650 1245 706 Nam
1282 647 1338 703 id
1392 644 1536 717 quod
1582 642 1870 700 aediﬁcavit
1922 649 2061 701 tem-

461 752 621 826 plum
671 744 1191 808 excellentissimum
1245 739 1496 804 Domino,
1551 744 1607 793 et
1659 735 1732 792 ibi
1780 734 2058 790 Christum

467 845 764 919 signiﬁcat,
801 840 899 912 qui
921 837 1210 896 mdiﬁcav-it
1235 834 1458 890 domum
1500 830 1612 887 Deo
1641 831 1698 885 in
1723 828 2056 893 ctelestibus,

469 949 581 996 non
618 939 685 995 de
705 935 888 1009 lignis,
917 941 974 990 et
1011 930 1302 1003 lapidibus,
1351 926 1447 983 sed
1490 925 1559 981 de
1599 923 1906 981 hominibus
1936 936 2061 976 san-

471 1031 598 1097 cti,
628 1030 733 1086 hoc
787 1034 874 1084 est
932 1024 1201 1088 ﬁdelibus,
1245 1020 1441 1091 quibus
1484 1016 1616 1073 dicit
1664 1015 1954 1085 Apostolus
2005 1012 2060 1085 (1

471 1122 596 1181 Cor.
611 1136 696 1188 ιιι,
717 1117 836 1193 l7):
861 1115 1105 1189 templum
1128 1113 1265 1170 enim
1287 1111 1384 1166 Dei
1395 1119 1633 1166 sanctum
1657 1116 1755 1174 est,
1779 1106 1915 1179 quod
1939 1106 2060 1160 estis

471 1232 584 1274 νου.
617 1235 642 1269 ³

544 1307 742 1364 Tribus
802 1302 1112 1361 nominibus
1158 1304 1409 1355 vocatum
1457 1294 1627 1351 fuisse
1683 1293 2056 1358 Salomonem,

473 1399 771 1470 Scriptura
800 1390 1242 1450 manifestissime
1284 1389 1501 1453 docent,
1545 1384 1828 1456 paciﬁcum
1874 1383 1929 1438 id
1977 1389 2062 1438 est

474 1491 838 1548 Salomonem.
871 1486 942 1541 Et
981 1484 1230 1547 Ididam,
1280 1480 1334 1535 id
1377 1487 1463 1534 est
1509 1477 1764 1534 dilectum
1819 1472 2055 1536 Domini,

473 1587 533 1639 et
554 1579 753 1654 (Eccla.
787 1594 828 1643 ι,
871 1576 924 1648 1)
968 1573 1204 1639 Coeletlt,
1251 1571 1303 1627 id
1331 1578 1417 1626 est
1459 1568 1840 1624 Ecclesiasten.
1878 1564 2064 1621 Eccle-

471 1674 670 1729 siastes
698 1678 879 1728 autem
893 1667 1083 1724 Graeco
1105 1677 1356 1722 sermone
1374 1661 1698 1732 appellatur,
1725 1659 1812 1730 qui
1834 1667 2058 1723 emtum,

471 1766 530 1822 id
573 1773 658 1822 est
699 1763 999 1820 Ecclesiam
1037 1765 1370 1831 congregat:
1421 1769 1585 1824 quem
1625 1767 1726 1808 nos
1753 1764 2063 1821 nuncupare

470 1877 760 1939 possumus
783 1861 1222 1922 concinnatorem,
1251 1854 1400 1910 idest
1419 1852 1510 1921 qui
1537 1851 1778 1920 loquitur
1804 1849 1870 1902 ad
1890 1863 2063 1919 popu-

2160 637 2326 693 etiam
2348 636 2646 692 tentatione
2669 635 2902 706 pulsata,
2932 635 3064 705 quid
3096 637 3186 702 sit,
3216 636 3478 692 inveniat.
3523 638 3617 696 ᾖε
3650 641 3771 698 lle—

2162 727 2286 792 lias,
2309 736 2364 783 et
2393 727 2640 782 visitatus
2661 725 2913 796 desuper,
2942 741 3194 782 sermone
3222 727 3389 782 civiles
3425 731 3668 800 aperuit,
3704 742 3769 788 et

2161 829 2346 880 tamen
2399 821 2684 892 probatus,
2731 820 2913 876 subito
2963 818 3211 875 inﬁrmus
3263 836 3362 891 per
3401 823 3621 878 deserta
3676 825 3769 880 fn-

2159 917 2314 988 giens
2359 914 2406 981 ί,
2455 914 2682 970 nimium
2726 913 3008 970 mulierem
3048 914 3288 985 expavit.
3324 913 3418 970 Sic
3458 915 3670 973 Paulus
3697 921 3768 975 ad

2162 1008 2382 1064 tertium
2419 1006 2628 1062 cmlum
2681 1008 2708 1046 ⁸
2748 1005 2984 1071 ducitur,
3042 1006 3284 1076 paradisi
3325 1016 3626 1077 penetrans
3677 1027 3769 1066 sc-

2160 1109 2308 1158 creta
2340 1100 2670 1166 considerat,
2707 1107 2766 1154 et
2803 1107 2985 1154 tamen
3028 1100 3098 1154 ad
3124 1099 3478 1170 selectipsum
3509 1103 3766 1169 rediens,

2159 1202 2350 1251 contra
2375 1192 2556 1249 carnis
2593 1191 2790 1247 bellum
2829 1189 3246 1261 laborat(Rem.
3292 1174 3390 1257 in,
3421 1192 3540 1263 ει),
3586 1192 3768 1266 legem

2162 1286 2322 1342 aliam
2338 1285 2392 1339 in
2408 1283 2666 1340 membris
2691 1283 2942 1345 sustinet,
2963 1279 3121 1350 cujus
3142 1282 3199 1338 in
3229 1297 3286 1339 se
3316 1284 3618 1340 rebellione
3637 1286 3770 1340 lati-

2161 1377 2277 1446 gari
2288 1416 2302 1441 ,
2317 1376 2538 1445 spiritus
2549 1373 2723 1445 legem
2745 1373 2910 1430 dolet.
2929 1373 3060 1428 Post
3073 1373 3103 1413 Ιι
3119 1373 3471 1429 donationem
3491 1391 3628 1447 ergo
3639 1391 3768 1430 mu-

2164 1468 2333 1534 neris,
2367 1468 2570 1522 idcirco
2603 1467 2742 1521 Deus
2770 1466 3042 1522 hominem
3077 1465 3288 1534 probat,
3321 1465 3450 1536 quia
3481 1475 3539 1521 et
3566 1467 3769 1523 collato

2164 1574 2388 1615 munere
2414 1557 2678 1622 sublevat,
2712 1567 2766 1612 et
2791 1557 3068 1612 abstracto
3103 1557 3401 1628 paululum,
3443 1559 3626 1628 ipsum
3661 1559 3768 1614 sibi

2163 1649 2436 1706 hominem
2467 1649 2821 1704 demonstrat.
2867 1647 3019 1716 Quod
3052 1663 3117 1704 eo
3155 1663 3327 1718 usque
3361 1650 3557 1721 procul
3602 1650 3770 1707 dubio

2162 1743 2418 1814 patimur,
2448 1757 2557 1812 quo
2585 1743 2800 1798 detersa
2823 1740 3064 1797 funditus
3105 1740 3228 1795 labe
3261 1741 3494 1810 peccati,
3539 1743 3612 1797 ad
3640 1758 3770 1814 pro-

2164 1836 2345 1891 missae
2391 1834 2812 1904 incorruptionis
2840 1833 3198 1888 substantiam
3235 1830 3621 1888 reformemur.

472 1920 609 2022 lum,
633 1963 692 2011 et
714 1968 892 2010 sermo
921 1950 1039 2020 ejus
1073 1965 1185 2005 non
1207 1920 1515 2018 specialiter
1548 1943 1616 1998 ad
1641 1957 1826 2003 unum,
1861 1939 1956 1996 sed
1994 1939 2063 1994 ad
2089 1920 2138 1982 Β
2242 1931 2259 1970 ⁸
2309 1947 2328 1980 ι
2366 1928 2425 1984 1n
2479 1928 2582 1983 isto
2617 1927 2824 2022 judicio
2868 1926 3193 1992 Salomonis,
3241 1927 3332 1981 ubi
3375 1925 3619 1996 primum
3670 1927 3767 1980 ha.

471 2046 760 2101 universos
805 2039 1131 2115 generaliter
1169 2036 1440 2108 dirigitur.
1485 2032 1656 2088 Porro
1689 2030 1967 2101 paciﬁcus,
2007 2037 2063 2086 et

475 2137 705 2193 dilectus
733 2133 944 2190 Domini
967 2133 1039 2188 ab
1061 2146 1126 2185 eo
1149 2129 1292 2198 quod
1314 2128 1368 2182 in
1400 2141 1566 2197 regno
1592 2123 1708 2193 ejus
1741 2139 1848 2193 pax
1877 2122 2061 2188 fuerit,

474 2240 534 2286 et
559 2242 686 2284 eum
708 2225 969 2281 Dominus
1010 2221 1280 2285 dilexerit,
1331 2216 1631 2288 appellatus
1672 2221 1796 2270 est:
1835 2229 1963 2267 nam
2008 2219 2064 2268 et

475 2321 720 2394 psalmus
767 2315 1211 2394 quadragesimus
1239 2318 1488 2383 quartus,
1535 2317 1592 2364 et
1635 2305 2063 2378 septuagesimus

475 2391 723 2484 primus:
755 2407 946 2463 Diluti
986 2414 1041 2462 et
1083 2391 1292 2476 paciﬁci
1343 2402 1501 2461 titulo
1539 2407 1932 2470 praenotantur,
1969 2395 2064 2467 qui

477 2503 695 2560 tametsi
716 2503 785 2558 ad
810 2499 1147 2572 prophetiam
1171 2496 1390 2560 Christi,
1419 2503 1476 2550 et
1499 2493 1758 2550 Ecclesia:
1786 2493 2067 2562 pertinen-

479 2604 585 2662 tes,
624 2594 958 2657 felicitatem,
990 2600 1045 2645 et
1065 2590 1210 2645 vires
1237 2587 1544 2644 Salomonis
1571 2584 1854 2649 excedant,
1882 2590 2066 2638 tamen

480 2686 783 2760 secundum
829 2683 1135 2750 historiam,
1181 2695 1343 2752 super
1383 2677 1719 2760 Salomonem
1772 2673 2068 2745 conscripti

479 2790 630 2842 sunt.

559 2873 712 2947 (Cap.
741 2891 824 2939 ιιι,
862 2872 964 2945 iv.)
998 2869 1147 2926 Abiit
1169 2869 1358 2938 itaque
1387 2865 1640 2922 Salomon
1674 2864 1730 2919 in
1753 2861 1996 2927 Gabaon,
2017 2866 2073 2915 et

483 2966 785 3025 immolavit
811 2965 884 3021 ibi
911 2964 1282 3020 holocaustum
1309 2961 1578 3016 Domino:
1610 2955 1702 3013 ubi
1730 2957 1980 3027 apparuit
2019 2955 2072 3012 ei

482 3058 746 3115 Dominus
771 3072 868 3128 per
892 3063 1131 3120 noctem,
1191 3061 1246 3109 et
1300 3051 1578 3107 exaudivit
1619 3050 2070 3119 deprecationem,

483 3167 647 3224 quam
665 3151 975 3223 postulavit,
993 3149 1246 3219 deditque
1271 3147 1320 3202 ei
1343 3146 1664 3216 sapientiam
1690 3153 1745 3199 et
1766 3144 2070 3210 scientiam,

481 3245 543 3300 in
568 3251 780 3299 tantum
801 3253 860 3298 ut
879 3241 1059 3297 nullus
1087 3249 1210 3296 ante
1237 3239 1432 3294 similis
1452 3238 1527 3292 illi
1553 3235 1735 3302 fuerit,
1751 3251 1850 3292 nec
1866 3243 1989 3307 post
2010 3235 2073 3289 il-

2165 2025 2350 2082 buisse
2387 2022 2654 2092 judicium
2679 2021 2823 2076 inter
2847 2020 2985 2076 duas
3011 2019 3268 2075 mulieres
3291 2019 3357 2074 de
3392 2019 3603 2088 pietate
3642 2034 3766 2074 cer-

2165 2127 2345 2176 tantes
2381 2115 2726 2180 describitur,
2751 2129 2982 2186 quarum
3025 2114 3082 2168 in
3110 2128 3218 2168 una
3266 2111 3485 2168 dilectio
3512 2112 3767 2176 ardebat,

2166 2210 2222 2266 in
2252 2211 2424 2266 altera
2456 2207 2730 2263 simulatio
2777 2205 3116 2277 subripiebat
3144 2203 3352 2259 Christi
3394 2202 3572 2274 ﬁgura
3622 2201 3765 2266 fuit;

2166 2304 2260 2360 ubi
2290 2302 2486 2358 mulier
2511 2300 2603 2356 illa
2632 2299 2878 2369 improba
2913 2297 3066 2368 plebs
3095 2295 3304 2352 scilicet
3353 2309 3646 2365 synagogas
3681 2295 3766 2348 vel

2169 2395 2554 2453 haereticorum
2591 2407 2720 2447 vere
2761 2390 2975 2452 matris,
3025 2388 3132 2443 hoc
3173 2394 3259 2442 est
3297 2384 3559 2440 Ecclesia
3597 2382 3767 2436 ﬁlim

2167 2489 2488 2558 appetebat:
2540 2499 2704 2556 quem
2749 2482 2762 2534 i
2819 2498 2926 2539 non
2962 2489 3023 2537 ut
3061 2485 3390 2542 reservaret,
3433 2477 3535 2532 sed
3566 2489 3760 2530 revera

2169 2590 2230 2638 ut
2267 2581 2626 2644 interimeret,
2657 2578 2938 2648 cupiebat;
2989 2575 3083 2630 sed
3130 2573 3272 2629 sicut
3301 2571 3482 2646 gladio
3514 2569 3767 2624 Salomo-

2168 2674 2255 2729 nis
2284 2673 2313 2712 κ
2341 2671 2650 2735 dirimente,
2700 2667 2935 2740 propriae
2973 2661 3165 2720 matris
3211 2663 3438 2734 gemitu,
3469 2661 3578 2717 iste
3600 2675 3762 2716 verus

2170 2770 2419 2834 repertus
2449 2771 2532 2816 est
2559 2768 2768 2831 partus,
2800 2759 2874 2812 ita
2902 2767 2955 2813 et
2997 2755 3194 2826 spiritu
3240 2751 3369 2809 Jesu
3416 2751 3628 2807 Christi
3674 2749 3767 2804 do-

2171 2863 2348 2920 cente,
2387 2855 2706 2924 plerumque
2743 2851 2827 2914 hi,
2859 2850 3004 2919 quia
3035 2853 3210 2902 matre
3257 2843 3487 2906 seducti,
3535 2849 3595 2897 et
3626 2842 3767 2911 capti

2173 2952 2300 3002 sunt
2311 2957 2499 2999 errore
2518 2941 2918 3005 lucreticorum,
2941 2939 3026 2994 vel
3043 2953 3347 3009 synagogm,
3373 2939 3768 3004 ncnnunquam

2174 3043 2454 3092 merentur
2502 3048 2602 3105 pro
2654 3029 2964 3100 semetipsis
3009 3025 3314 3100 gementem
3367 3039 3766 3096 recognoscere

2173 3129 2474 3185 Ecclesiam
2524 3133 2756 3181 matrem
2800 3143 2813 3178 :
2871 3123 3013 3178 unde
3064 3123 3213 3185 satis,
3268 3120 3766 3190 convenienterque

2176 3227 2420 3290 apparet,
2464 3217 2606 3272 hanc
2634 3215 2940 3280 mulierem,
2972 3211 3380 3277 haereticorum,
3415 3210 3501 3264 vel
3526 3225 3765 3283 synago-

475 3333 595 3389 lum
621 3340 965 3388 surrecturus
991 3331 1083 3386 sit.
1117 3331 1244 3386 Post
1271 3340 1548 3401 acceptam
1594 3338 1774 3386 autem
1805 3287 2067 3384 diviinitus

2175 3287 2261 3386 ge:—
2281 3313 2544 3384 ﬁgurasse
2577 3309 2936 3379 impietatem,
2979 3319 3100 3375 quae
3126 3312 3181 3360 et
3217 3319 3350 3360 suos
3382 3303 3640 3372 nequiter
3663 3319 3764 3357 nu-

484 3425 828 3494 sapientiam,
859 3439 986 3478 mox
1011 3423 1248 3492 turpium
1270 3423 1554 3478 mulierum
1578 3437 1742 3478 causa
1774 3422 1840 3476 de
1861 3421 2068 3490 judicio

484 3520 742 3569 tentatur.
790 3513 818 3552 b
847 3531 867 3564 ι
903 3511 1004 3568 Ubi
1039 3511 1352 3575 notandum,
1381 3513 1522 3580 quod
1548 3520 1836 3581 postquam
1884 3510 2068 3564 Domi-

465 3618 592 3674 _nus
639 3602 843 3658 erroris
893 3602 1065 3658 nostri
1113 3603 1365 3658 tenebras
1412 3602 1549 3656 lucis
1595 3618 1706 3658 suae
1751 3602 2070 3674 cognitionis

483 3693 742 3759 illustrat,
792 3708 919 3747 mox
945 3691 1261 3747 tentationis
1300 3692 1507 3756 aculeo,
1552 3691 1823 3746 visitando
1855 3691 2068 3761 probat,

467 3787 612 3859 'quia
639 3795 694 3844 et
721 3785 1067 3843 accendendo
1091 3786 1254 3840 corda
1293 3793 1481 3841 nostra
1513 3784 1578 3839 ad
1608 3785 1837 3840 virtutes
1883 3799 2072 3855 prove-

481 3880 566 3938 hit
593 3887 650 3936 et
669 3879 970 3935 recedendo
981 3879 1195 3933 concuti
1219 3879 1515 3934 tentatione
1536 3878 1821 3947 permittit.
1853 3876 1911 3933 Si
1927 3877 2072 3932 enim

494 3979 620 4047 post
653 3975 915 4029 virtutum
958 3987 1206 4038 munera,
1248 3971 1393 4026 nulla
1426 3971 1728 4027 tentatione
1760 3981 1783 4010 ο
1815 3977 2072 4026 concute-

491 4081 665 4136 retur,
695 4070 799 4125 hoc
825 4085 885 4123 se
906 4068 1019 4139 jam
1045 4066 1244 4120 habere
1271 4064 1482 4118 animus
1501 4078 1567 4116 ex
1596 4077 1654 4116 se
1674 4062 1789 4130 ipso
1810 4057 2073 4131 gloriare-

487 4169 599 4218 tur.
645 4159 718 4216 Ut
762 4173 889 4229 ergo
935 4172 1000 4211 ea
1032 4155 1058 4192 ά
1084 4155 1311 4209 ﬁrmitas
1337 4155 1476 4208 dona
1512 4153 1732 4215 habeat,
1765 4158 1819 4205 et
1846 4148 2072 4204 inﬁrmi-

484 4259 656 4307 tatem
681 4264 834 4305 suam
860 4245 1137 4302 humiliter
1156 4249 1426 4314 agnoscat,
1461 4257 1558 4312 per
1583 4256 1859 4296 accessum
1884 4240 2073 4310 gratiae

485 4343 555 4401 ad
587 4343 697 4399 alta
726 4339 1031 4398 sustollitur
1053 4344 1108 4392 et
1131 4351 1227 4406 per
1257 4349 1554 4399 recessum,
1595 4331 1724 4403 quid
1770 4347 1836 4387 ex
1869 4347 1926 4387 se
1952 4332 2072 4401 ipso

485 4437 577 4503 sit,
625 4435 901 4506 probatur.
950 4427 1104 4497 Quod
1151 4429 1287 4482 bene
1335 4425 1491 4481 nobis
1521 4439 1588 4479 ex
1641 4423 1867 4479 historia
1912 4421 2072 4489 hujus

487 4541 659 4584 sacrae
682 4523 932 4580 lectionis
961 4521 1222 4576 innuitur.
1255 4518 1391 4586 Quia
1422 4517 1701 4581 Salomon,
1729 4523 1785 4569 et
1815 4515 2075 4570 divinitus

2171 3409 2404 3472 triendo,
2461 3405 2802 3467 interimunt,
2844 3407 2898 3455 et
2926 3399 3152 3464 alienos,
3180 3413 3463 3468 quousque
3497 3397 3760 3470 perdant,

2173 3500 2444 3558 illiciendo
2472 3498 2819 3569 persuadent.
2860 3488 3140 3549 Moraliter
3164 3507 3296 3548 vero
3331 3490 3349 3530 ι
3387 3491 3441 3545 in
3496 3491 3604 3546 hac
3646 3505 3764 3545 sen-

2174 3593 2361 3657 tentia,
2394 3591 2523 3661 quid
2552 3588 2696 3644 aliud
2739 3603 2837 3658 per
2875 3593 3112 3641 matrum
3143 3583 3462 3640 laetantium
3517 3584 3761 3649 nomina,

2173 3683 2280 3738 nisi
2323 3684 2604 3738 doctorum
2645 3679 2818 3735 ordo?
2849 3677 2981 3748 quid
3025 3692 3156 3732 vero
3201 3691 3299 3746 per
3351 3690 3546 3730 earum
3603 3675 3764 3742 ﬁlios,

2174 3773 2277 3829 nisi
2309 3772 2694 3842 discipulorum
2739 3783 2974 3842 persona
3023 3768 3305 3840 signatur?
3333 3765 3470 3823 Nam
3515 3766 3766 3838 magistri

2173 3873 2430 3928 nimirum
2473 3871 2759 3942 vigilantes
2802 3869 3020 3947 quidem
3065 3868 3318 3932 scientia,
3350 3868 3444 3922 sed
3481 3867 3594 3922 vita
3643 3867 3765 3922 dor-

2175 3969 2428 4033 mientes,
2470 3966 2746 4022 auditores
2777 3977 2925 4028 suos,
2957 3977 3092 4032 quos
3123 3973 3220 4032 per
3246 3960 3459 4032 vigilias
3503 3959 3766 4031 prtedica-

2175 4059 2338 4116 tionis
2363 4057 2625 4120 nutriunt,
2651 4054 2780 4109 dum
2816 4051 2963 4124 quod
2997 4052 3205 4118 dicunt,
3237 4051 3417 4107 facere
3458 4051 3762 4123 negligunt,

2173 4166 2272 4220 per
2299 4149 2566 4206 somnium
2599 4145 2837 4216 torporis
2865 4143 3143 4208 occidunt,
3193 4149 3250 4198 et
3302 4140 3631 4214 negligenda
3677 4155 3769 4210 op-

2173 4249 2448 4313 primunt,
2508 4255 2644 4310 quos
2695 4237 2843 4293 alere
2894 4236 3183 4291 verborum
3231 4232 3370 4288 lacte
3417 4232 3765 4287 videbantur.

2176 4334 2330 4392 Unde
2353 4333 2696 4405 plerumque,
2728 4331 2854 4386 dum
2884 4329 2988 4400 ipsi
3030 4324 3533 4399 reprehensibiliter
3553 4326 3760 4390 vivunt,

2175 4435 2231 4483 et
2259 4425 2464 4481 habere
2503 4421 2795 4492 discipulos
2822 4419 2948 4475 vita:
2988 4417 3274 4475 laudabilis
3306 4423 3610 4486 nequeunt,
3640 4414 3769 4469 alie-

2177 4536 2276 4576 nos
2307 4520 2410 4574 sibi
2440 4516 2714 4572 attrahere
2738 4521 3024 4578 conantur,
3051 4517 3318 4582 quatenus
3347 4506 3476 4562 dum
3505 4507 3685 4562 bonos
3714 4520 3770 4560 se

488 4617 766 4688 accepisse
803 4613 1148 4684 sapientiam,
1175 4620 1231 4666 et
1264 4619 1444 4665 tamen
1471 4616 1592 4680 post
1620 4615 1896 4678 acceptam
1929 4622 2076 4662 eam-
2100 4643 2154 4706 Β
2179 4615 2381 4669 habere
2424 4624 2688 4680 sequaces
2725 4609 3042 4672 ostendunt,
3070 4603 3211 4676 apud
3246 4599 3455 4671 judicia
3484 4599 3768 4656 hominum

487 4712 611 4767 dem
638 4708 975 4780 sapientiam,
1027 4705 1374 4760 meretricum
1423 4703 1608 4758 statim
1655 4701 1897 4770 pulsatus
1925 4715 2072 4770 qum-

488 4804 665 4859 stione
692 4809 1046 4857 memoratur.
1081 4798 1202 4853 Mox
1227 4798 1392 4862 enim,
1435 4804 1497 4851 ut
1522 4795 1751 4868 gratiam
1789 4803 1952 4849 tanta:
1981 4808 2058 4848 re-

485 4894 773 4950 velationis
843 4893 1094 4961 accepit,
1146 4900 1423 4946 certamen
1492 4888 1730 4957 turpium
1783 4887 2072 4942 mulierum

482 4984 714 5056 pertulit
741 5005 752 5040 :
790 4985 915 5054 quia
943 4983 1198 5038 nimirum
1229 4994 1371 5051 saepe
1400 4995 1523 5036 cum
1549 4987 1788 5034 mentem
1827 4986 2070 5034 nostram

491 5079 767 5136 concessis
809 5076 1098 5132 virtutibus
1141 5082 1422 5143 respectus
1469 5071 1671 5126 intimae
1734 5081 1758 5110 ο
1808 5068 2075 5128 claritatis

485 5169 779 5231 illuminat,
815 5170 959 5223 hanc
988 5165 1239 5237 protinus
1270 5164 1436 5220 etiam
1464 5161 1686 5216 lubricae
1723 5159 2077 5231 cogitationes

565 5313 591 5342 ι
633 5299 1030 5369 Subsequentia
1055 5311 1219 5368 porro
1249 5297 1303 5351 in
1326 5295 1534 5350 Isidoro
1562 5300 1770 5369 tantum
1799 5291 2001 5369 inveni.

565 5371 594 5412 ι’
630 5371 758 5427 Haec
799 5363 920 5440 qum
966 5363 1302 5440 lineolispro
1331 5381 1480 5440 m_o_re
1509 5365 1713 5440 notavi,
1743 5379 1808 5417 ex
1831 5363 2074 5440 Patavio,

493 5438 725 5512 ideoque
753 5433 835 5499 ex-
853 5441 1114 5513 Gregorio
1143 5433 1336 5513 Magno
1363 5435 1618 5513 Claudius
1641 5433 2074 5513 sumpsit.'Vide,

495 5503 739 5584 obsecro,
791 5529 911 5584 qua:
945 5503 1256 5584 trarlit‘ille'
1273 5506 1366 5562 lib.
1415 5523 1512 5561 vni
1560 5503 1844 5562 Moralium
1896 5503 2068 5578 [num.

491 5583 580 5649 ιε,
607 5600 725 5654 cap.
755 5581 848 5652 29,
877 5584 1009 5640 alias
1041 5581 1153 5654 l7].

565 5647 589 5696 ε
626 5647 793 5723 Edic,
822 5647 1192 5711 concutitur'et
1213 5664 1341 5709 mox
1367 5667 1380 5705 :
1404 5647 1686 5720 gloriatur.

560 5725 591 5768 ἀ
629 5726 702 5797 Et
730 5726 1018 5797 ﬁmitatis.

571 5807 596 5867 ξ
641 5789 953 5867 [,aigitatii.

571 5864 595 5907 ί
631 5863 832 5929 Unam.

2179 4710 2437 4761 excusent
2459 4701 2621 4765 mala,
2653 4715 2772 4768 quae
2801 4704 2988 4769 agunt,
3019 4703 3073 4751 et
3115 4695 3270 4766 quasi
3302 4710 3400 4764 per
3427 4695 3769 4749 subditorum

2179 4803 2370 4862 vitam,
2398 4795 2736 4852 mortiferam
2769 4800 2955 4864 tegant
2992 4790 3392 4862 negligentiam.
3427 4788 3588 4845 Unde
3617 4798 3676 4844 et
3710 4789 3771 4842 il-

2180 4893 2252 4949 lic
2281 4892 2495 4956 mulier,
2527 4904 2650 4960 quae
2673 4887 2842 4942 ﬁlium
2875 4884 3136 4941 exstinxit
3171 4882 3472 4953 proprium,
3519 4879 3770 4950 quaesivit

2183 4984 2420 5040 alienum
2448 4999 2462 5036 :
2505 4980 2601 5037 sed
2631 4986 2811 5034 tamen
2838 4991 3023 5032 veram
3055 4983 3282 5030 matrem
3317 4972 3632 5028 Salomonis
3655 4971 3768 5042 gla-

2183 5077 2305 5134 dius
2343 5073 2568 5138 invenit,
2609 5071 2735 5142 quia
2763 5067 3015 5124 videlicet
3039 5065 3193 5135 cujus
3236 5063 3446 5120 l’ruetus
3482 5062 3658 5129 vivat,
3685 5061 3769 5118 vel

2181 5165 2335 5236 cujus
2360 5165 2614 5229 intereat,
2641 5162 2702 5217 in
2739 5167 2988 5217 extremo
3015 5156 3269 5213 examine
3292 5155 3375 5210 ira
3401 5153 3644 5211 districti
3677 5151 3766 5223 juo

2255 5308 2281 5348 ε
2319 5304 2538 5375 Raptus.

2251 5378 2280 5418 ιι
2318 5375 2618 5430 Datianem.

2259 5450 2276 5490 ί
2323 5429 2620 5500 illactenus
2665 5437 2936 5504 Paterius,
2990 5438 3226 5506 [deoque
3268 5431 3586 5506 Gregorius.
3635 5429 3770 5499 Qua

2178 5521 2601 5586 subsequuntur,
2608 5527 2692 5586 _ex
2729 5501 2934 5586 Isidoro
2962 5501 3152 5565 didicit
3171 5501 3448 5563 Claudius.
3468 5501 3608 5559 Vide
3643 5515 3764 5575 cap.

2176 5577 2236 5650 ιιι
2283 5577 2406 5643 libri
2433 5577 2740 5653 tertii'Reg.
2770 5595 2823 5632 v.
2855 5577 2943 5635 l7.

2250 5659 2266 5711 i
2309 5660 2365 5713 ln
2390 5657 2546 5720 edit.,
2579 5653 2679 5707 nisi
2693 5644 2774 5706 ναι
2799 5658 3108 5716 reservaret,
3128 5644 3416 5720 sedmale:

2249 5732 2279 5772 ι
2315 5717 2763 5797 Diripientc,_sod_
2776 5723 2880 5780 hoc
2894 5735 3116 5797 quoque
3137 5717 3296 5797 male.

2254 5799 2284 5873 l_
2300 5778 2706 5873 ijjjéas'
2730 5778 3134 5873 Qaterius,_'seu
3163 5785 3487 5873 (ἷιιδςιβοιδξιιεἓ
3508 5798 3666 5840 num.
3696 5778 3769 5840 16

2180 5880 2238 5932 α
2263 5871 2329 5928 l7
2353 5868 2450 5925 lib.
2475 5881 2611 5921 nul
2641 5857 2922 5920 “Ofilium
2941 5857 3325 5932 subsequentia
3365 5857 3610 5913 tradens.
