3940 6340
322 432 442 499 ἠε

977 420 1441 498 QUIESTIONES
1475 420 1629 483 XXX
1662 420 1901 481 SUPER
1933 415 2188 477 LIBROS
2226 412 2506 498 ΚΒΜ]Ηῆ
2530 442 2603 457 -
2639 412 2847 470 LIBER
2882 412 2971 469 Ill.

3514 415 3621 475 726

312 555 465 615 ilicis
480 548 836 609 demonstrat.
863 540 1043 600 {ibist
1061 540 1195 597 illud
1213 547 1301 597 est
1325 538 1557 597 solerter
1576 536 1917 601 intuendum,
1946 534 2005 599 Α
2030 544 2054 574 ο
2088 530 2505 604 disputat,quia
2543 546 2838 602 pravorum
2865 529 3053 595 corda,
3082 536 3138 587 et
3160 529 3447 591 humilium
3462 530 3619 606 judi-

312 646 477 720 quod
502 641 694 697 vivens
736 634 884 695 ﬁlius
916 633 1071 705 prius
1108 631 1278 688 dividi
1312 628 1651 700 praecipitur,
1708 634 1769 699 ut
1819 626 1921 720 soli

310 718 673 811 postmodum
711 726 876 785 mali
909 724 1206 783 reddatur:
1236 722 1367 793 quia
1398 721 1454 785 in
1483 720 1590 781 hac
1627 720 1739 775 vita
1763 718 1921 791 quasi

308 827 523 903 partiri
548 820 870 881 connectitur
913 818 1024 875 vita
1060 814 1330 886 discipuli,
1373 814 1501 873 dum
1532 826 1603 875 ex
1649 812 1739 868 illa
1789 826 1923 878 non-

320 920 611 989 nunquam
664 912 803 969 alter
856 910 1003 981 apud
1050 908 1222 965 Deum
1274 905 1547 971 meritum,
1604 903 1746 961 alter
1790 917 1920 959 vero

312 1011 471 1085 apud
499 1006 750 1065 homines
780 1003 998 1059 laudem
1028 1001 1229 1057 habere
1254 999 1610 1072 permittitur.
1642 996 1751 1053 Sed
1785 995 1923 1053 falsa

312 1111 523 1169 mater,
552 1113 701 1165 eum,
743 1111 906 1168 quem
942 1108 1053 1151 non
1076 1093 1286 1166 genuit,
1326 1093 1506 1151 occidi
1532 1107 1642 1149 non
1690 1090 1916 1157 metuit;

312 1194 455 1266 quia
473 1195 797 1262 arrogantes
824 1186 1096 1257 magistri,
1131 1192 1188 1240 et
1216 1183 1466 1249 caritatis
1504 1181 1702 1254 ignari,
1730 1181 1776 1237 si
1800 1181 1920 1252 ple-

240 1268 247 1273 .
310 1282 613 1343 nissime!
651 1292 852 1335 nomen
889 1276 1068 1335 laudis
1098 1291 1170 1335 ex
1196 1273 1391 1333 alienis
1410 1272 1696 1343 discipulis
1723 1287 1918 1328 conse-

312 1378 419 1451 qui
462 1381 760 1447 nequeunt,
786 1386 976 1428 eorum
1000 1371 1171 1429 vitam
1201 1369 1495 1425 crudeliter
1537 1368 1914 1438 insequuntur.

308 1468 542 1526 Invidia
564 1466 713 1522 enim
739 1463 858 1521 face
876 1462 1147 1528 succensi,
1180 1461 1372 1517 nolunt
1408 1460 1532 1518 aliis
1553 1460 1755 1525 vivere,
1780 1475 1921 1530 quos

306 1559 758 1631 conspicientes
794 1571 904 1612 non
939 1568 1100 1625 posse
1141 1553 1442 1624 possidere.
1508 1551 1663 1609 Unde
1711 1559 1766 1608 et
1809 1551 1919 1607 illic

306 1666 581 1726 perversa
601 1648 798 1706 mulier
821 1647 1023 1705 clamat
1064 1645 1221 1716 (vers.
1256 1644 1351 1718 26)
1380 1663 1394 1698 :
1424 1661 1517 1700 nec
1539 1660 1684 1700 meus
1709 1644 1799 1710 sit,
1826 1660 1919 1699 nec

298 1747 500 1802 istius.
536 1745 609 1801 lit
632 1743 782 1799 enim
824 1741 1085 1806 diximus,
1128 1754 1268 1809 quos
1296 1737 1404 1795 sibi
1431 1737 1657 1807 obsequi
1695 1752 1805 1795 non
1832 1737 1918 1792 vi-

316 1839 474 1904 dent,
513 1837 583 1893 ad
608 1834 837 1908 gloriam
880 1832 1254 1903 temporalem,
1289 1844 1385 1889 eos
1410 1829 1535 1886 aliis
1570 1830 1815 1887 invident
1836 1828 1919 1883 vi-

2004 632 2130 697 geat.
2164 623 2337 695 Super
2360 622 2502 697 ligna
2525 633 2700 679 autem
2724 622 3034 694 disputavit,
3066 621 3196 681 dum
3226 623 3282 680 in
3325 640 3488 683 cruce
3510 643 3613 707 pe-

2018 716 2230 789 pendit.
2262 716 2414 772 Tunc
2445 716 2590 772 enim
2609 717 2675 773 in
2709 716 2895 781 cedro,
2922 716 3103 777 saeculi
3137 721 3512 791 arrogantiam
3541 720 3622 776 in-

2022 806 2461 879 clinavitLquam
2500 792 2668 863 etiam
2704 807 2772 864 ad
2796 806 3015 880 hyssopi
3035 806 3422 877 humilitatem,
3456 810 3511 867 id
3536 819 3623 867 est

2020 913 2194 970 usque
2222 895 2497 981 adcrucis
2513 897 2831 966 stultitiam,
2859 914 2924 955 ac
2956 899 3423 973 contemptibilem
3452 893 3618 959 ﬁdem

2022 990 2266 1049 deduxit.
2298 978 2317 1044 ὁ
2347 978 2375 1027 -’
2436 1024 2442 1031 ο

2094 1077 2289 1152 (Caput
2329 1078 2409 1151 v.)
2434 1068 2711 1151 A-Sequitur
2745 1079 2766 1119 τ
2796 1080 2993 1139 dehinc
3029 1082 3297 1141 historia:
3343 1103 3363 1136 ι
3396 1087 3616 1157 quando

2024 1170 2284 1229 Salomon
2330 1170 2700 1257 aediﬁcaturus
2747 1168 2973 1257 domum'
3021 1175 3277 1247 Domino,
3340 1180 3620 1251 quaesierit

2021 1267 2286 1323 auxilium
2326 1267 2396 1323 ab
2424 1254 2763 1340 Hiramrege
2809 1254 2960 1357 Tyri,
2997 1271 3090 1342 qui
3126 1282 3244 1328 erat
3272 1270 3481 1330 amicus
3507 1275 3617 1332 Da-

2021 1360 2112 1416 vid
2134 1361 2285 1417 omni
2314 1368 2576 1433 tempore,
2622 1370 2679 1417 et
2714 1349 2995 1433 cum'ipso
3041 1380 3256 1437 quoque
3304 1365 3615 1435 Salomone,

2021 1462 2311 1527 postquam
2334 1469 2505 1526 regno
2532 1453 2734 1524 potitus
2763 1462 2868 1521 est,
2898 1440 3101 1527 pacem,
3134 1457 3335 1514 habere
3356 1459 3470 1531 jam
3504 1476 3620 1516 coe-

2018 1554 2200 1618 perat,
2214 1557 2632 1618 promptumque
2649 1563 2772 1607 mox
2788 1547 3042 1609 Salomon
3069 1551 3138 1607 ad
3151 1550 3514 1622 atljuvaudum
3537 1568 3615 1616 se,

2018 1640 2079 1696 in
2105 1642 2358 1697 omnibus
2385 1639 2503 1711 ejus
2532 1641 2802 1697 invenerit
2844 1642 3108 1710 animum,
3163 1644 3235 1699 ita
3269 1653 3332 1701 ut
3381 1645 3618 1702 artiﬁces

2020 1731 2121 1798 illi,
2155 1741 2209 1787 et
2238 1733 2406 1803 ligna,
2436 1741 2492 1791 et
2528 1749 2745 1800 aurum,
2770 1743 2936 1802 prout
2964 1750 3102 1805 opus
3144 1736 3403 1804 habebat,
3451 1740 3612 1794 dede-

2022 1825 2131 1879 rit:
2178 1824 2340 1895 cujus
2391 1824 2642 1880 beneﬁcii
2688 1827 2863 1897 gratia
2905 1825 3163 1882 Salomon
3208 1829 3258 1884 ei
3304 1844 3403 1900 per
3446 1844 3615 1885 annos

313 1903 465 1987 vere;
490 1943 593 1999 per
613 1903 938 1982 vveritatem.
966 1923 1108 1981 Vera
1156 1910 1339 1979 autem
1375 1929 1553 1979 mater
1592 1920 1811 1993 satagit,
1852 1929 1915 1981 ut
1940 1903 1990 1969 Β
2017 1918 2260 1991 singulos
2275 1918 2544 1990 plurimos
2568 1918 2759 1985 tritici,
2784 1930 2840 1974 et
2862 1919 2966 1977 olei
2992 1922 3193 1978 choros
3218 1922 3276 1977 in
3302 1923 3483 1977 cibum
3522 1924 3618 1979 do-

312 2021 442 2092 ejus
478 2019 626 2077 ﬁlius
649 2018 832 2074 saltim
859 2018 1003 2087 apud
1031 2024 1344 2072 extraneam
1369 2015 1463 2082 sit,
1483 2022 1542 2070 et
1563 2014 1746 2081 vivat:
1778 2014 1909 2084 quia

308 2112 630 2168 ooneedrmt
649 2123 875 2165 veraces
902 2108 1173 2181 magistri,
1214 2115 1275 2163 ut
1299 2122 1365 2162 ex
1406 2120 1597 2163 eorum
1633 2106 1914 2176 discipulis

313 2206 416 2261 alii
442 2204 662 2276 quidem
690 2202 989 2274 magisterii
1015 2201 1231 2257 laudem
1250 2201 1522 2265 habeant;
1555 2199 1602 2255 si
1626 2207 1809 2259 tamen
1836 2200 1916 2255 in-

312 2300 633 2372 tegritatem
664 2296 789 2352 vita:
830 2295 995 2350 iidem
1042 2292 1293 2363 discipuli
1338 2308 1447 2349 non
1495 2293 1768 2356 amittant,
1816 2305 1915 2361 per

312 2406 443 2462 quas
470 2389 690 2460 pietatis
721 2388 957 2451 viscera,
987 2386 1104 2441 haec
1130 2384 1326 2441 eadem
1356 2400 1484 2440 vera
1526 2392 1704 2440 mater
1742 2398 1914 2454 agno-

312 2481 513 2547 scitur,
539 2479 667 2550 quia
685 2491 851 2534 omne
870 2475 1241 2547 magisterium
1264 2473 1321 2531 in
1346 2473 1599 2530 examine
1625 2473 1912 2529 charitatis

295 2571 676 2644 approbatur,
735 2577 791 2625 et
846 2567 964 2623 sola
1009 2574 1181 2623 totum
1227 2565 1471 2634 recipere
1523 2564 1741 2629 meruit,
1791 2579 1914 2634 qnte

314 2665 483 2737 quasi
508 2673 683 2720 totum
732 2658 1034 2734 (concessit)
1075 2660 1277 2716 cessit:
1310 2658 1438 2728 quia
1483 2658 1671 2715 ﬁdeles
1706 2674 1915 2729 praepo—

312 2758 413 2814 siti
432 2770 535 2827 pro
559 2770 629 2811 eo
649 2753 793 2824 quod
823 2765 892 2807 ex
916 2751 1078 2807 bonis
1119 2749 1399 2820 discipulis
1439 2749 1554 2805 suis
1594 2764 1704 2806 non
1735 2749 1912 2804 solum

314 2850 441 2905 aliis
469 2847 681 2903 laudem
710 2859 820 2900 non
862 2842 1127 2908 invident,
1167 2842 1266 2898 sed
1293 2841 1583 2899 utilitatem
1622 2842 1706 2898 eis
1745 2842 1913 2896 etiam

2013 2013 2129 2068 mni
2158 2010 2276 2082 ejus
2299 2012 2481 2067 dabat.
2516 2010 2659 2067 Nulli
2690 2020 2872 2067 autem
2900 2012 3303 2083 dubium,quod
3334 2012 3614 2081 Salomon,

2015 2104 2110 2177 qui
2135 2104 2913 2175 interpretaturpaciﬁcus,et
2941 2106 3059 2177 ipso
3098 2108 3341 2173 nomine,
3375 2116 3431 2162 et
3471 2121 3618 2163 sere—

2018 2201 2246 2259 nissima
2274 2200 2428 2273 regni
2459 2200 2543 2257 sui
2565 2208 2709 2263 statu
2733 2200 2886 2259 illum
2916 2201 3205 2274 signiﬁcet,
3239 2202 3307 2259 de
3336 2217 3445 2275 quo
3477 2201 3617 2258 dixit

2016 2293 2187 2351 lsaias
2219 2292 2319 2364 (ut,
2350 2293 2405 2364 7)
2430 2308 2444 2346 :
2483 2292 2932 2365 Multiplicabitur
2962 2294 3082 2366 ejus
3129 2294 3427 2365 imperium,
3454 2302 3502 2348 et
3525 2310 3618 2365 pa-

1986 2388 2093 2443 .cis
2119 2403 2224 2443 non
2268 2388 2368 2442 erit
2411 2386 2556 2457 ﬁnis.
2588 2387 2776 2442 Hiram
2806 2403 2959 2455 vero,
2999 2388 3093 2459 qui
3121 2387 3292 2445 latine
3318 2388 3519 2443 dicitur
3543 2387 3615 2443 vi-

2017 2496 2141 2534 vens
2192 2477 2411 2546 excelse,
2459 2479 2750 2535 credentes
2786 2494 2853 2539 ex
2902 2480 3177 2552 gentibus,
3232 2487 3287 2535 et
3310 2480 3420 2536 vita
3455 2480 3604 2535 simu

2013 2584 2146 2625 cum
2173 2569 2278 2626 ﬁde
2323 2569 2588 2640 gloriosos
2622 2569 2926 2641 ﬁguraliter
2958 2570 3234 2642 exprimit.
3279 2569 3466 2642 Neque
3498 2570 3604 2625 ali-

2017 2661 2149 2730 quid
2178 2661 2454 2731 prohibet,
2498 2662 2630 2732 quin
2655 2661 2864 2730 Hiram,
2902 2662 2999 2732 qui
3048 2678 3143 2718 rex
3170 2670 3308 2729 erat,
3336 2662 3619 2735 regalique

1990 2753 2263 2824 potentia
2315 2751 2685 2820 Salomonem,
2719 2752 2773 2808 id
2804 2762 2890 2809 est
2928 2750 3224 2823 Paciﬁcum
3282 2754 3338 2807 in
3385 2752 3618 2809 aediﬁcio

2016 2845 2212 2900 domus
2238 2845 2454 2901 Domini
2478 2844 2728 2915 juvabat,
2757 2860 3053 2903 conversos
3091 2845 3160 2900 ad
3200 2844 3362 2900 ﬁdem
3408 2846 3433 2885 δ
3466 2845 3617 2915 ipsos

313 2939 629 3017 (profectas)
656 2944 946 3009 provectus
987 2941 1252 3001 exorant;
1301 2934 1407 3005 ipsi
1451 2942 1509 2989 et
1555 2934 1815 3004 integros,
1860 2940 1916 2988 et
2018 2951 2203 2991 rerum
2222 2935 2682 3008 Dominostypice
2705 2936 3006 3002 denuntiet,
3035 2949 3266 3006 quorum
3281 2949 3385 3004 ope
3404 2942 3620 2990 constat

312 3036 569 3091 Iviventes
610 3030 752 3087 ﬁlios
797 3027 1067 3098 recipiunt
1115 3025 1334 3096 quando
1368 3025 1423 3081 in
1483 3039 1737 3096 supremo
1784 3040 1916 3081 exa—
2016 3028 2321 3086 Ecclesiam
2350 3044 2495 3100 saepe
2521 3027 2788 3099 adjutam,
2810 3045 2877 3086 ac
2897 3030 3153 3086 nobiliter
3182 3038 3614 3101 augmentatam,

314 3128 468 3184 mine
492 3141 562 3181 ex
608 3134 802 3180 eorum
830 3121 944 3176 vita
989 3116 1251 3190 perfecte
1295 3117 1677 3177 retributionis
1716 3116 1916 3187 gaudia
2019 3128 2077 3177 et
2103 3130 2295 3179 contra
2324 3122 2631 3188 haereticos,
2672 3123 3078 3189 schismaticos,
3106 3134 3162 3179 et
3195 3139 3436 3197 paganos
3465 3124 3617 3194 prin-

316 3226 665 3289 sequuntur:
1948 3269 1992 3289 η
2024 3216 2290 3286 cipalibus
2326 3226 2566 3275 erectam
2596 3231 2719 3273 esse
2744 3217 3002 3272 decretis.
3027 3216 3171 3271 Petit
3197 3222 3335 3287 ergo
3353 3214 3613 3271 Salomon

401 3269 457 3350 ί.
802 3311 878 3359 est
917 3317 1122 3374 quoque
1147 3297 1401 3357 Salomon
1425 3296 1531 3353 tria
1556 3296 1725 3352 millia
1767 3314 1916 3368 para-

2024 3309 2080 3364 in
2110 3324 2276 3379 opere
2303 3309 2489 3380 templi
2538 3308 2799 3364 auxilium
2843 3309 2911 3364 ab
2956 3309 3179 3377 Hiram,
3212 3310 3342 3381 quia
3368 3326 3493 3365 cum
3525 3325 3619 3365 ve-

316 3398 474 3456 δοιαθ
496 3412 515 3451 -’
535 3405 586 3452 ⁸⁸
602 3397 818 3468 βίαια
840 3394 1078 3451 “mm
1098 3392 1214 3463 ei“
1238 3392 1265 3433 δ
1291 3390 1520 3461 συεηηιιε
1544 3388 1737 3445 mmin-
1775 3388 1919 3456 Qllid
2016 3399 2180 3459 ,niens
2209 3399 2264 3455 in
2293 3414 2456 3454 carne
2484 3399 2765 3464 Dominus,
2816 3399 3068 3457 dilectam
3103 3401 3208 3456 sibi
3254 3401 3494 3466 domum,
3532 3401 3619 3457 vi-

313 3490 469 3545 enim
496 3503 596 3560 per
628 3487 736 3542 tria
780 3484 953 3541 millia
980 3482 1294 3554 parabolas,
1338 3481 1446 3536 nisi
1474 3482 1752 3551 plenitudo
1789 3481 1916 3537 ﬁdei

2023 3491 2218 3547 delicet
2248 3491 2566 3556 Ecclesiam,
2604 3491 2877 3548 :ediﬁcare
2916 3494 3247 3565 disponeret,
3288 3511 3393 3551 non
3424 3495 3491 3551 de
3518 3492 3615 3551 Ju-

314 3583 381 3637 in
408 3581 546 3653 lege,
582 3587 643 3636 et
680 3576 989 3649 Evangelils
1014 3590 1046 3629 a
1088 3574 1309 3633 Christo
1335 3573 1534 3631 tradita
1564 3572 1916 3644 designatur?

2022 3584 2156 3640 dacis
2184 3584 2576 3650 tantummodo,
2600 3600 2791 3640 verum
2822 3586 2989 3643 etiam
3013 3586 3082 3643 de
3105 3588 3377 3658 gentibus,
3410 3588 3620 3660 adjuto-

313 3688 447 3745 ςυω
473 3673 601 3728 dum
627 3678 741 3726 tota
775 3667 1148 3739 multipliciter
1189 3681 1289 3737 per
1318 3664 1699 3735 allegoriarum
1724 3680 1918 3723 sensus
2021 3690 2111 3730 res
2137 3675 2319 3744 operis
2342 3674 2525 3746 elegit,
2565 3690 2691 3729 nam
2723 3674 2791 3729 de
2834 3684 3069 3747 utroque
3108 3679 3307 3749 populo
3335 3679 3616 3736 ministros

318 3765 426 3821 sub
448 3775 472 3804 ο
501 3761 808 3819 ministerio
835 3758 1123 3815 Τΐὶηὶῑιιίε
1147 3756 1459 3821 disseritur.
1482 3755 1639 3825 fi“aSi
1666 3755 1768 3811 ⁸1⁸⁵³
1795 3755 1918 3809 mi"
2020 3769 2287 3825 sermonis
2317 3770 2629 3840 assumpsit.
2671 3768 2814 3825 Misit
2858 3769 3047 3826 Hiram
3077 3770 3352 3828 Salomoni
3390 3774 3617 3842 praecisa

319 3857 397 3914 lia
442 3855 718 3929 parabolas
785 3860 1189 3922 nuncupantur-
1247 3850 1506 3907 Carmina
1561 3858 1742 3907 autem
1800 3850 1919 3920 eius
2022 3860 2088 3915 de
2116 3858 2322 3917 Libano
2351 3859 2497 3931 ligna
2526 3860 2773 3927 cedrina,
2805 3861 3135 3931 etabiegna,
3186 3876 3306 3930 quae
3353 3862 3406 3916 in
3452 3864 3613 3919 domo

318 3952 565 4025 quinque
585 3948 757 4004 millia
787 3961 889 4018 pro
916 3946 1157 4016 quinque
1184 3943 1437 4003 sensibus
1476 3943 1723 4012 corporis
1758 3942 1918 3997 ίηιθί-
2020 3950 2233 4009 Domini
2256 3958 2606 4021 ponerentur,
2635 3953 2764 4021 quia
2789 3966 3051 4006 conversa
3082 3951 3353 4023 gentilitas
3373 3952 3522 4009 misit
3544 3953 3617 4009 ad

319 4044 587 4116 ligantur,
618 4056 754 4112 quos
800 4040 894 4111 qui
924 4040 981 4095 in
1009 4038 1242 4095 diversis
1276 4036 1572 4097 virtutibus
1599 4037 1739 4093 bene
1767 4034 1796 4074 ἀ
1825 4052 1918 4106 Be—
2020 4042 2311 4099 Dominum
2336 4043 2486 4098 viros
2513 4044 2786 4114 quondam
2816 4045 2883 4099 ad
2910 4044 3165 4101 saaculum
3191 4044 3389 4113 claros,
3422 4062 3615 4102 secure

319 4137 423 4201 rit,
445 4136 635 4190 beatus
667 4141 772 4199 est,
802 4142 860 4189 et
882 4146 981 4203 per
1005 4146 1101 4188 eos
1137 4130 1299 4201 quasi
1334 4128 1576 4200 quinque
1606 4125 1772 4182 millia
1799 4141 1920 4181 cal"
2020 4134 2306 4191 dominica:
2329 4135 2716 4207 increpationis
2742 4135 2809 4193 de
2845 4146 3031 4193 monte
3062 4152 3173 4194 sua:
3206 4139 3473 4211 superbiae
3497 4139 3615 4211 jam

316 4230 477 4288 mina
524 4228 752 4285 Domino
787 4227 956 4284 canit.
2020 4224 2261 4297 dejectos
2295 4232 2351 4280 et
2380 4225 2720 4295 humiliatos,
2748 4226 2839 4299 qui
2884 4228 2955 4284 ad
3002 4243 3249 4284 normam
3288 4229 3616 4302 evangelicae

399 4322 580 4397 (Vera.
611 4322 727 4395 35.)
775 4340 795 4374 ι
840 4319 1150 4386 Disputavit
1190 4325 1374 4375 autem
1403 4317 1660 4375 Salomon
1689 4333 1721 4373 a
1750 4316 1916 4373 cedro
2020 4318 2267 4374 veritatis
2293 4317 2548 4384 instituti,
2577 4318 2633 4375 in
2660 4319 2893 4376 rediﬁcio
2933 4320 3192 4381 Ecclesia:
3216 4337 3316 4394 pro
3336 4338 3437 4379 suo
3466 4323 3617 4395 quis-

319 4430 502 4487 usque
522 4417 592 4473 ad
615 4415 935 4487 hyssopum.
950 4412 1109 4469 Cedri
1121 4412 1344 4467 nomine
1360 4410 1626 4468 celsitudo
1652 4410 1837 4482 gloria:
1861 4410 1918 4464 in
2021 4423 2127 4478 que
2144 4411 2367 4480 merito,
2392 4411 2478 4468 vel
2506 4420 2753 4485 tempore
2781 4414 3201 4473 collocarentur.

322 4506 517 4563 electis
538 4506 807 4577 accipitur
830 4523 843 4559 :
870 4505 1016 4560 sicut
1041 4510 1098 4559 et
1135 4503 1407 4574 Pr0pheta
1454 4511 1691 4557 testatur
1729 4502 1918 4558 dicens
2099 4523 2119 4555 ι
2164 4503 2311 4559 Misit
2347 4506 2506 4559 etiam
2534 4506 2788 4576 artiﬁces,
2816 4507 2945 4578 quia
2991 4523 3283 4565 conversos
3332 4508 3401 4564 ad
3428 4523 3615 4564 veram

320 4598 505 4673 (Paul.
550 4615 674 4665 xei,
708 4598 800 4672 l5)
834 4612 851 4653 :
887 4597 1079 4653 Iustus
1111 4605 1170 4650 ut
1422 4595 1740 4700 (lprebitt'et
1782 4595 1917 4649 sicut
1940 4640 1997 4700 D
2020 4597 2342 4668 sapientiam
2365 4598 2736 4689 philosophos,
2766 4601 2858 4671 qui
2878 4602 3051 4671 gratia
3081 4602 3421 4668 eruditionis,
3436 4617 3612 4672 popu-

325 4693 538 4757 cedrus,
559 4706 677 4763 qum
697 4699 773 4744 est
797 4690 852 4743 in
879 4689 1095 4754 Libano,
1128 4685 1586 4757 multiplicabitur.
1640 4685 1918 4757 Hyssopus
1941 4684 1994 4700 "
2023 4688 2090 4743 lis
2102 4703 2319 4760 quoque
2340 4684 2591 4761 regendis
2612 4689 2736 4761 jure
2757 4700 3207 4763 proponerentur,
3232 4692 3462 4748 Domino
3484 4707 3612 4764 gen—

325 4792 515 4839 autem
541 4782 713 4839 herba
730 4789 819 4837 est
844 4779 1085 4845 humilis,
1110 4793 1243 4834 saxo
1270 4779 1515 4844 haerens,
1542 4793 1646 4848 qua
1672 4778 1920 4865 signatur
2019 4778 2189 4836 tilitas
2218 4780 2434 4847 obtulit,
2482 4782 2656 4852 qualis
2696 4782 2830 4853 ipsis
2870 4783 3238 4855 apostolorum
3280 4783 3613 4854 temporibus

324 4874 613 4933 humilitas
630 4872 859 4933 Christi.
890 4871 1219 4942 Redemptor
1251 4870 1449 4941 quippe
1485 4878 1673 4927 noster
1697 4887 1727 4925 a
1754 4874 1918 4928 cedro
2020 4869 2310 4942 Dionysius
2326 4872 2676 4946 Areopagita,
2701 4875 2877 4945 qualis
2899 4876 3153 4949 deinceps
3173 4876 3366 4931 doctor
3403 4878 3612 4933 suavis-

327 4966 600 5037 usquead
626 4965 924 5038 hyssopum
949 4962 1268 5033 disputavit,
1286 4962 1495 5033 quiaab
1524 4961 1633 5017 alta
1653 4962 1920 5019 excellen-
2020 4966 2213 5033 simus,
2271 4977 2328 5023 et
2382 4968 2711 5026 fortissimus
2762 4982 2972 5044 martyr
3029 4971 3349 5044 Cyprianus,
3413 4973 3613 5045 aliique

324 5061 409 5117 tia
432 5059 675 5117 ctelestis
708 5056 899 5130 gloria
926 5070 1098 5126 usque
1126 5055 1196 5111 ad
1232 5054 1414 5113 carnis
1441 5054 1805 5111 humilitatem
1830 5055 1921 5110 de-
2022 5058 2428 5128 quamplurimi.
2463 5060 2609 5117 Misit
2636 5079 2827 5117 aurum
2852 5076 2871 5116 :
2894 5065 3037 5134 quod
3064 5064 3119 5119 in
3159 5065 3347 5120 eadem
3372 5080 3513 5141 pene
3538 5068 3611 5122 si-

324 5150 642 5211 seendendo
659 5147 953 5220 pervenit:
986 5146 1271 5217 siquidem
1293 5153 1350 5201 et
1373 5145 1523 5203 cedri
1548 5146 1769 5202 nomine
1799 5162 1919 5217 pra-
2025 5150 2371 5222 gniﬁcatione
2395 5155 2677 5225 accipitur.
2728 5156 2864 5223 Quia
2913 5157 3170 5214 nimirum
3210 5159 3356 5215 viros
3397 5160 3611 5231 sapien-

328 5258 528 5299 vorum
557 5243 790 5312 superba
839 5241 1004 5296 elatio
1028 5240 1361 5311 designatur,
1414 5240 1556 5294 sicut
1603 5256 1703 5309 per
1750 5239 1919 5297 David
2028 5241 2123 5307 tia,
2151 5250 2205 5297 et
2236 5243 2449 5315 ingenio
2471 5244 2760 5314 praeclaros
2786 5246 2814 5285 ιι
2839 5247 3095 5312 ostendit,
3125 5263 3223 5318 pro
3257 5249 3456 5318 quibus
3485 5266 3613 5305 cun-

328 5336 536 5391 dicitur
567 5332 741 5408 (Psal.
782 5349 993 5407 xxvm,
1020 5332 1076 5405 5)
1101 5347 1116 5386 :
1160 5328 1273 5385 Vox
1293 5330 1507 5385 Domini
1541 5330 1919 5402 confringeutis
2024 5333 2129 5388 etis
2153 5333 2516 5391 oblationibus
2539 5335 2866 5406 gentilitasa
2902 5338 3128 5395 Domino
3157 5339 3298 5395 dona
3331 5350 3613 5411 exspectat

328 5428 538 5491 cedrus.
595 5424 645 5482 A
669 5426 831 5483 cedro
859 5426 1044 5496 itaque
1058 5422 1311 5479 Christus
1331 5434 1503 5492 usque
1530 5422 1602 5477 ad
1620 5420 1919 5493 hyssopum
2024 5426 2215 5497 gratiae
2253 5427 2490 5484 ccclestis
2533 5446 2547 5482 :
2592 5428 2833 5485 triticum
2878 5428 3130 5487 videlicet
3184 5432 3333 5489 verbi
3380 5432 3516 5500 Dei,
3553 5443 3613 5489 et

407 5591 434 5621 ι
475 5578 550 5636 Ca
593 5620 607 5634 .
641 5594 717 5647 iV,
747 5576 841 5636 52.
891 5576 1289 5651 Subsequentia
1399 5575 1584 5646 rquire
1625 5575 1685 5633 in
1712 5576 1919 5635 Isidoro
2021 5583 2141 5652 stri,
2164 5598 2291 5638 nam
2318 5584 2571 5656 deinceps
2596 5583 2762 5641 habet
2783 5584 3017 5656 judicat.

356 5596 631 5706 ibrumiﬂ
651 5650 861 5706 Regum
879 5648 1284 5706 commentariis
1320 5589 1645 5705 igleustrante.
2098 5653 2119 5693 τ
2161 5654 2291 5706 Ome
2347 5662 2647 5706 sequuntur
2695 5656 2908 5706 lineolis
2934 5671 3017 5706 nn

332 5648 631 5730 librum!“
651 5650 861 5730 Regum
879 5648 1284 5730 commentariis
1320 5648 1645 5705 illustrante.
2020 5723 2059 5730 _
2098 5648 2135 5730 ς’
2161 5654 2291 5722 Quae
2334 5648 2647 5730 sequuntur
2695 5648 2908 5717 lineolis
2934 5671 3036 5730 pro
3088 5668 3245 5717 more
3290 5663 3494 5723 notata,
3549 5657 3606 5713 in

410 5722 440 5773 ξι
478 5717 982 5795 Υμιεειῑᾳ,’ᾳιιίηᾳιιε
1007 5727 1056 5785 et
1081 5717 1225 5781 mille
2020 5717 2249 5783 Babano
2274 5717 2441 5781 etiam
2467 5734 2613 5782 sunt.

410 5801 438 5876 ξ
479 5789 780 5876 agam:
893 5789 906 5795 ’
2093 5796 2124 5876 ξ
2158 5795 2362 5876 garum
2402 5813 2596 5876 rerum.

411 5860 448 5974 ἶ
481 5860 950 6007 {sedis-disputavit.
996 5930 1235 5993 Praefero
1270 5933 1559 5994 lectionem
1584 5935 1788 5996 codicis
1829 5951 1925 5994 no-
2046 5978 2051 5983 -
2093 5868 2122 5909 h
2157 5867 2413 5927 Fortasse
2442 5869 2838 5944 legendum“
2860 5869 3070 5928 “mm.
