3940 6340
789 345 840 365 ..ι-

447 415 555 472 727

1527 397 1803 461 CLAUDII
1839 368 2308 454 TAURINENSIS
2343 388 2651 450 EPISCOPI

3611 383 3720 442 728

444 531 633 588 oleum
666 522 976 590 charitatis,
1000 528 1162 593 atque
1201 516 1497 583 unctionis,
1527 523 1584 571 et
1623 510 2034 570 illuminationis
2061 513 2116 575 Α
2139 509 2385 564 cerdotes
2424 504 2678 578 eligendi,
2707 504 2803 561 sed
2830 501 2897 560 de
2918 501 3070 559 omni
3112 506 3238 557 sunt
3277 497 3538 563 Ecclesia
3570 516 3724 573 qua:-

447 621 687 694 Spiritus
709 616 906 675 sancti.
934 613 1215 681 Convenit
1241 619 1364 682 apte
1393 610 1556 664 rebus
1574 605 1858 669 Ecclesiaz,
1890 601 2035 673 quod

442 711 710 770 auxilium
739 707 914 765 sancti
935 705 1118 777 operis
1143 703 1426 774 ﬂagitans:
1455 700 1534 755 ait
1567 699 1636 755 ad
1670 697 1856 752 Hiram
1884 695 2038 750 Salo-

443 821 574 862 mon
601 800 724 876 (III
749 800 882 872 Reg.
926 813 978 864 v,
1023 796 1076 869 6)
1113 813 1126 849 :
1170 791 1409 865 Prwcipe
1453 792 1632 864 genti,
1681 798 1739 843 ut
1783 784 2038 859 prwcidat

444 902 577 959 mihi
599 898 782 956 cedros
807 895 871 951 de
896 892 1119 958 Libano,
1147 899 1197 946 et
1240 890 1376 946 servi
1420 888 1523 943 mei
1566 887 1671 941 sint
1717 900 1837 940 cum
1877 882 2036 938 servis

443 996 576 1052 tuis.
629 989 790 1049 Servi
817 987 1016 1059 quippe
1055 983 1266 1048 Hiram,
1306 979 1400 1052 qui
1441 977 1808 1050 praecidebant
1847 973 2038 1028 cedros

446 1083 728 1146 Salomoni
749 1084 818 1138 de
841 1080 1068 1143 Libano,
1100 1075 1351 1131 doctores
1381 1079 1509 1128 sunt
1550 1069 1708 1124 electi
1758 1067 1824 1122 de
1858 1062 2035 1136 genti-

445 1185 571 1246 bus,
598 1188 833 1250 quorum
857 1169 1018 1229 ofﬁcii
1048 1174 1134 1224 est
1173 1180 1289 1231 eos,
1319 1162 1411 1234 qui
1455 1162 1513 1216 in
1541 1161 1744 1215 mundo
1786 1157 1911 1221 hoc,
1945 1169 2036 1210 re-

445 1244 634 1326 buset-
645 1264 816 1338 gloria
839 1261 1180 1323 laetabantur,
1205 1271 1237 1310 a
1253 1250 1521 1325 superbiae
1543 1249 1687 1304 fastu
1711 1244 2034 1317 corrigendo

445 1371 711 1424 sternere,
739 1365 901 1427 atque
913 1352 982 1408 ad
1009 1347 1329 1420 obsequium
1353 1345 1436 1401 sui
1465 1339 1823 1412 redemptoris
1849 1353 2039 1396 eorum

445 1461 576 1510 vota
599 1447 916 1506 transferre.
959 1443 1097 1501 Cum
1123 1439 1322 1512 quibus
1357 1435 1612 1493 videlicet
1650 1432 1840 1498 servis,
1880 1438 2039 1485 erant

445 1552 506 1601 et
547 1540 691 1598 servi
753 1533 1063 1592 Salomonis
1087 1571 1103 1600 ,
1168 1545 1233 1586 ac
1278 1526 1486 1600 pariter
1534 1530 1836 1581 memorato
1872 1521 2043 1576 insta-

443 1636 579 1692 bant
614 1629 766 1704 operi
789 1670 805 1695 ,
864 1626 994 1700 quia
1030 1623 1197 1696 primi
1241 1621 1495 1678 doctores
1541 1631 1610 1672 ex
1656 1615 1910 1687 gentibus
1949 1628 2072 1668 ne-.

445 1742 603 1786 cesse
629 1724 900 1782 habebant
920 1720 1161 1791 ipsorum
1184 1713 1590 1787 Apostolorum,
1627 1710 1776 1780 quia
1811 1707 2040 1763 Domino

445 1819 766 1879 didicerant,
797 1811 1102 1870 eruditione
1143 1807 1201 1863 in
1227 1805 1396 1861 verbo
1431 1801 1558 1858 ﬁdei
1602 1798 1814 1856 institui
1843 1816 1857 1853 :
1893 1811 1964 1852 ne
1989 1796 2036 1851 si

2137 599 2310 665 rendi,
2355 598 2448 670 qui
2488 597 2758 654 aediﬁcare
2797 595 3018 652 domum
3059 594 3296 660 Domini,
3337 593 3426 650 vel
3471 597 3726 666 exemplo

2137 709 2253 757 suo,
2282 690 2369 747 vel
2405 691 2550 746 dicto
2578 689 2886 746 suﬁiciant:
2929 696 2985 744 et
3031 687 3341 758 ubicunque
3375 687 3585 743 inventi
3614 688 3730 746 fue-

2136 784 2268 849 rint,
2296 797 2424 839 mox
2461 781 2517 838 in
2552 779 2788 838 ollicium
2828 780 3109 836 doctorum
3152 779 3358 849 absque
3395 777 3505 833 ulla
3531 793 3726 848 perso—

2137 894 2329 934 narum
2372 877 2684 947 acceptione
2738 873 3110 947 promovendi,
3164 871 3428 942 talesque,
3475 887 3604 927 cum
3660 872 3731 928 ad

2136 968 2459 1026 erudiendos
2505 967 2772 1034 infideles,
2821 973 2985 1037 atque
3029 965 3086 1020 in
3135 963 3418 1036 collegium
3469 962 3734 1019 Ecclesia:

2135 1059 2409 1118 vocandos
2437 1059 2784 1125 ordinantur,
2829 1057 2987 1130 quasi
3017 1056 3088 1112 ad
3117 1055 3387 1112 cedendas
3428 1054 3488 1110 in
3514 1053 3731 1112 Libano

2137 1143 2395 1208 matterias
2426 1150 2633 1221 templi,
2665 1149 2769 1205 viri
2813 1149 3046 1215 strenui,
3083 1154 3249 1218 atque
3277 1146 3452 1202 "electi
3500 1145 3733 1202 mittun-

2137 1253 2246 1300 tur.
2278 1245 2348 1299 Et
2370 1244 2589 1316 quidem
2614 1257 2873 1298 numerus
2897 1241 3122 1312 triginta
3153 1239 3408 1305 millium,
3430 1253 3542 1309 quo
3564 1239 3735 1295 iidem

2137 1338 2406 1411 lignorum
2433 1335 3068 1408 caesoreseensebantur,
3097 1339 3278 1405 potest
3293 1331 3361 1386 ad
3379 1347 3573 1388 eorum
3601 1331 3736 1402 ﬁgu-

2139 1443 2258 1483 ram
2293 1435 2416 1500 apte
2444 1426 2660 1492 referri,
2700 1425 2794 1496 qui
2825 1427 2880 1480 in
2918 1424 3023 1480 ﬁde
3051 1431 3255 1479 sanctae
3285 1421 3574 1478 Trinitatis
3605 1429 3738 1477 sunt

2137 1517 2388 1590 perfecti,
2433 1517 2577 1588 quod
2603 1515 2918 1572 doctoribus
2946 1514 3183 1571 maxime
3210 1515 3480 1587 congruit.
3504 1512 3737 1582 Verum,

2139 1611 2267 1682 quia
2304 1610 2530 1681 triginta
2551 1609 2723 1664 millia
2750 1609 2824 1664 ita
2852 1615 3011 1663 erant
3040 1607 3299 1674 ordinati,
3329 1615 3392 1662 ut
3422 1606 3563 1662 dena
3602 1605 3732 1660 mil-

2140 1702 2213 1758 lia
2239 1717 2339 1774 per
2370 1715 2585 1756 menses
2623 1698 2865 1771 singulos
2893 1698 3045 1770 Operi
3075 1705 3264 1754 sancto
3301 1697 3592 1763 instarent,
3621 1712 3741 1753 ma-

2144 1798 2227 1868 gis
2251 1795 2464 1852 denarii
2491 1793 2702 1850 numeri
2746 1800 3148 1849 sacramentum
3186 1790 3524 1863 perpendere
3566 1791 3740 1846 debe-

443 1871 958 1981 absquemagistris
985 1904 1182 1958 docere
1212 1897 1537 1968 inciperent,
1565 1891 1816 1965 magistri
1843 1890 2047 1946 existe-
2071 1871 2121 1932 Β
2148 1904 2287 1944 mus.
2321 1888 2469 1944 Dena
2505 1899 2738 1956 namque
2765 1884 2932 1939 millia
2959 1884 3203 1940 virorum
3243 1883 3309 1940 de
3337 1883 3505 1939 lsrael
3533 1885 3605 1938 ad
3631 1898 3741 1938 cae-

443 2009 571 2058 rent
595 1999 822 2056 erroris.
852 1995 1062 2051 Idcirco
1099 1989 1304 2048 etenim
1346 1986 1602 2044 Salomon
1641 1998 1827 2040 servos
1857 1981 2046 2036 Hiram

443 2091 658 2150 caedere
685 2089 790 2146 sibi
833 2086 1006 2142 voluit
1051 2083 1198 2155 ligna
1238 2081 1305 2136 de
1331 2078 1571 2144 Libano,
1597 2076 1726 2148 quia
1775 2074 2047 2130 doctiores

443 2190 607 2242 erant
631 2180 807 2238 servis
848 2177 967 2234 suis
991 2176 1060 2231 ad
1102 2171 1439 2232 caedendum.
1489 2169 1599 2226 Sed
1645 2168 1848 2225 idcirco
1879 2165 2047 2222 etiam

442 2291 642 2336 servos
680 2289 809 2329 suos
855 2270 1110 2328 similiter
1158 2266 1351 2322 adesse
1391 2263 1585 2329 voluit,
1622 2269 1683 2316 ut
1730 2257 2049 2337 ostenderet

448 2367 805 2430 caedentibus,
837 2363 994 2434 cujus
1020 2374 1291 2417 mensurae
1313 2357 1461 2430 ligna
1483 2354 1604 2412 ﬁeri
1633 2354 1914 2410 deberent.
1941 2351 2050 2407 Cu-

445 2460 535 2531 ius
554 2459 634 2515 rei
655 2459 828 2531 ﬁgura
857 2457 912 2512 in
939 2461 1193 2527 promptu
1219 2458 1323 2518 est,
1354 2450 1481 2520 quia
1508 2448 1766 2503 nimirum
1799 2442 2047 2516 Apostoli

447 2551 652 2608 certius
684 2551 910 2606 verbum
934 2543 1238 2617 Evangelii,
1271 2543 1416 2614 quod
1458 2557 1490 2596 a
1533 2540 1762 2596 Domino
1802 2538 2045 2604 audiere,

447 2652 739 2700 noverunt.
771 2642 878 2698 Sed
902 2639 1134 2713 gentiles
1159 2638 1230 2693 ab
1261 2650 1450 2692 errore
1477 2633 1693 2690 liberati
1728 2645 1754 2673 ι
1787 2639 1950 2701 atque
1979 2629 2048 2686 ad

448 2737 740 2793 veritatem
766 2734 1046 2808 Evangelii
1082 2729 1479 2794 transformati,
1508 2726 1702 2783 melius
1741 2725 1888 2794 ipsos
1911 2738 2045 2795 gen-

447 2832 590 2887 tium
616 2844 834 2886 errores
870 2836 1173 2884 noverant:
1206 2833 1262 2881 et
1291 2839 1400 2895 quo
1426 2821 1632 2879 certius
1672 2825 1962 2883 noverunt,
1991 2825 2049 2873 et

415 2931 418 2934 ’
449 2921 802 2978 artiﬁciosius
828 2921 930 2976 hos
963 2933 1298 2990 expugnare,
1341 2924 1504 2986 atque
1549 2927 1816 2970 evacuare
1847 2911 2049 2966 didice-

450 3022 599 3070 runt.
632 3033 652 3067 ›
709 3012 740 3052 ιι
785 3010 987 3066 Paulus
1029 3007 1248 3081 quidem
1297 3011 1699 3062 sacramentum
1745 3000 2045 3073 Evangelii,

449 3107 595 3179 quod
633 3121 733 3178 per
759 3103 1150 3161 revelationem
1190 3100 1474 3165 didicerat,
1505 3096 1702 3154 melius
1726 3095 1910 3161 novit;
1953 3091 2049 3149 sed

447 3201 740 3274 Dionysius
764 3199 955 3255 melius
977 3196 1256 3253 revincere
1282 3201 1500 3266 poterat
1533 3191 1671 3246 falsa
1699 3189 2044 3246 ethnicorum

447 3295 724 3365 dogmata,
753 3309 986 3365 quorum
1010 3309 1133 3350 cum
1164 3293 1446 3349 erroribus
1470 3289 1814 3361 syllogismos
1840 3301 1870 3339 a
1905 3298 2042 3355 pue-

449 3399 534 3450 ro,
565 3393 622 3440 et
659 3395 980 3456 argumenta
1019 3393 1212 3440 cuncta
1261 3394 1506 3438 noverat.
1563 3380 1660 3436 Cui
1705 3379 1886 3434 sensui
1917 3391 2049 3431 con-

449 3475 602 3529 venit
651 3484 774 3545 apte
825 3477 969 3546 quod
1021 3476 1265 3545 sequitur
1295 3473 1448 3547 (Cap.
1501 3489 1575 3538 v1,
1607 3489 1739 3527 vers.
1791 3472 1888 3542 6):
1929 3470 2048 3526 Scis

451 3566 614 3630 enim,
640 3565 780 3636 quod
805 3583 909 3620 non
934 3575 1009 3620 est
1034 3566 1090 3620 in
1123 3563 1316 3636 papula
1341 3580 1454 3618 meo
1481 3564 1580 3626 vir,
1608 3562 1696 3633 qui
1724 3561 1921 3615 noverit
1949 3576 2051 3614 ca:-

454 3658 578 3712 dere
605 3657 746 3729 ligna
794 3659 927 3712 sicut
981 3656 1212 3712 Sidonii.
1258 3655 1376 3711 Non
1417 3656 1562 3710 enim
1591 3661 1711 3710 erat
1754 3654 1808 3708 in
1854 3652 2048 3724 populo

452 3750 785 3815 Judteorum,
816 3752 906 3805 ubi
936 3748 1197 3804 Dominus
1225 3748 1585 3818 corporaliter
1619 3761 1863 3818 praesens
1886 3746 2050 3800 doce-

457 3843 570 3906 bat,
607 3841 748 3896 ullus
791 3841 1058 3906 virorum,
1109 3841 1202 3910 qui
1245 3850 1356 3896 tam
1405 3840 1562 3896 docte
1615 3846 1800 3894 nosset
1834 3852 2051 3893 errores

456 3936 702 3992 refellere
758 3935 1059 4008 gentilium,
1113 3950 1275 4004 quam
1323 3933 1425 4005 ipsi
1476 3933 1543 3988 ad
1597 3932 1759 3988 ﬁdem
1800 3930 2052 3987 conversi

455 4025 702 4094 gentiles,
758 4033 814 4081 et
867 4041 934 4080 ex
992 4024 1244 4097 gentibus
1291 4023 1420 4080 facti
1469 4021 1785 4079 Christiani.
1842 4021 2052 4077 Sidonii

457 4133 693 4187 uanique
726 4127 781 4172 et
807 4117 980 4188 Tyrii,
1007 4118 1132 4186 quia
1169 4117 1453 4188 gentilium
1482 4115 1701 4170 fuerunt
1724 4114 1907 4185 populi
1939 4129 2053 4169 me-

417 4227 420 4232 '
456 4209 566 4263 rito
588 4208 757 4280 ﬁgura
786 4209 1026 4278 gentium
1055 4209 1413 4278 accipiuntur.
1463 4207 1617 4274 Quod
1648 4215 1830 4262 autem
1862 4222 2052 4264 servos

455 4297 716 4354 Salomon
746 4307 932 4354 noster
971 4299 1025 4353 in
1059 4300 1163 4354 hoc
1189 4313 1324 4370 Opus
1355 4297 1581 4362 miserit,
1616 4296 1672 4351 in
1702 4296 2052 4367 sequentibus

455 4393 688 4465 mystico
731 4407 983 4447 sermone
1021 4392 1353 4462 designatur,
1383 4406 1507 4447 cum
1554 4389 1753 4446 dicitur
1793 4389 1948 4463 (vers.
1982 4390 2051 4447 15

455 4497 505 4541 et
551 4487 640 4558 M)
669 4504 682 4539 :
711 4485 881 4556 Elegit
929 4485 1499 4556 Salomonooperarios
1542 4484 1607 4538 de
1655 4485 1798 4539 omni
1828 4482 2000 4538 Israel
2031 4499 2050 4539 :

419 4591 426 4594 '
456 4589 482 4618 θ
516 4587 564 4633 et
589 4587 702 4634 erat
732 4577 950 4632 indictio
983 4578 1200 4647 triginta
1226 4576 1398 4631 millia
1427 4577 1681 4641 virorum,
1716 4575 2049 4648 mittebatque
2071 4597 2128 4658 D

451 4685 542 4724 eos
569 4670 626 4724 in
651 4668 930 4732 Libanum,
959 4669 1134 4723 decem
1162 4668 1330 4723 millia
1354 4685 1448 4739 per
1483 4685 1683 4722 menses
1705 4666 1939 4739 singulos
1969 4669 2048 4722 vi-

453 4765 656 4831 cissim,
683 4767 760 4819 ita
802 4774 858 4819 ut
888 4765 1090 4820 duobus
1121 4773 1289 4820 essent
1330 4765 1387 4818 in
1426 4763 1669 4817 dantibus
1708 4763 1839 4816 suis.
1879 4779 1898 4812 t
1941 4761 2044 4818 Ubi

454 4855 635 4925 primo
659 4855 954 4911 notandum
985 4855 1129 4926 quod
1159 4870 1267 4910 non
1305 4853 1506 4909 frustra
1556 4852 1812 4908 Salomon
1842 4868 2042 4923 opera-

455 4947 570 5002 rios
602 4948 668 5003 de
695 4949 844 5003 omni
888 4947 1057 5004 lsrael
1084 4947 1278 5019 elegit;
1328 4962 1504 5017 neque
1547 4953 1667 5001 erat
1713 4945 1819 5000 ulla
1866 4945 2043 5016 portio

453 5037 660 5108 populi,
703 5041 770 5095 de
814 5055 922 5110 qua
951 5055 1061 5095 non
1104 5039 1250 5110 digni
1279 5046 1428 5093 tanto
1461 5052 1625 5108 Opere
1663 5035 1768 5092 viri
1795 5051 2039 5091 assume—

455 5135 666 5184 rentur.
706 5127 842 5197 Quia
873 5130 1132 5186 nimirum
1160 5144 1270 5184 non
1295 5129 1363 5185 de
1391 5143 1499 5183 una
1533 5127 1702 5197 stirpe
1740 5125 1921 5183 Aaron
1949 5141 2040 5181 sa-

528 5323 557 5354 ι
593 5308 826 5366 Additur
867 5307 944 5364 vel
985 5309 1240 5374 conversi,
1270 5322 1392 5378 qua:
1417 5304 1489 5378 _in
1537 5305 1763 5378 Hab_ano
1811 5304 1928 5378 ipso
1962 5317 2054 5378 ex-

455 5389 607 5439 stant
626 5380 863 5452 quidem,
910 5381 1006 5436 sed
1038 5379 1192 5436 deest
1221 5374 1324 5434 vo'x
1365 5376 1595 5432 liberati.
1641 5375 1776 5431 Eam
1821 5374 1868 5432 si
1913 5374 2050 5444 vult,

455 5454 635 5511 deleat
661 5452 851 5507 lector.

529 5526 558 5567 Β
597 5524 875 5580 Hactenus
928 5521 1183 5578 [tabanus
1208 5541 1234 5592 γε
1264 5521 1492 5592 reliqua,
1543 5535 1574 5574 a
1598 5519 1795 5590 quibus
1841 5517 2053 5592 lineolae

458 5597 662 5654 absunt
680 5596 737 5651 in
770 5593 1146 5650 tantummodo
1190 5589 1413 5648 Claudio
1446 5589 1659 5662 reperi,
1699 5598 1884 5645 secuto
1914 5589 2055 5645 scili-

467 5677 554 5724 cet
583 5681 810 5729 morem,
842 5680 1005 5736 quem
1044 5663 1174 5717 alibi
1203 5665 1288 5719 his
1341 5663 1523 5736 verbis
1562 5662 1869 5736 exposuit;
1918 5677 2050 5736 non-

387 5803 390 5806 ,
460 5738 609 5793 nulla
633 5728 814 5804 etiam,
840 5728 897 5790 ut
927 5736 1055 5790 mihi
1079 5736 1246 5788 visum
1269 5745 1367 5799 est,
1408 5733 1553 5806 infra
1579 5728 1792 5786 illorum
1827 5728 2048 5785 locutio-

462 5826 599 5876 nem,
637 5826 755 5863 mea
795 5802 974 5863 studui
1009 5806 1326 5876 conjungere
1375 5802 1552 5876 verba,
1602 5819 1719 5873 qua:
1774 5811 2048 5876 utramque

458 5871 835 5952 expositionem
877 5879 1072 5952 absque
1102 5871 1360 5930 scissione
1399 5871 1792 5943 conjungerent.
1825 5871 1909 5946 [In
1935 5871 2050 5943 epi-

1853 6044 1889 6055 α’.

2149 1981 2325 2038 denda
2355 1980 2500 2052 ligna
2529 1979 2586 2034 in
2614 1993 2751 2049 opus
2776 1979 2969 2033 domus
2999 1977 3213 2032 Domini
3253 1977 3564 2041 mittuntur,
3609 1976 3743 2046 quia

2149 2074 2461 2146 quicunque
2505 2071 2778 2136 doctores,
2817 2079 2980 2139 atque
3021 2068 3390 2140 insipientium
3430 2067 3746 2124 eruditores

2149 2173 2276 2222 sunt
2295 2164 2600 2228 ordinandi,
2629 2161 2816 2219 decem
2845 2168 3118 2233 praecepta
3163 2161 3298 2233 legis
3325 2176 3426 2232 per
3447 2162 3642 2217 omnia
3688 2169 3745 2217 ct

2149 2258 2252 2329 ipsi
2289 2258 2600 2322 observare,
2653 2262 2710 2310 et
2754 2254 3093 2310 auditoribus
3139 2254 3273 2310 satis
3301 2253 3506 2309 debent
3551 2249 3746 2310 obser-

2148 2350 2324 2405 vanda
2356 2356 2700 2412 monstrare;
2731 2346 2828 2402 sed
2855 2354 2913 2400 et
2952 2345 3176 2416 prtemia
3222 2345 3277 2399 in
3321 2343 3476 2399 caelis
3533 2344 3744 2410 futura,

2149 2455 2268 2515 quae
2306 2440 2532 2496 denario
2569 2439 2745 2495 solent
2767 2437 3013 2508 ﬁgurari,
3037 2445 3094 2492 et
3121 2436 3224 2508 ipsi
3250 2451 3493 2507 sperare,
3521 2445 3577 2492 et
3596 2437 3748 2492 audi-

2150 2531 2359 2587 toribus
2385 2530 2500 2586 suis
2515 2529 2778 2601 speranda
2804 2543 3021 2598 semper
3045 2527 3246 2582 debent
3267 2527 3545 2582 intimare.
3579 2527 3746 2583 Terni

2150 2632 2331 2680 autem
2351 2637 2584 2690 menses,
2613 2636 2843 2692 quorum
2869 2619 3125 2676 distantia
3157 2619 3385 2691 singulis
3417 2627 3541 2674 erat
3569 2619 3748 2691 ligno-

2148 2731 2272 2771 rum
2299 2715 2592 2772 caasoribus
2610 2713 2884 2784 imposita,
2923 2711 3315 2785 perfectionem
3364 2710 3534 2766 trium
3562 2711 3743 2766 virtu-

2150 2814 2264 2860 tum
2311 2804 2748 2877 evangelicarum
2784 2804 2963 2876 typice
2993 2802 3339 2867 denuntiant,
3384 2802 3748 2874 eleemosyna:

2147 2898 2700 2964 videlicetorationis,
2728 2905 2785 2955 et
2804 2895 3018 2968 jejunii.
3043 2915 3063 2950 ι
3095 2894 3122 2936 ά
3141 2894 3344 2951 Harum
3359 2894 3486 2951 fecit
3514 2896 3749 2951 mentio-

2148 3007 2294 3057 nem,
2323 3007 2447 3063 quae
2473 3007 2582 3047 non
2627 2990 2696 3045 ad
2743 2989 3022 3046 hominum
3053 2988 3498 3051 ostentationem,
3551 2985 3651 3042 sed
3681 2985 3749 3041 ad

2149 3084 2320 3141 solam
2348 3082 2548 3139 interni
2594 3081 2920 3153 inspectoris
2961 3079 3191 3148 gloriam
3243 3084 3429 3134 essent
3473 3075 3748 3142 facienda,

2150 3175 2388 3247 alioquin
2433 3190 2463 3228 a
2505 3173 2685 3228 fructu
2714 3171 3042 3228 aeternitatis
3067 3185 3240 3226 vacua
3269 3177 3578 3225 manerent.
3611 3167 3750 3235 Qui-

2073 3247 2120 3310 (ἶ
2150 3270 2252 3324 bus
2277 3268 2458 3324 verbis
2496 3275 2683 3338 aperte
2733 3265 2917 3321 docuit
2961 3279 3150 3320 omnes
3194 3263 3461 3318 virtutum
3510 3261 3746 3329 fruetus,

2151 3363 2238 3418 his
2265 3363 2441 3417 tribus
2465 3361 2622 3430 quasi
2651 3360 2819 3416 ramis
2843 3360 2908 3415 de
2958 3373 3066 3414 una
3089 3356 3376 3414 charitatis
3398 3355 3592 3411 radice
3618 3370 3746 3425 pro-

2152 3451 2441 3507 deuntibus
2465 3449 2750 3505 insinuari.
2783 3467 2802 3499 ι
2823 3447 2929 3504 Per
2950 3447 3333 3518 eleemosynam
3353 3460 3751 3515 namqueeom-

2151 3545 2564 3616 prehenduntur
2609 3543 2816 3609 omnia,
2857 3557 2977 3612 quae
3023 3541 3091 3596 ad
3130 3540 3476 3596 dilectionem
3511 3537 3748 3610 proximi

2153 3636 2417 3707 explenda
2441 3635 2693 3690 benivole
2723 3635 2778 3689 in
2821 3633 3018 3688 fratres
3064 3647 3392 3703 operamur:
3421 3645 3525 3700 per
3551 3629 3750 3684 oratio-

2153 3747 2270 3784 nem
2307 3728 2512 3792 omnia,
2565 3726 2761 3797 quibus
2815 3741 2914 3797 per
2958 3725 3230 3778 internam
3277 3722 3748 3792 compunctionem

2153 3831 2342 3877 nostro
2369 3819 2636 3876 conditori
2673 3817 3069 3889 conjungimur.
3112 3815 3216 3870 Per
3246 3813 3519 3885 jejunium
3564 3813 3747 3869 omnia

2153 3914 2352 3985 quibus
2382 3927 2482 3968 nos
2511 3927 2540 3966 a
2569 3911 2890 3984 contagione
2915 3909 3197 3973 vitiorum,
3243 3913 3300 3962 et
3343 3903 3623 3960 illecebris
3652 3919 3748 3958 sa:-

2153 4005 2261 4061 culi
2297 4005 2668 4068 observamus,
2708 4010 2770 4057 ut
2806 4000 2974 4056 libera
3006 4006 3204 4062 mente,
3241 4005 3297 4052 et
3329 4009 3564 4066 corpore
3595 4001 3746 4050 casto

2154 4096 2428 4153 dilectioni
2459 4095 2733 4152 valeamus
2760 4094 3026 4149 inhaerere
3050 4105 3285 4161 semper,
3310 4097 3368 4146 et
3408 4088 3587 4144 nostri
3616 4103 3746 4143 con-

2154 4187 2370 4252 ditoris,
2394 4197 2444 4241 et
2476 4185 2730 4257 proximi.
2762 4185 2830 4240 Et
2869 4185 2959 4240 isti
2989 4190 3116 4239 sunt
3154 4191 3268 4238 tres
3303 4195 3522 4237 menses
3551 4193 3748 4251 opera-

2154 4278 2361 4334 riorum
2400 4277 2603 4348 templi.
2649 4276 2784 4332 Nam
2832 4275 2960 4346 quia
3007 4273 3214 4331 mensis
3256 4271 3596 4345 plenitudine
3637 4270 3749 4325 die-

2153 4385 2275 4425 rum
2312 4370 2516 4424 lunaris
2563 4368 2755 4424 circuli
2798 4367 3102 4440 perﬁcitur,
3142 4380 3242 4437 per
3289 4365 3442 4420 illum
3470 4362 3749 4435 plenitudo

2152 4463 2376 4518 virtutis
2415 4460 2676 4532 cujusque
2701 4459 3001 4532 spiritualis
3028 4456 3350 4520 ostenditur,
3387 4455 3444 4509 in
3465 4469 3576 4525 qua
3596 4467 3749 4509 mens

2156 4553 2395 4610 ﬁdelium
2423 4570 2454 4609 a
2472 4553 2700 4609 Domino
2720 4550 3036 4622 quotidiana
3058 4547 3418 4605 illustrations
3435 4545 3595 4616 quasi
3623 4544 3747 4599 luna

2151 4663 2183 4702 a
2211 4647 2324 4702 sole
2363 4646 2673 4718 respicitur.
2710 4663 2730 4697 ι

2230 4769 2253 4797 θ
2294 4756 2449 4813 Unus
2491 4771 2622 4812 vero
2667 4753 2890 4819 mensis,
2931 4768 3041 4824 quo
3073 4751 3220 4824 ligna
3257 4749 3327 4804 ad
3372 4763 3509 4822 opus
3555 4722 3744 4818 templi

2153 4850 2452 4914 caadebant,
2482 4848 2824 4918 eleemosyna
2853 4852 2958 4910 est,
2981 4844 3037 4900 id
3056 4851 3142 4900 est
3166 4858 3302 4913 opus
3326 4839 3744 4904 misericordia,

2151 4957 2272 5012 quae
2316 4956 2444 5012 erga
2491 4938 2721 4995 salutem
2763 4937 3021 5008 proximi,
3065 4944 3128 4991 ut
3172 4937 3229 4991 in
3254 4934 3518 4989 unitatem
3544 4940 3750 4987 sanctae

2151 5034 2406 5090 Ecclesiae
2433 5033 2571 5089 bene
2594 5031 2926 5103 proﬁciendo
2954 5029 3256 5102 perveniat,
3293 5025 3556 5090 docendo,
3585 5021 3750 5079 casti-

2150 5127 2350 5201 gando,
2425 5123 2746 5198 temporalia
2814 5121 3097 5178 commoda
3154 5117 3556 5192 impendenda,
3619 5113 3748 5170 vita

2159 5305 2284 5363 stol.
2307 5304 2376 5378 ad
2405 5304 2608 5378 Galat.]

2231 5389 2254 5418 ο
2295 5377 2506 5433 Rursus
2533 5373 2673 5432 redit
2710 5373 2993 5430 Rabanus.

2228 5447 2256 5488 ιι
2323 5448 2456 5516 Quae
2510 5456 2696 5502 notata
2761 5462 2868 5516 non
2926 5442 3162 5509 invenis,
3215 5439 3501 5516 a_vulgatis
3533 5433 3748 5516 Βῆ)ιαί

2156 5510 2561 5589 exemplaribus
2585 5519 2803 5573 absunt.
2832 5515 2918 5589 An
2960 5515 3088 5586 quia
3123 5529 3187 5589 ea
3223 5510 3480 5589 Claudius
3523 5510 3620 5589 de_
3645 5522 3742 5566 suo

2158 5582 2385 5672 inseruit
2398 5609 2422 5672 ﬁ:
2449 5606 2519 5672 an
2534 5589 2748 5672 ‘potius'
2759 5587 2901 5672 quia
2925 5582 3300 5656 operariorum
3327 5582 3660 5654 negligentia
3681 5593 3744 5635 ea

2157 5661 2422 5716 abstulit?
2445 5659 2777 5715 Judicaverit
2801 5659 2995 5714 lector.
3791 5671 3798 5674 ·

2231 5743 2255 5772 ο
2292 5731 2418 5787 Haec
2458 5747 2565 5786 non
2596 5738 2814 5786 exstant
2852 5729 2907 5784 in
2935 5725 3426 5800 vulgatingabani
3464 5722 3749 5800 operibus,"
3779 5752 3785 5758 -

2153 5802 2262 5860 Cur
2281 5803 2335 5860 id
2361 5803 2624 5871 evenerit,
2663 5800 2856 5859 lectori
2891 5794 3293 5872 dijudicandum
3331 5794 3605 5870 relinquo.
3725 5794 3745 5800 ’“

2363 6025 2372 6032 .
2397 6015 2472 6029 ιιι-α·
2495 6017 2500 6021 “
2521 6007 2578 6038 ’δν
2595 6009 2634 6023 “””
2665 6011 2722 6027 ’δι’
2771 6025 2777 6030 -
2854 6028 2858 6032 .
2889 6029 2894 6033 .
2949 6028 2954 6032 .
3042 6024 3069 6032 -.
3105 6014 3330 6037 ’ν’-κινηθμ-
3752 5963 3798 6015 \

3170 6021 3330 6037 ανῆ-α...-
3395 6035 3398 6037 .
