3940 6340
320 374 433 432 729

966 347 1426 438 QUESTIONES
1464 360 1616 426 xxx
1649 365 1880 426 super.
1913 363 2161 424 uanos
2199 361 2462 448 REGUM.
2502 396 2574 411 -
2609 364 2815 426 uasa
2853 368 2957 428 ιιι.·

3477 367 3589 432 730

321 490 576 560 exempla
599 484 973 551 monstrando,
997 483 1326 541 laboramus.
1357 483 1476 540 Duo
1507 491 1687 540 autem
1714 484 1910 555 reliqui
1937 482 1992 544 Α
2016 483 2271 538 stantiam
2321 485 2540 572 habent,
2589 485 2807 556 quidam
2840 484 3084 543 mitiores
3125 487 3194 544 ad
3230 488 3590 550 consolandos

321 599 567 650 menses,
593 583 790 653 quibus
816 582 871 636 in
895 581 1143 637 domibus
1165 581 1278 636 suis
1304 595 1545 646 manere,
1581 596 1646 635 ac
1673 581 1786 636 suis
1811 595 1906 636 ne-

322 675 672 734 cessitatibus
696 683 823 730 sunt
861 688 1075 739 vacare,
1115 672 1387 744 permissi,
1413 673 1587 728 oratio
1621 680 1721 736 est,
1752 680 1806 727 et
1826 670 1908 741 je-

314 767 558 838 junium,
585 765 782 837 quibus
804 773 1066 837 prasterea
1102 780 1186 831 ea,
1223 781 1342 835 qua:
1379 780 1507 836 erga
1528 766 1905 822 necessitatem

317 858 557 914 fratrum
588 857 720 913 foris
758 871 1065 928 operamur,
1109 865 1310 912 nostra:
1334 855 1526 912 salutis
1561 857 1780 928 pr0prie
1805 873 1904 912 cu-

320 965 444 1004 ram
475 949 619 1004 intus
656 963 916 1004 conversa
963 949 1031 1002 ad
1059 948 1346 1004 Dominum
1392 957 1594 1015 mente,
1643 949 1901 1021 gerimus.

318 1041 389 1096 Et
413 1041 670 1112 quoniam
691 1039 767 1094 illi
796 1039 967 1096 solum
993 1038 1231 1110 perfecte
1248 1037 1335 1094 vel
1373 1054 1502 1105 suae,
1528 1039 1615 1096 vel
1655 1038 1905 1096 fraterna:

317 1132 514 1188 salutis
547 1146 734 1186 curam
765 1139 976 1203 gerunt,
1006 1131 1099 1202 qui
1142 1147 1201 1186 se
1229 1132 1516 1188 intuitione
1559 1131 1753 1187 divina:
1781 1147 1904 1202 gra-

317 1225 412 1280 tiae
443 1224 722 1280 humiliter
765 1224 1024 1292 subdunt,
1080 1234 1227 1282 recte
1268 1227 1512 1297 sequitur
1548 1227 1727 1300 (Vers.
1767 1227 1898 1301 li):

323 1336 343 1370 ι
380 1317 451 1372 Et
496 1317 788 1373 Adoniram
831 1326 944 1373 erat
987 1336 1145 1391 super
1183 1320 1547 1392 hujuscemodi
1596 1322 1900 1379 indictione.

313 1408 615 1466 Adoniram
667 1425 922 1481 namque,
978 1411 1072 1481 qui
1124 1411 1290 1468 latine
1337 1413 1572 1470 dicitur:
1642 1414 1901 1470 Dominus

312 1520 464 1558 meus
489 1503 742 1569 excelsus,
770 1519 930 1574 quem
957 1505 1170 1572 melius,
1201 1521 1362 1577 quam
1397 1509 1592 1579 ipsum,
1623 1524 1787 1580 quem
1803 1524 1901 1565 no-

311 1599 464 1654 mine
490 1599 734 1654 imitatur
768 1599 1024 1667 insinuat,
1064 1601 1352 1658 Dominum
1379 1603 1631 1660 videlicet
1657 1603 1902 1661 Salvato-

312 1692 468 1747 rem?
505 1691 574 1746 Et
602 1698 732 1748 tunc
759 1691 1054 1749 Adoniram
1100 1695 1368 1765 operariis
1419 1696 1601 1767 templi
1634 1697 1901 1768 praeponi-

314 1797 426 1850 tur,
456 1792 518 1840 ut
536 1800 634 1841 sua
665 1785 972 1855 provisione
996 1787 1100 1842 rite
1133 1787 1366 1853 ordinet,
1400 1788 1595 1858 quibus
1624 1791 1900 1847 mensibus

309 1877 514 1950 singuli
553 1877 623 1932 ad
663 1877 997 1949 operandam
1023 1887 1239 1945 exeant,
1271 1879 1468 1950 quibus
1495 1879 1673 1935 denuo
1717 1882 1786 1937 ad
1812 1896 1905 1937 cu-

307 1971 546 2027 randum
593 1973 812 2028 domum
851 1989 1004 2030 suam
1046 1974 1292 2041 redeant,
1343 1991 1466 2032 cum
1515 1977 1801 2043 Dominus,
1847 1986 1904 2034 et

309 2064 565 2119 Salvator
615 2071 802 2120 noster
861 2072 1073 2121 mentes
1125 2074 1439 2122 sanctorum
1485 2068 1901 2139 praedicatorum

305 2170 410 2210 sua
439 2153 760 2210 familiarius
784 2153 1143 2212 illustratione
1182 2155 1459 2221 informat,
1489 2159 1558 2214 ad
1590 2159 1902 2216 discernen-

306 2248 460 2314 dum,
495 2249 710 2319 quando
753 2257 1024 2320 oporteat,
1065 2250 1366 2307 tediﬁcandi
1415 2251 1714 2309 Ecclesiam
1763 2270 1901 2325 opus

305 2341 450 2396 inire
474 2361 487 2393 :
511 2343 875 2411 praedicando,
901 2344 1104 2400 velalia
1124 2346 1342 2415 pietatis
1366 2345 1541 2402 oiﬁcia
1567 2350 1896 2418 prmstando,

304 2443 366 2489 et
394 2435 612 2505 quando
641 2451 860 2492 rursum
888 2438 1175 2494 conveniat
1219 2439 1288 2494 ad
1319 2455 1475 2496 suam
1504 2440 1742 2510 ipsorum
1771 2459 1900 2500 con-

303 2524 593 2580 scientiam
622 2526 1058 2593 examinandam,
1094 2529 1247 2598 quasi
1278 2529 1346 2585 ad
1387 2530 1778 2600 inspiciendam
1803 2535 1933 2591 ἀοι·

305 2632 461 2673 mum
490 2633 666 2682 suam,
696 2618 912 2684 reverti,
953 2627 1010 2674 et
1033 2620 1173 2675 hanc
1198 2621 1556 2688 orationibus,
1585 2638 1648 2679 ac
1672 2622 1898 2694 jejuniis

303 2725 547 2782 superno
571 2710 876 2781 inspectore
893 2751 910 2778 ,
935 2726 998 2767 ac
1021 2711 1304 2767 visitatore
1339 2713 1560 2782 dignam
1587 2715 1838 2771 reddere.
1869 2736 1890 2768 ι

380 2803 559 2877 (Vers.
588 2806 654 2860 15
675 2815 725 2860 et
753 2805 863 2878 16.)
903 2803 1145 2861 Fuerunt
1171 2807 1348 2878 itaque
1381 2806 1657 2863 Salomoni
1683 2819 1898 2881 septua—

302 2899 455 2969 ginta
475 2897 642 2953 millia
667 2915 870 2964 eorum,
896 2899 986 2970 qui
1030 2915 1190 2954 onera
1211 2900 1516 2970 portabant,
1555 2910 1604 2956 et
1630 2891 1896 2974 octoginta
1952 2954 1954 2957 .

300 2987 473 3045 millia
517 2989 836 3045 latomorum
877 2991 934 3044 in
981 3000 1174 3058 monte,
1221 2991 1416 3062 absque
1460 2994 1778 3064 prwpositis,
1803 2994 1896 3065 qui

298 3091 562 3152 prwerant
607 3081 834 3153 singulis
879 3083 1142 3153 operibus,
1187 3100 1406 3138 numero
1456 3086 1618 3139 trium
1665 3085 1891 3140 millium

299 3184 652 3231 trecentorum
690 3175 1102 3247 prwcipientium
1127 3176 1340 3248 populo,
1387 3186 1436 3231 et
1463 3178 1566 3243 his,
1593 3179 1685 3248 qui
1719 3179 1890 3249 facie—
1917 3213 1963 3276 Ο

301 3267 431 3321 bant
458 3283 604 3337 opus,
631 3275 736 3323 etc.
769 3285 787 3319 ‹
819 3279 846 3308 ι
876 3267 1133 3324 Latomos
1155 3268 1342 3324 dicunt
1364 3268 1605 3340 lapidum
1629 3285 1888 3331 emsores.

298 3357 449 3412 Idem
474 3366 653 3412 autem
693 3358 935 3430 lapidum
961 3375 1216 3425 Caesares,
1247 3361 1391 3430 quod
1413 3368 1470 3416 et
1495 3359 1766 3432 lignorum
1787 3376 1894 3417 cte-

300 3463 455 3504 sores
482 3449 710 3519 ﬁgurate
733 3449 985 3522 designat
1011 3469 1025 3506 :
1061 3452 1167 3506 hoc
1205 3459 1290 3507 est
1325 3459 1547 3507 sanctos
1571 3451 1893 3522 praedicato-

298 3555 410 3607 res,
451 3541 544 3612 qui
587 3550 798 3597 mentes
849 3543 1218 3612 insipientium
1270 3547 1338 3599 de
1383 3544 1570 3601 labore
1609 3545 1761 3600 verbi
1796 3545 1888 3600 Dei

299 3640 578 3698 exercent,
618 3647 819 3704 eosque
850 3635 919 3690 ab
956 3651 1038 3699 ea,
1074 3636 1126 3691 in
1166 3651 1272 3706 qua
1316 3638 1428 3693 nati
1464 3647 1609 3704 sunt,
1661 3639 1892 3709 turpitu-

300 3726 446 3790 dine,
495 3743 560 3782 ac
597 3725 941 3784 deformitate
985 3737 1356 3786 transmutare
1409 3731 1778 3787 contendunt:
1827 3748 1892 3788 ac

299 3819 628 3891 regulariter
655 3819 931 3876 institutos
959 3822 1156 3876 unitati
1183 3822 1442 3888 ﬁdelium,
1481 3823 1714 3880 tediﬁcio
1742 3823 1892 3880 vide-

297 3910 426 3967 licet
463 3911 653 3967 domus
694 3910 813 3977 Dei,
843 3919 998 3983 aptos
1023 3914 1251 3969 reddere
1277 3922 1492 3970 curant.
1522 3914 1678 3982 Quod
1705 3924 1890 3971 autem

295 4008 356 4057 et
373 4001 538 4073 ligna,
560 4009 617 4058 et
659 4001 865 4072 lapides
891 4003 947 4057 in
977 4012 1161 4058 monte
1209 4005 1492 4070 ceduntur,
1539 4015 1598 4060 et
1625 4021 1786 4071 cazsa,
1824 4021 1889 4061 ac

295 4101 604 4166 praeparata
671 4101 904 4166 utraque
971 4095 1224 4161 materia,
1286 4096 1355 4152 ad
1425 4104 1636 4152 montes
1697 4097 1890 4152 domus

293 4186 514 4243 Domini
546 4186 894 4254 transfertur,
927 4194 1078 4258 patet
1100 4202 1323 4255 sensus;
1352 4189 1481 4260 quia
1503 4202 1694 4245 onmes
1719 4189 1890 4244 homi-

296 4294 396 4335 nes
424 4280 478 4334 in
507 4288 692 4336 monte
720 4281 988 4351 superbiae
1016 4281 1130 4337 nati
1169 4297 1356 4337 sumus
1379 4301 1393 4337 ;
1427 4282 1554 4352 quia
1581 4282 1648 4337 de
1675 4295 1887 4351 prazva-

296 4371 564 4428 ricatione
588 4371 751 4442 primi
779 4372 1034 4438 hominis,
1065 4387 1232 4443 quam
1262 4373 1516 4443 superbia
1543 4371 1692 4439 fecit,
1719 4373 1889 4444 origi-

295 4478 423 4519 nem
450 4464 635 4520 carnis
664 4464 950 4520 traximus.
982 4463 1307 4533 Quicunque
1351 4465 1528 4535 gratia
1558 4464 1656 4521 Dei
1687 4480 1888 4534 praeor-

2005 576 2376 646 pusillanimes
2401 619 2415 644 ,
2447 589 2501 632 et
2527 577 2771 633 inﬁrmos
2798 577 3158 636 sublevandos
3183 582 3445 651 existunt,
3467 585 3591 656 qui-

2007 668 2129 724 dam
2154 669 2438 740 utriusque
2467 671 2684 726 virtutis
2725 685 2948 726 munere
2971 671 3183 743 praediti
3209 674 3278 729 ad
3308 691 3443 748 opus
3483 678 3592 735 Do-

2006 759 2138 814 mini
2175 762 2519 828 conveniunt,
2560 763 2750 834 quales
2790 762 2908 818 ﬁeri
2937 764 3107 819 voluit
3142 779 3256 832 eos,
3290 767 3358 822 de
3393 769 3593 840 quibus

2004 848 2244 921 loquitur
2267 850 2556 921 Apostolus
2577 853 2762 909 dicens
2790 864 2812 892 ο
2843 871 2857 907 :
2888 852 3145 926 Corripite
3164 857 3445 926 inquietos,
3475 875 3594 914 con-

2005 941 2252 997 solamini
2295 941 2678 1014 pusillanimes,
2728 945 2974 1016 suscipite
3023 945 3289 1016 inﬁmos,
3335 949 3593 1020 patientes

2005 1044 2164 1090 estote
2209 1034 2278 1089 ad
2334 1052 2509 1091 omnes
2555 1036 2606 1108 (I
2638 1035 2817 1092 Thess.
2848 1055 2900 1105 v,
2934 1037 3045 1110 14).
3075 1039 3357 1110 Praepositi
3387 1050 3590 1108 autem,

2005 1127 2097 1198 qui
2138 1135 2404 1196 praeerant
2427 1127 2652 1197 singulis
2673 1129 2945 1199 operibus,
2987 1131 3090 1202 ipsi
3122 1142 3248 1188 sunt
3273 1149 3442 1190 sacrae
3463 1151 3594 1190 con-

2006 1220 2210 1277 ditores
2250 1219 2564 1292 Scripturze,
2597 1238 2830 1294 quorum
2874 1225 3188 1298 magisterio
3232 1228 3286 1282 in
3341 1228 3594 1285 omnibus

2005 1315 2303 1382 erudimur,
2360 1316 2628 1385 quomodo
2660 1317 2688 1357 δ
2737 1317 2937 1375 inscios
2996 1318 3211 1386 docere,
3249 1327 3305 1377 et
3353 1329 3595 1377 eontem-

2004 1415 2188 1478 ptores
2243 1407 2557 1478 corripere:
2616 1406 2762 1479 (Gal.
2821 1409 3004 1494 v5.2)
3075 1413 3343 1481 quomodo
3376 1428 3476 1468 nos
3510 1413 3594 1468 ind

2004 1501 2178 1557 vicem
2228 1516 2396 1558 onera
2431 1509 2619 1557 nostra
2656 1510 2896 1574 portare,
2945 1511 3006 1560 ut
3054 1504 3371 1578 impleamus
3417 1507 3593 1580 legem

2005 1592 2228 1661 Christi,
2260 1593 2566 1649 conveniat.
2591 1615 2609 1648 ι

2078 1696 2100 1725 ο
2129 1684 2344 1753 Quanto
2365 1695 2546 1741 autem
2568 1686 2798 1758 quisque
2820 1687 2939 1760 plus
2960 1689 3016 1745 in
3031 1691 3398 1746 sustentandis
3410 1690 3595 1762 proxi-

2005 1791 2220 1832 morum
2246 1777 2689 1844 necessitatibus,
2718 1780 2832 1836 sive
2858 1780 2913 1835 in
2941 1781 3273 1854 castigandis
3297 1798 3484 1839 eorum
3506 1798 3594 1838 er-

2005 1870 2213 1926 ratibus
2236 1870 2466 1938 laborat,
2498 1879 2647 1927 tanto
2673 1874 2908 1930 certiora
2939 1873 2995 1929 in
3023 1873 3206 1930 futuro
3234 1877 3478 1946 praemia,
3505 1876 3593 1932 vel

2005 1961 2204 2032 quietis
2231 1963 2536 2018 animarum
2561 1973 2686 2034 post
2711 1976 2966 2032 mortem,
2996 1968 3080 2024 vel
3107 1968 3280 2024 beata:
3303 1985 3594 2041 corporum

2005 2055 2433 2112 immortalitatis
2457 2056 2486 2097 ἀ
2517 2066 2819 2130 exspectat,
2874 2071 2898 2100 ο
2931 2079 2950 2112 ί
2991 2060 3143 2118 Unde
3193 2071 3341 2119 recte
3380 2063 3594 2135 praefati

2005 2145 2244 2216 operarii
2273 2148 2618 2218 septuaginta
2644 2149 2840 2216 millia,
2874 2159 2931 2205 et
2953 2152 3230 2222 octoginta
3272 2152 3442 2209 millia
3471 2169 3596 2211 esse

2004 2241 2384 2312 perhibentur.
2443 2241 2797 2317 Septuaginta
2851 2246 3019 2302 millia
3071 2248 3324 2305 videlicet
3372 2260 3596 2323 propter

2005 2335 2398 2392 sabbatismum
2453 2337 2760 2394 animarum
2819 2339 3124 2412 (septimus
3171 2341 3320 2398 enim
3365 2343 3479 2399 dies
3536 2345 3594 2400 in

2005 2425 2325 2495 Sabbatum,
2364 2427 2420 2484 id
2459 2438 2544 2484 est
2582 2431 2830 2501 requiem
2862 2446 3217 2489 consecratus
3258 2433 3384 2508 est).
3431 2434 3596 2492 Octo—

2002 2521 2151 2594 ginta
2181 2520 2350 2576 millia
2371 2529 2594 2593 propter
2614 2538 2764 2593 spem
2792 2525 3232 2592 resurrectionis,
3257 2541 3378 2597 quae
3398 2535 3594 2582 octava

2002 2614 2090 2670 die
2118 2613 2195 2686 (id
2224 2622 2308 2669 est
2335 2623 2459 2684 post
2503 2614 2822 2687 Sabbatum)
2852 2617 2908 2672 in
2935 2617 3166 2674 Domino
3191 2620 3494 2690 praecessit,
3537 2627 3596 2678 et

2000 2705 2058 2762 in
2104 2707 2262 2762 nobis
2318 2722 2533 2778 quoque
2582 2717 2774 2764 octava
2815 2710 2923 2776 die,
2978 2711 3249 2778 similiter,
3295 2723 3350 2769 et
3396 2722 3591 2773 octava

1999 2809 2160 2857 aatate
2188 2800 2372 2858 futura
2405 2812 2676 2874 speratur.
2725 2804 3010 2876 Praepositi
3054 2815 3237 2863 autem
3287 2815 3445 2864 erant
3487 2809 3592 2865 tria

1999 2896 2170 2952 millia
2199 2898 2453 2964 trecenti,
2484 2906 2708 2969 propter
2735 2899 2896 2954 fidem
2927 2899 3188 2955 nimirum
3229 2909 3431 2956 sanctae
3463 2900 3590 2956 Tri-

1999 2990 2207 3058 nitatis,
2241 3005 2406 3060 quam
2432 3001 2620 3046 sancta
2649 2991 2808 3048 nobis
2837 2989 3051 3063 eloquia
3081 2992 3407 3064 przedieant.
3436 2991 3593 3060 Quod

1997 3098 2129 3139 vero
2155 3099 2254 3155 pro
2271 3083 2447 3139 tribus
2469 3084 2708 3140 millibus
2739 3085 3001 3141 trecentis
3032 3087 3338 3158 praepositis
3363 3086 3418 3142 in
3450 3086 3591 3143 libro

1998 3172 2445 3246 Paralipomenon
2461 3173 2547 3247 (II
2561 3173 2760 3241 Par.n,
2778 3177 2888 3249 l8),
2904 3177 3010 3232 tria
3023 3178 3194 3233 millia
3207 3179 3450 3235 sexcenti
3463 3186 3590 3234 sunt

1995 3265 2209 3337 scripti,
2223 3266 2292 3322 ad
2319 3266 2565 3322 eamdem
2587 3283 2812 3338 prorsus
2823 3268 3136 3324 sublimium
3154 3270 3394 3325 virorum
3411 3269 3590 3342 perfe-

1994 3357 2229 3413 ctionem
2254 3357 2496 3428 respicit.
2529 3356 2667 3412 Nam
2693 3358 2820 3428 quia
2845 3359 2900 3414 in
2932 3360 3150 3417 senario
3180 3377 3409 3417 numero
3436 3361 3457 3400 τ
3488 3361 3592 3416 Do-

1995 3449 2174 3505 minus
2200 3449 2388 3504 mundi
2419 3459 2673 3506 ornatum
2704 3451 3018 3522 complevit,
3049 3461 3199 3509 recte
3222 3454 3278 3508 in
3308 3469 3374 3509 eo
3404 3451 3588 3524 perfe-

1994 3547 2082 3595 cta
2120 3540 2388 3594 bonorum
2425 3539 2603 3595 solent
2642 3556 2808 3612 opera
2836 3542 3080 3612 ﬁgurari.
3124 3543 3193 3598 Et
3227 3543 3356 3614 quia
3398 3551 3586 3599 sancta

1995 3631 2278 3704 Scriptura
2310 3649 2433 3690 cum
2481 3633 2586 3689 ﬁde
2631 3635 2896 3699 veritatis,
2951 3651 3116 3706 opera
3153 3635 3382 3706 iustitia:
3430 3638 3590 3694 docet

1993 3723 2267 3788 habenda,
2300 3734 2450 3779 recte
2474 3725 2755 3795 prmpositi
2786 3741 3013 3796 operum
3043 3726 3228 3797 templi
3268 3727 3370 3781 tria
3397 3727 3587 3794 millia,

1992 3824 2052 3872 et
2095 3817 2336 3872 sexcenti
2368 3815 2534 3872 fuisse
2562 3819 2937 3888 perhibentur.
2973 3817 3084 3874 Nec
3125 3820 3586 3890 praetereundum,

1992 3907 2138 3978 quod
2169 3908 2287 3962 hzee
2331 3909 2696 3978 septuaginta,
2749 3917 2806 3963 et
2838 3909 3117 3980 octoginta
3146 3909 3317 3964 millia
3363 3918 3589 3980 portan-

1995 4000 2129 4054 tium
2158 4015 2325 4055 onera
2357 4007 2413 4054 et
2441 3999 2767 4055 latomorum
2817 4015 2941 4056 cum
2971 4000 3281 4071 praepositis
3309 4001 3443 4067 suis,
3477 4017 3588 4059 non

1992 4087 2214 4146 fuerunt
2241 4090 2307 4146 de
2336 4090 2526 4157 lsrael,
2562 4091 2657 4146 sed
2685 4091 2752 4148 de
2781 4091 3094 4164 proselytis,
3129 4092 3182 4148 id
3223 4099 3308 4148 est
3339 4092 3582 4161 advenis,

1992 4185 2086 4257 qui
2107 4184 2745 4242 morabanturintereos.
2771 4184 3050 4256 Scriptum
3073 4202 3309 4258 namque
3333 4195 3418 4243 est
3445 4187 3502 4242 in
3523 4185 3588 4241 li-

1990 4285 2094 4340 bro
2118 4283 2567 4356 Paralipomenon
2596 4282 2682 4357 (II
2700 4281 2831 4340 Par.
2848 4299 2906 4349 ιι,
2929 4283 3018 4354 l7)
3046 4302 3060 4340 :
3089 4283 3400 4339 Numeravit
3421 4283 3585 4355 igitur

1992 4377 2250 4434 Salomon
2278 4395 2455 4434 omnes
2481 4370 2622 4433 viros
2647 4378 2961 4451 proselgtos,
2981 4378 3074 4452 qui
3088 4386 3239 4434 erant
3260 4378 3317 4432 in
3341 4385 3482 4431 terra
3499 4375 3585 4433 Is-

1991 4469 2125 4537 rael,
2141 4479 2254 4540 post
2265 4469 2924 4543 dinumerationem,quam
2939 4469 3290 4526 dinumerauit
3303 4468 3480 4523 David
3491 4485 3583 4539 pa.

291 4555 466 4612 (linati
497 4571 685 4612 sumus
710 4557 778 4612 ad
806 4557 994 4621 vitam,
1023 4555 1326 4612 excidimur
1361 4557 1783 4624 eatechizando,
1830 4565 1887 4614 et
1910 4574 1966 4635 D
1989 4570 2070 4616 ter
2090 4561 2237 4631 ejus:
2264 4570 2312 4615 et
2338 4561 2532 4616 inventi
2553 4569 2674 4616 sunt
2693 4571 2902 4616 centum
2916 4561 3297 4632 quinquaginta
3312 4558 3503 4626 millia,
3533 4569 3584 4615 et

294 4655 636 4704 sacramenta
670 4647 794 4704 ﬁdei
842 4648 1210 4720 percipiendo,
1238 4649 1305 4703 de
1333 4658 1519 4705 monte
1542 4649 1808 4720 superbia:
1828 4649 1882 4704 in

293 4749 537 4798 montem
579 4742 772 4798 domus
818 4741 1033 4798 Domini
1066 4741 1469 4809 transferimur,
1497 4743 1592 4813 qui
1623 4743 1766 4798 eruti
1815 4743 1884 4800 de

291 4842 564 4906 potestate
601 4835 974 4900 tenebrarum,
1018 4832 1086 4888 ad
1113 4849 1296 4891 arcem
1329 4835 1614 4901 virtutum,
1644 4850 1767 4905 quae
1801 4843 1886 4892 est

292 4929 351 4984 in
386 4929 594 4984 unitate
633 4937 834 4984 sanctae
872 4925 1148 4992 Ecclesiae,
1176 4927 1538 4998 pervenimus.
1575 4926 1885 4984 Notandum

291 5030 502 5089 autem,
541 5020 686 5095 quod
721 5021 883 5077 iidem
920 5018 1157 5090 operarii
1192 5019 1268 5073 ita
1301 5027 1461 5073 erant
1499 5019 1800 5085 distributi,
1825 5025 1884 5073 ut

289 5131 428 5187 pars
451 5115 507 5170 in
530 5122 714 5170 monte
734 5112 940 5184 lapides
961 5112 1240 5177 cederent,
1265 5127 1394 5182 pars
1420 5112 1552 5168 item
1576 5125 1745 5167 onera
1767 5127 1889 5182 por-

291 5213 500 5262 tarent.
545 5207 769 5262 Diversa
815 5212 943 5259 sunt
967 5217 1203 5273 namque
1228 5202 1370 5258 dona
1415 5202 1662 5272 spiritus,
1687 5210 1742 5257 et
1769 5202 1889 5271 qui-

291 5301 423 5358 dam
448 5299 712 5372 majorem
755 5296 970 5354 dicendi
1005 5337 1020 5364 ,
1052 5311 1120 5353 ac
1137 5303 1422 5368 protervos
1448 5295 1711 5365 arguendi
1748 5309 1884 5352 con-

369 5535 397 5564 ι
435 5522 645 5579 Rursus
681 5523 941 5578 Rabanus
988 5519 1251 5588 occurrit,
1285 5535 1448 5592 quem
1476 5521 1759 5580 docentem
1787 5525 1882 5580 ha-

295 5595 417 5662 bes,
459 5594 584 5649 dum
627 5593 854 5650 lineolas
897 5594 1161 5649 invenies.

367 5667 398 5707 δ
423 5663 682 5736 ῌὶιίονεε,
712 5666 806 5720 sed
835 5673 1058 5736 praestat
1086 5674 1269 5721 nostra
1297 5665 1479 5723 lectio.

369 5747 394 5776 ο
436 5735 569 5804 Quae
597 5736 809 5791 lineolis
834 5735 1024 5792 carent
1061 5752 1093 5791 a
1129 5737 1352 5793 Rabano
1376 5739 1524 5794 edito
1549 5739 1765 5796 absunt.

366 5807 396 5846 ιι
437 5807 633 5865 Deesse
649 5809 866 5863 videtur
879 5818 991 5877 post
1009 5808 1273 5877 judicium
1287 5819 1596 5875 extremum,
1621 5821 1714 5866 aut
1731 5812 1879 5870 aliud

297 5877 584 5950 ejusmodi.
643 5877 924 5948 Quomodo
969 5879 1269 5937 locutiones
1318 5881 1438 5946 illae,
1496 5897 1616 5952 quae
1653 5883 1877 5953 quietem

1993 4653 2099 4707 tria
2113 4651 2282 4706 millia
2298 4653 2549 4720 sexcenti,
2568 4651 2791 4725 fecitque
2811 4655 2836 4694 ⁸
2856 4669 2943 4707 eos
2955 4651 3286 4724 septuaginta
3304 4649 3475 4706 millia
3493 4668 3585 4723 qut

1993 4743 2224 4798 humeris
2253 4760 2414 4798 onera
2443 4743 2744 4815 portabant,
2773 4753 2882 4799 etc.
2914 4741 3180 4814 Proselyti
3213 4750 3394 4797 autem
3418 4757 3584 4798 voca-

1991 4835 2192 4891 bantur
2219 4836 2428 4904 Graece,
2459 4837 2553 4908 qui
2577 4853 2644 4894 ex
2687 4836 2808 4892 aliis
2835 4835 3144 4892 nationibus
3185 4835 3490 4907 progeniti,
3526 4837 3584 4892 in

1992 4929 2155 4984 ﬁdem
2183 4937 2238 4986 et
2268 4932 2604 4986 consortium
2653 4929 2837 5002 populi
2878 4929 2976 4986 Dei
3023 4937 3243 4998 accepta
3291 4927 3580 4984 circumci-

1993 5020 2147 5077 sione
2195 5023 2549 5078 transierunt.
2601 5022 2846 5078 Fuerunt
2887 5022 3072 5094 itaque
3114 5021 3350 5092 operarii
3390 5021 3583 5078 domus

1992 5113 2206 5170 Domini
2240 5116 2306 5172 de
2351 5115 2477 5171 ﬁliis
2511 5115 2698 5183 lsrael,
2732 5115 2952 5171 fuerunt
2997 5115 3065 5171 de
3111 5115 3421 5187 proselytis,
3457 5113 3578 5170 fue-

1991 5215 2121 5263 runt
2145 5209 2212 5265 de
2241 5208 2510 5280 gentibus.
2554 5208 2632 5264 De
2683 5208 2809 5264 ﬁliis
2841 5209 3098 5265 videlicet
3136 5207 3323 5275 lsrael,
3355 5207 3580 5277 triginta

1988 5299 2180 5367 millia,
2207 5300 2301 5372 qui
2330 5299 2398 5356 ad
2443 5299 2813 5370 praecidendos
2846 5299 2914 5356 de
2959 5299 3168 5357 Libano
3202 5298 3394 5355 cedros
3422 5296 3578 5354 missi

1990 5520 2222 5577 mortuis
2249 5519 2514 5584 tribuunt,
2551 5515 2879 5588 accipiendze
2909 5515 3034 5582 sint,
3060 5515 3222 5588 docet
3250 5513 3579 5572 Muratorius

1989 5593 2046 5649 in
2070 5592 2231 5656 libro,
2257 5606 2418 5661 quem
2439 5589 2505 5644 de
2531 5587 2685 5646 Statu
2711 5598 3042 5644 mortuorum
3062 5587 3360 5660 inscripsit.

2062 5675 2086 5704 θ
2130 5662 2290 5718 Redit
2312 5677 2503 5717 rursus
2526 5661 2800 5716 Babanus.

2065 5734 2086 5774 ί
2126 5735 2291 5790 Deest
2314 5733 2369 5788 in
2384 5734 2546 5789 editis
2568 5748 2671 5789 vox
2693 5732 2973 5801 Dominus,
2996 5747 3159 5804 quam
3180 5739 3364 5789 tamen
3383 5740 3580 5789 sensus

1985 5807 2248 5878 exposcit.

2061 5875 2085 5923 i5
2123 5879 2396 5949 Rabanus,
2424 5884 2481 5938 et
2503 5876 2670 5937 editio
2699 5875 2914 5950 vulgata
2943 5890 3010 5934 ea:
3036 5875 3132 5933 eis.
