3940 6340
430 373 540 453 ῆι.

1497 382 1773 448 CLAUDII
1812 382 2273 442 TAURINE'NSIS
2312 378 2616 439 EPISCOPI

3585 373 3707 438 πε

430 518 553 583 sunt
576 526 589 567 :
614 510 681 567 de
703 504 992 583 proselytis
1006 507 1117 575 isti,
1133 507 1202 566 de
1221 507 1417 581 quibus
1436 525 1580 565 nunc
1602 508 1763 565 locuti
1785 523 1994 573 sumus,
2026 515 2080 577 Α
2102 510 2283 560 autem
2296 500 2502 572 lapides
2514 514 2620 553 non
2638 495 2813 554 solum
2827 492 3159 551 caementarii
3178 491 3702 561 εὐθυδίκαιοι

429 602 668 677 lapidum
699 618 950 659 caesores.
986 603 1063 659 De
1088 603 1362 675 gentibus,
1389 601 1577 659 Hiram
1602 603 1740 674 ipse.
1765 608 1820 657 et
1861 600 2004 657 servi

428 695 564 767 eius,
607 694 702 769 qui
748 710 873 751 cum
918 695 1092 751 servis
1122 693 1428 751 Salomonis
1463 694 1608 767 ligna
1631 696 1906 752 caadebant
1936 693 2006 750 de

428 788 650 846 Libano.
675 787 848 846 Omne
874 790 1042 861 igitur
1067 787 1348 844 hominum
1371 804 1561 861 genus,
1588 804 1686 860 per
1712 802 1851 859 quos
1875 786 2006 843 aedi-

428 882 640 941 ficanda
668 889 787 939 erat
832 882 1095 948 Ecclesia,
1125 883 1180 936 in
1208 879 1437 937 :edificio
1464 881 1649 952 templi
1683 880 2002 952 praecessit:

426 974 597 1032 Judaei
644 988 899 1044 namque,
945 973 1225 1045 proselyti,
1258 981 1314 1029 et
1360 972 1590 1046 gentiles
1641 971 1891 1030 conversi
1936 971 2006 1028 ad

426 1068 714 1123 veritatem
745 1067 1021 1137 Evangelii
1069 1083 1252 1134 unam,
1281 1067 1635 1138 eamdemque
1660 1064 1862 1122 Christi
1901 1066 2006 1122 Ec-

427 1158 670 1228 clesiam,
701 1161 815 1217 sive
834 1168 980 1218 recte
999 1160 1247 1229 vivendo,
1280 1160 1394 1217 sive
1422 1162 1588 1218 etiam
1613 1160 1855 1217 docendo
1877 1176 2005 1217 con-

427 1258 664 1309 struunt.

497 1342 677 1415 (Vers.
724 1344 838 1419 27.)
879 1363 899 1397 ι
942 1345 1299 1418 Prmcepitque
1326 1363 1438 1413 rex,
1470 1355 1524 1400 ut
1547 1342 1782 1401 tollerent
1804 1344 2006 1419 lapides

425 1435 651 1508 grandes
675 1438 927 1508 pretiosos
956 1438 1014 1492 in
1042 1436 1440 1508 fundamentum
1481 1434 1675 1507 templi,
1704 1445 1751 1491 et
1777 1436 2006 1509 quadra-

428 1536 542 1582 rent
567 1543 672 1582 eos.
704 1527 1138 1583 Fundamentum
1166 1527 1350 1598 templi
1382 1525 1587 1583 nullum
1613 1534 1697 1582 est
1724 1525 1865 1581 aliud
1890 1542 2007 1599 my—

427 1621 563 1677 stice
593 1620 1018 1694 intelligendum,
1049 1637 1212 1692 quam
1242 1621 1395 1688 illud,
1422 1620 1563 1690 quod
1589 1619 1829 1676 ostendit
1862 1618 2006 1690 Apo-

425 1710 597 1769 stolus
624 1708 808 1768 dicens
854 1709 906 1785 (I
948 1711 1071 1768 Cor.
1102 1729 1184 1780 ιιι,
1218 1711 1315 1786 ll)
1345 1727 1359 1767 :
1391 1710 1819 1767 Fundamentum
1865 1713 2003 1767 enim

422 1808 574 1865 aliud
619 1827 770 1866 nemo
813 1818 980 1882 potest
1026 1827 1235 1882 ponere,
1284 1819 1475 1880 pra'ter
1500 1810 1576 1876 id,
1609 1809 1748 1881 quod
1775 1809 2001 1879 positum

421 1911 521 1969 est,
566 1901 803 1958 Christus
828 1903 1005 1959 Iesus.
1050 1903 1151 1968 Qui
1180 1911 1466 1974 propterea
1498 1910 1645 1957 recte
1686 1899 2001 1956 fundamen-

424 2002 539 2051 tum
561 1995 755 2052 domus
780 1995 995 2051 Domini
1018 2002 1199 2066 potest
1226 1995 1432 2059 vocari,
1465 1993 1591 2063 quia
1621 1988 1762 2049 sicut
1800 1991 1877 2047 ait
1904 1993 2001 2047 Pe-

424 2093 544 2143 trus
575 2086 713 2160 (Aet.
744 2103 821 2153 ιν,
852 2086 940 2157 12)
982 2105 995 2142 :
1052 2087 1176 2142 Non
1201 2097 1277 2143 est
1323 2085 1471 2141 aliud
1517 2084 1611 2140 sub
1652 2085 1776 2140 caelo
1820 2085 2002 2153 datum

421 2181 721 2239 hominibus
752 2200 959 2249 nomen,
987 2184 1045 2238 in
1068 2200 1170 2255 quo
1198 2192 1432 2254 oporteat
1462 2199 1554 2236 nos
1583 2181 1752 2236 salvos
1778 2180 1915 2253 ﬁeri.
1943 2174 2003 2234 ln

418 2274 567 2345 quod
594 2275 999 2330 fundamentum
1028 2274 1232 2340 lapides
1262 2274 1515 2345 grandes,
1556 2283 1611 2328 et
1648 2272 1871 2344 pretiosi
1908 2287 2004 2343 po-

422 2375 647 2431 nuntur,
674 2380 798 2420 cum
827 2365 1084 2437 praecipui
1108 2364 1282 2428 factis,
1307 2382 1371 2421 ac
1400 2365 1691 2420 sanctitate
1717 2364 1817 2418 viri
1847 2361 2004 2418 fami-

424 2456 547 2513 liari
576 2459 773 2513 mentis
819 2460 1109 2515 sanctitate
1148 2474 1246 2514 suo
1295 2457 1573 2514 adhaerent
1612 2454 1911 2521 conditori;
1942 2458 2004 2509 ut

421 2563 530 2620 quo
575 2546 786 2605 ﬁrmius
832 2548 888 2602 in
918 2548 1008 2604 illo
1037 2563 1185 2618 spem
1234 2564 1385 2603 suam
1436 2554 1666 2619 ponunt,
1697 2561 1762 2601 eo
1810 2546 2004 2600 fortius

420 2641 654 2698 aliorum
700 2642 866 2699 vitam
898 2642 1153 2713 dirigere,
1185 2640 1350 2713 (quod
1395 2649 1478 2697 est
1506 2639 1845 2695 latitudinem
1880 2654 2006 2710 por-

418 2732 558 2805 tare)
592 2732 877 2789 sufﬁciant.
909 2733 1142 2805 Lapides
1169 2749 1322 2806 ergo,
1379 2732 1471 2803 qui
1504 2731 1558 2786 in
1588 2729 2003 2785 fundamentum

420 2824 601 2895 templi
633 2822 700 2879 ad
748 2827 1071 2894 portandum
1099 2824 1383 2879 aedilicium
1413 2837 1573 2877 omne
1622 2822 1998 2891 ponebantur,

426 2914 648 2988 proprie
697 2923 825 2970 sunt
865 2916 1165 2986 prophetae,
1191 2922 1245 2970 et
1274 2912 1525 2987 apostoli,
1570 2913 1662 2982 qui
1698 2913 1922 2967 verbum
1952 2919 2007 2967 et

421 3014 764 3064 sacramenta
803 3008 1072 3074 veritatis,
1105 3007 1217 3063 sive
1253 3007 1558 3073 visibiliter,
1606 3006 1722 3061 sive
1760 3005 2006 3061 invisibi-

417 3098 562 3165 liter,
593 3100 660 3156 ab
687 3100 805 3173 ipsa
832 3092 932 3156 Dei
959 3100 1225 3172 sapientia
1245 3106 1621 3172 perceperunt.
1656 3118 1674 3151 ι
1715 3111 1741 3139 ι
1773 3095 1926 3154 Unde
1949 3104 2006 3152 et

418 3190 597 3258 nobis,
643 3191 734 3264 qui
761 3208 949 3249 eorum
974 3192 1162 3259 vitam,
1192 3192 1306 3247 sive
1338 3191 1641 3247 doctrinam
1686 3191 2000 3256 studemus,

2106 593 2436 653 caementarii
2468 592 2675 657 Hiram,
2705 588 2834 661 quia
2859 603 2930 643 ex
2961 598 3195 658 utroque
3230 586 3431 657 populo
3470 586 3702 649 fuerat

2105 687 2369 753 nonnulli,
2397 686 2489 757 qui
2518 687 2756 756 ipsorum
2776 694 2993 752 quoqne
3040 680 3325 736 doctorum
3345 679 3696 748 sublimium,

2106 783 2216 840 imo
2228 783 2477 840 doctores
2489 780 2804 837 existerent.
2829 797 2850 830 ι
2864 775 2892 817 ἀ
2908 775 2976 831 Et
2987 774 3142 845 quasi
3167 773 3501 846 quadrantes
3512 790 3611 831 eos
3621 776 3702 831 ad

2106 875 2492 934 sublevandam
2514 874 2705 929 domus
2726 868 2941 925 Domini
2966 866 3257 923 aediﬁcium
3272 876 3550 938 pararent.
3585 865 3703 922 Ne—

2105 986 2211 1045 que
2223 970 2367 1025 enim
2381 967 2482 1026 soli
2507 965 2771 1023 Jeremias
2784 963 3039 1027 etlsaias,
3054 970 3113 1016 et
3126 960 3309 1016 ueteri
3320 976 3391 1016 ex
3402 961 3699 1017 circumci-

2106 1064 2256 1120 sione
2268 1062 2564 1134 prophetaa,
2578 1073 2768 1114 verum
2780 1055 2944 1111 etiam
2958 1055 3149 1110 beatus
3160 1051 3263 1108 Job
3272 1066 3400 1108 cum

2105 1159 2198 1229 qui
2212 1163 2373 1213 erant
2393 1156 2459 1211 de
2480 1153 2749 1225 gentibus,
2780 1150 3079 1206 maximam
3105 1149 3249 1213 vitae,
3269 1148 3386 1205 sive
3408 1148 3701 1220 patientia

2104 1253 2358 1319 formam,
2398 1248 2657 1307 doctrina:
2683 1247 2940 1304 salutaris
2967 1245 3237 1316 praeconis
3263 1246 3547 1316 sequentis
3583 1243 3701 1300 :evi

2105 1344 2418 1401 doctoribus
2460 1340 2885 1397 ministrarunt:
2930 1350 3038 1408 quo
3067 1335 3299 1405 abjectis
3315 1337 3521 1401 verbis,
3553 1335 3705 1392 acti-

2103 1438 2223 1504 bus,
2257 1434 2671 1508 cogitationibus
2701 1430 3072 1503 supervacuis,
3099 1429 3170 1484 ed
3198 1429 3531 1500 portandum
3546 1441 3707 1484 onus

2104 1535 2306 1585 sancta:
2329 1525 2585 1583 Ecclesia:
2605 1524 2771 1596 digni,
2805 1530 2861 1579 et
2884 1522 2998 1594 apti
3024 1521 3227 1578 inventi
3252 1528 3399 1576 situt.

2177 1630 2204 1662 ο
2235 1618 2406 1674 Porro
2444 1616 2602 1673 Giblii
2640 1620 3069 1687 prwparaverunt
3101 1611 3247 1683 ligna
3290 1621 3341 1667 et
3386 1610 3592 1681 lapides
3621 1611 3705 1665 ad

2104 1713 2475 1786 wdiﬁcandam
2491 1712 2725 1766 domum.
2747 1708 2965 1765 «Giblos
2977 1713 3064 1762 est
3080 1705 3271 1763 civitas
3294 1705 3352 1761 in
3374 1705 3534 1777 Syria
3553 1704 3708 1761 Phe-

2103 1807 2279 1872 niciae,
2311 1819 2342 1859 a
2367 1818 2475 1874 quo
2495 1801 2658 1858 Giblii
2696 1806 2824 1855 sunt
2857 1798 3057 1863 vocati,
3087 1797 3243 1867 cujus
3280 1796 3529 1851 Ine-init
3553 1795 3707 1851 Eze-

2029 1882 2078 1943 Β
2104 1899 2247 1958 chiel
2289 1900 2475 1955 dicens
2507 1896 2741 1969 (xxxvii,
2770 1894 2826 1965 δὴ
2856 1909 2871 1947 :
2911 1891 3186 1964 Sapientes
3215 1891 3315 1957 tui,
3360 1887 3517 1961 Tyre,
3558 1890 3707 1960 facta

2104 2003 2228 2049 sunt
2250 1991 2621 2063 gubernatores
2648 1987 2745 2041 tui.
2793 1984 2954 2041 Senes
2976 1981 3156 2049 Giblii,
3179 1992 3230 2038 et
3244 1981 3527 2055 prudentes
3545 1982 3704 2052 ejus.

2104 2080 2211 2140 Pro
2239 2098 2347 2155 quo
2394 2082 2447 2136 in
2473 2079 2703 2135 Hebraeo
2741 2079 3089 2134 continetur:
3134 2073 3319 2137 Cobet.
3347 2075 3464 2130 sive
3491 2070 3707 2141 θύοι,

2104 2179 2250 2250 quod
2274 2177 2662 2244 interpretatur
2676 2171 2953 2243 diﬁiniens,
2976 2170 3091 2231 sive
3115 2169 3492 2223 determinans.
3532 2166 3711 2235 Quod

2103 2266 2428 2324 vocabulum
2463 2273 2586 2336 apte
2634 2262 2888 2319 convenit
2931 2261 3014 2316 eis
3057 2260 3150 2329 qui
3194 2259 3359 2314 corda
3403 2258 3707 2314 hominum

2105 2361 2174 2416 ad
2220 2357 2509 2415 aedificium
2553 2354 2818 2425 spiritale,
2869 2353 3014 2422 quod
3065 2367 3132 2407 ex
3175 2349 3465 2405 virtutibus
3493 2349 3709 2405 anim

2106 2451 2461 2515 construitur,
2485 2454 2680 2519 parant
2713 2464 2727 2500 :
2768 2447 2847 2502 sic
2875 2445 3077 2501 etenim
3106 2444 3283 2500 solum
3319 2457 3446 2499 suos
3469 2443 3709 2499 audito-

2104 2558 2197 2598 res
2222 2542 2402 2605 fidem,
2431 2547 2490 2596 et
2525 2553 2690 2609 opera
2730 2536 2956 2607 iustitiae
2999 2535 3271 2592 sufﬁciunt
3295 2536 3527 2599 docere,
3557 2535 3708 2591 dum

2102 2634 2209 2705 ipsi
2258 2632 2409 2704 prius
2444 2630 2615 2687 sacris
2641 2630 2850 2700 paginis
2871 2629 3072 2694 edocti,
3103 2629 3407 2700 diligenter,
3451 2643 3575 2699 qua
3623 2631 3711 2686 sit

2108 2726 2243 2782 fides
2269 2724 2519 2789 tenenda,
2547 2738 2654 2793 quo
2676 2723 2938 2777 virtutum
2967 2721 3103 2778 calle
3126 2722 3503 2787 incedendum,
3534 2732 3710 2778 certa

2108 2818 2427 2876 difﬁnitione
2452 2817 2698 2873 veritatis
2722 2816 3048 2871 didicerunt.
3075 2815 3211 2871 Nam
3243 2816 3443 2872 frustra
3467 2817 3573 2872 sibi
3607 2816 3711 2871 of-

2109 2913 2291 2969 ficium
2335 2911 2575 2967 doctoris
2604 2918 2850 2981 usurpat,
2873 2911 2966 2980 qui
3003 2910 3384 2966 discretionem
3409 2911 3712 2967 catholica

2109 3006 2237 3063 fidei
2284 3006 2517 3076 ignorat,
2552 3016 2729 3075 neque
2765 3003 3136 3059 sanctuarium
3167 3002 3415 3068 Domino,
3460 3004 3559 3058 sed
3582 3006 3711 3058 mi.

2107 3114 2234 3154 nam
2262 3097 2367 3153 sibi
2393 3094 2685 3160 wdificant,
2717 3095 2809 3165 qui
2839 3095 3035 3151 docere
3060 3094 3200 3150 alios
3220 3094 3482 3166 regulam,
3524 3108 3709 3164 (ιιιιηει

2108 3190 2213 3260 ipsi
2258 3204 2367 3244 non
2418 3188 2743 3252 didicerunt,
2775 3195 3064 3243 conantur.
3098 3189 3158 3245 In
3201 3188 3515 3247 aedificando
3556 3204 3711 3260 ergo

418 3301 519 3358 pro
551 3294 738 3342 nostro
764 3285 983 3342 modulo
1022 3284 1242 3353 imitari,
1270 3285 1520 3357 fundatas
1557 3284 1687 3339 dicit
1714 3283 2005 3356 Apostolus
2031 3287 2077 3350 ρ
2106 3280 2330 3336 domum
2358 3279 2574 3335 Domini
2598 3279 2778 3350 primo
2803 3289 2929 3334 sunt
2958 3280 3198 3353 ligna,et
3226 3282 3433 3351 lapides
3450 3283 3709 3338 caadean

420 3376 581 3449 (Eph.
616 3395 677 3444 ιι,
718 3377 811 3453 20)
837 3393 852 3432 :
883 3396 1040 3449 super
1092 3377 1492 3449 fundamentum
1540 3375 1897 3448 apostolorum
1953 3384 2003 3429 et

420 3466 814 3544 prophetarum.
861 3469 969 3526 Sed
1009 3478 1063 3525 et
1105 3469 1427 3542 generaliter
1477 3467 1804 3539 quicunque,
1851 3475 1907 3523 et
1934 3465 2001 3521 fl-

418 3559 613 3616 deliter
640 3558 744 3632 ipsi
773 3559 1002 3617 Domino
1046 3558 1340 3625 adhaerere,
1375 3568 1431 3615 et
1454 3559 1735 3629 impositas
1762 3559 1865 3614 sibi
1889 3556 2002 3614 fra-

416 3660 565 3711 trum
614 3652 967 3710 necessitates
992 3651 1204 3709 fortiter
1246 3653 1394 3709 ferre
1440 3653 1765 3721 didicerunt,
1797 3653 1851 3707 hi
1878 3668 2004 3724 pos-

416 3754 545 3802 sunt
593 3745 862 3819 lapidibus
925 3746 1223 3817 grandibus
1249 3788 1266 3814 ,
1328 3761 1393 3802 ac
1446 3746 1701 3817 pretiosis
1748 3745 1997 3802 indicari.

420 3855 442 3892 ι
476 3839 506 3880 ι)
529 3838 632 3909 Qui
656 3842 796 3898 bene
822 3839 1027 3912 lapides
1040 3840 1217 3911 primo
1243 3834 1518 3910 qua‘drari,
1548 3854 1612 3894 ac
1625 3840 1705 3894 sic
1733 3840 1786 3893 in
1813 3838 2003 3895 funda-

416 3939 600 3987 mento
645 3932 771 4003 poni
799 3931 1060 4002 jubentur
1104 3950 1117 3985 :
1152 3928 1477 4001 quadratum
1518 3945 1754 4000 namque
1796 3945 1957 3985 omne
1983 3968 1998 3993 ,

415 4038 742 4093 quocunque
784 4023 1039 4090 vertitur,
1079 4032 1225 4079 stare
1263 4021 1429 4078 ﬁxum
1456 4021 1753 4078 consuevit.
1794 4020 1893 4076 Cui
1918 4020 2003 4075 ni-

416 4113 618 4173 mirum
650 4113 835 4184 ligura:
860 4114 1025 4169 corda
1053 4114 1425 4169 assimilantur
1443 4112 1763 4177 electorum,
1787 4126 1906 4181 qua:
1928 4110 2001 4165 ita

415 4205 471 4262 in
503 4205 624 4261 fidei
672 4206 927 4272 firmitate
956 4207 1254 4261 consistere
1287 4205 1607 4269 didicerunt,
1636 4212 1696 4258 ut
1736 4202 1884 4256 nulla
1909 4218 2001 4256 oc-

415 4296 752 4355 currentium
784 4315 965 4354 rerum
991 4298 1339 4363 adversitate,
1362 4312 1464 4353 nec
1488 4297 1605 4367 ipsa
1630 4297 1792 4352 etiam
1827 4303 2002 4352 merte

414 4405 445 4444 a
491 4405 588 4445 sua
616 4389 939 4445 rectitudine
966 4389 1177 4460 possint
1201 4396 1344 4445 statu
1373 4387 1649 4443 declinari.
1685 4406 1704 4440 ι
1742 4398 1764 4426 ο
1802 4385 2000 4454 Quales

417 4481 665 4538 videlicet
714 4480 964 4537 doctores
1009 4481 1271 4548 Ecclesia,
1322 4497 1428 4536 non
1473 4481 1648 4536 solum
1680 4480 1746 4536 de
1773 4477 1995 4545 Iudaea,

413 4590 601 4630 verum
631 4573 796 4629 etiam
827 4574 894 4629 de
923 4572 1174 4647 gentibus
1197 4589 1295 4644 per
1325 4572 1508 4643 plures
1549 4572 1806 4642 suscepit.
1842 4568 2000 4627 Unde

2112 3372 2180 3427 de
2207 3377 2418 3436 monte,
2453 3371 2579 3440 quia
2606 3384 2720 3433 eos.
2752 3385 2890 3441 quos
2918 3371 2974 3426 in
3005 3371 3112 3427 fide
3132 3373 3382 3428 veritatis
3409 3373 3706 3430 instituere

2110 3464 2422 3534 quaerimus,
2461 3463 2639 3533 primo
2688 3478 2912 3519 necesse
2953 3473 3054 3529 est,
3082 3473 3143 3520 ut
3170 3465 3554 3522 abrenuntiare
3580 3468 3704 3523 dia-

2108 3554 2254 3621 bolo,
2285 3569 2352 3609 ac
2382 3555 2447 3610 de
2476 3562 2623 3609 sorte
2643 3555 2834 3624 primae
2852 3557 3344 3625 prmvaricationis,
3370 3558 3425 3612 in
3446 3572 3557 3629 qua
3580 3560 3704 3616 nti

2108 3648 2317 3711 sumus,
2345 3647 2635 3702 doceamus
2664 3649 2998 3704 renascendo
3019 3651 3160 3716 erui,
3188 3650 3382 3707 deinde
3406 3655 3699 3722 quaarem‘li

2106 3746 2234 3794 sunt
2284 3738 2493 3809 lapides
2539 3740 2785 3809 pretiosi,
2823 3749 2879 3796 et
2925 3742 3177 3813 grandes,
3225 3754 3386 3814 atque
3414 3745 3471 3800 in
3502 3743 3680 3801 funda

2104 3839 2348 3887 mentum
2398 3832 2583 3902 templi
2613 3833 2870 3903 ponendi,
2902 3843 2963 3893 ut
2983 3837 3409 3904 meminerimus,
3441 3839 3702 3895 abdicata

2107 3926 2523 3981 conversatione
2552 3927 2748 3995 priori,
2778 3940 2968 3982 eorum
2995 3930 3050 3983 in
3078 3931 3330 3985 omnibus
3358 3931 3547 3997 vitam,
3576 3948 3703 3988 mo-

2106 4026 2303 4085 resque
2317 4016 2809 4089 inspioere,eosque
2821 4020 3026 4075 nostris
3039 4021 3376 4077 auditoribus
3392 4022 3701 4079 imitandos

2102 4118 2428 4174 proponere,
2453 4123 2590 4178 quos
2614 4123 2712 4179 per
2729 4111 2983 4165 virtutem
3018 4111 3340 4186 humilitatis
3378 4115 3700 4184 specialiter

2104 4194 2331 4249 Domino
2364 4197 2639 4252 adhaarere
2684 4200 3015 4255 noverimus.
3067 4221 3087 4253 ι
3132 4200 3151 4241 ι
3194 4202 3342 4268 Quos
3386 4199 3699 4262 invincib‘tli

2102 4288 2304 4342 mentis
2318 4288 2612 4345 stabilitate
2630 4330 2644 4356 ,
2659 4292 2820 4361 quasi
2841 4292 3137 4363 quadratos
3147 4296 3380 4366 quodam
3396 4298 3580 4363 modo,
3608 4308 3698 4353 at-

2102 4391 2210 4448 que
2221 4380 2288 4435 ad
2299 4394 2490 4435 omnes
2504 4383 2864 4437 tentationum
2877 4384 3150 4451 incursus,
3174 4387 3479 4444 immobiles
3491 4391 3698 4459 perdu-

2102 4480 2229 4526 rare
2253 4472 2640 4542 conspicimus,
2656 4489 2794 4544 quos
2818 4476 3110 4546 pretiosos,
3130 4488 3189 4535 et
3209 4479 3445 4551 grandes
3468 4483 3693 4548 merito,

2101 4575 2168 4616 ac
2192 4561 2336 4619 fama
2366 4564 2755 4635 comperimus.
2800 4566 2932 4623 Post
2958 4569 3372 4626 fundamentum
3398 4586 3535 4627 vero
3566 4572 3696 4629 tali-

413 4664 550 4720 bene
576 4662 641 4720 de
663 4662 931 4735 lapidibus
953 4663 1114 4735 hujus
1136 4662 1321 4719 mundi
1344 4662 1724 4735 grandioribus
1744 4661 1998 4733 pretiosis
2022 4650 2076 4712 D
2100 4654 2228 4721 bus,
2268 4671 2332 4710 ac
2358 4657 2523 4712 tantis
2548 4656 2818 4728 lapidibus
2845 4661 3229 4731 compositum,
3258 4661 3579 4718 adificanda
3609 4673 3695 4719 est

412 4767 467 4811 et
491 4756 771 4827 quadratis
797 4752 1046 4812 subditur
1073 4775 1086 4810 :

486 4848 665 4921 (γεγε.
698 4848 807 4923 l8.)
844 4868 862 4900 ‹
896 4848 1041 4915 Quos
1071 4849 1380 4907 dolaverunt
1404 4850 1726 4906 ca’mentarii
1755 4848 1999 4906 Salomo-

414 4941 515 5005 nis,
545 4949 595 4993 et
637 4940 960 4995 cwmentarii
998 4939 1210 4997 Hiram.
1244 4943 1509 5000 Dolantur
1537 4958 1767 5015 namque
1795 4943 2000 5013 lapides

412 5029 659 5099 pretiosi,
688 5044 812 5084 cum
837 5031 995 5089 electi
1021 5035 1222 5105 quique
1243 5035 1663 5104 praecedentium
1685 5043 1999 5090 sanctorum

414 5120 794 5187 instructione,
822 5130 879 5176 et
897 5122 1180 5191 instantia,
1217 5126 1477 5197 quidquid
1504 5127 1558 5180 in
1594 5141 1652 5180 se
1676 5124 1879 5181 habent
1903 5139 2001 5179 no-

412 5210 560 5265 xium
576 5218 632 5265 et
654 5211 832 5275 inane,
862 5213 1190 5283 relinquunt,
1214 5227 1375 5288 atque
1397 5226 1522 5273 ante
1546 5225 1894 5286 conspectum
1916 5216 2001 5271 sui

413 5300 713 5370 conditoris
742 5300 912 5356 solam
940 5302 1119 5361 insita:
1153 5303 1378 5374 iustitia:
1416 5306 1680 5377 regulam,
1710 5306 1865 5375 quasi
1892 5313 2003 5359 sta-

412 5391 580 5447 bilem
631 5392 982 5462 quadratura:
1028 5394 1259 5453 formam
1307 5398 1620 5454 ostendunt.
1675 5397 2001 5455 Dolaverunt

481 5605 509 5635 ι
546 5593 678 5663 Quae
702 5590 915 5652 lineolis
937 5605 1122 5652 notata
1147 5612 1255 5652 non
1300 5604 1447 5663 sunt,
1475 5612 1508 5654 a
1529 5596 1757 5654 Rabano
1778 5595 1991 5654 absunt.

484 5664 513 5706 δ
553 5665 682 5729 Haec
710 5681 897 5725 rursus
925 5668 1133 5725 Rabani
1160 5667 1324 5723 verba
1358 5679 1503 5725 sunt.

482 5746 507 5777 ο
549 5736 679 5806 Quae
715 5745 902 5794 notata
943 5754 1049 5794 non
1077 5746 1222 5804 sunt,
1268 5740 1323 5792 in
1361 5741 1507 5796 edito
1549 5740 1760 5798 Rabani
1783 5755 1891 5797 non
1919 5739 1998 5795 le-

412 5816 763 5937 δυῗῃξέδιιιιι
784 5880 904 5939 haec
925 5891 1141 5950 quoque
1162 5875 1220 5934 in
1247 5877 1493 5937 Rabano.

1588 6004 1689 6022 M~

1603 6031 1653 6049 α.
1924 6034 2007 6047 ιιι-ω

1844 6059 1857 6070 α

1957 5984 1991 5996 -ρ
1998 5978 2052 6015 vf

2102 4747 2295 4804 domus
2321 4748 2558 4814 Domini,
2605 4752 2927 4821 praeparatis
2955 4753 3269 4824 diligentius
3297 4755 3482 4826 lignis,
3513 4772 3581 4811 ac
3614 4756 3695 4811 la-

2100 4842 2341 4911 pidibus,
2390 4857 2455 4896 ac
2484 4842 2697 4897 decenti
2744 4844 2935 4899 ordine
2975 4845 3275 4901 collocatis.
3304 4847 3434 4914 Qua
3458 4847 3594 4903 olim
3624 4850 3693 4903 de

2100 4935 2283 5006 prisco
2304 4948 2402 4990 suo
2433 4936 2543 4991 situ
2570 4938 2596 4976 Β
2625 4935 2732 5007 (vel
2752 4937 2958 5010 radice)
2988 4937 3208 4993 fuerant
3236 4940 3539 5007 abstracta,
3561 4941 3691 5010 quia

2102 5033 2227 5097 post
2268 5026 2445 5097 prima
2482 5025 2607 5080 fidei
2636 5027 2961 5092 rudimenta,
3011 5037 3135 5100 post
3162 5028 3424 5085 collocuti
3451 5030 3508 5085 in
3534 5030 3691 5086 nobis

2097 5114 2253 5185 juxta
2274 5116 2584 5186 exemplum
2611 5116 2926 5174 sublimium
2954 5120 3196 5177 virorum
3222 5120 3575 5177 fundamenta
3595 5122 3691 5178 hu-

2104 5209 2353 5263 militatis
2377 5208 2405 5248 1·
2460 5226 2480 5258 ι
2516 5208 2797 5265 addendus
2834 5219 2921 5265 est
2962 5211 3018 5266 in
3056 5212 3225 5267 altum
3252 5213 3434 5283 paries
3458 5228 3689 5284 oper-um

2103 5301 2393 5367 bonorum,
2419 5301 2578 5372 quasi
2606 5313 2773 5373 super
2795 5285 3063 5374 impositis
3092 5305 3195 5361 sibi
3224 5307 3455 5363 invicem
3473 5303 3686 5365 ordini-

2102 5397 2205 5453 bus
2232 5395 2475 5467 lapidum
2507 5392 2682 5470 (Psal.
2709 5413 2940 5465 ιχχχιιι,
2971 5398 3027 5471 8)
3066 5400 3135 5453 ad
3178 5398 3597 5466 ambulandum,
3620 5413 3687 5457 ac

2175 5607 2200 5636 ο
2233 5595 2315 5650 En
2344 5595 2542 5650 iterum
2565 5591 2843 5650 Rabanus.

2182 5666 2203 5706 ί
2246 5666 2378 5732 Quae
2400 5665 2614 5720 lineolis
2636 5666 2845 5728 Carent,
2872 5664 2926 5719 in
2950 5664 3174 5720 Babano
3188 5679 3303 5721 non
3321 5672 3563 5722 exstant.

2180 5740 2209 5779 δ
2249 5737 2425 5791 Verba
2450 5736 2568 5790 hac
2613 5753 2626 5789 :
2674 5734 2754 5791 vel
2799 5735 2976 5789 radice
3013 5734 3174 5791 aliam
3213 5735 3504 5793 lectionem
3547 5734 3690 5791 indi-

2104 5818 2269 5872 cant;
2306 5806 2455 5862 nolui
2480 5815 2662 5861 tamen
2678 5807 2917 5863 demere.
2953 5806 3164 5872 Demat,
3189 5807 3238 5863 si
3258 5808 3398 5877 vult,
3420 5806 3637 5867 Lector.

2174 5881 2206 5923 Ιι
2242 5876 2636 5948 Subsequentia
2663 5878 2719 5933 in
2746 5877 2971 5934 Κώεω
2994 5878 3251 5950 reperies.
