  <div class='ocr_page' id='page_1' title='image "/cluster/home/n/w/nwhite01/storage/ocr_20150623/104/hvd.32044015466824/392.png"; bbox 0 0 3940 6340; ppageno 0'>
   <div class='ocr_carea' id='block_1_1' title="bbox 359 424 472 491">
    <p class='ocr_par' dir='ltr' id='par_1_1' title="bbox 359 424 472 491">
     <span class='ocr_line' id='line_1_1' title="bbox 359 424 472 491; baseline 0 0"><span class='ocrx_word' id='word_1_1' title='bbox 359 424 472 491; x_wconf 73' lang='grc'><strong>’135</strong></span> 
     </span>
    </p>
   </div>
   <div class='ocr_carea' id='block_1_2' title="bbox 1009 374 2987 491">
    <p class='ocr_par' dir='ltr' id='par_1_2' title="bbox 1009 374 2987 491">
     <span class='ocr_line' id='line_1_2' title="bbox 1009 374 2987 491; baseline -0.008 -13"><span class='ocrx_word' id='word_1_2' title='bbox 1009 406 1473 491; x_wconf 70' lang='lat' dir='ltr'><strong>QUAESTIONES</strong></span> <span class='ocrx_word' id='word_1_3' title='bbox 1508 406 1660 471; x_wconf 80' lang='lat' dir='ltr'><strong>xxx</strong></span> <span class='ocrx_word' id='word_1_4' title='bbox 1698 402 1929 471; x_wconf 65' lang='lat' dir='ltr'><strong>supra</strong></span> <span class='ocrx_word' id='word_1_5' title='bbox 1964 400 2212 469; x_wconf 68' lang='lat' dir='ltr'><strong>annos</strong></span> <span class='ocrx_word' id='word_1_6' title='bbox 2249 374 2515 469; x_wconf 64' lang='lat' dir='ltr'><strong>nucum.</strong></span> <span class='ocrx_word' id='word_1_7' title='bbox 2548 437 2621 450; x_wconf 88' lang='lat'>—</span> <span class='ocrx_word' id='word_1_8' title='bbox 2656 406 2861 465; x_wconf 82' lang='lat' dir='ltr'><strong>LIBER</strong></span> <span class='ocrx_word' id='word_1_9' title='bbox 2899 406 2987 463; x_wconf 82' lang='grc' dir='ltr'>ιιι.</span> 
     </span>
    </p>
   </div>
   <div class='ocr_carea' id='block_1_3' title="bbox 3530 404 3634 462">
    <p class='ocr_par' dir='ltr' id='par_1_3' title="bbox 3530 404 3634 462">
     <span class='ocr_line' id='line_1_3' title="bbox 3530 404 3634 462; baseline 0.038 -4"><span class='ocrx_word' id='word_1_10' title='bbox 3530 404 3634 462; x_wconf 72' lang='grc' dir='ltr'><strong>’ἕ34</strong></span> 
     </span>
    </p>
   </div>
   <div class='ocr_carea' id='block_1_4' title="bbox 360 526 3636 624">
    <p class='ocr_par' dir='ltr' id='par_1_4' title="bbox 360 526 3636 624">
     <span class='ocr_line' id='line_1_4' title="bbox 360 526 3636 624; baseline -0.004 -20"><span class='ocrx_word' id='word_1_11' title='bbox 360 543 756 624; x_wconf 83' lang='lat' dir='ltr'><strong>proﬁciendum</strong></span> <span class='ocrx_word' id='word_1_12' title='bbox 784 536 848 596; x_wconf 88' lang='lat' dir='ltr'><strong>de</strong></span> <span class='ocrx_word' id='word_1_13' title='bbox 872 534 1060 595; x_wconf 87' lang='lat' dir='ltr'><strong>virtute</strong></span> <span class='ocrx_word' id='word_1_14' title='bbox 1082 536 1137 593; x_wconf 89' lang='lat' dir='ltr'><strong>in</strong></span> <span class='ocrx_word' id='word_1_15' title='bbox 1159 537 1422 591; x_wconf 86' lang='lat' dir='ltr'><strong>virtutem.</strong></span> <span class='ocrx_word' id='word_1_16' title='bbox 1450 526 1547 591; x_wconf 81' lang='lat' dir='ltr'><strong>Vel</strong></span> <span class='ocrx_word' id='word_1_17' title='bbox 1574 541 1720 591; x_wconf 87' lang='lat' dir='ltr'><strong>certe</strong></span> <span class='ocrx_word' id='word_1_18' title='bbox 1738 526 1947 606; x_wconf 75' lang='lat' dir='ltr'><strong>lapides</strong></span> <span class='ocrx_word' id='word_1_19' title='bbox 1972 536 2027 596; x_wconf 83' lang='grc' dir='ltr'><strong>Α</strong></span> <span class='ocrx_word' id='word_1_20' title='bbox 2046 532 2150 587; x_wconf 91' lang='lat' dir='ltr'><strong>bus</strong></span> <span class='ocrx_word' id='word_1_21' title='bbox 2183 532 2423 624; x_wconf 81' lang='lat' dir='ltr'><strong>propius,</strong></span> <span class='ocrx_word' id='word_1_22' title='bbox 2456 546 2519 587; x_wconf 91' lang='lat' dir='ltr'><strong>ac</strong></span> <span class='ocrx_word' id='word_1_23' title='bbox 2561 526 2872 601; x_wconf 86' lang='lat' dir='ltr'><strong>diligentius</strong></span> <span class='ocrx_word' id='word_1_24' title='bbox 2904 526 3254 624; x_wconf 68' lang='lat' dir='ltr'><strong>intuentibus</strong></span> <span class='ocrx_word' id='word_1_25' title='bbox 3298 531 3636 624; x_wconf 68' lang='lat' dir='ltr'><strong>apparebant</strong></span> 
     </span>
    </p>
   </div>
   <div class='ocr_carea' id='block_1_5' title="bbox 358 626 1945 707">
    <p class='ocr_par' dir='ltr' id='par_1_5' title="bbox 358 626 1945 707">
     <span class='ocr_line' id='line_1_5' title="bbox 358 626 1945 707; baseline -0.014 -5"><span class='ocrx_word' id='word_1_26' title='bbox 358 634 707 702; x_wconf 73' lang='lat' dir='ltr'><strong>fundamenti</strong></span> <span class='ocrx_word' id='word_1_27' title='bbox 730 633 958 707; x_wconf 78' lang='lat' dir='ltr'><strong>grandes</strong></span> <span class='ocrx_word' id='word_1_28' title='bbox 979 629 1229 707; x_wconf 78' lang='lat' dir='ltr'><strong>pretiosi,</strong></span> <span class='ocrx_word' id='word_1_29' title='bbox 1253 637 1307 684; x_wconf 87' lang='lat' dir='ltr'><strong>et</strong></span> <span class='ocrx_word' id='word_1_30' title='bbox 1320 626 1595 698; x_wconf 87' lang='lat' dir='ltr'><strong>quadrati,</strong></span> <span class='ocrx_word' id='word_1_31' title='bbox 1621 626 1781 699; x_wconf 82' lang='lat' dir='ltr'><strong>primi</strong></span> <span class='ocrx_word' id='word_1_32' title='bbox 1800 632 1945 689; x_wconf 89' lang='lat' dir='ltr'><strong>sunt,</strong></span> 
     </span>
    </p>
   </div>
   <div class='ocr_carea' id='block_1_6' title="bbox 361 712 1946 804">
    <p class='ocr_par' dir='ltr' id='par_1_6' title="bbox 361 712 1946 804">
     <span class='ocr_line' id='line_1_6' title="bbox 361 712 1946 804; baseline -0.015 -12"><span class='ocrx_word' id='word_1_33' title='bbox 361 742 425 792; x_wconf 90' lang='lat' dir='ltr'><strong>ut</strong></span> <span class='ocrx_word' id='word_1_34' title='bbox 447 746 608 804; x_wconf 82' lang='lat' dir='ltr'><strong>supra</strong></span> <span class='ocrx_word' id='word_1_35' title='bbox 633 722 1274 792; x_wconf 78' lang='lat' dir='ltr'><strong>diximus,Eoclesiarum</strong></span> <span class='ocrx_word' id='word_1_36' title='bbox 1302 717 1552 791; x_wconf 81' lang='lat' dir='ltr'><strong>magistri</strong></span> <span class='ocrx_word' id='word_1_37' title='bbox 1580 712 1739 790; x_wconf 82' lang='lat' dir='ltr'><strong>(Eph.</strong></span> <span class='ocrx_word' id='word_1_38' title='bbox 1758 734 1815 781; x_wconf 89' lang='grc' dir='ltr'><strong>ιι,</strong></span> <span class='ocrx_word' id='word_1_39' title='bbox 1834 713 1946 789; x_wconf 75' lang='grc'><strong>20),</strong></span> 
     </span>
    </p>
   </div>
   <div class='ocr_carea' id='block_1_7' title="bbox 361 809 1953 900">
    <p class='ocr_par' dir='ltr' id='par_1_7' title="bbox 361 809 1953 900">
     <span class='ocr_line' id='line_1_7' title="bbox 361 809 1953 900; baseline -0.013 -16"><span class='ocrx_word' id='word_1_40' title='bbox 361 828 458 900; x_wconf 86' lang='lat' dir='ltr'><strong>qui</strong></span> <span class='ocrx_word' id='word_1_41' title='bbox 478 823 549 881; x_wconf 86' lang='lat' dir='ltr'><strong>ab</strong></span> <span class='ocrx_word' id='word_1_42' title='bbox 573 817 931 895; x_wconf 83' lang='lat' dir='ltr'><strong>ipsoDomino</strong></span> <span class='ocrx_word' id='word_1_43' title='bbox 955 814 1182 871; x_wconf 86' lang='lat' dir='ltr'><strong>verbum</strong></span> <span class='ocrx_word' id='word_1_44' title='bbox 1214 811 1724 869; x_wconf 89' lang='lat' dir='ltr'><strong>audieruntsalutis.</strong></span> <span class='ocrx_word' id='word_1_45' title='bbox 1752 809 1953 882; x_wconf 88' lang='lat' dir='ltr'><strong>Super-</strong></span> 
     </span>
    </p>
   </div>
   <div class='ocr_carea' id='block_1_8' title="bbox 360 903 1953 992">
    <p class='ocr_par' dir='ltr' id='par_1_8' title="bbox 360 903 1953 992">
     <span class='ocr_line' id='line_1_8' title="bbox 360 903 1953 992; baseline -0.013 -18"><span class='ocrx_word' id='word_1_46' title='bbox 360 917 527 992; x_wconf 89' lang='lat' dir='ltr'><strong>positi</strong></span> <span class='ocrx_word' id='word_1_47' title='bbox 539 921 718 970; x_wconf 90' lang='lat' dir='ltr'><strong>autem</strong></span> <span class='ocrx_word' id='word_1_48' title='bbox 741 910 961 967; x_wconf 86' lang='lat' dir='ltr'><strong>ordines</strong></span> <span class='ocrx_word' id='word_1_49' title='bbox 981 906 1244 980; x_wconf 81' lang='lat' dir='ltr'><strong>lapidum,</strong></span> <span class='ocrx_word' id='word_1_50' title='bbox 1268 905 1382 960; x_wconf 89' lang='lat' dir='ltr'><strong>sive</strong></span> <span class='ocrx_word' id='word_1_51' title='bbox 1404 903 1695 976; x_wconf 90' lang='lat' dir='ltr'><strong>lignorum,</strong></span> <span class='ocrx_word' id='word_1_52' title='bbox 1718 917 1953 992; x_wconf 83' lang='lat' dir='ltr'><strong>sequen-</strong></span> 
     </span>
    </p>
   </div>
   <div class='ocr_carea' id='block_1_9' title="bbox 362 991 1950 1078">
    <p class='ocr_par' dir='ltr' id='par_1_9' title="bbox 362 991 1950 1078">
     <span class='ocr_line' id='line_1_9' title="bbox 362 991 1950 1078; baseline -0.013 -12"><span class='ocrx_word' id='word_1_53' title='bbox 362 991 450 1066; x_wconf 73' lang='lat' dir='ltr'><strong>tes</strong></span> <span class='ocrx_word' id='word_1_54' title='bbox 462 1021 562 1064; x_wconf 91' lang='lat' dir='ltr'><strong>suo</strong></span> <span class='ocrx_word' id='word_1_55' title='bbox 581 1018 796 1078; x_wconf 91' lang='lat' dir='ltr'><strong>quoque</strong></span> <span class='ocrx_word' id='word_1_56' title='bbox 819 1009 1063 1070; x_wconf 90' lang='lat' dir='ltr'><strong>tempore</strong></span> <span class='ocrx_word' id='word_1_57' title='bbox 1092 995 1429 1061; x_wconf 76' lang='lat' dir='ltr'><strong>sacerdotes,</strong></span> <span class='ocrx_word' id='word_1_58' title='bbox 1445 1008 1677 1066; x_wconf 89' lang='lat' dir='ltr'><strong>quorum</strong></span> <span class='ocrx_word' id='word_1_59' title='bbox 1703 991 1788 1047; x_wconf 94' lang='lat' dir='ltr'><strong>vel</strong></span> <span class='ocrx_word' id='word_1_60' title='bbox 1809 1005 1950 1063; x_wconf 74' lang='lat' dir='ltr'><strong>pra:-</strong></span> 
     </span>
    </p>
   </div>
   <div class='ocr_carea' id='block_1_10' title="bbox 360 1082 1953 1165">
    <p class='ocr_par' dir='ltr' id='par_1_10' title="bbox 360 1082 1953 1165">
     <span class='ocr_line' id='line_1_10' title="bbox 360 1082 1953 1165; baseline -0.014 -5"><span class='ocrx_word' id='word_1_61' title='bbox 360 1101 660 1165; x_wconf 88' lang='lat' dir='ltr'><strong>dicatione,</strong></span> <span class='ocrx_word' id='word_1_62' title='bbox 685 1110 749 1152; x_wconf 91' lang='lat' dir='ltr'><strong>ac</strong></span> <span class='ocrx_word' id='word_1_63' title='bbox 776 1091 1081 1150; x_wconf 90' lang='lat' dir='ltr'><strong>ministerio</strong></span> <span class='ocrx_word' id='word_1_64' title='bbox 1110 1087 1316 1146; x_wconf 82' lang='lat' dir='ltr'><strong>fabrica</strong></span> <span class='ocrx_word' id='word_1_65' title='bbox 1337 1086 1536 1145; x_wconf 79' lang='lat' dir='ltr'><strong>crescit</strong></span> <span class='ocrx_word' id='word_1_66' title='bbox 1558 1084 1835 1149; x_wconf 59' lang='lat' dir='ltr'><strong>Ecclesiae,</strong></span> <span class='ocrx_word' id='word_1_67' title='bbox 1867 1082 1953 1138; x_wconf 87' lang='lat' dir='ltr'><strong>vel</strong></span> 
     </span>
    </p>
   </div>
   <div class='ocr_carea' id='block_1_11' title="bbox 359 1177 1954 1269">
    <p class='ocr_par' dir='ltr' id='par_1_11' title="bbox 359 1177 1954 1269">
     <span class='ocr_line' id='line_1_11' title="bbox 359 1177 1954 1269; baseline -0.011 -18"><span class='ocrx_word' id='word_1_68' title='bbox 359 1186 629 1269; x_wconf 85' lang='lat' dir='ltr'><strong>(ornatur)</strong></span> <span class='ocrx_word' id='word_1_69' title='bbox 659 1187 943 1245; x_wconf 83' lang='lat' dir='ltr'><strong>ordinatur</strong></span> <span class='ocrx_word' id='word_1_70' title='bbox 968 1183 1286 1239; x_wconf 86' lang='lat' dir='ltr'><strong>virtutibus.</strong></span> <span class='ocrx_word' id='word_1_71' title='bbox 1320 1181 1519 1250; x_wconf 85' lang='lat' dir='ltr'><strong>Quales</strong></span> <span class='ocrx_word' id='word_1_72' title='bbox 1558 1186 1740 1235; x_wconf 89' lang='lat' dir='ltr'><strong>autem</strong></span> <span class='ocrx_word' id='word_1_73' title='bbox 1770 1177 1954 1234; x_wconf 88' lang='lat' dir='ltr'><strong>colore</strong></span> 
     </span>
    </p>
   </div>
   <div class='ocr_carea' id='block_1_12' title="bbox 361 1271 1953 1352">
    <p class='ocr_par' dir='ltr' id='par_1_12' title="bbox 361 1271 1953 1352">
     <span class='ocr_line' id='line_1_12' title="bbox 361 1271 1953 1352; baseline -0.01 -11"><span class='ocrx_word' id='word_1_74' title='bbox 361 1282 569 1341; x_wconf 79' lang='lat' dir='ltr'><strong>fuerint</strong></span> <span class='ocrx_word' id='word_1_75' title='bbox 591 1279 821 1352; x_wconf 86' lang='lat' dir='ltr'><strong>lapides,</strong></span> <span class='ocrx_word' id='word_1_76' title='bbox 851 1275 1047 1348; x_wconf 88' lang='lat' dir='ltr'><strong>quibus</strong></span> <span class='ocrx_word' id='word_1_77' title='bbox 1077 1275 1284 1332; x_wconf 79' lang='lat' dir='ltr'><strong>factum</strong></span> <span class='ocrx_word' id='word_1_78' title='bbox 1311 1282 1395 1330; x_wconf 89' lang='lat' dir='ltr'><strong>est</strong></span> <span class='ocrx_word' id='word_1_79' title='bbox 1423 1272 1705 1344; x_wconf 87' lang='lat' dir='ltr'><strong>templum,</strong></span> <span class='ocrx_word' id='word_1_80' title='bbox 1734 1272 1787 1327; x_wconf 93' lang='lat' dir='ltr'><strong>in</strong></span> <span class='ocrx_word' id='word_1_81' title='bbox 1812 1271 1953 1326; x_wconf 86' lang='lat' dir='ltr'><strong>libro</strong></span> 
     </span>
    </p>
   </div>
   <div class='ocr_carea' id='block_1_13' title="bbox 360 1362 1953 1444">
    <p class='ocr_par' dir='ltr' id='par_1_13' title="bbox 360 1362 1953 1444">
     <span class='ocr_line' id='line_1_13' title="bbox 360 1362 1953 1444; baseline -0.009 -12"><span class='ocrx_word' id='word_1_82' title='bbox 360 1374 813 1444; x_wconf 85' lang='lat' dir='ltr'><strong>Paralipomenon</strong></span> <span class='ocrx_word' id='word_1_83' title='bbox 843 1375 1030 1439; x_wconf 90' lang='lat' dir='ltr'><strong>aperte</strong></span> <span class='ocrx_word' id='word_1_84' title='bbox 1054 1366 1386 1423; x_wconf 87' lang='lat' dir='ltr'><strong>declaratum</strong></span> <span class='ocrx_word' id='word_1_85' title='bbox 1410 1373 1515 1431; x_wconf 90' lang='lat' dir='ltr'><strong>est,</strong></span> <span class='ocrx_word' id='word_1_86' title='bbox 1546 1364 1760 1421; x_wconf 88' lang='lat' dir='ltr'><strong>dicente</strong></span> <span class='ocrx_word' id='word_1_87' title='bbox 1784 1362 1953 1418; x_wconf 86' lang='lat' dir='ltr'><strong>David</strong></span> 
     </span>
    </p>
   </div>
   <div class='ocr_carea' id='block_1_14' title="bbox 360 1456 1952 1529">
    <p class='ocr_par' dir='ltr' id='par_1_14' title="bbox 360 1456 1952 1529">
     <span class='ocr_line' id='line_1_14' title="bbox 360 1456 1952 1529; baseline -0.019 -4"><span class='ocrx_word' id='word_1_88' title='bbox 360 1467 434 1525; x_wconf 89' lang='lat' dir='ltr'><strong>ad</strong></span> <span class='ocrx_word' id='word_1_89' title='bbox 462 1464 834 1527; x_wconf 84' lang='lat' dir='ltr'><strong>Salomonem,</strong></span> <span class='ocrx_word' id='word_1_90' title='bbox 865 1475 988 1515; x_wconf 91' lang='lat' dir='ltr'><strong>cum</strong></span> <span class='ocrx_word' id='word_1_91' title='bbox 1010 1459 1062 1514; x_wconf 93' lang='lat' dir='ltr'><strong>ei</strong></span> <span class='ocrx_word' id='word_1_92' title='bbox 1089 1458 1363 1529; x_wconf 85' lang='lat' dir='ltr'><strong>impensas</strong></span> <span class='ocrx_word' id='word_1_93' title='bbox 1392 1456 1602 1528; x_wconf 83' lang='lat' dir='ltr'><strong>templi,</strong></span> <span class='ocrx_word' id='word_1_94' title='bbox 1633 1462 1688 1509; x_wconf 89' lang='lat' dir='ltr'><strong>et</strong></span> <span class='ocrx_word' id='word_1_95' title='bbox 1715 1469 1834 1525; x_wconf 58' lang='lat' dir='ltr'><strong>qua;</strong></span> <span class='ocrx_word' id='word_1_96' title='bbox 1857 1469 1952 1525; x_wconf 72' lang='lat' dir='ltr'><strong>pa-</strong></span> 
     </span>
    </p>
   </div>
   <div class='ocr_carea' id='block_1_15' title="bbox 361 1538 1952 1621">
    <p class='ocr_par' dir='ltr' id='par_1_15' title="bbox 361 1538 1952 1621">
     <span class='ocr_line' id='line_1_15' title="bbox 361 1538 1952 1621; baseline -0.009 -8"><span class='ocrx_word' id='word_1_97' title='bbox 361 1560 604 1620; x_wconf 81' lang='lat' dir='ltr'><strong>raverat,</strong></span> <span class='ocrx_word' id='word_1_98' title='bbox 646 1550 957 1609; x_wconf 86' lang='lat' dir='ltr'><strong>ostenderet</strong></span> <span class='ocrx_word' id='word_1_99' title='bbox 988 1544 1042 1621; x_wconf 89' lang='grc' dir='ltr'><strong>(Ι</strong></span> <span class='ocrx_word' id='word_1_100' title='bbox 1072 1538 1204 1602; x_wconf 85' lang='lat' dir='ltr'><strong>Par.</strong></span> <span class='ocrx_word' id='word_1_101' title='bbox 1236 1560 1387 1611; x_wconf 67' lang='lat' dir='ltr'><strong>xxxx,</strong></span> <span class='ocrx_word' id='word_1_102' title='bbox 1416 1545 1475 1619; x_wconf 76' lang='lat'><strong>2)</strong></span> <span class='ocrx_word' id='word_1_103' title='bbox 1516 1564 1529 1600; x_wconf 91' lang='lat'><strong>:</strong></span> <span class='ocrx_word' id='word_1_104' title='bbox 1575 1544 1795 1599; x_wconf 85' lang='lat' dir='ltr'><strong>Omnem</strong></span> <span class='ocrx_word' id='word_1_105' title='bbox 1830 1560 1952 1616; x_wconf 88' lang='lat' dir='ltr'><strong>pre-</strong></span> 
     </span>
    </p>
   </div>
   <div class='ocr_carea' id='block_1_16' title="bbox 361 1635 1953 1715">
    <p class='ocr_par' dir='ltr' id='par_1_16' title="bbox 361 1635 1953 1715">
     <span class='ocr_line' id='line_1_16' title="bbox 361 1635 1953 1715; baseline -0.007 -13"><span class='ocrx_word' id='word_1_106' title='bbox 361 1647 559 1703; x_wconf 88' lang='lat' dir='ltr'><strong>tiosum</strong></span> <span class='ocrx_word' id='word_1_107' title='bbox 596 1641 847 1715; x_wconf 83' lang='lat' dir='ltr'><strong>lapidem,</strong></span> <span class='ocrx_word' id='word_1_108' title='bbox 894 1648 944 1694; x_wconf 89' lang='lat' dir='ltr'><strong>et</strong></span> <span class='ocrx_word' id='word_1_109' title='bbox 972 1652 1206 1693; x_wconf 87' lang='lat' dir='ltr'><strong>marmor</strong></span> <span class='ocrx_word' id='word_1_110' title='bbox 1248 1637 1458 1709; x_wconf 89' lang='lat' dir='ltr'><strong>parium</strong></span> <span class='ocrx_word' id='word_1_111' title='bbox 1503 1635 1953 1691; x_wconf 75' lang='lat' dir='ltr'><strong>abundantissime</strong></span> 
     </span>
    </p>
   </div>
   <div class='ocr_carea' id='block_1_17' title="bbox 359 1726 1950 1812">
    <p class='ocr_par' dir='ltr' id='par_1_17' title="bbox 359 1726 1950 1812">
     <span class='ocr_line' id='line_1_17' title="bbox 359 1726 1950 1812; baseline -0.006 -20"><span class='ocrx_word' id='word_1_112' title='bbox 359 1735 675 1812; x_wconf 68' lang='lat' dir='ltr'><strong>praeparavi.</strong></span> <span class='ocrx_word' id='word_1_113' title='bbox 728 1732 966 1788; x_wconf 82' lang='lat' dir='ltr'><strong>Marmor</strong></span> <span class='ocrx_word' id='word_1_114' title='bbox 996 1736 1180 1786; x_wconf 88' lang='lat' dir='ltr'><strong>autem</strong></span> <span class='ocrx_word' id='word_1_115' title='bbox 1229 1730 1441 1799; x_wconf 90' lang='lat' dir='ltr'><strong>parium</strong></span> <span class='ocrx_word' id='word_1_116' title='bbox 1493 1740 1732 1783; x_wconf 82' lang='lat' dir='ltr'><strong>marmor</strong></span> <span class='ocrx_word' id='word_1_117' title='bbox 1761 1726 1950 1783; x_wconf 90' lang='lat' dir='ltr'><strong>candi-</strong></span> 
     </span>
    </p>
   </div>
   <div class='ocr_carea' id='block_1_18' title="bbox 361 1818 1942 1895">
    <p class='ocr_par' dir='ltr' id='par_1_18' title="bbox 361 1818 1942 1895">
     <span class='ocr_line' id='line_1_18' title="bbox 361 1818 1942 1895; baseline -0.01 -8"><span class='ocrx_word' id='word_1_118' title='bbox 361 1829 493 1886; x_wconf 87' lang='lat' dir='ltr'><strong>dum</strong></span> <span class='ocrx_word' id='word_1_119' title='bbox 513 1827 732 1891; x_wconf 90' lang='lat' dir='ltr'><strong>dicitur,</strong></span> <span class='ocrx_word' id='word_1_120' title='bbox 751 1822 910 1895; x_wconf 87' lang='lat' dir='ltr'><strong>quale</strong></span> <span class='ocrx_word' id='word_1_121' title='bbox 923 1821 1110 1878; x_wconf 86' lang='lat' dir='ltr'><strong>eadem</strong></span> <span class='ocrx_word' id='word_1_122' title='bbox 1140 1820 1315 1875; x_wconf 88' lang='lat' dir='ltr'><strong>insula</strong></span> <span class='ocrx_word' id='word_1_123' title='bbox 1333 1821 1556 1891; x_wconf 79' lang='lat' dir='ltr'><strong>gignere</strong></span> <span class='ocrx_word' id='word_1_124' title='bbox 1586 1818 1889 1875; x_wconf 85' lang='lat' dir='ltr'><strong>consuevit.</strong></span> <span class='ocrx_word' id='word_1_125' title='bbox 1923 1838 1942 1871; x_wconf 73' lang='grc' dir='ltr'><strong><em>ι</em></strong></span> 
     </span>
    </p>
   </div>
   <div class='ocr_carea' id='block_1_19' title="bbox 361 1907 1473 1986">
    <p class='ocr_par' dir='ltr' id='par_1_19' title="bbox 361 1907 1473 1986">
     <span class='ocr_line' id='line_1_19' title="bbox 361 1907 1473 1986; baseline -0.013 -10"><span class='ocrx_word' id='word_1_126' title='bbox 361 1930 392 1963; x_wconf 77' lang='grc' dir='ltr'>ι</span> <span class='ocrx_word' id='word_1_127' title='bbox 424 1912 579 1976; x_wconf 89' lang='lat' dir='ltr'><strong>Unde</strong></span> <span class='ocrx_word' id='word_1_128' title='bbox 599 1921 758 1986; x_wconf 87' lang='lat' dir='ltr'><strong>poeta</strong></span> <span class='ocrx_word' id='word_1_129' title='bbox 784 1912 850 1968; x_wconf 90' lang='lat' dir='ltr'><strong>de</strong></span> <span class='ocrx_word' id='word_1_130' title='bbox 880 1911 971 1967; x_wconf 86' lang='lat' dir='ltr'><strong>illa</strong></span> <span class='ocrx_word' id='word_1_131' title='bbox 995 1909 1173 1983; x_wconf 83' lang='lat' dir='ltr'><strong>(Virg.</strong></span> <span class='ocrx_word' id='word_1_132' title='bbox 1199 1924 1262 1966; x_wconf 80' lang='grc' dir='ltr'><strong>ιιι</strong></span> <span class='ocrx_word' id='word_1_133' title='bbox 1284 1907 1473 1981; x_wconf 67' lang='lat' dir='ltr'><strong>Em):</strong></span> 
     </span>
    </p>
   </div>
   <div class='ocr_carea' id='block_1_20' title="bbox 422 2026 1797 2091">
    <p class='ocr_par' dir='ltr' id='par_1_20' title="bbox 422 2026 1797 2091">
     <span class='ocr_line' id='line_1_20' title="bbox 422 2026 1797 2091; baseline -0.009 -6"><span class='ocrx_word' id='word_1_134' title='bbox 422 2030 656 2091; x_wconf 74' lang='lat' dir='ltr'><strong>Olearon,</strong></span> <span class='ocrx_word' id='word_1_135' title='bbox 684 2030 983 2091; x_wconf 80' lang='lat' dir='ltr'><strong>niveamque</strong></span> <span class='ocrx_word' id='word_1_136' title='bbox 999 2026 1175 2086; x_wconf 85' lang='lat' dir='ltr'><strong>Paron,</strong></span> <span class='ocrx_word' id='word_1_137' title='bbox 1197 2038 1500 2091; x_wconf 11' lang='lat' dir='ltr'><strong>sparsasque;</strong></span> <span class='ocrx_word' id='word_1_138' title='bbox 1516 2039 1606 2088; x_wconf 82' lang='lat' dir='ltr'><strong>per</strong></span> <span class='ocrx_word' id='word_1_139' title='bbox 1628 2037 1797 2085; x_wconf 69' lang='lat' dir='ltr'><strong>aequor</strong></span> 
     </span>
    </p>
   </div>
   <div class='ocr_carea' id='block_1_21' title="bbox 420 2088 1764 2158">
    <p class='ocr_par' dir='ltr' id='par_1_21' title="bbox 420 2088 1764 2158">
     <span class='ocr_line' id='line_1_21' title="bbox 420 2088 1764 2158; baseline -0.006 -11"><span class='ocrx_word' id='word_1_140' title='bbox 420 2088 650 2158; x_wconf 70' lang='lat' dir='ltr'><strong>Cyclada,</strong></span> <span class='ocrx_word' id='word_1_141' title='bbox 671 2090 762 2142; x_wconf 83' lang='lat' dir='ltr'><strong>sed</strong></span> <span class='ocrx_word' id='word_1_142' title='bbox 784 2088 950 2140; x_wconf 76' lang='lat' dir='ltr'><strong>crebri</strong></span> <span class='ocrx_word' id='word_1_143' title='bbox 974 2089 1185 2151; x_wconf 76' lang='lat' dir='ltr'><strong>legimus</strong></span> <span class='ocrx_word' id='word_1_144' title='bbox 1207 2088 1333 2137; x_wconf 68' lang='lat' dir='ltr'><strong>freta</strong></span> <span class='ocrx_word' id='word_1_145' title='bbox 1367 2089 1558 2138; x_wconf 85' lang='lat' dir='ltr'><strong>concita</strong></span> <span class='ocrx_word' id='word_1_146' title='bbox 1583 2091 1764 2139; x_wconf 83' lang='lat' dir='ltr'><strong>ventis.</strong></span> 
     </span>
    </p>
   </div>
   <div class='ocr_carea' id='block_1_22' title="bbox 357 2190 1953 2269">
    <p class='ocr_par' dir='ltr' id='par_1_22' title="bbox 357 2190 1953 2269">
     <span class='ocr_line' id='line_1_22' title="bbox 357 2190 1953 2269; baseline -0.007 -10"><span class='ocrx_word' id='word_1_147' title='bbox 357 2199 533 2259; x_wconf 71' lang='lat' dir='ltr'><strong>Nivea</strong></span> <span class='ocrx_word' id='word_1_148' title='bbox 574 2211 704 2269; x_wconf 88' lang='lat' dir='ltr'><strong>ergo</strong></span> <span class='ocrx_word' id='word_1_149' title='bbox 725 2190 903 2251; x_wconf 87' lang='lat' dir='ltr'><strong>Paron</strong></span> <span class='ocrx_word' id='word_1_150' title='bbox 935 2193 1155 2259; x_wconf 89' lang='lat' dir='ltr'><strong>dicitur,</strong></span> <span class='ocrx_word' id='word_1_151' title='bbox 1200 2206 1265 2248; x_wconf 90' lang='lat' dir='ltr'><strong>eo</strong></span> <span class='ocrx_word' id='word_1_152' title='bbox 1291 2193 1435 2262; x_wconf 86' lang='lat' dir='ltr'><strong>quod</strong></span> <span class='ocrx_word' id='word_1_153' title='bbox 1463 2190 1835 2249; x_wconf 90' lang='lat' dir='ltr'><strong>candidissimi</strong></span> <span class='ocrx_word' id='word_1_154' title='bbox 1864 2207 1953 2266; x_wconf 89' lang='lat' dir='ltr'><strong>ge-</strong></span> 
     </span>
    </p>
   </div>
   <div class='ocr_carea' id='block_1_23' title="bbox 358 2276 1951 2357">
    <p class='ocr_par' dir='ltr' id='par_1_23' title="bbox 358 2276 1951 2357">
     <span class='ocr_line' id='line_1_23' title="bbox 358 2276 1951 2357; baseline -0.006 -6"><span class='ocrx_word' id='word_1_155' title='bbox 358 2292 514 2351; x_wconf 89' lang='lat' dir='ltr'><strong>neris</strong></span> <span class='ocrx_word' id='word_1_156' title='bbox 541 2302 781 2346; x_wconf 88' lang='lat' dir='ltr'><strong>marmor</strong></span> <span class='ocrx_word' id='word_1_157' title='bbox 801 2286 1002 2342; x_wconf 86' lang='lat' dir='ltr'><strong>mittat.</strong></span> <span class='ocrx_word' id='word_1_158' title='bbox 1032 2304 1052 2337; x_wconf 74' lang='grc' dir='ltr'><strong>σ</strong></span> <span class='ocrx_word' id='word_1_159' title='bbox 1081 2276 1179 2341; x_wconf 82' lang='lat' dir='ltr'><strong>Est</strong></span> <span class='ocrx_word' id='word_1_160' title='bbox 1198 2294 1381 2340; x_wconf 88' lang='lat' dir='ltr'><strong>autem</strong></span> <span class='ocrx_word' id='word_1_161' title='bbox 1406 2300 1513 2339; x_wconf 90' lang='lat' dir='ltr'><strong>una</strong></span> <span class='ocrx_word' id='word_1_162' title='bbox 1538 2284 1605 2340; x_wconf 91' lang='lat' dir='ltr'><strong>de</strong></span> <span class='ocrx_word' id='word_1_163' title='bbox 1627 2282 1951 2357; x_wconf 84' lang='lat' dir='ltr'><strong>Cycladibus</strong></span> 
     </span>
    </p>
   </div>
   <div class='ocr_carea' id='block_1_24' title="bbox 360 2374 1950 2457">
    <p class='ocr_par' dir='ltr' id='par_1_24' title="bbox 360 2374 1950 2457">
     <span class='ocr_line' id='line_1_24' title="bbox 360 2374 1950 2457; baseline -0.008 -12"><span class='ocrx_word' id='word_1_164' title='bbox 360 2382 579 2451; x_wconf 80' lang='lat' dir='ltr'><strong>insulis,</strong></span> <span class='ocrx_word' id='word_1_165' title='bbox 608 2398 716 2457; x_wconf 88' lang='lat' dir='ltr'><strong>quo</strong></span> <span class='ocrx_word' id='word_1_166' title='bbox 749 2376 1003 2436; x_wconf 85' lang='lat' dir='ltr'><strong>videlicet</strong></span> <span class='ocrx_word' id='word_1_167' title='bbox 1026 2377 1205 2450; x_wconf 86' lang='lat' dir='ltr'><strong>lapide</strong></span> <span class='ocrx_word' id='word_1_168' title='bbox 1236 2376 1495 2450; x_wconf 90' lang='lat' dir='ltr'><strong>templum</strong></span> <span class='ocrx_word' id='word_1_169' title='bbox 1527 2376 1698 2433; x_wconf 77' lang='lat' dir='ltr'><strong>fuisse</strong></span> <span class='ocrx_word' id='word_1_170' title='bbox 1742 2374 1950 2433; x_wconf 78' lang='lat' dir='ltr'><strong>factum</strong></span> 
     </span>
    </p>
   </div>
   <div class='ocr_carea' id='block_1_25' title="bbox 358 2469 1949 2549">
    <p class='ocr_par' dir='ltr' id='par_1_25' title="bbox 358 2469 1949 2549">
     <span class='ocr_line' id='line_1_25' title="bbox 358 2469 1949 2549; baseline -0.006 -14"><span class='ocrx_word' id='word_1_171' title='bbox 358 2472 629 2549; x_wconf 68' lang='lat' dir='ltr'><strong>Iosephus</strong></span> <span class='ocrx_word' id='word_1_172' title='bbox 675 2474 915 2531; x_wconf 80' lang='lat' dir='ltr'><strong>insinuat</strong></span> <span class='ocrx_word' id='word_1_173' title='bbox 953 2472 1139 2528; x_wconf 82' lang='lat' dir='ltr'><strong>dicens</strong></span> <span class='ocrx_word' id='word_1_174' title='bbox 1178 2486 1192 2526; x_wconf 89' lang='lat'><strong>:</strong></span> <span class='ocrx_word' id='word_1_175' title='bbox 1228 2470 1465 2525; x_wconf 85' lang='lat' dir='ltr'><strong>Elevavit</strong></span> <span class='ocrx_word' id='word_1_176' title='bbox 1502 2472 1675 2543; x_wconf 80' lang='lat' dir='ltr'><strong>itaque</strong></span> <span class='ocrx_word' id='word_1_177' title='bbox 1702 2469 1949 2543; x_wconf 86' lang='lat' dir='ltr'><strong>templum</strong></span> 
     </span>
    </p>
   </div>
   <div class='ocr_carea' id='block_1_26' title="bbox 358 2560 1949 2641">
    <p class='ocr_par' dir='ltr' id='par_1_26' title="bbox 358 2560 1949 2641">
     <span class='ocr_line' id='line_1_26' title="bbox 358 2560 1949 2641; baseline -0.006 -16"><span class='ocrx_word' id='word_1_178' title='bbox 358 2584 527 2641; x_wconf 78' lang='lat' dir='ltr'><strong>usque</strong></span> <span class='ocrx_word' id='word_1_179' title='bbox 555 2564 626 2623; x_wconf 83' lang='lat' dir='ltr'><strong>ad</strong></span> <span class='ocrx_word' id='word_1_180' title='bbox 650 2579 913 2623; x_wconf 87' lang='lat' dir='ltr'><strong>cameram</strong></span> <span class='ocrx_word' id='word_1_181' title='bbox 942 2579 1007 2617; x_wconf 78' lang='lat' dir='ltr'><strong>ea:</strong></span> <span class='ocrx_word' id='word_1_182' title='bbox 1036 2560 1211 2633; x_wconf 78' lang='lat' dir='ltr'><strong>lapide</strong></span> <span class='ocrx_word' id='word_1_183' title='bbox 1239 2561 1359 2616; x_wconf 87' lang='lat' dir='ltr'><strong>albo</strong></span> <span class='ocrx_word' id='word_1_184' title='bbox 1384 2571 1742 2616; x_wconf 88' lang='lat' dir='ltr'><strong>constructum</strong></span> <span class='ocrx_word' id='word_1_185' title='bbox 1767 2579 1785 2617; x_wconf 93' lang='lat'><strong><em>:</em></strong></span> <span class='ocrx_word' id='word_1_186' title='bbox 1816 2562 1845 2603; x_wconf 73' lang='grc' dir='ltr'>δ</span> <span class='ocrx_word' id='word_1_187' title='bbox 1871 2561 1949 2617; x_wconf 91' lang='lat' dir='ltr'><strong>al-</strong></span> 
     </span>
    </p>
   </div>
   <div class='ocr_carea' id='block_1_27' title="bbox 362 2644 1950 2727">
    <p class='ocr_par' dir='ltr' id='par_1_27' title="bbox 362 2644 1950 2727">
     <span class='ocr_line' id='line_1_27' title="bbox 362 2644 1950 2727; baseline -0.007 -12"><span class='ocrx_word' id='word_1_188' title='bbox 362 2657 531 2716; x_wconf 80' lang='lat' dir='ltr'><strong>titudo</strong></span> <span class='ocrx_word' id='word_1_189' title='bbox 557 2654 659 2727; x_wconf 75' lang='lat' dir='ltr'><strong>fuit</strong></span> <span class='ocrx_word' id='word_1_190' title='bbox 682 2654 1113 2726; x_wconf 85' lang='lat' dir='ltr'><strong>vigintiquinque</strong></span> <span class='ocrx_word' id='word_1_191' title='bbox 1143 2652 1459 2717; x_wconf 87' lang='lat' dir='ltr'><strong>cubitorum,</strong></span> <span class='ocrx_word' id='word_1_192' title='bbox 1488 2661 1535 2705; x_wconf 87' lang='lat' dir='ltr'><strong>et</strong></span> <span class='ocrx_word' id='word_1_193' title='bbox 1567 2660 1796 2706; x_wconf 88' lang='lat' dir='ltr'><strong>centum.</strong></span> <span class='ocrx_word' id='word_1_194' title='bbox 1838 2644 1950 2711; x_wconf 85' lang='lat' dir='ltr'><strong>Nec</strong></span> 
     </span>
    </p>
   </div>
   <div class='ocr_carea' id='block_1_28' title="bbox 360 2740 1947 2826">
    <p class='ocr_par' dir='ltr' id='par_1_28' title="bbox 360 2740 1947 2826">
     <span class='ocr_line' id='line_1_28' title="bbox 360 2740 1947 2826; baseline -0.008 -17"><span class='ocrx_word' id='word_1_195' title='bbox 360 2748 610 2826; x_wconf 83' lang='lat' dir='ltr'><strong>mysterii</strong></span> <span class='ocrx_word' id='word_1_196' title='bbox 645 2760 840 2804; x_wconf 89' lang='lat' dir='ltr'><strong>sensus</strong></span> <span class='ocrx_word' id='word_1_197' title='bbox 867 2740 922 2800; x_wconf 90' lang='lat' dir='ltr'><strong>in</strong></span> <span class='ocrx_word' id='word_1_198' title='bbox 964 2744 1149 2800; x_wconf 89' lang='lat' dir='ltr'><strong>abdito</strong></span> <span class='ocrx_word' id='word_1_199' title='bbox 1181 2750 1299 2811; x_wconf 88' lang='lat' dir='ltr'><strong>est;</strong></span> <span class='ocrx_word' id='word_1_200' title='bbox 1331 2743 1503 2799; x_wconf 82' lang='lat' dir='ltr'><strong>cuivis</strong></span> <span class='ocrx_word' id='word_1_201' title='bbox 1534 2743 1736 2797; x_wconf 90' lang='lat' dir='ltr'><strong>etenim</strong></span> <span class='ocrx_word' id='word_1_202' title='bbox 1765 2749 1947 2812; x_wconf 88' lang='lat' dir='ltr'><strong>patet,</strong></span> 
     </span>
    </p>
   </div>
   <div class='ocr_carea' id='block_1_29' title="bbox 361 2834 1951 2916">
    <p class='ocr_par' dir='ltr' id='par_1_29' title="bbox 361 2834 1951 2916">
     <span class='ocr_line' id='line_1_29' title="bbox 361 2834 1951 2916; baseline -0.005 -19"><span class='ocrx_word' id='word_1_203' title='bbox 361 2842 491 2916; x_wconf 86' lang='lat' dir='ltr'><strong>quia</strong></span> <span class='ocrx_word' id='word_1_204' title='bbox 521 2855 764 2896; x_wconf 89' lang='lat' dir='ltr'><strong>marmor</strong></span> <span class='ocrx_word' id='word_1_205' title='bbox 789 2839 1101 2903; x_wconf 89' lang='lat' dir='ltr'><strong>candidum,</strong></span> <span class='ocrx_word' id='word_1_206' title='bbox 1135 2852 1203 2892; x_wconf 80' lang='lat' dir='ltr'><strong>ex</strong></span> <span class='ocrx_word' id='word_1_207' title='bbox 1234 2851 1342 2907; x_wconf 91' lang='lat' dir='ltr'><strong>quo</strong></span> <span class='ocrx_word' id='word_1_208' title='bbox 1370 2837 1562 2892; x_wconf 89' lang='lat' dir='ltr'><strong>domus</strong></span> <span class='ocrx_word' id='word_1_209' title='bbox 1588 2834 1802 2891; x_wconf 89' lang='lat' dir='ltr'><strong>Domini</strong></span> <span class='ocrx_word' id='word_1_210' title='bbox 1824 2850 1951 2890; x_wconf 92' lang='lat' dir='ltr'><strong>con-</strong></span> 
     </span>
    </p>
   </div>
   <div class='ocr_carea' id='block_1_30' title="bbox 360 2927 1950 2997">
    <p class='ocr_par' dir='ltr' id='par_1_30' title="bbox 360 2927 1950 2997">
     <span class='ocr_line' id='line_1_30' title="bbox 360 2927 1950 2997; baseline -0.002 -8"><span class='ocrx_word' id='word_1_211' title='bbox 360 2937 573 2989; x_wconf 84' lang='lat' dir='ltr'><strong>structa</strong></span> <span class='ocrx_word' id='word_1_212' title='bbox 604 2936 711 2997; x_wconf 88' lang='lat' dir='ltr'><strong>est,</strong></span> <span class='ocrx_word' id='word_1_213' title='bbox 738 2928 1004 2985; x_wconf 88' lang='lat' dir='ltr'><strong>mundam</strong></span> <span class='ocrx_word' id='word_1_214' title='bbox 1048 2927 1346 2985; x_wconf 87' lang='lat' dir='ltr'><strong>electorum</strong></span> <span class='ocrx_word' id='word_1_215' title='bbox 1385 2928 1677 2995; x_wconf 87' lang='lat' dir='ltr'><strong>actionem,</strong></span> <span class='ocrx_word' id='word_1_216' title='bbox 1710 2928 1871 2983; x_wconf 86' lang='lat' dir='ltr'><strong>simul</strong></span> <span class='ocrx_word' id='word_1_217' title='bbox 1896 2938 1950 2986; x_wconf 90' lang='lat' dir='ltr'><strong>et</strong></span> 
     </span>
    </p>
   </div>
   <div class='ocr_carea' id='block_1_31' title="bbox 362 3017 1949 3090">
    <p class='ocr_par' dir='ltr' id='par_1_31' title="bbox 362 3017 1949 3090">
     <span class='ocr_line' id='line_1_31' title="bbox 362 3017 1949 3090; baseline -0.004 -9"><span class='ocrx_word' id='word_1_218' title='bbox 362 3022 754 3081; x_wconf 90' lang='lat' dir='ltr'><strong>conscientiam</strong></span> <span class='ocrx_word' id='word_1_219' title='bbox 784 3020 854 3077; x_wconf 90' lang='lat' dir='ltr'><strong>ab</strong></span> <span class='ocrx_word' id='word_1_220' title='bbox 878 3018 1028 3075; x_wconf 92' lang='lat' dir='ltr'><strong>omni</strong></span> <span class='ocrx_word' id='word_1_221' title='bbox 1054 3032 1208 3076; x_wconf 70' lang='lat' dir='ltr'><strong>naevo</strong></span> <span class='ocrx_word' id='word_1_222' title='bbox 1234 3017 1599 3090; x_wconf 86' lang='lat' dir='ltr'><strong>corruptionis</strong></span> <span class='ocrx_word' id='word_1_223' title='bbox 1627 3020 1949 3090; x_wconf 78' lang='lat' dir='ltr'><strong>castigatam</strong></span> 
     </span>
    </p>
   </div>
   <div class='ocr_carea' id='block_1_32' title="bbox 361 3110 1947 3189">
    <p class='ocr_par' dir='ltr' id='par_1_32' title="bbox 361 3110 1947 3189">
     <span class='ocr_line' id='line_1_32' title="bbox 361 3110 1947 3189; baseline -0.003 -16"><span class='ocrx_word' id='word_1_224' title='bbox 361 3115 629 3189; x_wconf 78' lang='lat' dir='ltr'><strong>designat,</strong></span> <span class='ocrx_word' id='word_1_225' title='bbox 671 3114 855 3187; x_wconf 86' lang='lat' dir='ltr'><strong>quales</strong></span> <span class='ocrx_word' id='word_1_226' title='bbox 886 3128 1006 3170; x_wconf 90' lang='lat' dir='ltr'><strong>esse</strong></span> <span class='ocrx_word' id='word_1_227' title='bbox 1034 3111 1207 3170; x_wconf 86' lang='lat' dir='ltr'><strong>voluit</strong></span> <span class='ocrx_word' id='word_1_228' title='bbox 1237 3113 1455 3184; x_wconf 68' lang='lat' dir='ltr'><strong>supinus</strong></span> <span class='ocrx_word' id='word_1_229' title='bbox 1483 3111 1573 3169; x_wconf 88' lang='lat' dir='ltr'><strong>ille</strong></span> <span class='ocrx_word' id='word_1_230' title='bbox 1614 3110 1947 3169; x_wconf 90' lang='lat' dir='ltr'><strong>architectus</strong></span> 
     </span>
    </p>
   </div>
   <div class='ocr_carea' id='block_1_33' title="bbox 360 3204 1949 3281">
    <p class='ocr_par' dir='ltr' id='par_1_33' title="bbox 360 3204 1949 3281">
     <span class='ocr_line' id='line_1_33' title="bbox 360 3204 1949 3281; baseline -0.003 -14"><span class='ocrx_word' id='word_1_231' title='bbox 360 3224 475 3276; x_wconf 84' lang='lat' dir='ltr'><strong>eos,</strong></span> <span class='ocrx_word' id='word_1_232' title='bbox 507 3224 644 3281; x_wconf 89' lang='lat' dir='ltr'><strong>quos</strong></span> <span class='ocrx_word' id='word_1_233' title='bbox 671 3222 835 3281; x_wconf 89' lang='lat' dir='ltr'><strong>super</strong></span> <span class='ocrx_word' id='word_1_234' title='bbox 876 3204 1285 3264; x_wconf 84' lang='lat' dir='ltr'><strong>fundamentum</strong></span> <span class='ocrx_word' id='word_1_235' title='bbox 1315 3206 1517 3264; x_wconf 86' lang='lat' dir='ltr'><strong>Christi</strong></span> <span class='ocrx_word' id='word_1_236' title='bbox 1545 3204 1783 3273; x_wconf 89' lang='lat' dir='ltr'><strong>locabat,</strong></span> <span class='ocrx_word' id='word_1_237' title='bbox 1815 3207 1949 3280; x_wconf 85' lang='lat' dir='ltr'><strong>lapi-</strong></span> 
     </span>
    </p>
   </div>
   <div class='ocr_carea' id='block_1_34' title="bbox 363 3298 1948 3375">
    <p class='ocr_par' dir='ltr' id='par_1_34' title="bbox 363 3298 1948 3375">
     <span class='ocr_line' id='line_1_34' title="bbox 363 3298 1948 3375; baseline -0.001 -16"><span class='ocrx_word' id='word_1_238' title='bbox 363 3302 462 3360; x_wconf 88' lang='lat' dir='ltr'><strong>des</strong></span> <span class='ocrx_word' id='word_1_239' title='bbox 486 3301 773 3375; x_wconf 85' lang='lat' dir='ltr'><strong>pretiosos,</strong></span> <span class='ocrx_word' id='word_1_240' title='bbox 821 3314 954 3357; x_wconf 85' lang='lat' dir='ltr'><strong>auro</strong></span> <span class='ocrx_word' id='word_1_241' title='bbox 993 3309 1325 3372; x_wconf 82' lang='lat' dir='ltr'><strong>argentoque</strong></span> <span class='ocrx_word' id='word_1_242' title='bbox 1380 3299 1662 3356; x_wconf 83' lang='lat' dir='ltr'><strong>redimitos</strong></span> <span class='ocrx_word' id='word_1_243' title='bbox 1698 3298 1785 3372; x_wconf 87' lang='lat' dir='ltr'><strong>(II</strong></span> <span class='ocrx_word' id='word_1_244' title='bbox 1825 3299 1948 3357; x_wconf 89' lang='lat' dir='ltr'><strong>Cor.</strong></span> 
     </span>
    </p>
   </div>
   <div class='ocr_carea' id='block_1_35' title="bbox 360 3390 1951 3467">
    <p class='ocr_par' dir='ltr' id='par_1_35' title="bbox 360 3390 1951 3467">
     <span class='ocr_line' id='line_1_35' title="bbox 360 3390 1951 3467; baseline -0.001 -18"><span class='ocrx_word' id='word_1_245' title='bbox 360 3406 462 3460; x_wconf 70' lang='grc' dir='ltr'><strong>τη,</strong></span> <span class='ocrx_word' id='word_1_246' title='bbox 496 3394 550 3467; x_wconf 78' lang='grc'><strong>1)</strong></span> <span class='ocrx_word' id='word_1_247' title='bbox 581 3411 595 3449; x_wconf 92' lang='lat'><strong>:</strong></span> <span class='ocrx_word' id='word_1_248' title='bbox 621 3392 955 3459; x_wconf 81' lang='lat' dir='ltr'><strong>Charissimi,</strong></span> <span class='ocrx_word' id='word_1_249' title='bbox 987 3392 1182 3463; x_wconf 91' lang='lat' dir='ltr'><strong>inquit,</strong></span> <span class='ocrx_word' id='word_1_250' title='bbox 1229 3390 1537 3447; x_wconf 84' lang='lat' dir='ltr'><strong>mandemus</strong></span> <span class='ocrx_word' id='word_1_251' title='bbox 1586 3406 1679 3446; x_wconf 89' lang='lat' dir='ltr'><strong>nos</strong></span> <span class='ocrx_word' id='word_1_252' title='bbox 1714 3391 1778 3445; x_wconf 90' lang='lat' dir='ltr'><strong>ab</strong></span> <span class='ocrx_word' id='word_1_253' title='bbox 1810 3394 1951 3447; x_wconf 88' lang='lat' dir='ltr'><strong>omni</strong></span> 
     </span>
    </p>
   </div>
   <div class='ocr_carea' id='block_1_36' title="bbox 362 3483 1951 3559">
    <p class='ocr_par' dir='ltr' id='par_1_36' title="bbox 362 3483 1951 3559">
     <span class='ocr_line' id='line_1_36' title="bbox 362 3483 1951 3559; baseline -0.001 -19"><span class='ocrx_word' id='word_1_254' title='bbox 362 3484 756 3559; x_wconf 79' lang='lat' dir='ltr'><strong>inquinamento</strong></span> <span class='ocrx_word' id='word_1_255' title='bbox 783 3485 978 3551; x_wconf 89' lang='lat' dir='ltr'><strong>carnis,</strong></span> <span class='ocrx_word' id='word_1_256' title='bbox 1008 3493 1055 3538; x_wconf 89' lang='lat' dir='ltr'><strong>et</strong></span> <span class='ocrx_word' id='word_1_257' title='bbox 1083 3483 1298 3555; x_wconf 85' lang='lat' dir='ltr'><strong>spiritus</strong></span> <span class='ocrx_word' id='word_1_258' title='bbox 1316 3525 1330 3550; x_wconf 94' lang='lat'><strong>,</strong></span> <span class='ocrx_word' id='word_1_259' title='bbox 1359 3485 1687 3555; x_wconf 82' lang='lat' dir='ltr'><strong>perﬁcientes</strong></span> <span class='ocrx_word' id='word_1_260' title='bbox 1716 3485 1951 3556; x_wconf 82' lang='lat' dir='ltr'><strong>sanctiﬁ-</strong></span> 
     </span>
    </p>
   </div>
   <div class='ocr_carea' id='block_1_37' title="bbox 361 3575 1949 3650">
    <p class='ocr_par' dir='ltr' id='par_1_37' title="bbox 361 3575 1949 3650">
     <span class='ocr_line' id='line_1_37' title="bbox 361 3575 1949 3650; baseline 0.003 -19"><span class='ocrx_word' id='word_1_261' title='bbox 361 3578 619 3632; x_wconf 88' lang='lat' dir='ltr'><strong>cationem</strong></span> <span class='ocrx_word' id='word_1_262' title='bbox 646 3576 703 3630; x_wconf 85' lang='lat' dir='ltr'><strong>in</strong></span> <span class='ocrx_word' id='word_1_263' title='bbox 732 3577 917 3630; x_wconf 82' lang='lat' dir='ltr'><strong>timore</strong></span> <span class='ocrx_word' id='word_1_264' title='bbox 966 3575 1082 3631; x_wconf 86' lang='lat' dir='ltr'><strong>Dei.</strong></span> <span class='ocrx_word' id='word_1_265' title='bbox 1117 3597 1135 3628; x_wconf 74' lang='grc' dir='ltr'><strong><em>ι</em></strong></span> <span class='ocrx_word' id='word_1_266' title='bbox 1173 3584 1196 3616; x_wconf 73' lang='lat' dir='ltr'><strong>c</strong></span> <span class='ocrx_word' id='word_1_267' title='bbox 1226 3575 1539 3633; x_wconf 64' lang='lat' dir='ltr'><strong>Ediﬂcium</strong></span> <span class='ocrx_word' id='word_1_268' title='bbox 1568 3578 1626 3632; x_wconf 90' lang='lat' dir='ltr'><strong>in</strong></span> <span class='ocrx_word' id='word_1_269' title='bbox 1670 3579 1949 3650; x_wconf 89' lang='lat' dir='ltr'><strong>superiore</strong></span> 
     </span>
    </p>
   </div>
   <div class='ocr_carea' id='block_1_38' title="bbox 360 3666 1950 3741">
    <p class='ocr_par' dir='ltr' id='par_1_38' title="bbox 360 3666 1950 3741">
     <span class='ocr_line' id='line_1_38' title="bbox 360 3666 1950 3741; baseline -0.001 -17"><span class='ocrx_word' id='word_1_270' title='bbox 360 3666 523 3739; x_wconf 85' lang='lat' dir='ltr'><strong>hujus</strong></span> <span class='ocrx_word' id='word_1_271' title='bbox 546 3667 839 3723; x_wconf 88' lang='lat' dir='ltr'><strong>voluminis</strong></span> <span class='ocrx_word' id='word_1_272' title='bbox 868 3673 1022 3737; x_wconf 86' lang='lat' dir='ltr'><strong>parte</strong></span> <span class='ocrx_word' id='word_1_273' title='bbox 1067 3666 1236 3722; x_wconf 87' lang='lat' dir='ltr'><strong>habes</strong></span> <span class='ocrx_word' id='word_1_274' title='bbox 1276 3682 1308 3722; x_wconf 89' lang='lat' dir='ltr'><strong>a</strong></span> <span class='ocrx_word' id='word_1_275' title='bbox 1351 3666 1512 3723; x_wconf 88' lang='lat' dir='ltr'><strong>beato</strong></span> <span class='ocrx_word' id='word_1_276' title='bbox 1546 3666 1689 3725; x_wconf 89' lang='lat' dir='ltr'><strong>Beda</strong></span> <span class='ocrx_word' id='word_1_277' title='bbox 1733 3670 1950 3741; x_wconf 80' lang='lat' dir='ltr'><strong>exposi-</strong></span> 
     </span>
    </p>
   </div>
   <div class='ocr_carea' id='block_1_39' title="bbox 362 3756 554 3815">
    <p class='ocr_par' dir='ltr' id='par_1_39' title="bbox 362 3756 554 3815">
     <span class='ocr_line' id='line_1_39' title="bbox 362 3756 554 3815; baseline -0.005 0"><span class='ocrx_word' id='word_1_278' title='bbox 362 3767 479 3815; x_wconf 87' lang='lat' dir='ltr'><strong>tum</strong></span> <span class='ocrx_word' id='word_1_279' title='bbox 504 3756 554 3814; x_wconf 67' lang='grc' dir='ltr'><strong>τι.</strong></span> 
     </span>
    </p>
   </div>
   <div class='ocr_carea' id='block_1_40' title="bbox 435 3848 1947 3926">
    <p class='ocr_par' dir='ltr' id='par_1_40' title="bbox 435 3848 1947 3926">
     <span class='ocr_line' id='line_1_40' title="bbox 435 3848 1947 3926; baseline 0 -18"><span class='ocrx_word' id='word_1_280' title='bbox 435 3850 590 3926; x_wconf 86' lang='lat' dir='ltr'><strong>(Cap.</strong></span> <span class='ocrx_word' id='word_1_281' title='bbox 620 3868 743 3919; x_wconf 82' lang='lat' dir='ltr'><strong>vm,</strong></span> <span class='ocrx_word' id='word_1_282' title='bbox 777 3851 828 3919; x_wconf 82' lang='lat' dir='ltr'><strong>l,</strong></span> <span class='ocrx_word' id='word_1_283' title='bbox 858 3860 909 3907; x_wconf 86' lang='lat' dir='ltr'><strong>et</strong></span> <span class='ocrx_word' id='word_1_284' title='bbox 929 3848 992 3906; x_wconf 87' lang='grc' dir='ltr'><strong>ΙΙ</strong></span> <span class='ocrx_word' id='word_1_285' title='bbox 1017 3851 1145 3907; x_wconf 89' lang='lat' dir='ltr'><strong>Par.</strong></span> <span class='ocrx_word' id='word_1_286' title='bbox 1175 3866 1228 3918; x_wconf 85' lang='lat' dir='ltr'><strong>v,</strong></span> <span class='ocrx_word' id='word_1_287' title='bbox 1255 3850 1336 3921; x_wconf 74' lang='lat'><strong>2.)</strong></span> <span class='ocrx_word' id='word_1_288' title='bbox 1368 3848 1631 3907; x_wconf 82' lang='lat' dir='ltr'><strong>Venerunt</strong></span> <span class='ocrx_word' id='word_1_289' title='bbox 1660 3854 1835 3907; x_wconf 86' lang='lat' dir='ltr'><strong>cuncti</strong></span> <span class='ocrx_word' id='word_1_290' title='bbox 1863 3871 1947 3910; x_wconf 88' lang='lat' dir='ltr'><strong>se-</strong></span> 
     </span>
    </p>
   </div>
   <div class='ocr_carea' id='block_1_41' title="bbox 362 3942 1948 4016">
    <p class='ocr_par' dir='ltr' id='par_1_41' title="bbox 362 3942 1948 4016">
     <span class='ocr_line' id='line_1_41' title="bbox 362 3942 1948 4016; baseline -0.002 -13"><span class='ocrx_word' id='word_1_291' title='bbox 362 3960 453 4003; x_wconf 82' lang='lat' dir='ltr'><strong>nes</strong></span> <span class='ocrx_word' id='word_1_292' title='bbox 483 3958 546 4001; x_wconf 75' lang='lat' dir='ltr'><strong>es:</strong></span> <span class='ocrx_word' id='word_1_293' title='bbox 573 3943 745 4000; x_wconf 87' lang='lat' dir='ltr'><strong>Israel</strong></span> <span class='ocrx_word' id='word_1_294' title='bbox 771 3945 839 3999; x_wconf 91' lang='lat' dir='ltr'><strong>ad</strong></span> <span class='ocrx_word' id='word_1_295' title='bbox 867 3960 1036 4016; x_wconf 86' lang='lat' dir='ltr'><strong>regem</strong></span> <span class='ocrx_word' id='word_1_296' title='bbox 1065 3943 1403 3999; x_wconf 86' lang='lat' dir='ltr'><strong>Salomonem</strong></span> <span class='ocrx_word' id='word_1_297' title='bbox 1447 3946 1500 3998; x_wconf 88' lang='lat' dir='ltr'><strong>in</strong></span> <span class='ocrx_word' id='word_1_298' title='bbox 1531 3942 1855 4011; x_wconf 80' lang='lat' dir='ltr'><strong>Jerusalem,</strong></span> <span class='ocrx_word' id='word_1_299' title='bbox 1888 3955 1948 4000; x_wconf 88' lang='lat' dir='ltr'><strong>ut</strong></span> 
     </span>
    </p>
   </div>
   <div class='ocr_carea' id='block_1_42' title="bbox 361 4030 1946 4110">
    <p class='ocr_par' dir='ltr' id='par_1_42' title="bbox 361 4030 1946 4110">
     <span class='ocr_line' id='line_1_42' title="bbox 361 4030 1946 4110; baseline -0.001 -15"><span class='ocrx_word' id='word_1_300' title='bbox 361 4040 623 4110; x_wconf 80' lang='lat' dir='ltr'><strong>deferrent</strong></span> <span class='ocrx_word' id='word_1_301' title='bbox 645 4054 824 4094; x_wconf 89' lang='lat' dir='ltr'><strong>arcam</strong></span> <span class='ocrx_word' id='word_1_302' title='bbox 854 4038 1061 4108; x_wconf 64' lang='lat' dir='ltr'><strong>[aderis</strong></span> <span class='ocrx_word' id='word_1_303' title='bbox 1090 4030 1302 4091; x_wconf 81' lang='lat' dir='ltr'><strong>Domini</strong></span> <span class='ocrx_word' id='word_1_304' title='bbox 1332 4036 1395 4092; x_wconf 89' lang='lat' dir='ltr'><strong>de</strong></span> <span class='ocrx_word' id='word_1_305' title='bbox 1422 4037 1632 4093; x_wconf 83' lang='lat' dir='ltr'><strong>civitate</strong></span> <span class='ocrx_word' id='word_1_306' title='bbox 1662 4036 1859 4101; x_wconf 85' lang='lat' dir='ltr'><strong>David,</strong></span> <span class='ocrx_word' id='word_1_307' title='bbox 1891 4040 1946 4093; x_wconf 87' lang='lat' dir='ltr'><strong>id</strong></span> 
     </span>
    </p>
   </div>
   <div class='ocr_carea' id='block_1_43' title="bbox 363 4127 1950 4201">
    <p class='ocr_par' dir='ltr' id='par_1_43' title="bbox 363 4127 1950 4201">
     <span class='ocr_line' id='line_1_43' title="bbox 363 4127 1950 4201; baseline 0 -15"><span class='ocrx_word' id='word_1_308' title='bbox 363 4138 444 4187; x_wconf 82' lang='lat' dir='ltr'><strong>est</strong></span> <span class='ocrx_word' id='word_1_309' title='bbox 477 4128 541 4184; x_wconf 88' lang='lat' dir='ltr'><strong>de</strong></span> <span class='ocrx_word' id='word_1_310' title='bbox 569 4127 717 4196; x_wconf 89' lang='lat' dir='ltr'><strong>Sion,</strong></span> <span class='ocrx_word' id='word_1_311' title='bbox 750 4139 797 4185; x_wconf 87' lang='lat' dir='ltr'><strong>et</strong></span> <span class='ocrx_word' id='word_1_312' title='bbox 826 4128 1059 4184; x_wconf 84' lang='lat' dir='ltr'><strong>tulerunt</strong></span> <span class='ocrx_word' id='word_1_313' title='bbox 1084 4128 1380 4184; x_wconf 78' lang='lat' dir='ltr'><strong>sacerdotes</strong></span> <span class='ocrx_word' id='word_1_314' title='bbox 1408 4146 1588 4183; x_wconf 89' lang='lat' dir='ltr'><strong>arcam</strong></span> <span class='ocrx_word' id='word_1_315' title='bbox 1613 4129 1825 4201; x_wconf 74' lang='lat' dir='ltr'><strong>fmderis</strong></span> <span class='ocrx_word' id='word_1_316' title='bbox 1845 4131 1950 4186; x_wconf 78' lang='lat' dir='ltr'><strong>Dc-</strong></span> 
     </span>
    </p>
   </div>
   <div class='ocr_carea' id='block_1_44' title="bbox 361 4219 1947 4294">
    <p class='ocr_par' dir='ltr' id='par_1_44' title="bbox 361 4219 1947 4294">
     <span class='ocr_line' id='line_1_44' title="bbox 361 4219 1947 4294; baseline -0.002 -15"><span class='ocrx_word' id='word_1_317' title='bbox 361 4221 517 4288; x_wconf 88' lang='lat' dir='ltr'><strong>mini,</strong></span> <span class='ocrx_word' id='word_1_318' title='bbox 562 4220 952 4294; x_wconf 82' lang='lat' dir='ltr'><strong>intuleruntque</strong></span> <span class='ocrx_word' id='word_1_319' title='bbox 980 4232 1095 4277; x_wconf 86' lang='lat' dir='ltr'><strong>eam</strong></span> <span class='ocrx_word' id='word_1_320' title='bbox 1141 4221 1195 4276; x_wconf 90' lang='lat' dir='ltr'><strong>in</strong></span> <span class='ocrx_word' id='word_1_321' title='bbox 1222 4219 1392 4276; x_wconf 89' lang='lat' dir='ltr'><strong>locum</strong></span> <span class='ocrx_word' id='word_1_322' title='bbox 1437 4237 1591 4275; x_wconf 89' lang='lat' dir='ltr'><strong>suum</strong></span> <span class='ocrx_word' id='word_1_323' title='bbox 1631 4222 1686 4277; x_wconf 91' lang='lat' dir='ltr'><strong>in</strong></span> <span class='ocrx_word' id='word_1_324' title='bbox 1731 4221 1947 4277; x_wconf 86' lang='lat' dir='ltr'><strong>oraculo</strong></span> 
     </span>
    </p>
   </div>
   <div class='ocr_carea' id='block_1_45' title="bbox 361 4308 1949 4383">
    <p class='ocr_par' dir='ltr' id='par_1_45' title="bbox 361 4308 1949 4383">
     <span class='ocr_line' id='line_1_45' title="bbox 361 4308 1949 4383; baseline 0.001 -14"><span class='ocrx_word' id='word_1_325' title='bbox 361 4308 542 4383; x_wconf 84' lang='lat' dir='ltr'><strong>templi</strong></span> <span class='ocrx_word' id='word_1_326' title='bbox 566 4314 622 4367; x_wconf 88' lang='lat' dir='ltr'><strong>in</strong></span> <span class='ocrx_word' id='word_1_327' title='bbox 641 4320 823 4367; x_wconf 87' lang='lat' dir='ltr'><strong>sancta</strong></span> <span class='ocrx_word' id='word_1_328' title='bbox 848 4320 1151 4367; x_wconf 77' lang='lat' dir='ltr'><strong>sanctorum</strong></span> <span class='ocrx_word' id='word_1_329' title='bbox 1180 4314 1363 4368; x_wconf 83' lang='lat' dir='ltr'><strong>subtus</strong></span> <span class='ocrx_word' id='word_1_330' title='bbox 1394 4313 1509 4369; x_wconf 90' lang='lat' dir='ltr'><strong>alas</strong></span> <span class='ocrx_word' id='word_1_331' title='bbox 1538 4314 1790 4371; x_wconf 82' lang='lat' dir='ltr'><strong>cherubin</strong></span> <span class='ocrx_word' id='word_1_332' title='bbox 1814 4333 1832 4371; x_wconf 89' lang='lat'><strong><em>:</em></strong></span> <span class='ocrx_word' id='word_1_333' title='bbox 1876 4315 1949 4371; x_wconf 89' lang='lat' dir='ltr'><strong>si-</strong></span> 
     </span>
    </p>
   </div>
   <div class='ocr_carea' id='block_1_46' title="bbox 362 4402 1948 4479">
    <p class='ocr_par' dir='ltr' id='par_1_46' title="bbox 362 4402 1948 4479">
     <span class='ocr_line' id='line_1_46' title="bbox 362 4402 1948 4479; baseline 0.004 -22"><span class='ocrx_word' id='word_1_334' title='bbox 362 4403 572 4477; x_wconf 81' lang='lat' dir='ltr'><strong>quidem</strong></span> <span class='ocrx_word' id='word_1_335' title='bbox 601 4402 852 4458; x_wconf 81' lang='lat' dir='ltr'><strong>cherubin</strong></span> <span class='ocrx_word' id='word_1_336' title='bbox 876 4404 1237 4475; x_wconf 73' lang='lat' dir='ltr'><strong>expandebant</strong></span> <span class='ocrx_word' id='word_1_337' title='bbox 1265 4404 1381 4460; x_wconf 89' lang='lat' dir='ltr'><strong>alas</strong></span> <span class='ocrx_word' id='word_1_338' title='bbox 1416 4423 1541 4461; x_wconf 88' lang='lat' dir='ltr'><strong>suas</strong></span> <span class='ocrx_word' id='word_1_339' title='bbox 1583 4425 1741 4479; x_wconf 87' lang='lat' dir='ltr'><strong>super</strong></span> <span class='ocrx_word' id='word_1_340' title='bbox 1775 4407 1948 4465; x_wconf 89' lang='lat' dir='ltr'><strong>locum</strong></span> 
     </span>
    </p>
   </div>
   <div class='ocr_carea' id='block_1_47' title="bbox 363 4494 1943 4571">
    <p class='ocr_par' dir='ltr' id='par_1_47' title="bbox 363 4494 1943 4571">
     <span class='ocr_line' id='line_1_47' title="bbox 363 4494 1943 4571; baseline 0.003 -21"><span class='ocrx_word' id='word_1_341' title='bbox 363 4509 525 4560; x_wconf 75' lang='lat' dir='ltr'><strong>arcte,</strong></span> <span class='ocrx_word' id='word_1_342' title='bbox 554 4494 990 4567; x_wconf 84' lang='lat' dir='ltr'><strong>protegebantque</strong></span> <span class='ocrx_word' id='word_1_343' title='bbox 1020 4510 1221 4562; x_wconf 89' lang='lat' dir='ltr'><strong>arcam,</strong></span> <span class='ocrx_word' id='word_1_344' title='bbox 1250 4503 1299 4550; x_wconf 89' lang='lat' dir='ltr'><strong>et</strong></span> <span class='ocrx_word' id='word_1_345' title='bbox 1345 4505 1510 4553; x_wconf 88' lang='lat' dir='ltr'><strong>vectes</strong></span> <span class='ocrx_word' id='word_1_346' title='bbox 1539 4498 1658 4570; x_wconf 86' lang='lat' dir='ltr'><strong>ejus</strong></span> <span class='ocrx_word' id='word_1_347' title='bbox 1702 4499 1943 4571; x_wconf 86' lang='lat' dir='ltr'><strong>desuper.</strong></span> 
     </span>
    </p>
   </div>
   <div class='ocr_carea' id='block_1_48' title="bbox 1974 3252 2029 3324">
    <p class='ocr_par' dir='ltr' id='par_1_48' title="bbox 1974 3252 2029 3324">
     <span class='ocr_line' id='line_1_48' title="bbox 1974 3252 2029 3324; baseline 0 0"><span class='ocrx_word' id='word_1_348' title='bbox 1974 3252 2029 3324; x_wconf 68' lang='grc' dir='ltr'><strong>Β</strong></span> 
     </span>
    </p>
   </div>
   <div class='ocr_carea' id='block_1_49' title="bbox 2052 617 3638 695">
    <p class='ocr_par' dir='ltr' id='par_1_49' title="bbox 2052 617 3638 695">
     <span class='ocr_line' id='line_1_49' title="bbox 2052 617 3638 695; baseline 0.001 -17"><span class='ocrx_word' id='word_1_349' title='bbox 2052 630 2181 678; x_wconf 89' lang='lat' dir='ltr'><strong>ante</strong></span> <span class='ocrx_word' id='word_1_350' title='bbox 2205 620 2508 688; x_wconf 89' lang='lat' dir='ltr'><strong>oraculum,</strong></span> <span class='ocrx_word' id='word_1_351' title='bbox 2554 636 2662 677; x_wconf 90' lang='lat' dir='ltr'><strong>non</strong></span> <span class='ocrx_word' id='word_1_352' title='bbox 2689 626 2870 675; x_wconf 86' lang='lat' dir='ltr'><strong>tamen</strong></span> <span class='ocrx_word' id='word_1_353' title='bbox 2896 617 3013 674; x_wconf 79' lang='lat' dir='ltr'><strong>ﬁeri</strong></span> <span class='ocrx_word' id='word_1_354' title='bbox 3039 628 3275 690; x_wconf 87' lang='lat' dir='ltr'><strong>poterat,</strong></span> <span class='ocrx_word' id='word_1_355' title='bbox 3302 626 3363 676; x_wconf 89' lang='lat' dir='ltr'><strong>ut</strong></span> <span class='ocrx_word' id='word_1_356' title='bbox 3386 622 3504 695; x_wconf 89' lang='lat' dir='ltr'><strong>ipsa</strong></span> <span class='ocrx_word' id='word_1_357' title='bbox 3546 637 3638 679; x_wconf 90' lang='lat' dir='ltr'><strong>eo-</strong></span> 
     </span>
    </p>
   </div>
   <div class='ocr_carea' id='block_1_50' title="bbox 2054 713 3638 787">
    <p class='ocr_par' dir='ltr' id='par_1_50' title="bbox 2054 713 3638 787">
     <span class='ocr_line' id='line_1_50' title="bbox 2054 713 3638 787; baseline 0.002 -14"><span class='ocrx_word' id='word_1_358' title='bbox 2054 734 2175 773; x_wconf 88' lang='lat' dir='ltr'><strong>rum</strong></span> <span class='ocrx_word' id='word_1_359' title='bbox 2210 716 2387 787; x_wconf 74' lang='lat' dir='ltr'><strong>capita</strong></span> <span class='ocrx_word' id='word_1_360' title='bbox 2417 722 2542 773; x_wconf 87' lang='lat' dir='ltr'><strong>ante</strong></span> <span class='ocrx_word' id='word_1_361' title='bbox 2572 713 2852 773; x_wconf 87' lang='lat' dir='ltr'><strong>oraculum</strong></span> <span class='ocrx_word' id='word_1_362' title='bbox 2879 715 3199 779; x_wconf 88' lang='lat' dir='ltr'><strong>eminerent,</strong></span> <span class='ocrx_word' id='word_1_363' title='bbox 3223 716 3353 787; x_wconf 89' lang='lat' dir='ltr'><strong>quia</strong></span> <span class='ocrx_word' id='word_1_364' title='bbox 3379 716 3638 776; x_wconf 86' lang='lat' dir='ltr'><strong>nimirum</strong></span> 
     </span>
    </p>
   </div>
   <div class='ocr_carea' id='block_1_51' title="bbox 2052 806 3636 879">
    <p class='ocr_par' dir='ltr' id='par_1_51' title="bbox 2052 806 3636 879">
     <span class='ocr_line' id='line_1_51' title="bbox 2052 806 3636 879; baseline 0.003 -15"><span class='ocrx_word' id='word_1_365' title='bbox 2052 824 2275 865; x_wconf 88' lang='lat' dir='ltr'><strong>necesse</strong></span> <span class='ocrx_word' id='word_1_366' title='bbox 2299 815 2439 876; x_wconf 88' lang='lat' dir='ltr'><strong>erat,</strong></span> <span class='ocrx_word' id='word_1_367' title='bbox 2463 815 2523 864; x_wconf 93' lang='lat' dir='ltr'><strong>ut</strong></span> <span class='ocrx_word' id='word_1_368' title='bbox 2545 806 2731 864; x_wconf 86' lang='lat' dir='ltr'><strong>clauso</strong></span> <span class='ocrx_word' id='word_1_369' title='bbox 2751 807 2989 872; x_wconf 89' lang='lat' dir='ltr'><strong>oraculo,</strong></span> <span class='ocrx_word' id='word_1_370' title='bbox 3008 814 3066 864; x_wconf 89' lang='lat' dir='ltr'><strong>et</strong></span> <span class='ocrx_word' id='word_1_371' title='bbox 3083 824 3324 879; x_wconf 89' lang='lat' dir='ltr'><strong>appenso</strong></span> <span class='ocrx_word' id='word_1_372' title='bbox 3343 818 3470 866; x_wconf 90' lang='lat' dir='ltr'><strong>ante</strong></span> <span class='ocrx_word' id='word_1_373' title='bbox 3492 811 3636 869; x_wconf 90' lang='lat' dir='ltr'><strong>ostia</strong></span> 
     </span>
    </p>
   </div>
   <div class='ocr_carea' id='block_1_52' title="bbox 2051 898 3639 973">
    <p class='ocr_par' dir='ltr' id='par_1_52' title="bbox 2051 898 3639 973">
     <span class='ocr_line' id='line_1_52' title="bbox 2051 898 3639 973; baseline 0.004 -20"><span class='ocrx_word' id='word_1_374' title='bbox 2051 899 2192 967; x_wconf 88' lang='lat' dir='ltr'><strong>velo,</strong></span> <span class='ocrx_word' id='word_1_375' title='bbox 2241 900 2343 970; x_wconf 89' lang='lat' dir='ltr'><strong>ipsi</strong></span> <span class='ocrx_word' id='word_1_376' title='bbox 2372 915 2586 973; x_wconf 91' lang='lat' dir='ltr'><strong>quoque</strong></span> <span class='ocrx_word' id='word_1_377' title='bbox 2608 908 2793 955; x_wconf 91' lang='lat' dir='ltr'><strong>vectes</strong></span> <span class='ocrx_word' id='word_1_378' title='bbox 2818 898 2918 954; x_wconf 90' lang='lat' dir='ltr'><strong>toti</strong></span> <span class='ocrx_word' id='word_1_379' title='bbox 2961 916 3086 955; x_wconf 91' lang='lat' dir='ltr'><strong>cum</strong></span> <span class='ocrx_word' id='word_1_380' title='bbox 3113 916 3261 966; x_wconf 89' lang='lat' dir='ltr'><strong>arca,</strong></span> <span class='ocrx_word' id='word_1_381' title='bbox 3290 909 3345 955; x_wconf 92' lang='lat' dir='ltr'><strong>et</strong></span> <span class='ocrx_word' id='word_1_382' title='bbox 3373 900 3639 959; x_wconf 88' lang='lat' dir='ltr'><strong>cherubin</strong></span> 
     </span>
    </p>
   </div>
   <div class='ocr_carea' id='block_1_53' title="bbox 2054 976 3641 1066">
    <p class='ocr_par' dir='ltr' id='par_1_53' title="bbox 2054 976 3641 1066">
     <span class='ocr_line' id='line_1_53' title="bbox 2054 976 3641 1066; baseline 0 -16"><span class='ocrx_word' id='word_1_383' title='bbox 2054 995 2385 1050; x_wconf 88' lang='lat' dir='ltr'><strong>abderentur</strong></span> <span class='ocrx_word' id='word_1_384' title='bbox 2412 994 2674 1060; x_wconf 88' lang='lat' dir='ltr'><strong>interius;</strong></span> <span class='ocrx_word' id='word_1_385' title='bbox 2704 993 2849 1065; x_wconf 89' lang='lat' dir='ltr'><strong>quod</strong></span> <span class='ocrx_word' id='word_1_386' title='bbox 2877 993 2996 1048; x_wconf 86' lang='lat' dir='ltr'><strong>ﬁeri</strong></span> <span class='ocrx_word' id='word_1_387' title='bbox 3036 1009 3145 1049; x_wconf 92' lang='lat' dir='ltr'><strong>non</strong></span> <span class='ocrx_word' id='word_1_388' title='bbox 3171 1001 3409 1064; x_wconf 84' lang='lat' dir='ltr'><strong>poterat,</strong></span> <span class='ocrx_word' id='word_1_389' title='bbox 3438 993 3484 1049; x_wconf 90' lang='lat' dir='ltr'><strong>si</strong></span> <span class='ocrx_word' id='word_1_390' title='bbox 3514 976 3641 1066; x_wconf 81' lang='lat' dir='ltr'><strong>pro-</strong></span> 
     </span>
    </p>
   </div>
   <div class='ocr_carea' id='block_1_54' title="bbox 2054 1085 3641 1158">
    <p class='ocr_par' dir='ltr' id='par_1_54' title="bbox 2054 1085 3641 1158">
     <span class='ocr_line' id='line_1_54' title="bbox 2054 1085 3641 1158; baseline -0.001 -15"><span class='ocrx_word' id='word_1_391' title='bbox 2054 1087 2325 1143; x_wconf 88' lang='lat' dir='ltr'><strong>minentes</strong></span> <span class='ocrx_word' id='word_1_392' title='bbox 2343 1086 2575 1143; x_wconf 88' lang='lat' dir='ltr'><strong>ulterius</strong></span> <span class='ocrx_word' id='word_1_393' title='bbox 2593 1095 2776 1143; x_wconf 90' lang='lat' dir='ltr'><strong>vectes</strong></span> <span class='ocrx_word' id='word_1_394' title='bbox 2799 1086 3165 1158; x_wconf 89' lang='lat' dir='ltr'><strong>producendis</strong></span> <span class='ocrx_word' id='word_1_395' title='bbox 3190 1087 3257 1142; x_wconf 93' lang='lat' dir='ltr'><strong>ad</strong></span> <span class='ocrx_word' id='word_1_396' title='bbox 3281 1085 3641 1143; x_wconf 86' lang='lat' dir='ltr'><strong>claudendum</strong></span> 
     </span>
    </p>
   </div>
   <div class='ocr_carea' id='block_1_55' title="bbox 2053 1176 3640 1250">
    <p class='ocr_par' dir='ltr' id='par_1_55' title="bbox 2053 1176 3640 1250">
     <span class='ocr_line' id='line_1_55' title="bbox 2053 1176 3640 1250; baseline 0 -15"><span class='ocrx_word' id='word_1_397' title='bbox 2053 1179 2210 1235; x_wconf 91' lang='lat' dir='ltr'><strong>ostiis</strong></span> <span class='ocrx_word' id='word_1_398' title='bbox 2256 1178 2431 1234; x_wconf 90' lang='lat' dir='ltr'><strong>locum</strong></span> <span class='ocrx_word' id='word_1_399' title='bbox 2482 1195 2587 1235; x_wconf 91' lang='lat' dir='ltr'><strong>non</strong></span> <span class='ocrx_word' id='word_1_400' title='bbox 2637 1176 2850 1235; x_wconf 87' lang='lat' dir='ltr'><strong>darent.</strong></span> <span class='ocrx_word' id='word_1_401' title='bbox 2894 1176 3136 1246; x_wconf 84' lang='lat' dir='ltr'><strong>Quorum</strong></span> <span class='ocrx_word' id='word_1_402' title='bbox 3170 1178 3496 1250; x_wconf 89' lang='lat' dir='ltr'><strong>positionem</strong></span> <span class='ocrx_word' id='word_1_403' title='bbox 3545 1194 3640 1235; x_wconf 85' lang='lat' dir='ltr'><strong>ve-</strong></span> 
     </span>
    </p>
   </div>
   <div class='ocr_carea' id='block_1_56' title="bbox 2053 1269 3639 1346">
    <p class='ocr_par' dir='ltr' id='par_1_56' title="bbox 2053 1269 3639 1346">
     <span class='ocr_line' id='line_1_56' title="bbox 2053 1269 3639 1346; baseline 0 -19"><span class='ocrx_word' id='word_1_404' title='bbox 2053 1271 2219 1327; x_wconf 88' lang='lat' dir='ltr'><strong>ctium</strong></span> <span class='ocrx_word' id='word_1_405' title='bbox 2249 1269 2532 1342; x_wconf 88' lang='lat' dir='ltr'><strong>Scriptura</strong></span> <span class='ocrx_word' id='word_1_406' title='bbox 2562 1286 2670 1344; x_wconf 83' lang='lat' dir='ltr'><strong>non</strong></span> <span class='ocrx_word' id='word_1_407' title='bbox 2721 1270 2842 1327; x_wconf 90' lang='lat' dir='ltr'><strong>sine</strong></span> <span class='ocrx_word' id='word_1_408' title='bbox 2866 1287 3052 1337; x_wconf 89' lang='lat' dir='ltr'><strong>causa,</strong></span> <span class='ocrx_word' id='word_1_409' title='bbox 3097 1271 3192 1328; x_wconf 92' lang='lat' dir='ltr'><strong>sed</strong></span> <span class='ocrx_word' id='word_1_410' title='bbox 3226 1273 3408 1346; x_wconf 89' lang='lat' dir='ltr'><strong>magni</strong></span> <span class='ocrx_word' id='word_1_411' title='bbox 3437 1270 3639 1329; x_wconf 87' lang='lat' dir='ltr'><strong>intuitu</strong></span> 
     </span>
    </p>
   </div>
   <div class='ocr_carea' id='block_1_57' title="bbox 2056 1360 3646 1436">
    <p class='ocr_par' dir='ltr' id='par_1_57' title="bbox 2056 1360 3646 1436">
     <span class='ocr_line' id='line_1_57' title="bbox 2056 1360 3646 1436; baseline -0.001 -15"><span class='ocrx_word' id='word_1_412' title='bbox 2056 1363 2382 1421; x_wconf 85' lang='lat' dir='ltr'><strong>sacramenti</strong></span> <span class='ocrx_word' id='word_1_413' title='bbox 2428 1371 2538 1419; x_wconf 85' lang='lat' dir='ltr'><strong>tam</strong></span> <span class='ocrx_word' id='word_1_414' title='bbox 2579 1360 2870 1435; x_wconf 76' lang='lat' dir='ltr'><strong>diligenter</strong></span> <span class='ocrx_word' id='word_1_415' title='bbox 2897 1364 3153 1436; x_wconf 74' lang='lat' dir='ltr'><strong>expedire</strong></span> <span class='ocrx_word' id='word_1_416' title='bbox 3198 1365 3412 1421; x_wconf 90' lang='lat' dir='ltr'><strong>curavit</strong></span> <span class='ocrx_word' id='word_1_417' title='bbox 3455 1383 3469 1419; x_wconf 89' lang='lat'><strong>:</strong></span> <span class='ocrx_word' id='word_1_418' title='bbox 3518 1380 3646 1421; x_wconf 89' lang='lat' dir='ltr'><strong>con-</strong></span> 
     </span>
    </p>
   </div>
   <div class='ocr_carea' id='block_1_58' title="bbox 2056 1454 3645 1528">
    <p class='ocr_par' dir='ltr' id='par_1_58' title="bbox 2056 1454 3645 1528">
     <span class='ocr_line' id='line_1_58' title="bbox 2056 1454 3645 1528; baseline -0.001 -16"><span class='ocrx_word' id='word_1_419' title='bbox 2056 1465 2165 1514; x_wconf 89' lang='lat' dir='ltr'><strong>stat</strong></span> <span class='ocrx_word' id='word_1_420' title='bbox 2197 1457 2366 1522; x_wconf 92' lang='lat' dir='ltr'><strong>enim,</strong></span> <span class='ocrx_word' id='word_1_421' title='bbox 2396 1455 2542 1526; x_wconf 90' lang='lat' dir='ltr'><strong>quod</strong></span> <span class='ocrx_word' id='word_1_422' title='bbox 2573 1454 2764 1512; x_wconf 91' lang='lat' dir='ltr'><strong>domus</strong></span> <span class='ocrx_word' id='word_1_423' title='bbox 2795 1454 2981 1527; x_wconf 91' lang='lat' dir='ltr'><strong>templi</strong></span> <span class='ocrx_word' id='word_1_424' title='bbox 3008 1455 3269 1524; x_wconf 81' lang='lat' dir='ltr'><strong>exterior,</strong></span> <span class='ocrx_word' id='word_1_425' title='bbox 3298 1455 3645 1528; x_wconf 87' lang='lat' dir='ltr'><strong>peregrinan-</strong></span> 
     </span>
    </p>
   </div>
   <div class='ocr_carea' id='block_1_59' title="bbox 2055 1544 3642 1606">
    <p class='ocr_par' dir='ltr' id='par_1_59' title="bbox 2055 1544 3642 1606">
     <span class='ocr_line' id='line_1_59' title="bbox 2055 1544 3642 1606; baseline 0.001 -3"><span class='ocrx_word' id='word_1_426' title='bbox 2055 1555 2167 1605; x_wconf 86' lang='lat' dir='ltr'><strong>tem</strong></span> <span class='ocrx_word' id='word_1_427' title='bbox 2214 1548 2270 1602; x_wconf 91' lang='lat' dir='ltr'><strong>in</strong></span> <span class='ocrx_word' id='word_1_428' title='bbox 2312 1546 2475 1603; x_wconf 88' lang='lat' dir='ltr'><strong>terris</strong></span> <span class='ocrx_word' id='word_1_429' title='bbox 2502 1545 2843 1603; x_wconf 76' lang='lat' dir='ltr'><strong>Ecclesium:</strong></span> <span class='ocrx_word' id='word_1_430' title='bbox 2888 1544 3074 1604; x_wconf 73' lang='lat' dir='ltr'><strong>Sancta</strong></span> <span class='ocrx_word' id='word_1_431' title='bbox 3106 1558 3417 1606; x_wconf 89' lang='lat' dir='ltr'><strong>sanctorum</strong></span> <span class='ocrx_word' id='word_1_432' title='bbox 3459 1559 3642 1606; x_wconf 89' lang='lat' dir='ltr'><strong>autem</strong></span> 
     </span>
    </p>
   </div>
   <div class='ocr_carea' id='block_1_60' title="bbox 2022 1636 3645 1716">
    <p class='ocr_par' dir='ltr' id='par_1_60' title="bbox 2022 1636 3645 1716">
     <span class='ocr_line' id='line_1_60' title="bbox 2022 1636 3645 1716; baseline 0.001 -17"><span class='ocrx_word' id='word_1_433' title='bbox 2022 1636 2025 1637; x_wconf 18' lang='grc' dir='ltr'><em>ν</em></span> <span class='ocrx_word' id='word_1_434' title='bbox 2057 1643 2330 1699; x_wconf 88' lang='lat' dir='ltr'><strong>internam</strong></span> <span class='ocrx_word' id='word_1_435' title='bbox 2361 1657 2611 1712; x_wconf 72' lang='lat' dir='ltr'><strong>superate</strong></span> <span class='ocrx_word' id='word_1_436' title='bbox 2634 1642 2827 1713; x_wconf 70' lang='lat' dir='ltr'><strong>patriae</strong></span> <span class='ocrx_word' id='word_1_437' title='bbox 2854 1640 3167 1699; x_wconf 82' lang='lat' dir='ltr'><strong>felicitatem</strong></span> <span class='ocrx_word' id='word_1_438' title='bbox 3197 1643 3461 1716; x_wconf 86' lang='lat' dir='ltr'><strong>designat.</strong></span> <span class='ocrx_word' id='word_1_439' title='bbox 3506 1640 3645 1701; x_wconf 85' lang='lat' dir='ltr'><strong>Item</strong></span> 
     </span>
    </p>
   </div>
   <div class='ocr_carea' id='block_1_61' title="bbox 2056 1735 3640 1807">
    <p class='ocr_par' dir='ltr' id='par_1_61' title="bbox 2056 1735 3640 1807">
     <span class='ocr_line' id='line_1_61' title="bbox 2056 1735 3640 1807; baseline 0.001 -16"><span class='ocrx_word' id='word_1_440' title='bbox 2056 1735 2205 1791; x_wconf 88' lang='lat' dir='ltr'><strong>illata</strong></span> <span class='ocrx_word' id='word_1_441' title='bbox 2240 1736 2293 1790; x_wconf 92' lang='lat' dir='ltr'><strong>in</strong></span> <span class='ocrx_word' id='word_1_442' title='bbox 2322 1742 2508 1792; x_wconf 86' lang='lat' dir='ltr'><strong>sancta</strong></span> <span class='ocrx_word' id='word_1_443' title='bbox 2534 1743 2849 1791; x_wconf 90' lang='lat' dir='ltr'><strong>sanctorum</strong></span> <span class='ocrx_word' id='word_1_444' title='bbox 2883 1752 3032 1802; x_wconf 86' lang='lat' dir='ltr'><strong>arca,</strong></span> <span class='ocrx_word' id='word_1_445' title='bbox 3064 1744 3396 1807; x_wconf 88' lang='lat' dir='ltr'><strong>assumptam</strong></span> <span class='ocrx_word' id='word_1_446' title='bbox 3427 1736 3640 1793; x_wconf 88' lang='lat' dir='ltr'><strong>Christi</strong></span> 
     </span>
    </p>
   </div>
   <div class='ocr_carea' id='block_1_62' title="bbox 2056 1827 3645 1899">
    <p class='ocr_par' dir='ltr' id='par_1_62' title="bbox 2056 1827 3645 1899">
     <span class='ocr_line' id='line_1_62' title="bbox 2056 1827 3645 1899; baseline 0.001 -16"><span class='ocrx_word' id='word_1_447' title='bbox 2056 1828 2443 1895; x_wconf 85' lang='lat' dir='ltr'><strong>humilitatem,</strong></span> <span class='ocrx_word' id='word_1_448' title='bbox 2476 1836 2531 1883; x_wconf 91' lang='lat' dir='ltr'><strong>et</strong></span> <span class='ocrx_word' id='word_1_449' title='bbox 2582 1828 2726 1883; x_wconf 90' lang='lat' dir='ltr'><strong>intra</strong></span> <span class='ocrx_word' id='word_1_450' title='bbox 2774 1829 2953 1883; x_wconf 87' lang='lat' dir='ltr'><strong>velum</strong></span> <span class='ocrx_word' id='word_1_451' title='bbox 2990 1827 3151 1899; x_wconf 69' lang='lat' dir='ltr'><strong>regia:</strong></span> <span class='ocrx_word' id='word_1_452' title='bbox 3201 1827 3442 1885; x_wconf 67' lang='lat' dir='ltr'><strong>caelestis</strong></span> <span class='ocrx_word' id='word_1_453' title='bbox 3488 1828 3645 1884; x_wconf 91' lang='lat' dir='ltr'><strong>indu-</strong></span> 
     </span>
    </p>
   </div>
   <div class='ocr_carea' id='block_1_63' title="bbox 1977 1894 3640 1990">
    <p class='ocr_par' dir='ltr' id='par_1_63' title="bbox 1977 1894 3640 1990">
     <span class='ocr_line' id='line_1_63' title="bbox 1977 1894 3640 1990; baseline -0.001 -15"><span class='ocrx_word' id='word_1_454' title='bbox 1977 1894 2027 1956; x_wconf 75' lang='grc' dir='ltr'><strong>Β</strong></span> <span class='ocrx_word' id='word_1_455' title='bbox 2053 1928 2199 1976; x_wconf 91' lang='lat' dir='ltr'><strong>ctam</strong></span> <span class='ocrx_word' id='word_1_456' title='bbox 2234 1939 2246 1974; x_wconf 89' lang='lat'>:</span> <span class='ocrx_word' id='word_1_457' title='bbox 2279 1927 2460 1976; x_wconf 91' lang='lat' dir='ltr'><strong>vectes</strong></span> <span class='ocrx_word' id='word_1_458' title='bbox 2488 1934 2637 1987; x_wconf 90' lang='lat' dir='ltr'><strong>vero,</strong></span> <span class='ocrx_word' id='word_1_459' title='bbox 2677 1918 2876 1990; x_wconf 89' lang='lat' dir='ltr'><strong>quibus</strong></span> <span class='ocrx_word' id='word_1_460' title='bbox 2904 1894 3096 1974; x_wconf 79' lang='lat' dir='ltr'><strong>eadem</strong></span> <span class='ocrx_word' id='word_1_461' title='bbox 3126 1935 3253 1975; x_wconf 90' lang='lat' dir='ltr'><strong>arca</strong></span> <span class='ocrx_word' id='word_1_462' title='bbox 3282 1918 3640 1989; x_wconf 85' lang='lat' dir='ltr'><strong>portabatur,</strong></span> 
     </span>
    </p>
   </div>
   <div class='ocr_carea' id='block_1_64' title="bbox 2049 2010 3641 2088">
    <p class='ocr_par' dir='ltr' id='par_1_64' title="bbox 2049 2010 3641 2088">
     <span class='ocr_line' id='line_1_64' title="bbox 2049 2010 3641 2088; baseline -0.001 -19"><span class='ocrx_word' id='word_1_463' title='bbox 2049 2013 2435 2088; x_wconf 66' lang='lat' dir='ltr'><strong>praedicatores</strong></span> <span class='ocrx_word' id='word_1_464' title='bbox 2462 2012 2634 2080; x_wconf 84' lang='lat' dir='ltr'><strong>verbi,</strong></span> <span class='ocrx_word' id='word_1_465' title='bbox 2665 2028 2764 2084; x_wconf 89' lang='lat' dir='ltr'><strong>per</strong></span> <span class='ocrx_word' id='word_1_466' title='bbox 2804 2028 2939 2083; x_wconf 89' lang='lat' dir='ltr'><strong>quos</strong></span> <span class='ocrx_word' id='word_1_467' title='bbox 2970 2012 3085 2082; x_wconf 90' lang='lat' dir='ltr'><strong>ipse</strong></span> <span class='ocrx_word' id='word_1_468' title='bbox 3128 2013 3328 2069; x_wconf 91' lang='lat' dir='ltr'><strong>mundo</strong></span> <span class='ocrx_word' id='word_1_469' title='bbox 3372 2010 3641 2078; x_wconf 87' lang='lat' dir='ltr'><strong>innotuit,</strong></span> 
     </span>
    </p>
   </div>
   <div class='ocr_carea' id='block_1_65' title="bbox 2052 2103 3641 2179">
    <p class='ocr_par' dir='ltr' id='par_1_65' title="bbox 2052 2103 3641 2179">
     <span class='ocr_line' id='line_1_65' title="bbox 2052 2103 3641 2179; baseline -0.003 -16"><span class='ocrx_word' id='word_1_470' title='bbox 2052 2107 2230 2179; x_wconf 89' lang='lat' dir='ltr'><strong>typice</strong></span> <span class='ocrx_word' id='word_1_471' title='bbox 2278 2105 2618 2164; x_wconf 88' lang='lat' dir='ltr'><strong>denuntiant.</strong></span> <span class='ocrx_word' id='word_1_472' title='bbox 2654 2104 2674 2145; x_wconf 74' lang='grc' dir='ltr'><em>τ</em></span> <span class='ocrx_word' id='word_1_473' title='bbox 2712 2104 3059 2177; x_wconf 81' lang='lat' dir='ltr'><strong>Apparebant</strong></span> <span class='ocrx_word' id='word_1_474' title='bbox 3103 2106 3246 2161; x_wconf 91' lang='lat' dir='ltr'><strong>enim</strong></span> <span class='ocrx_word' id='word_1_475' title='bbox 3296 2103 3641 2160; x_wconf 87' lang='lat' dir='ltr'><strong>summitates</strong></span> 
     </span>
    </p>
   </div>
   <div class='ocr_carea' id='block_1_66' title="bbox 2051 2195 3640 2267">
    <p class='ocr_par' dir='ltr' id='par_1_66' title="bbox 2051 2195 3640 2267">
     <span class='ocr_line' id='line_1_66' title="bbox 2051 2195 3640 2267; baseline 0.001 -15"><span class='ocrx_word' id='word_1_476' title='bbox 2051 2200 2287 2254; x_wconf 82' lang='lat' dir='ltr'><strong>vectium</strong></span> <span class='ocrx_word' id='word_1_477' title='bbox 2336 2196 2467 2252; x_wconf 82' lang='lat' dir='ltr'><strong>foris</strong></span> <span class='ocrx_word' id='word_1_478' title='bbox 2494 2205 2619 2252; x_wconf 89' lang='lat' dir='ltr'><strong>ante</strong></span> <span class='ocrx_word' id='word_1_479' title='bbox 2665 2196 2945 2251; x_wconf 89' lang='lat' dir='ltr'><strong>oraculum</strong></span> <span class='ocrx_word' id='word_1_480' title='bbox 2974 2211 3083 2251; x_wconf 92' lang='lat' dir='ltr'><strong>non</strong></span> <span class='ocrx_word' id='word_1_481' title='bbox 3110 2211 3345 2267; x_wconf 90' lang='lat' dir='ltr'><strong>semper,</strong></span> <span class='ocrx_word' id='word_1_482' title='bbox 3380 2195 3473 2251; x_wconf 89' lang='lat' dir='ltr'><strong>sed</strong></span> <span class='ocrx_word' id='word_1_483' title='bbox 3514 2210 3640 2253; x_wconf 88' lang='lat' dir='ltr'><strong>cum</strong></span> 
     </span>
    </p>
   </div>
   <div class='ocr_carea' id='block_1_67' title="bbox 2052 2286 3639 2360">
    <p class='ocr_par' dir='ltr' id='par_1_67' title="bbox 2052 2286 3639 2360">
     <span class='ocr_line' id='line_1_67' title="bbox 2052 2286 3639 2360; baseline -0.002 -15"><span class='ocrx_word' id='word_1_484' title='bbox 2052 2288 2190 2345; x_wconf 87' lang='lat' dir='ltr'><strong>ostia</strong></span> <span class='ocrx_word' id='word_1_485' title='bbox 2212 2286 2454 2357; x_wconf 86' lang='lat' dir='ltr'><strong>ejusdem</strong></span> <span class='ocrx_word' id='word_1_486' title='bbox 2480 2287 2689 2343; x_wconf 88' lang='lat' dir='ltr'><strong>oraculi</strong></span> <span class='ocrx_word' id='word_1_487' title='bbox 2711 2287 2913 2360; x_wconf 88' lang='lat' dir='ltr'><strong>aperiri</strong></span> <span class='ocrx_word' id='word_1_488' title='bbox 2943 2286 3304 2358; x_wconf 83' lang='lat' dir='ltr'><strong>contingeret,</strong></span> <span class='ocrx_word' id='word_1_489' title='bbox 3335 2302 3513 2358; x_wconf 86' lang='lat' dir='ltr'><strong>neque</strong></span> <span class='ocrx_word' id='word_1_490' title='bbox 3536 2286 3639 2342; x_wconf 85' lang='lat' dir='ltr'><strong>hoc</strong></span> 
     </span>
    </p>
   </div>
   <div class='ocr_carea' id='block_1_68' title="bbox 2052 2378 3646 2450">
    <p class='ocr_par' dir='ltr' id='par_1_68' title="bbox 2052 2378 3646 2450">
     <span class='ocr_line' id='line_1_68' title="bbox 2052 2378 3646 2450; baseline -0.002 -14"><span class='ocrx_word' id='word_1_491' title='bbox 2052 2380 2329 2445; x_wconf 84' lang='lat' dir='ltr'><strong>omnibus,</strong></span> <span class='ocrx_word' id='word_1_492' title='bbox 2366 2379 2458 2435; x_wconf 87' lang='lat' dir='ltr'><strong>sed</strong></span> <span class='ocrx_word' id='word_1_493' title='bbox 2493 2379 2560 2435; x_wconf 90' lang='lat' dir='ltr'><strong>iis</strong></span> <span class='ocrx_word' id='word_1_494' title='bbox 2580 2378 2938 2445; x_wconf 89' lang='lat' dir='ltr'><strong>solummodo,</strong></span> <span class='ocrx_word' id='word_1_495' title='bbox 2968 2379 3059 2450; x_wconf 92' lang='lat' dir='ltr'><strong>qui</strong></span> <span class='ocrx_word' id='word_1_496' title='bbox 3082 2378 3307 2450; x_wconf 87' lang='lat' dir='ltr'><strong>propius</strong></span> <span class='ocrx_word' id='word_1_497' title='bbox 3327 2379 3646 2434; x_wconf 86' lang='lat' dir='ltr'><strong>accedentes</strong></span> 
     </span>
    </p>
   </div>
   <div class='ocr_carea' id='block_1_69' title="bbox 2052 2456 3643 2558">
    <p class='ocr_par' dir='ltr' id='par_1_69' title="bbox 2052 2456 3643 2558">
     <span class='ocr_line' id='line_1_69' title="bbox 2052 2456 3643 2558; baseline 0.001 -33"><span class='ocrx_word' id='word_1_498' title='bbox 2052 2472 2313 2529; x_wconf 90' lang='lat' dir='ltr'><strong>attentius</strong></span> <span class='ocrx_word' id='word_1_499' title='bbox 2357 2486 2444 2537; x_wconf 88' lang='lat' dir='ltr'><strong>ea,</strong></span> <span class='ocrx_word' id='word_1_500' title='bbox 2485 2488 2606 2543; x_wconf 63' lang='lat' dir='ltr'><strong>quae</strong></span> <span class='ocrx_word' id='word_1_501' title='bbox 2643 2472 2790 2527; x_wconf 85' lang='lat' dir='ltr'><strong>intus</strong></span> <span class='ocrx_word' id='word_1_502' title='bbox 2837 2480 3018 2539; x_wconf 91' lang='lat' dir='ltr'><strong>erant,</strong></span> <span class='ocrx_word' id='word_1_503' title='bbox 3067 2456 3388 2558; x_wconf 75' lang='lat' dir='ltr'><strong>satagebant</strong></span> <span class='ocrx_word' id='word_1_504' title='bbox 3426 2472 3643 2538; x_wconf 89' lang='lat' dir='ltr'><strong>intueri,</strong></span> 
     </span>
    </p>
   </div>
   <div class='ocr_carea' id='block_1_70' title="bbox 2050 2560 3645 2637">
    <p class='ocr_par' dir='ltr' id='par_1_70' title="bbox 2050 2560 3645 2637">
     <span class='ocr_line' id='line_1_70' title="bbox 2050 2560 3645 2637; baseline 0 -18"><span class='ocrx_word' id='word_1_505' title='bbox 2050 2560 2171 2635; x_wconf 85' lang='lat' dir='ltr'><strong>ipsa</strong></span> <span class='ocrx_word' id='word_1_506' title='bbox 2204 2570 2387 2618; x_wconf 90' lang='lat' dir='ltr'><strong>autem</strong></span> <span class='ocrx_word' id='word_1_507' title='bbox 2435 2578 2584 2628; x_wconf 90' lang='lat' dir='ltr'><strong>arca,</strong></span> <span class='ocrx_word' id='word_1_508' title='bbox 2627 2563 2803 2634; x_wconf 89' lang='lat' dir='ltr'><strong>qualis</strong></span> <span class='ocrx_word' id='word_1_509' title='bbox 2851 2571 2907 2619; x_wconf 94' lang='lat' dir='ltr'><strong>et</strong></span> <span class='ocrx_word' id='word_1_510' title='bbox 2957 2564 3229 2636; x_wconf 88' lang='lat' dir='ltr'><strong>quomodo</strong></span> <span class='ocrx_word' id='word_1_511' title='bbox 3278 2573 3424 2620; x_wconf 91' lang='lat' dir='ltr'><strong>esset</strong></span> <span class='ocrx_word' id='word_1_512' title='bbox 3468 2565 3645 2637; x_wconf 87' lang='lat' dir='ltr'><strong>posita</strong></span> 
     </span>
    </p>
   </div>
   <div class='ocr_carea' id='block_1_71' title="bbox 2054 2655 3646 2729">
    <p class='ocr_par' dir='ltr' id='par_1_71' title="bbox 2054 2655 3646 2729">
     <span class='ocr_line' id='line_1_71' title="bbox 2054 2655 3646 2729; baseline 0.001 -19"><span class='ocrx_word' id='word_1_513' title='bbox 2054 2655 2203 2729; x_wconf 87' lang='lat' dir='ltr'><strong>(solis</strong></span> <span class='ocrx_word' id='word_1_514' title='bbox 2232 2657 2320 2726; x_wconf 85' lang='lat' dir='ltr'><strong>iis)</strong></span> <span class='ocrx_word' id='word_1_515' title='bbox 2351 2655 2525 2711; x_wconf 90' lang='lat' dir='ltr'><strong>solum</strong></span> <span class='ocrx_word' id='word_1_516' title='bbox 2556 2657 2656 2722; x_wconf 89' lang='lat' dir='ltr'><strong>eis,</strong></span> <span class='ocrx_word' id='word_1_517' title='bbox 2690 2656 2779 2726; x_wconf 88' lang='lat' dir='ltr'><strong>qui</strong></span> <span class='ocrx_word' id='word_1_518' title='bbox 2807 2656 3088 2713; x_wconf 90' lang='lat' dir='ltr'><strong>oraculum</strong></span> <span class='ocrx_word' id='word_1_519' title='bbox 3111 2656 3429 2723; x_wconf 88' lang='lat' dir='ltr'><strong>intrassent,</strong></span> <span class='ocrx_word' id='word_1_520' title='bbox 3462 2657 3646 2712; x_wconf 89' lang='lat' dir='ltr'><strong>videre</strong></span> 
     </span>
    </p>
   </div>
   <div class='ocr_carea' id='block_1_72' title="bbox 2051 2745 3643 2821">
    <p class='ocr_par' dir='ltr' id='par_1_72' title="bbox 2051 2745 3643 2821">
     <span class='ocr_line' id='line_1_72' title="bbox 2051 2745 3643 2821; baseline 0.001 -19"><span class='ocrx_word' id='word_1_521' title='bbox 2051 2745 2274 2813; x_wconf 84' lang='lat' dir='ltr'><strong>licebat,</strong></span> <span class='ocrx_word' id='word_1_522' title='bbox 2305 2749 2432 2819; x_wconf 92' lang='lat' dir='ltr'><strong>quia</strong></span> <span class='ocrx_word' id='word_1_523' title='bbox 2483 2749 2661 2804; x_wconf 87' lang='lat' dir='ltr'><strong>nullus</strong></span> <span class='ocrx_word' id='word_1_524' title='bbox 2687 2757 3000 2804; x_wconf 89' lang='lat' dir='ltr'><strong>sanctorum</strong></span> <span class='ocrx_word' id='word_1_525' title='bbox 3032 2748 3213 2803; x_wconf 86' lang='lat' dir='ltr'><strong>adhuc</strong></span> <span class='ocrx_word' id='word_1_526' title='bbox 3259 2748 3371 2803; x_wconf 89' lang='lat' dir='ltr'><strong>vita</strong></span> <span class='ocrx_word' id='word_1_527' title='bbox 3412 2748 3643 2821; x_wconf 88' lang='lat' dir='ltr'><strong>positus,</strong></span> 
     </span>
    </p>
   </div>
   <div class='ocr_carea' id='block_1_73' title="bbox 2054 2839 3642 2908">
    <p class='ocr_par' dir='ltr' id='par_1_73' title="bbox 2054 2839 3642 2908">
     <span class='ocr_line' id='line_1_73' title="bbox 2054 2839 3642 2908; baseline 0.002 -13"><span class='ocrx_word' id='word_1_528' title='bbox 2054 2839 2275 2896; x_wconf 85' lang='lat' dir='ltr'><strong>tametsi</strong></span> <span class='ocrx_word' id='word_1_529' title='bbox 2325 2840 2550 2896; x_wconf 91' lang='lat' dir='ltr'><strong>multum</strong></span> <span class='ocrx_word' id='word_1_530' title='bbox 2585 2841 2639 2895; x_wconf 89' lang='lat' dir='ltr'><strong>in</strong></span> <span class='ocrx_word' id='word_1_531' title='bbox 2685 2839 2969 2896; x_wconf 90' lang='lat' dir='ltr'><strong>altitudine</strong></span> <span class='ocrx_word' id='word_1_532' title='bbox 3020 2857 3077 2897; x_wconf 88' lang='lat' dir='ltr'><strong>se</strong></span> <span class='ocrx_word' id='word_1_533' title='bbox 3124 2840 3324 2897; x_wconf 89' lang='lat' dir='ltr'><strong>mentis</strong></span> <span class='ocrx_word' id='word_1_534' title='bbox 3368 2840 3642 2908; x_wconf 86' lang='lat' dir='ltr'><strong>attollens,</strong></span> 
     </span>
    </p>
   </div>
   <div class='ocr_carea' id='block_1_74' title="bbox 2053 2928 3647 3004">
    <p class='ocr_par' dir='ltr' id='par_1_74' title="bbox 2053 2928 3647 3004">
     <span class='ocr_line' id='line_1_74' title="bbox 2053 2928 3647 3004; baseline 0 -17"><span class='ocrx_word' id='word_1_535' title='bbox 2053 2932 2148 2988; x_wconf 88' lang='lat' dir='ltr'><strong>sed</strong></span> <span class='ocrx_word' id='word_1_536' title='bbox 2185 2928 2287 2988; x_wconf 89' lang='lat' dir='ltr'><strong>soli</strong></span> <span class='ocrx_word' id='word_1_537' title='bbox 2326 2931 2470 2988; x_wconf 91' lang='lat' dir='ltr'><strong>illius</strong></span> <span class='ocrx_word' id='word_1_538' title='bbox 2498 2932 2686 3003; x_wconf 77' lang='lat' dir='ltr'><strong>patria:</strong></span> <span class='ocrx_word' id='word_1_539' title='bbox 2711 2931 2862 2987; x_wconf 87' lang='lat' dir='ltr'><strong>cives</strong></span> <span class='ocrx_word' id='word_1_540' title='bbox 2889 2931 3116 3004; x_wconf 89' lang='lat' dir='ltr'><strong>gloriam</strong></span> <span class='ocrx_word' id='word_1_541' title='bbox 3142 2931 3276 2987; x_wconf 91' lang='lat' dir='ltr'><strong>inibi</strong></span> <span class='ocrx_word' id='word_1_542' title='bbox 3305 2931 3389 2987; x_wconf 91' lang='lat' dir='ltr'><strong>sui</strong></span> <span class='ocrx_word' id='word_1_543' title='bbox 3416 2932 3647 2987; x_wconf 74' lang='lat' dir='ltr'><strong>Redem-</strong></span> 
     </span>
    </p>
   </div>
   <div class='ocr_carea' id='block_1_75' title="bbox 2052 3022 3647 3097">
    <p class='ocr_par' dir='ltr' id='par_1_75' title="bbox 2052 3022 3647 3097">
     <span class='ocr_line' id='line_1_75' title="bbox 2052 3022 3647 3097; baseline 0.003 -20"><span class='ocrx_word' id='word_1_544' title='bbox 2052 3024 2225 3097; x_wconf 90' lang='lat' dir='ltr'><strong>ptoris</strong></span> <span class='ocrx_word' id='word_1_545' title='bbox 2254 3022 2443 3097; x_wconf 87' lang='lat' dir='ltr'><strong>(plene)</strong></span> <span class='ocrx_word' id='word_1_546' title='bbox 2480 3024 2639 3095; x_wconf 90' lang='lat' dir='ltr'><strong>plane</strong></span> <span class='ocrx_word' id='word_1_547' title='bbox 2682 3028 3028 3080; x_wconf 90' lang='lat' dir='ltr'><strong>contuentur.</strong></span> <span class='ocrx_word' id='word_1_548' title='bbox 3063 3023 3204 3080; x_wconf 90' lang='lat' dir='ltr'><strong>Sunt</strong></span> <span class='ocrx_word' id='word_1_549' title='bbox 3226 3031 3280 3079; x_wconf 90' lang='lat' dir='ltr'><strong>et</strong></span> <span class='ocrx_word' id='word_1_550' title='bbox 3307 3033 3491 3080; x_wconf 84' lang='lat' dir='ltr'><strong>vectes</strong></span> <span class='ocrx_word' id='word_1_551' title='bbox 3519 3040 3647 3081; x_wconf 88' lang='lat' dir='ltr'><strong>cum</strong></span> 
     </span>
    </p>
   </div>
   <div class='ocr_carea' id='block_1_76' title="bbox 2054 3115 3641 3188">
    <p class='ocr_par' dir='ltr' id='par_1_76' title="bbox 2054 3115 3641 3188">
     <span class='ocr_line' id='line_1_76' title="bbox 2054 3115 3641 3188; baseline 0.003 -17"><span class='ocrx_word' id='word_1_552' title='bbox 2054 3130 2181 3171; x_wconf 83' lang='lat' dir='ltr'><strong>arca</strong></span> <span class='ocrx_word' id='word_1_553' title='bbox 2203 3116 2259 3171; x_wconf 88' lang='lat' dir='ltr'><strong>in</strong></span> <span class='ocrx_word' id='word_1_554' title='bbox 2288 3116 2509 3171; x_wconf 88' lang='lat' dir='ltr'><strong>oraculo</strong></span> <span class='ocrx_word' id='word_1_555' title='bbox 2534 3116 2822 3184; x_wconf 88' lang='lat' dir='ltr'><strong>reconditi,</strong></span> <span class='ocrx_word' id='word_1_556' title='bbox 2850 3115 2977 3188; x_wconf 89' lang='lat' dir='ltr'><strong>quia</strong></span> <span class='ocrx_word' id='word_1_557' title='bbox 3000 3116 3305 3174; x_wconf 87' lang='lat' dir='ltr'><strong>absconditi</strong></span> <span class='ocrx_word' id='word_1_558' title='bbox 3328 3124 3454 3173; x_wconf 92' lang='lat' dir='ltr'><strong>sunt</strong></span> <span class='ocrx_word' id='word_1_559' title='bbox 3475 3119 3641 3175; x_wconf 85' lang='lat' dir='ltr'><strong>etiam</strong></span> 
     </span>
    </p>
   </div>
   <div class='ocr_carea' id='block_1_77' title="bbox 2057 3204 3647 3280">
    <p class='ocr_par' dir='ltr' id='par_1_77' title="bbox 2057 3204 3647 3280">
     <span class='ocr_line' id='line_1_77' title="bbox 2057 3204 3647 3280; baseline 0.003 -19"><span class='ocrx_word' id='word_1_560' title='bbox 2057 3207 2452 3278; x_wconf 83' lang='lat' dir='ltr'><strong>nunc‘perl‘ecti</strong></span> <span class='ocrx_word' id='word_1_561' title='bbox 2477 3208 2678 3278; x_wconf 84' lang='lat' dir='ltr'><strong>quique</strong></span> <span class='ocrx_word' id='word_1_562' title='bbox 2707 3204 2886 3274; x_wconf 89' lang='lat' dir='ltr'><strong>electi,</strong></span> <span class='ocrx_word' id='word_1_563' title='bbox 2918 3208 3010 3278; x_wconf 92' lang='lat' dir='ltr'><strong>qui</strong></span> <span class='ocrx_word' id='word_1_564' title='bbox 3039 3225 3139 3264; x_wconf 93' lang='lat' dir='ltr'><strong>nos</strong></span> <span class='ocrx_word' id='word_1_565' title='bbox 3165 3218 3559 3280; x_wconf 72' lang='lat' dir='ltr'><strong>praecesserunt</strong></span> <span class='ocrx_word' id='word_1_566' title='bbox 3581 3210 3647 3266; x_wconf 89' lang='lat' dir='ltr'><strong>de</strong></span> 
     </span>
    </p>
   </div>
   <div class='ocr_carea' id='block_1_78' title="bbox 2060 3284 3647 3363">
    <p class='ocr_par' dir='ltr' id='par_1_78' title="bbox 2060 3284 3647 3363">
     <span class='ocr_line' id='line_1_78' title="bbox 2060 3284 3647 3363; baseline 0.001 -10"><span class='ocrx_word' id='word_1_567' title='bbox 2060 3284 2262 3353; x_wconf 83' lang='lat' dir='ltr'><strong>mundo</strong></span> <span class='ocrx_word' id='word_1_568' title='bbox 2292 3297 2347 3352; x_wconf 90' lang='lat' dir='ltr'><strong>in</strong></span> <span class='ocrx_word' id='word_1_569' title='bbox 2376 3297 2559 3352; x_wconf 88' lang='lat' dir='ltr'><strong>abdito</strong></span> <span class='ocrx_word' id='word_1_570' title='bbox 2600 3297 2782 3353; x_wconf 89' lang='lat' dir='ltr'><strong>vultus</strong></span> <span class='ocrx_word' id='word_1_571' title='bbox 2821 3296 2938 3363; x_wconf 87' lang='lat' dir='ltr'><strong>Dei,</strong></span> <span class='ocrx_word' id='word_1_572' title='bbox 2976 3314 3007 3352; x_wconf 93' lang='lat' dir='ltr'><strong>a</strong></span> <span class='ocrx_word' id='word_1_573' title='bbox 3038 3284 3449 3354; x_wconf 81' lang='lat' dir='ltr'><strong>conturbatione</strong></span> <span class='ocrx_word' id='word_1_574' title='bbox 3475 3294 3647 3355; x_wconf 87' lang='lat' dir='ltr'><strong>homi-</strong></span> 
     </span>
    </p>
   </div>
   <div class='ocr_carea' id='block_1_79' title="bbox 2057 3390 3647 3463">
    <p class='ocr_par' dir='ltr' id='par_1_79' title="bbox 2057 3390 3647 3463">
     <span class='ocr_line' id='line_1_79' title="bbox 2057 3390 3647 3463; baseline 0 -17"><span class='ocrx_word' id='word_1_575' title='bbox 2057 3408 2212 3456; x_wconf 87' lang='lat' dir='ltr'><strong>num,</strong></span> <span class='ocrx_word' id='word_1_576' title='bbox 2265 3404 2493 3463; x_wconf 90' lang='lat' dir='ltr'><strong>quorum</strong></span> <span class='ocrx_word' id='word_1_577' title='bbox 2527 3398 2710 3445; x_wconf 89' lang='lat' dir='ltr'><strong>tamen</strong></span> <span class='ocrx_word' id='word_1_578' title='bbox 2742 3390 3087 3446; x_wconf 87' lang='lat' dir='ltr'><strong>summitates</strong></span> <span class='ocrx_word' id='word_1_579' title='bbox 3114 3390 3350 3445; x_wconf 84' lang='lat' dir='ltr'><strong>vectium</strong></span> <span class='ocrx_word' id='word_1_580' title='bbox 3397 3407 3647 3447; x_wconf 89' lang='lat' dir='ltr'><strong>nonnun-</strong></span> 
     </span>
    </p>
   </div>
   <div class='ocr_carea' id='block_1_80' title="bbox 2055 3480 3644 3554">
    <p class='ocr_par' dir='ltr' id='par_1_80' title="bbox 2055 3480 3644 3554">
     <span class='ocr_line' id='line_1_80' title="bbox 2055 3480 3644 3554; baseline -0.001 -16"><span class='ocrx_word' id='word_1_581' title='bbox 2055 3494 2221 3554; x_wconf 86' lang='lat' dir='ltr'><strong>quam</strong></span> <span class='ocrx_word' id='word_1_582' title='bbox 2246 3489 2435 3554; x_wconf 84' lang='lat' dir='ltr'><strong>aperto</strong></span> <span class='ocrx_word' id='word_1_583' title='bbox 2460 3480 2680 3537; x_wconf 87' lang='lat' dir='ltr'><strong>oraculo</strong></span> <span class='ocrx_word' id='word_1_584' title='bbox 2706 3480 2813 3548; x_wconf 90' lang='lat' dir='ltr'><strong>his,</strong></span> <span class='ocrx_word' id='word_1_585' title='bbox 2845 3480 2938 3552; x_wconf 89' lang='lat' dir='ltr'><strong>qui</strong></span> <span class='ocrx_word' id='word_1_586' title='bbox 2979 3481 3324 3552; x_wconf 87' lang='lat' dir='ltr'><strong>appropiant,</strong></span> <span class='ocrx_word' id='word_1_587' title='bbox 3357 3480 3644 3537; x_wconf 87' lang='lat' dir='ltr'><strong>visuntur:</strong></span> 
     </span>
    </p>
   </div>
   <div class='ocr_carea' id='block_1_81' title="bbox 2053 3573 3641 3647">
    <p class='ocr_par' dir='ltr' id='par_1_81' title="bbox 2053 3573 3641 3647">
     <span class='ocr_line' id='line_1_81' title="bbox 2053 3573 3641 3647; baseline -0.003 -14"><span class='ocrx_word' id='word_1_588' title='bbox 2053 3592 2181 3633; x_wconf 88' lang='lat' dir='ltr'><strong>cum</strong></span> <span class='ocrx_word' id='word_1_589' title='bbox 2206 3574 2625 3646; x_wconf 84' lang='lat' dir='ltr'><strong>perfectioribus</strong></span> <span class='ocrx_word' id='word_1_590' title='bbox 2654 3575 2978 3647; x_wconf 88' lang='lat' dir='ltr'><strong>quibusque,</strong></span> <span class='ocrx_word' id='word_1_591' title='bbox 3004 3582 3167 3644; x_wconf 88' lang='lat' dir='ltr'><strong>atque</strong></span> <span class='ocrx_word' id='word_1_592' title='bbox 3190 3574 3405 3630; x_wconf 92' lang='lat' dir='ltr'><strong>oculum</strong></span> <span class='ocrx_word' id='word_1_593' title='bbox 3428 3573 3512 3630; x_wconf 88' lang='lat' dir='ltr'><strong>sui</strong></span> <span class='ocrx_word' id='word_1_594' title='bbox 3533 3589 3641 3631; x_wconf 86' lang='lat' dir='ltr'><strong>cor-</strong></span> 
     </span>
    </p>
   </div>
   <div class='ocr_carea' id='block_1_82' title="bbox 2052 3666 3642 3739">
    <p class='ocr_par' dir='ltr' id='par_1_82' title="bbox 2052 3666 3642 3739">
     <span class='ocr_line' id='line_1_82' title="bbox 2052 3666 3642 3739; baseline -0.001 -16"><span class='ocrx_word' id='word_1_595' title='bbox 2052 3666 2140 3723; x_wconf 89' lang='lat' dir='ltr'><strong>dis</strong></span> <span class='ocrx_word' id='word_1_596' title='bbox 2164 3674 2277 3722; x_wconf 82' lang='lat' dir='ltr'><strong>tota</strong></span> <span class='ocrx_word' id='word_1_597' title='bbox 2329 3667 2630 3723; x_wconf 88' lang='lat' dir='ltr'><strong>intentione</strong></span> <span class='ocrx_word' id='word_1_598' title='bbox 2656 3666 3091 3737; x_wconf 84' lang='lat' dir='ltr'><strong>puriﬁcantibus,</strong></span> <span class='ocrx_word' id='word_1_599' title='bbox 3123 3666 3302 3722; x_wconf 90' lang='lat' dir='ltr'><strong>divina</strong></span> <span class='ocrx_word' id='word_1_600' title='bbox 3346 3667 3521 3739; x_wconf 89' lang='lat' dir='ltr'><strong>gratia</strong></span> <span class='ocrx_word' id='word_1_601' title='bbox 3548 3666 3642 3721; x_wconf 91' lang='lat' dir='ltr'><strong>ali-</strong></span> 
     </span>
    </p>
   </div>
   <div class='ocr_carea' id='block_1_83' title="bbox 2052 3762 3636 3833">
    <p class='ocr_par' dir='ltr' id='par_1_83' title="bbox 2052 3762 3636 3833">
     <span class='ocr_line' id='line_1_83' title="bbox 2052 3762 3636 3833; baseline -0.001 -18"><span class='ocrx_word' id='word_1_602' title='bbox 2052 3762 2186 3833; x_wconf 87' lang='lat' dir='ltr'><strong>quid</strong></span> <span class='ocrx_word' id='word_1_603' title='bbox 2215 3769 2517 3817; x_wconf 84' lang='lat' dir='ltr'><strong>extremum</strong></span> <span class='ocrx_word' id='word_1_604' title='bbox 2548 3762 2614 3818; x_wconf 89' lang='lat' dir='ltr'><strong>de</strong></span> <span class='ocrx_word' id='word_1_605' title='bbox 2645 3777 3004 3832; x_wconf 85' lang='lat' dir='ltr'><strong>supernorum</strong></span> <span class='ocrx_word' id='word_1_606' title='bbox 3043 3762 3238 3816; x_wconf 88' lang='lat' dir='ltr'><strong>civium</strong></span> <span class='ocrx_word' id='word_1_607' title='bbox 3285 3762 3481 3833; x_wconf 85' lang='lat' dir='ltr'><strong>gaudio</strong></span> <span class='ocrx_word' id='word_1_608' title='bbox 3511 3776 3636 3816; x_wconf 92' lang='lat' dir='ltr'><strong>con-</strong></span> 
     </span>
    </p>
   </div>
   <div class='ocr_carea' id='block_1_84' title="bbox 2055 3850 3642 3924">
    <p class='ocr_par' dir='ltr' id='par_1_84' title="bbox 2055 3850 3642 3924">
     <span class='ocr_line' id='line_1_84' title="bbox 2055 3850 3642 3924; baseline -0.001 -16"><span class='ocrx_word' id='word_1_609' title='bbox 2055 3853 2425 3924; x_wconf 85' lang='lat' dir='ltr'><strong>templandum</strong></span> <span class='ocrx_word' id='word_1_610' title='bbox 2460 3852 2763 3908; x_wconf 89' lang='lat' dir='ltr'><strong>donaverit.</strong></span> <span class='ocrx_word' id='word_1_611' title='bbox 2795 3852 2926 3920; x_wconf 75' lang='lat' dir='ltr'><strong>Quae</strong></span> <span class='ocrx_word' id='word_1_612' title='bbox 2958 3852 3216 3908; x_wconf 88' lang='lat' dir='ltr'><strong>nimirum</strong></span> <span class='ocrx_word' id='word_1_613' title='bbox 3260 3850 3642 3923; x_wconf 86' lang='lat' dir='ltr'><strong>contemplatio</strong></span> 
     </span>
    </p>
   </div>
   <div class='ocr_carea' id='block_1_85' title="bbox 2053 3940 3641 4018">
    <p class='ocr_par' dir='ltr' id='par_1_85' title="bbox 2053 3940 3641 4018">
     <span class='ocr_line' id='line_1_85' title="bbox 2053 3940 3641 4018; baseline -0.003 -12"><span class='ocrx_word' id='word_1_614' title='bbox 2053 3949 2163 4015; x_wconf 84' lang='lat' dir='ltr'><strong>his,</strong></span> <span class='ocrx_word' id='word_1_615' title='bbox 2193 3948 2283 4018; x_wconf 93' lang='lat' dir='ltr'><strong>qui</strong></span> <span class='ocrx_word' id='word_1_616' title='bbox 2314 3947 2473 4018; x_wconf 89' lang='lat' dir='ltr'><strong>paulo</strong></span> <span class='ocrx_word' id='word_1_617' title='bbox 2501 3940 2712 4018; x_wconf 89' lang='lat' dir='ltr'><strong>longius</strong></span> <span class='ocrx_word' id='word_1_618' title='bbox 2737 3954 3101 4013; x_wconf 90' lang='lat' dir='ltr'><strong>recesserunt,</strong></span> <span class='ocrx_word' id='word_1_619' title='bbox 3144 3944 3365 4001; x_wconf 88' lang='lat' dir='ltr'><strong>minimc</strong></span> <span class='ocrx_word' id='word_1_620' title='bbox 3392 3945 3641 4002; x_wconf 89' lang='lat' dir='ltr'><strong>concedi-</strong></span> 
     </span>
    </p>
   </div>
   <div class='ocr_carea' id='block_1_86' title="bbox 2052 4035 3635 4108">
    <p class='ocr_par' dir='ltr' id='par_1_86' title="bbox 2052 4035 3635 4108">
     <span class='ocr_line' id='line_1_86' title="bbox 2052 4035 3635 4108; baseline -0.001 -13"><span class='ocrx_word' id='word_1_621' title='bbox 2052 4046 2162 4104; x_wconf 86' lang='lat' dir='ltr'><strong>tur,</strong></span> <span class='ocrx_word' id='word_1_622' title='bbox 2213 4037 2339 4108; x_wconf 91' lang='lat' dir='ltr'><strong>quia</strong></span> <span class='ocrx_word' id='word_1_623' title='bbox 2386 4043 2586 4108; x_wconf 88' lang='lat' dir='ltr'><strong>quanta</strong></span> <span class='ocrx_word' id='word_1_624' title='bbox 2634 4035 2873 4091; x_wconf 81' lang='lat' dir='ltr'><strong>exterius</strong></span> <span class='ocrx_word' id='word_1_625' title='bbox 2918 4044 3099 4092; x_wconf 89' lang='lat' dir='ltr'><strong>mente</strong></span> <span class='ocrx_word' id='word_1_626' title='bbox 3144 4050 3278 4106; x_wconf 87' lang='lat' dir='ltr'><strong>vaga</strong></span> <span class='ocrx_word' id='word_1_627' title='bbox 3331 4044 3635 4104; x_wconf 88' lang='lat' dir='ltr'><strong>remanent,</strong></span> 
     </span>
    </p>
   </div>
   <div class='ocr_carea' id='block_1_87' title="bbox 2052 4116 3488 4200">
    <p class='ocr_par' dir='ltr' id='par_1_87' title="bbox 2052 4116 3488 4200">
     <span class='ocr_line' id='line_1_87' title="bbox 2052 4116 3488 4200; baseline -0.002 -15"><span class='ocrx_word' id='word_1_628' title='bbox 2052 4137 2205 4185; x_wconf 87' lang='lat' dir='ltr'><strong>tanto</strong></span> <span class='ocrx_word' id='word_1_629' title='bbox 2238 4128 2440 4195; x_wconf 90' lang='lat' dir='ltr'><strong>minus,</strong></span> <span class='ocrx_word' id='word_1_630' title='bbox 2467 4144 2588 4200; x_wconf 69' lang='lat' dir='ltr'><strong>qua:</strong></span> <span class='ocrx_word' id='word_1_631' title='bbox 2616 4116 2729 4183; x_wconf 85' lang='lat' dir='ltr'><strong>sint</strong></span> <span class='ocrx_word' id='word_1_632' title='bbox 2755 4128 2966 4184; x_wconf 89' lang='lat' dir='ltr'><strong>interna</strong></span> <span class='ocrx_word' id='word_1_633' title='bbox 2994 4126 3211 4199; x_wconf 89' lang='lat' dir='ltr'><strong>gaudia,</strong></span> <span class='ocrx_word' id='word_1_634' title='bbox 3238 4126 3445 4185; x_wconf 89' lang='lat' dir='ltr'><strong>vident.</strong></span> <span class='ocrx_word' id='word_1_635' title='bbox 3468 4148 3488 4182; x_wconf 75' lang='grc' dir='ltr'><strong><em>ι</em></strong></span> 
     </span>
    </p>
   </div>
   <div class='ocr_carea' id='block_1_88' title="bbox 2127 4218 3640 4294">
    <p class='ocr_par' dir='ltr' id='par_1_88' title="bbox 2127 4218 3640 4294">
     <span class='ocr_line' id='line_1_88' title="bbox 2127 4218 3640 4294; baseline 0.001 -19"><span class='ocrx_word' id='word_1_636' title='bbox 2127 4220 2309 4294; x_wconf 86' lang='lat' dir='ltr'><strong>(Vers.</strong></span> <span class='ocrx_word' id='word_1_637' title='bbox 2359 4218 2471 4285; x_wconf 76' lang='grc'><strong>10.)</strong></span> <span class='ocrx_word' id='word_1_638' title='bbox 2504 4219 2705 4276; x_wconf 88' lang='lat' dir='ltr'><strong>Deinde</strong></span> <span class='ocrx_word' id='word_1_639' title='bbox 2751 4220 2997 4292; x_wconf 89' lang='lat' dir='ltr'><strong>sequitur</strong></span> <span class='ocrx_word' id='word_1_640' title='bbox 3023 4238 3037 4275; x_wconf 89' lang='lat'><strong>:</strong></span> <span class='ocrx_word' id='word_1_641' title='bbox 3068 4218 3137 4275; x_wconf 85' lang='lat' dir='ltr'><strong>In</strong></span> <span class='ocrx_word' id='word_1_642' title='bbox 3176 4237 3302 4276; x_wconf 90' lang='lat' dir='ltr'><strong>arca</strong></span> <span class='ocrx_word' id='word_1_643' title='bbox 3330 4231 3504 4277; x_wconf 89' lang='lat' dir='ltr'><strong>autem</strong></span> <span class='ocrx_word' id='word_1_644' title='bbox 3537 4239 3640 4277; x_wconf 86' lang='lat' dir='ltr'><strong>non</strong></span> 
     </span>
    </p>
   </div>
   <div class='ocr_carea' id='block_1_89' title="bbox 2052 4311 3638 4385">
    <p class='ocr_par' dir='ltr' id='par_1_89' title="bbox 2052 4311 3638 4385">
     <span class='ocr_line' id='line_1_89' title="bbox 2052 4311 3638 4385; baseline -0.001 -15"><span class='ocrx_word' id='word_1_645' title='bbox 2052 4325 2166 4371; x_wconf 87' lang='lat' dir='ltr'><strong>erat</strong></span> <span class='ocrx_word' id='word_1_646' title='bbox 2195 4313 2367 4379; x_wconf 82' lang='lat' dir='ltr'><strong>aliud,</strong></span> <span class='ocrx_word' id='word_1_647' title='bbox 2394 4313 2494 4368; x_wconf 85' lang='lat' dir='ltr'><strong>nisi</strong></span> <span class='ocrx_word' id='word_1_648' title='bbox 2516 4313 2637 4368; x_wconf 69' lang='lat' dir='ltr'><strong>duce</strong></span> <span class='ocrx_word' id='word_1_649' title='bbox 2665 4311 2859 4369; x_wconf 73' lang='lat' dir='ltr'><strong>tabula:</strong></span> <span class='ocrx_word' id='word_1_650' title='bbox 2885 4311 3131 4384; x_wconf 70' lang='lat' dir='ltr'><strong>lapidem,</strong></span> <span class='ocrx_word' id='word_1_651' title='bbox 3159 4330 3289 4385; x_wconf 88' lang='lat' dir='ltr'><strong>quas</strong></span> <span class='ocrx_word' id='word_1_652' title='bbox 3316 4323 3564 4384; x_wconf 83' lang='lat' dir='ltr'><strong>posuerat</strong></span> <span class='ocrx_word' id='word_1_653' title='bbox 3584 4312 3638 4368; x_wconf 85' lang='lat' dir='ltr'><strong>in</strong></span> 
     </span>
    </p>
   </div>
   <div class='ocr_carea' id='block_1_90' title="bbox 2052 4402 3640 4477">
    <p class='ocr_par' dir='ltr' id='par_1_90' title="bbox 2052 4402 3640 4477">
     <span class='ocr_line' id='line_1_90' title="bbox 2052 4402 3640 4477; baseline -0.001 -17"><span class='ocrx_word' id='word_1_654' title='bbox 2052 4422 2115 4461; x_wconf 88' lang='lat' dir='ltr'><strong>ea</strong></span> <span class='ocrx_word' id='word_1_655' title='bbox 2144 4404 2349 4477; x_wconf 79' lang='lat' dir='ltr'><strong>Moyses</strong></span> <span class='ocrx_word' id='word_1_656' title='bbox 2392 4405 2448 4459; x_wconf 88' lang='lat' dir='ltr'><strong>in</strong></span> <span class='ocrx_word' id='word_1_657' title='bbox 2477 4402 2637 4470; x_wconf 86' lang='lat' dir='ltr'><strong>Oreb,</strong></span> <span class='ocrx_word' id='word_1_658' title='bbox 2685 4404 2898 4475; x_wconf 91' lang='lat' dir='ltr'><strong>quando</strong></span> <span class='ocrx_word' id='word_1_659' title='bbox 2932 4405 3125 4477; x_wconf 85' lang='lat' dir='ltr'><strong>pepigit</strong></span> <span class='ocrx_word' id='word_1_660' title='bbox 3167 4402 3337 4474; x_wconf 74' lang='lat' dir='ltr'><strong>fwdus</strong></span> <span class='ocrx_word' id='word_1_661' title='bbox 3385 4404 3640 4459; x_wconf 87' lang='lat' dir='ltr'><strong>Dominus</strong></span> 
     </span>
    </p>
   </div>
   <div class='ocr_carea' id='block_1_91' title="bbox 2054 4494 3638 4567">
    <p class='ocr_par' dir='ltr' id='par_1_91' title="bbox 2054 4494 3638 4567">
     <span class='ocr_line' id='line_1_91' title="bbox 2054 4494 3638 4567; baseline 0 -16"><span class='ocrx_word' id='word_1_662' title='bbox 2054 4512 2171 4551; x_wconf 87' lang='lat' dir='ltr'><strong>cum</strong></span> <span class='ocrx_word' id='word_1_663' title='bbox 2197 4495 2323 4566; x_wconf 80' lang='lat' dir='ltr'><strong>[iliis</strong></span> <span class='ocrx_word' id='word_1_664' title='bbox 2352 4494 2541 4562; x_wconf 81' lang='lat' dir='ltr'><strong>Israel,</strong></span> <span class='ocrx_word' id='word_1_665' title='bbox 2571 4512 2691 4549; x_wconf 88' lang='lat' dir='ltr'><strong>cum</strong></span> <span class='ocrx_word' id='word_1_666' title='bbox 2720 4496 3087 4567; x_wconf 87' lang='lat' dir='ltr'><strong>egrederentur</strong></span> <span class='ocrx_word' id='word_1_667' title='bbox 3131 4495 3197 4551; x_wconf 90' lang='lat' dir='ltr'><strong>de</strong></span> <span class='ocrx_word' id='word_1_668' title='bbox 3220 4505 3361 4550; x_wconf 89' lang='lat' dir='ltr'><strong>terra</strong></span> <span class='ocrx_word' id='word_1_669' title='bbox 3395 4494 3638 4567; x_wconf 67' lang='lat' dir='ltr'><strong>Egypti.</strong></span> 
     </span>
    </p>
   </div>
   <div class='ocr_carea' id='block_1_92' title="bbox 362 4586 3637 4685">
    <p class='ocr_par' dir='ltr' id='par_1_92' title="bbox 362 4586 3637 4685">
     <span class='ocr_line' id='line_1_92' title="bbox 362 4586 3637 4685; baseline 0 -41"><span class='ocrx_word' id='word_1_670' title='bbox 362 4588 598 4660; x_wconf 85' lang='lat' dir='ltr'><strong>Cumque</strong></span> <span class='ocrx_word' id='word_1_671' title='bbox 622 4588 907 4643; x_wconf 87' lang='lat' dir='ltr'><strong>eminerent</strong></span> <span class='ocrx_word' id='word_1_672' title='bbox 936 4598 1121 4654; x_wconf 84' lang='lat' dir='ltr'><strong>vectes,</strong></span> <span class='ocrx_word' id='word_1_673' title='bbox 1167 4598 1578 4664; x_wconf 87' lang='lat' dir='ltr'><strong>apparerentque</strong></span> <span class='ocrx_word' id='word_1_674' title='bbox 1620 4595 1945 4653; x_wconf 86' lang='lat' dir='ltr'><strong>summitates</strong></span> <span class='ocrx_word' id='word_1_675' title='bbox 1973 4616 2029 4685; x_wconf 65' lang='grc' dir='ltr'><strong><em>Β</em></strong></span> <span class='ocrx_word' id='word_1_676' title='bbox 2054 4587 2235 4656; x_wconf 63' lang='lat' dir='ltr'><strong>Quaeri</strong></span> <span class='ocrx_word' id='word_1_677' title='bbox 2280 4594 2459 4658; x_wconf 89' lang='lat' dir='ltr'><strong>potest</strong></span> <span class='ocrx_word' id='word_1_678' title='bbox 2495 4588 2765 4658; x_wconf 89' lang='lat' dir='ltr'><strong>quomodo</strong></span> <span class='ocrx_word' id='word_1_679' title='bbox 2805 4587 2895 4644; x_wconf 87' lang='lat' dir='ltr'><strong>hic</strong></span> <span class='ocrx_word' id='word_1_680' title='bbox 2923 4588 3069 4644; x_wconf 91' lang='lat' dir='ltr'><strong>dicat</strong></span> <span class='ocrx_word' id='word_1_681' title='bbox 3095 4586 3239 4659; x_wconf 91' lang='lat' dir='ltr'><strong>quod</strong></span> <span class='ocrx_word' id='word_1_682' title='bbox 3280 4588 3335 4643; x_wconf 91' lang='lat' dir='ltr'><strong>in</strong></span> <span class='ocrx_word' id='word_1_683' title='bbox 3365 4603 3493 4644; x_wconf 88' lang='lat' dir='ltr'><strong>arca</strong></span> <span class='ocrx_word' id='word_1_684' title='bbox 3532 4604 3637 4644; x_wconf 91' lang='lat' dir='ltr'><strong>non</strong></span> 
     </span>
    </p>
   </div>
   <div class='ocr_carea' id='block_1_93' title="bbox 360 4676 1949 4755">
    <p class='ocr_par' dir='ltr' id='par_1_93' title="bbox 360 4676 1949 4755">
     <span class='ocr_line' id='line_1_93' title="bbox 360 4676 1949 4755; baseline 0.005 -24"><span class='ocrx_word' id='word_1_685' title='bbox 360 4692 542 4735; x_wconf 84' lang='lat' dir='ltr'><strong>eorum</strong></span> <span class='ocrx_word' id='word_1_686' title='bbox 570 4676 700 4749; x_wconf 75' lang='lat' dir='ltr'><strong>{oris</strong></span> <span class='ocrx_word' id='word_1_687' title='bbox 724 4678 1084 4733; x_wconf 82' lang='lat' dir='ltr'><strong>sanctuarium</strong></span> <span class='ocrx_word' id='word_1_688' title='bbox 1113 4688 1234 4733; x_wconf 88' lang='lat' dir='ltr'><strong>ante</strong></span> <span class='ocrx_word' id='word_1_689' title='bbox 1261 4678 1557 4749; x_wconf 86' lang='lat' dir='ltr'><strong>oraculum,</strong></span> <span class='ocrx_word' id='word_1_690' title='bbox 1591 4699 1694 4741; x_wconf 88' lang='lat' dir='ltr'><strong>non</strong></span> <span class='ocrx_word' id='word_1_691' title='bbox 1729 4700 1949 4755; x_wconf 88' lang='lat' dir='ltr'><strong>appare-</strong></span> 
     </span>
    </p>
   </div>
   <div class='ocr_carea' id='block_1_94' title="bbox 358 4768 1946 4849">
    <p class='ocr_par' dir='ltr' id='par_1_94' title="bbox 358 4768 1946 4849">
     <span class='ocr_line' id='line_1_94' title="bbox 358 4768 1946 4849; baseline 0.003 -22"><span class='ocrx_word' id='word_1_692' title='bbox 358 4772 488 4827; x_wconf 82' lang='lat' dir='ltr'><strong>bant</strong></span> <span class='ocrx_word' id='word_1_693' title='bbox 527 4768 669 4826; x_wconf 86' lang='lat' dir='ltr'><strong>ultra</strong></span> <span class='ocrx_word' id='word_1_694' title='bbox 697 4772 1018 4827; x_wconf 73' lang='lat' dir='ltr'><strong>extrinsecus</strong></span> <span class='ocrx_word' id='word_1_695' title='bbox 1045 4784 1064 4824; x_wconf 88' lang='lat'><strong><em>:</em></strong></span> <span class='ocrx_word' id='word_1_696' title='bbox 1095 4773 1185 4844; x_wconf 85' lang='lat' dir='ltr'><strong>qui</strong></span> <span class='ocrx_word' id='word_1_697' title='bbox 1229 4781 1279 4827; x_wconf 89' lang='lat' dir='ltr'><strong>et</strong></span> <span class='ocrx_word' id='word_1_698' title='bbox 1305 4772 1517 4844; x_wconf 84' lang='lat' dir='ltr'><strong>fuerunt</strong></span> <span class='ocrx_word' id='word_1_699' title='bbox 1562 4774 1634 4829; x_wconf 87' lang='lat' dir='ltr'><strong>ibi</strong></span> <span class='ocrx_word' id='word_1_700' title='bbox 1680 4792 1845 4849; x_wconf 84' lang='lat' dir='ltr'><strong>usque</strong></span> <span class='ocrx_word' id='word_1_701' title='bbox 1890 4776 1946 4833; x_wconf 85' lang='lat' dir='ltr'><strong>in</strong></span> 
     </span>
    </p>
   </div>
   <div class='ocr_carea' id='block_1_95' title="bbox 358 4860 1944 4939">
    <p class='ocr_par' dir='ltr' id='par_1_95' title="bbox 358 4860 1944 4939">
     <span class='ocr_line' id='line_1_95' title="bbox 358 4860 1944 4939; baseline 0.007 -26"><span class='ocrx_word' id='word_1_702' title='bbox 358 4872 672 4933; x_wconf 76' lang='lat' dir='ltr'><strong>prwsentem</strong></span> <span class='ocrx_word' id='word_1_703' title='bbox 691 4860 847 4915; x_wconf 86' lang='lat' dir='ltr'><strong>diem.</strong></span> <span class='ocrx_word' id='word_1_704' title='bbox 870 4880 888 4913; x_wconf 74' lang='grc' dir='ltr'>ί</span> <span class='ocrx_word' id='word_1_705' title='bbox 911 4860 1022 4917; x_wconf 81' lang='lat' dir='ltr'><strong>Hoc</strong></span> <span class='ocrx_word' id='word_1_706' title='bbox 1049 4861 1390 4919; x_wconf 81' lang='lat' dir='ltr'><strong>manifestius</strong></span> <span class='ocrx_word' id='word_1_707' title='bbox 1418 4865 1471 4918; x_wconf 91' lang='lat' dir='ltr'><strong>in</strong></span> <span class='ocrx_word' id='word_1_708' title='bbox 1492 4864 1944 4939; x_wconf 88' lang='lat' dir='ltr'><strong>Paralipomenon</strong></span> 
     </span>
    </p>
   </div>
   <div class='ocr_carea' id='block_1_96' title="bbox 356 4951 1946 5027">
    <p class='ocr_par' dir='ltr' id='par_1_96' title="bbox 356 4951 1946 5027">
     <span class='ocr_line' id='line_1_96' title="bbox 356 4951 1946 5027; baseline 0.005 -21"><span class='ocrx_word' id='word_1_709' title='bbox 356 4951 636 5007; x_wconf 74' lang='lat' dir='ltr'><strong>volumine</strong></span> <span class='ocrx_word' id='word_1_710' title='bbox 664 4951 923 5008; x_wconf 86' lang='lat' dir='ltr'><strong>scribitur</strong></span> <span class='ocrx_word' id='word_1_711' title='bbox 974 4951 1159 5027; x_wconf 88' lang='lat' dir='ltr'><strong>(Ibid.,</strong></span> <span class='ocrx_word' id='word_1_712' title='bbox 1186 4966 1321 5010; x_wconf 88' lang='lat' dir='ltr'><strong>vers.</strong></span> <span class='ocrx_word' id='word_1_713' title='bbox 1354 4954 1409 5026; x_wconf 89' lang='lat'><strong>9)</strong></span> <span class='ocrx_word' id='word_1_714' title='bbox 1444 4973 1458 5010; x_wconf 91' lang='lat'><strong>:</strong></span> <span class='ocrx_word' id='word_1_715' title='bbox 1495 4967 1518 4996; x_wconf 80' lang='grc' dir='ltr'><strong>ο</strong></span> <span class='ocrx_word' id='word_1_716' title='bbox 1564 4954 1819 5025; x_wconf 86' lang='lat' dir='ltr'><strong>Vectium,</strong></span> <span class='ocrx_word' id='word_1_717' title='bbox 1862 4957 1946 5014; x_wconf 88' lang='lat' dir='ltr'><strong>in-</strong></span> 
     </span>
    </p>
   </div>
   <div class='ocr_carea' id='block_1_97' title="bbox 356 5044 1947 5121">
    <p class='ocr_par' dir='ltr' id='par_1_97' title="bbox 356 5044 1947 5121">
     <span class='ocr_line' id='line_1_97' title="bbox 356 5044 1947 5121; baseline 0.004 -22"><span class='ocrx_word' id='word_1_718' title='bbox 356 5044 501 5115; x_wconf 91' lang='lat' dir='ltr'><strong>quit,</strong></span> <span class='ocrx_word' id='word_1_719' title='bbox 531 5044 718 5118; x_wconf 81' lang='lat' dir='ltr'><strong>quibus</strong></span> <span class='ocrx_word' id='word_1_720' title='bbox 747 5044 1030 5115; x_wconf 87' lang='lat' dir='ltr'><strong>portabant</strong></span> <span class='ocrx_word' id='word_1_721' title='bbox 1049 5060 1249 5111; x_wconf 89' lang='lat' dir='ltr'><strong>arcam,</strong></span> <span class='ocrx_word' id='word_1_722' title='bbox 1286 5047 1412 5117; x_wconf 89' lang='lat' dir='ltr'><strong>quia</strong></span> <span class='ocrx_word' id='word_1_723' title='bbox 1440 5046 1718 5118; x_wconf 86' lang='lat' dir='ltr'><strong>paululum</strong></span> <span class='ocrx_word' id='word_1_724' title='bbox 1748 5048 1947 5121; x_wconf 71' lang='lat' dir='ltr'><strong>longio-</strong></span> 
     </span>
    </p>
   </div>
   <div class='ocr_carea' id='block_1_98' title="bbox 352 5133 1949 5211">
    <p class='ocr_par' dir='ltr' id='par_1_98' title="bbox 352 5133 1949 5211">
     <span class='ocr_line' id='line_1_98' title="bbox 352 5133 1949 5211; baseline 0.004 -22"><span class='ocrx_word' id='word_1_725' title='bbox 352 5144 447 5189; x_wconf 65' lang='lat' dir='ltr'><strong>res</strong></span> <span class='ocrx_word' id='word_1_726' title='bbox 467 5145 641 5202; x_wconf 85' lang='lat' dir='ltr'><strong>erant,</strong></span> <span class='ocrx_word' id='word_1_727' title='bbox 669 5136 842 5208; x_wconf 83' lang='lat' dir='ltr'><strong>capita</strong></span> <span class='ocrx_word' id='word_1_728' title='bbox 868 5136 1121 5206; x_wconf 84' lang='lat' dir='ltr'><strong>parebant</strong></span> <span class='ocrx_word' id='word_1_729' title='bbox 1146 5134 1573 5190; x_wconf 86' lang='lat' dir='ltr'><strong>anteoraculum.</strong></span> <span class='ocrx_word' id='word_1_730' title='bbox 1599 5133 1658 5192; x_wconf 86' lang='lat' dir='ltr'><strong>Si</strong></span> <span class='ocrx_word' id='word_1_731' title='bbox 1685 5152 1802 5194; x_wconf 88' lang='lat' dir='ltr'><strong>vero</strong></span> <span class='ocrx_word' id='word_1_732' title='bbox 1830 5141 1949 5211; x_wconf 88' lang='lat' dir='ltr'><strong>quis</strong></span> 
     </span>
    </p>
   </div>
   <div class='ocr_carea' id='block_1_99' title="bbox 352 5225 1945 5307">
    <p class='ocr_par' dir='ltr' id='par_1_99' title="bbox 352 5225 1945 5307">
     <span class='ocr_line' id='line_1_99' title="bbox 352 5225 1945 5307; baseline 0.003 -26"><span class='ocrx_word' id='word_1_733' title='bbox 352 5225 639 5299; x_wconf 75' lang='lat' dir='ltr'><strong>paululum</strong></span> <span class='ocrx_word' id='word_1_734' title='bbox 656 5225 848 5307; x_wconf 69' lang='lat' dir='ltr'><strong>[uisset</strong></span> <span class='ocrx_word' id='word_1_735' title='bbox 876 5226 1219 5293; x_wconf 70' lang='lat' dir='ltr'><strong>extrinsecus,</strong></span> <span class='ocrx_word' id='word_1_736' title='bbox 1243 5242 1332 5281; x_wconf 88' lang='lat' dir='ltr'><strong>eos</strong></span> <span class='ocrx_word' id='word_1_737' title='bbox 1360 5226 1533 5281; x_wconf 84' lang='lat' dir='ltr'><strong>videre</strong></span> <span class='ocrx_word' id='word_1_738' title='bbox 1558 5242 1663 5282; x_wconf 90' lang='lat' dir='ltr'><strong>non</strong></span> <span class='ocrx_word' id='word_1_739' title='bbox 1683 5236 1945 5299; x_wconf 84' lang='lat' dir='ltr'><strong>poterant.</strong></span> 
     </span>
    </p>
   </div>
   <div class='ocr_carea' id='block_1_100' title="bbox 354 5319 1949 5393">
    <p class='ocr_par' dir='ltr' id='par_1_100' title="bbox 354 5319 1949 5393">
     <span class='ocr_line' id='line_1_100' title="bbox 354 5319 1949 5393; baseline 0.002 -15"><span class='ocrx_word' id='word_1_740' title='bbox 354 5319 466 5378; x_wconf 73' lang='lat' dir='ltr'><strong>Ubi</strong></span> <span class='ocrx_word' id='word_1_741' title='bbox 500 5323 820 5389; x_wconf 86' lang='lat' dir='ltr'><strong>notandum,</strong></span> <span class='ocrx_word' id='word_1_742' title='bbox 848 5320 977 5393; x_wconf 83' lang='lat' dir='ltr'><strong>quia</strong></span> <span class='ocrx_word' id='word_1_743' title='bbox 1006 5326 1061 5377; x_wconf 92' lang='lat' dir='ltr'><strong>et</strong></span> <span class='ocrx_word' id='word_1_744' title='bbox 1085 5320 1131 5376; x_wconf 88' lang='lat' dir='ltr'><strong>si</strong></span> <span class='ocrx_word' id='word_1_745' title='bbox 1165 5320 1346 5392; x_wconf 89' lang='lat' dir='ltr'><strong>capita</strong></span> <span class='ocrx_word' id='word_1_746' title='bbox 1373 5320 1613 5376; x_wconf 86' lang='lat' dir='ltr'><strong>vectium</strong></span> <span class='ocrx_word' id='word_1_747' title='bbox 1639 5322 1949 5381; x_wconf 89' lang='lat' dir='ltr'><strong>accedenti-</strong></span> 
     </span>
    </p>
   </div>
   <div class='ocr_carea' id='block_1_101' title="bbox 429 5475 1870 5548">
    <p class='ocr_par' dir='ltr' id='par_1_101' title="bbox 429 5475 1870 5548">
     <span class='ocr_line' id='line_1_101' title="bbox 429 5475 1870 5548; baseline 0.008 -26"><span class='ocrx_word' id='word_1_748' title='bbox 429 5492 457 5522; x_wconf 72' lang='grc' dir='ltr'>ι</span> <span class='ocrx_word' id='word_1_749' title='bbox 496 5478 626 5548; x_wconf 66' lang='lat' dir='ltr'><strong>Qua</strong></span> <span class='ocrx_word' id='word_1_750' title='bbox 656 5478 876 5536; x_wconf 79' lang='lat' dir='ltr'><strong>lineolis</strong></span> <span class='ocrx_word' id='word_1_751' title='bbox 906 5485 1116 5543; x_wconf 86' lang='lat' dir='ltr'><strong>carent,</strong></span> <span class='ocrx_word' id='word_1_752' title='bbox 1154 5476 1412 5548; x_wconf 78' lang='lat' dir='ltr'><strong>Rabanus</strong></span> <span class='ocrx_word' id='word_1_753' title='bbox 1440 5475 1665 5533; x_wconf 83' lang='lat' dir='ltr'><strong>minime</strong></span> <span class='ocrx_word' id='word_1_754' title='bbox 1686 5477 1870 5536; x_wconf 86' lang='lat' dir='ltr'><strong>habet.</strong></span> 
     </span>
    </p>
   </div>
   <div class='ocr_carea' id='block_1_102' title="bbox 430 5547 1942 5621">
    <p class='ocr_par' dir='ltr' id='par_1_102' title="bbox 430 5547 1942 5621">
     <span class='ocr_line' id='line_1_102' title="bbox 430 5547 1942 5621; baseline 0.001 -14"><span class='ocrx_word' id='word_1_755' title='bbox 430 5550 459 5592; x_wconf 72' lang='grc' dir='ltr'><strong>ιι</strong></span> <span class='ocrx_word' id='word_1_756' title='bbox 680 5550 941 5609; x_wconf 77' lang='lat' dir='ltr'><strong>Babanus</strong></span> <span class='ocrx_word' id='word_1_757' title='bbox 958 5565 974 5606; x_wconf 90' lang='lat'><strong>:</strong></span> <span class='ocrx_word' id='word_1_758' title='bbox 989 5549 1214 5621; x_wconf 80' lang='lat' dir='ltr'><strong>altitudo</strong></span> <span class='ocrx_word' id='word_1_759' title='bbox 1230 5547 1330 5619; x_wconf 77' lang='lat' dir='ltr'><strong>fuit</strong></span> <span class='ocrx_word' id='word_1_760' title='bbox 1342 5548 1942 5621; x_wconf 64' lang='lat' dir='ltr'><strong>sexagintacubitoruu.</strong></span> 
     </span>
    </p>
   </div>
   <div class='ocr_carea' id='block_1_103' title="bbox 436 5618 1275 5679">
    <p class='ocr_par' dir='ltr' id='par_1_103' title="bbox 436 5618 1275 5679">
     <span class='ocr_line' id='line_1_103' title="bbox 436 5618 1275 5679; baseline -0.006 0"><span class='ocrx_word' id='word_1_761' title='bbox 436 5632 460 5661; x_wconf 75' lang='grc' dir='ltr'><strong>ο</strong></span> <span class='ocrx_word' id='word_1_762' title='bbox 504 5620 780 5679; x_wconf 83' lang='lat' dir='ltr'><strong>Hactenus</strong></span> <span class='ocrx_word' id='word_1_763' title='bbox 803 5623 967 5678; x_wconf 86' lang='lat' dir='ltr'><strong>etiam</strong></span> <span class='ocrx_word' id='word_1_764' title='bbox 1000 5618 1275 5676; x_wconf 81' lang='lat' dir='ltr'><strong>Rabanus.</strong></span> 
     </span>
    </p>
   </div>
   <div class='ocr_carea' id='block_1_104' title="bbox 434 5690 1943 5766">
    <p class='ocr_par' dir='ltr' id='par_1_104' title="bbox 434 5690 1943 5766">
     <span class='ocr_line' id='line_1_104' title="bbox 434 5690 1943 5766; baseline 0.001 -19"><span class='ocrx_word' id='word_1_765' title='bbox 434 5690 462 5732; x_wconf 73' lang='grc' dir='ltr'>ἀ</span> <span class='ocrx_word' id='word_1_766' title='bbox 480 5690 743 5766; x_wconf 23' lang='lat' dir='ltr'><strong>vPlu‘rima</strong></span> <span class='ocrx_word' id='word_1_767' title='bbox 771 5690 977 5766; x_wconf 76' lang='lat' dir='ltr'><strong>omittit</strong></span> <span class='ocrx_word' id='word_1_768' title='bbox 987 5692 1169 5766; x_wconf 77' lang='lat' dir='ltr'><strong>codex</strong></span> <span class='ocrx_word' id='word_1_769' title='bbox 1193 5697 1398 5759; x_wconf 86' lang='lat' dir='ltr'><strong>noster,</strong></span> <span class='ocrx_word' id='word_1_770' title='bbox 1428 5702 1549 5766; x_wconf 63' lang='lat' dir='ltr'><strong>qua:</strong></span> <span class='ocrx_word' id='word_1_771' title='bbox 1571 5690 1736 5748; x_wconf 88' lang='lat' dir='ltr'><strong>habet</strong></span> <span class='ocrx_word' id='word_1_772' title='bbox 1754 5691 1943 5766; x_wconf 78' lang='lat' dir='ltr'><strong>vulga-</strong></span> 
     </span>
    </p>
   </div>
   <div class='ocr_carea' id='block_1_105' title="bbox 352 5762 1945 5889">
    <p class='ocr_par' dir='ltr' id='par_1_105' title="bbox 352 5762 1945 5889">
     <span class='ocr_line' id='line_1_105' title="bbox 352 5762 1945 5889; baseline 0.001 -69"><span class='ocrx_word' id='word_1_773' title='bbox 352 5771 451 5889; x_wconf 55' lang='lat' dir='ltr'><strong>gs</strong></span> <span class='ocrx_word' id='word_1_774' title='bbox 478 5764 780 5821; x_wconf 83' lang='lat' dir='ltr'><strong>Eucherius</strong></span> <span class='ocrx_word' id='word_1_775' title='bbox 803 5778 871 5833; x_wconf 76' lang='lat' dir='ltr'><strong>ex</strong></span> <span class='ocrx_word' id='word_1_776' title='bbox 886 5764 1037 5829; x_wconf 76' lang='lat' dir='ltr'><strong>Beda</strong></span> <span class='ocrx_word' id='word_1_777' title='bbox 1072 5763 1357 5832; x_wconf 82' lang='lat' dir='ltr'><strong>desumpta</strong></span> <span class='ocrx_word' id='word_1_778' title='bbox 1378 5779 1391 5792; x_wconf 92' lang='grc'><strong>·</strong></span> <span class='ocrx_word' id='word_1_779' title='bbox 1428 5762 1495 5819; x_wconf 90' lang='lat' dir='ltr'><strong>ad</strong></span> <span class='ocrx_word' id='word_1_780' title='bbox 1530 5778 1691 5835; x_wconf 90' lang='lat' dir='ltr'><strong>quem</strong></span> <span class='ocrx_word' id='word_1_781' title='bbox 1720 5762 1945 5834; x_wconf 61' lang='lat' dir='ltr'><strong>quidam</strong></span> 
     </span>
     <span class='ocr_line' id='line_1_106' title="bbox 421 5805 1942 5889; baseline 0.001 -1"><span class='ocrx_word' id='word_1_782' title='bbox 421 5844 508 5888; x_wconf 90' lang='lat' dir='ltr'><strong>em</strong></span> <span class='ocrx_word' id='word_1_783' title='bbox 538 5830 708 5889; x_wconf 81' lang='lat' dir='ltr'><strong>codex</strong></span> <span class='ocrx_word' id='word_1_784' title='bbox 754 5826 1037 5889; x_wconf 79' lang='lat' dir='ltr'><strong>Lectorem</strong></span> <span class='ocrx_word' id='word_1_785' title='bbox 1076 5828 1290 5889; x_wconf 61' lang='lat' dir='ltr'><strong>allegat.</strong></span> <span class='ocrx_word' id='word_1_786' title='bbox 1321 5805 1422 5888; x_wconf 72' lang='lat' dir='ltr'><strong>llic</strong></span> <span class='ocrx_word' id='word_1_787' title='bbox 1464 5832 1645 5889; x_wconf 87' lang='lat' dir='ltr'><strong>aliaua</strong></span> <span class='ocrx_word' id='word_1_788' title='bbox 1675 5840 1826 5889; x_wconf 84' lang='lat' dir='ltr'><strong>certe</strong></span> <span class='ocrx_word' id='word_1_789' title='bbox 1848 5830 1942 5889; x_wconf 83' lang='lat' dir='ltr'><strong>de-</strong></span> 
     </span>
    </p>
   </div>
   <div class='ocr_carea' id='block_1_106' title="bbox 421 5849 452 5888">
    <p class='ocr_par' dir='ltr' id='par_1_106' title="bbox 421 5849 452 5888">
     <span class='ocr_line' id='line_1_107' title="bbox 421 5849 452 5888; baseline 0 0"><span class='ocrx_word' id='word_1_790' title='bbox 421 5849 452 5888; x_wconf 76' lang='grc' dir='ltr'><strong><em>ε</em></strong></span> 
     </span>
    </p>
   </div>
   <div class='ocr_carea' id='block_1_107' title="bbox 2054 4676 3638 4752">
    <p class='ocr_par' dir='ltr' id='par_1_107' title="bbox 2054 4676 3638 4752">
     <span class='ocr_line' id='line_1_108' title="bbox 2054 4676 3638 4752; baseline -0.002 -14"><span class='ocrx_word' id='word_1_791' title='bbox 2054 4688 2202 4738; x_wconf 88' lang='lat' dir='ltr'><strong>esset</strong></span> <span class='ocrx_word' id='word_1_792' title='bbox 2224 4680 2393 4748; x_wconf 89' lang='lat' dir='ltr'><strong>aliud,</strong></span> <span class='ocrx_word' id='word_1_793' title='bbox 2423 4678 2527 4736; x_wconf 91' lang='lat' dir='ltr'><strong>nisi</strong></span> <span class='ocrx_word' id='word_1_794' title='bbox 2557 4679 2677 4736; x_wconf 75' lang='lat' dir='ltr'><strong>dua:</strong></span> <span class='ocrx_word' id='word_1_795' title='bbox 2704 4678 2899 4735; x_wconf 77' lang='lat' dir='ltr'><strong>tabulae</strong></span> <span class='ocrx_word' id='word_1_796' title='bbox 2931 4676 3249 4745; x_wconf 90' lang='lat' dir='ltr'><strong>testimonii,</strong></span> <span class='ocrx_word' id='word_1_797' title='bbox 3279 4695 3401 4735; x_wconf 90' lang='lat' dir='ltr'><strong>cum</strong></span> <span class='ocrx_word' id='word_1_798' title='bbox 3428 4690 3638 4752; x_wconf 88' lang='lat' dir='ltr'><strong>aposto-</strong></span> 
     </span>
    </p>
   </div>
   <div class='ocr_carea' id='block_1_108' title="bbox 2052 4770 3637 4846">
    <p class='ocr_par' dir='ltr' id='par_1_108' title="bbox 2052 4770 3637 4846">
     <span class='ocr_line' id='line_1_109' title="bbox 2052 4770 3637 4846; baseline 0.001 -16"><span class='ocrx_word' id='word_1_799' title='bbox 2052 4774 2141 4832; x_wconf 91' lang='lat' dir='ltr'><strong>lus</strong></span> <span class='ocrx_word' id='word_1_800' title='bbox 2166 4772 2386 4839; x_wconf 87' lang='lat' dir='ltr'><strong>Paulus,</strong></span> <span class='ocrx_word' id='word_1_801' title='bbox 2412 4772 2672 4846; x_wconf 88' lang='lat' dir='ltr'><strong>magister</strong></span> <span class='ocrx_word' id='word_1_802' title='bbox 2695 4772 2937 4845; x_wconf 87' lang='lat' dir='ltr'><strong>gentium</strong></span> <span class='ocrx_word' id='word_1_803' title='bbox 2964 4771 3019 4827; x_wconf 92' lang='lat' dir='ltr'><strong>in</strong></span> <span class='ocrx_word' id='word_1_804' title='bbox 3048 4770 3154 4827; x_wconf 85' lang='lat' dir='ltr'><strong>ﬁde</strong></span> <span class='ocrx_word' id='word_1_805' title='bbox 3180 4780 3235 4829; x_wconf 90' lang='lat' dir='ltr'><strong>et</strong></span> <span class='ocrx_word' id='word_1_806' title='bbox 3260 4772 3505 4840; x_wconf 86' lang='lat' dir='ltr'><strong>veritate,</strong></span> <span class='ocrx_word' id='word_1_807' title='bbox 3532 4773 3637 4831; x_wconf 83' lang='lat' dir='ltr'><strong>He-</strong></span> 
     </span>
    </p>
   </div>
   <div class='ocr_carea' id='block_1_109' title="bbox 2052 4859 3632 4940">
    <p class='ocr_par' dir='ltr' id='par_1_109' title="bbox 2052 4859 3632 4940">
     <span class='ocr_line' id='line_1_110' title="bbox 2052 4859 3632 4940; baseline -0.002 -16"><span class='ocrx_word' id='word_1_808' title='bbox 2052 4859 2239 4933; x_wconf 75' lang='lat' dir='ltr'><strong>braeis,</strong></span> <span class='ocrx_word' id='word_1_809' title='bbox 2255 4864 2309 4921; x_wconf 92' lang='lat' dir='ltr'><strong>id</strong></span> <span class='ocrx_word' id='word_1_810' title='bbox 2331 4871 2414 4921; x_wconf 92' lang='lat' dir='ltr'><strong>est</strong></span> <span class='ocrx_word' id='word_1_811' title='bbox 2434 4864 2558 4920; x_wconf 77' lang='lat' dir='ltr'><strong>[iliis</strong></span> <span class='ocrx_word' id='word_1_812' title='bbox 2580 4861 2767 4930; x_wconf 88' lang='lat' dir='ltr'><strong>israei,</strong></span> <span class='ocrx_word' id='word_1_813' title='bbox 2791 4864 2992 4920; x_wconf 88' lang='lat' dir='ltr'><strong>scribat</strong></span> <span class='ocrx_word' id='word_1_814' title='bbox 3010 4863 3197 4920; x_wconf 89' lang='lat' dir='ltr'><strong>dicens</strong></span> <span class='ocrx_word' id='word_1_815' title='bbox 3218 4863 3406 4936; x_wconf 85' lang='lat' dir='ltr'><strong>(Hebr.</strong></span> <span class='ocrx_word' id='word_1_816' title='bbox 3432 4880 3512 4935; x_wconf 72' lang='grc' dir='ltr'><strong>ιχ,</strong></span> <span class='ocrx_word' id='word_1_817' title='bbox 3540 4867 3595 4940; x_wconf 76' lang='lat'><strong>2)</strong></span> <span class='ocrx_word' id='word_1_818' title='bbox 3618 4888 3632 4924; x_wconf 87' lang='lat'>:</span> 
     </span>
    </p>
   </div>
   <div class='ocr_carea' id='block_1_110' title="bbox 2053 4952 3635 5028">
    <p class='ocr_par' dir='ltr' id='par_1_110' title="bbox 2053 4952 3635 5028">
     <span class='ocr_line' id='line_1_111' title="bbox 2053 4952 3635 5028; baseline 0.003 -18"><span class='ocrx_word' id='word_1_819' title='bbox 2053 4952 2473 5010; x_wconf 80' lang='lat' dir='ltr'><strong>Tabernaculum</strong></span> <span class='ocrx_word' id='word_1_820' title='bbox 2498 4953 2636 5009; x_wconf 88' lang='lat' dir='ltr'><strong>enim</strong></span> <span class='ocrx_word' id='word_1_821' title='bbox 2664 4952 2865 5024; x_wconf 81' lang='lat' dir='ltr'><strong>factum</strong></span> <span class='ocrx_word' id='word_1_822' title='bbox 2891 4962 2967 5009; x_wconf 89' lang='lat' dir='ltr'><strong>est</strong></span> <span class='ocrx_word' id='word_1_823' title='bbox 2994 4953 3243 5025; x_wconf 88' lang='lat' dir='ltr'><strong>primum,</strong></span> <span class='ocrx_word' id='word_1_824' title='bbox 3273 4955 3329 5009; x_wconf 88' lang='lat' dir='ltr'><strong>in</strong></span> <span class='ocrx_word' id='word_1_825' title='bbox 3354 4973 3458 5028; x_wconf 87' lang='lat' dir='ltr'><strong>quo</strong></span> <span class='ocrx_word' id='word_1_826' title='bbox 3485 4968 3635 5015; x_wconf 86' lang='lat' dir='ltr'><strong>erant</strong></span> 
     </span>
    </p>
   </div>
   <div class='ocr_carea' id='block_1_111' title="bbox 2053 5044 3633 5121">
    <p class='ocr_par' dir='ltr' id='par_1_111' title="bbox 2053 5044 3633 5121">
     <span class='ocr_line' id='line_1_112' title="bbox 2053 5044 3633 5121; baseline 0.003 -19"><span class='ocrx_word' id='word_1_827' title='bbox 2053 5044 2390 5112; x_wconf 84' lang='lat' dir='ltr'><strong>candelabra,</strong></span> <span class='ocrx_word' id='word_1_828' title='bbox 2423 5054 2471 5099; x_wconf 92' lang='lat' dir='ltr'><strong>et</strong></span> <span class='ocrx_word' id='word_1_829' title='bbox 2499 5060 2695 5110; x_wconf 90' lang='lat' dir='ltr'><strong>mensa,</strong></span> <span class='ocrx_word' id='word_1_830' title='bbox 2730 5051 2779 5100; x_wconf 90' lang='lat' dir='ltr'><strong>et</strong></span> <span class='ocrx_word' id='word_1_831' title='bbox 2803 5046 3087 5117; x_wconf 88' lang='lat' dir='ltr'><strong>propositio</strong></span> <span class='ocrx_word' id='word_1_832' title='bbox 3107 5063 3324 5117; x_wconf 88' lang='lat' dir='ltr'><strong>panum,</strong></span> <span class='ocrx_word' id='word_1_833' title='bbox 3356 5066 3475 5121; x_wconf 73' lang='lat' dir='ltr'><strong>qua:</strong></span> <span class='ocrx_word' id='word_1_834' title='bbox 3498 5050 3633 5106; x_wconf 89' lang='lat' dir='ltr'><strong>dici-</strong></span> 
     </span>
    </p>
   </div>
   <div class='ocr_carea' id='block_1_112' title="bbox 2056 5133 3633 5209">
    <p class='ocr_par' dir='ltr' id='par_1_112' title="bbox 2056 5133 3633 5209">
     <span class='ocr_line' id='line_1_113' title="bbox 2056 5133 3633 5209; baseline 0.003 -16"><span class='ocrx_word' id='word_1_835' title='bbox 2056 5146 2145 5193; x_wconf 87' lang='lat' dir='ltr'><strong>tur</strong></span> <span class='ocrx_word' id='word_1_836' title='bbox 2168 5145 2373 5193; x_wconf 82' lang='lat' dir='ltr'><strong>sancta.</strong></span> <span class='ocrx_word' id='word_1_837' title='bbox 2399 5133 2530 5191; x_wconf 86' lang='lat' dir='ltr'><strong>Post</strong></span> <span class='ocrx_word' id='word_1_838' title='bbox 2552 5134 2898 5191; x_wconf 88' lang='lat' dir='ltr'><strong>velamentum</strong></span> <span class='ocrx_word' id='word_1_839' title='bbox 2926 5145 3103 5192; x_wconf 82' lang='lat' dir='ltr'><strong>autem</strong></span> <span class='ocrx_word' id='word_1_840' title='bbox 3123 5139 3434 5209; x_wconf 85' lang='lat' dir='ltr'><strong>secundum,</strong></span> <span class='ocrx_word' id='word_1_841' title='bbox 3460 5143 3633 5199; x_wconf 88' lang='lat' dir='ltr'><strong>taber-</strong></span> 
     </span>
    </p>
   </div>
   <div class='ocr_carea' id='block_1_113' title="bbox 2055 5222 3631 5299">
    <p class='ocr_par' dir='ltr' id='par_1_113' title="bbox 2055 5222 3631 5299">
     <span class='ocr_line' id='line_1_114' title="bbox 2055 5222 3631 5299; baseline 0.004 -14"><span class='ocrx_word' id='word_1_842' title='bbox 2055 5226 2328 5295; x_wconf 81' lang='lat' dir='ltr'><strong>naculum,</strong></span> <span class='ocrx_word' id='word_1_843' title='bbox 2372 5224 2511 5299; x_wconf 81' lang='lat' dir='ltr'><strong>quod</strong></span> <span class='ocrx_word' id='word_1_844' title='bbox 2538 5222 2737 5279; x_wconf 85' lang='lat' dir='ltr'><strong>dicitur</strong></span> <span class='ocrx_word' id='word_1_845' title='bbox 2785 5234 2969 5282; x_wconf 89' lang='lat' dir='ltr'><strong>sancta</strong></span> <span class='ocrx_word' id='word_1_846' title='bbox 3015 5238 3321 5287; x_wconf 82' lang='lat' dir='ltr'><strong>sanctorum</strong></span> <span class='ocrx_word' id='word_1_847' title='bbox 3346 5250 3366 5289; x_wconf 91' lang='lat'><strong><em>:</em></strong></span> <span class='ocrx_word' id='word_1_848' title='bbox 3410 5251 3631 5291; x_wconf 87' lang='lat' dir='ltr'><strong>aureum</strong></span> 
     </span>
    </p>
   </div>
   <div class='ocr_carea' id='block_1_114' title="bbox 2053 5320 3631 5389">
    <p class='ocr_par' dir='ltr' id='par_1_114' title="bbox 2053 5320 3631 5389">
     <span class='ocr_line' id='line_1_115' title="bbox 2053 5320 3631 5389; baseline 0.007 -12"><span class='ocrx_word' id='word_1_849' title='bbox 2053 5321 2248 5380; x_wconf 80' lang='lat' dir='ltr'><strong>habens</strong></span> <span class='ocrx_word' id='word_1_850' title='bbox 2276 5320 2622 5389; x_wconf 79' lang='lat' dir='ltr'><strong>thuribulum,</strong></span> <span class='ocrx_word' id='word_1_851' title='bbox 2647 5329 2697 5376; x_wconf 87' lang='lat' dir='ltr'><strong>et</strong></span> <span class='ocrx_word' id='word_1_852' title='bbox 2717 5338 2897 5378; x_wconf 82' lang='lat' dir='ltr'><strong>arcam</strong></span> <span class='ocrx_word' id='word_1_853' title='bbox 2921 5329 3212 5384; x_wconf 89' lang='lat' dir='ltr'><strong>testamenti</strong></span> <span class='ocrx_word' id='word_1_854' title='bbox 3239 5330 3631 5389; x_wconf 87' lang='lat' dir='ltr'><strong>circumtectam</strong></span> 
     </span>
    </p>
   </div>
   <div class='ocr_carea' id='block_1_115' title="bbox 2129 5480 2616 5552">
    <p class='ocr_par' dir='ltr' id='par_1_115' title="bbox 2129 5480 2616 5552">
     <span class='ocr_line' id='line_1_116' title="bbox 2129 5480 2616 5552; baseline -0.002 -15"><span class='ocrx_word' id='word_1_855' title='bbox 2129 5493 2165 5552; x_wconf 15' lang='grc' dir='ltr'><strong>ογ</strong></span> <span class='ocrx_word' id='word_1_856' title='bbox 2192 5480 2338 5537; x_wconf 83' lang='lat' dir='ltr'><strong>Beda</strong></span> <span class='ocrx_word' id='word_1_857' title='bbox 2364 5495 2485 5552; x_wconf 90' lang='lat' dir='ltr'><strong>cap.</strong></span> <span class='ocrx_word' id='word_1_858' title='bbox 2518 5494 2616 5536; x_wconf 88' lang='lat' dir='ltr'><strong>seu</strong></span> 
     </span>
    </p>
   </div>
   <div class='ocr_carea' id='block_1_116' title="bbox 2721 5480 3707 5557">
    <p class='ocr_par' dir='ltr' id='par_1_116' title="bbox 2721 5480 3707 5557">
     <span class='ocr_line' id='line_1_117' title="bbox 2721 5480 3707 5557; baseline 0.004 -19"><span class='ocrx_word' id='word_1_859' title='bbox 2721 5480 2962 5557; x_wconf 49' lang='lat' dir='ltr'><strong>motione</strong></span> <span class='ocrx_word' id='word_1_860' title='bbox 2990 5481 3058 5538; x_wconf 73' lang='lat' dir='ltr'><strong>ﬂ</strong></span> <span class='ocrx_word' id='word_1_861' title='bbox 3087 5498 3208 5557; x_wconf 58' lang='lat' dir='ltr'><strong>qua</strong></span> <span class='ocrx_word' id='word_1_862' title='bbox 3236 5495 3538 5557; x_wconf 87' lang='lat' dir='ltr'><strong>sequuntur</strong></span> <span class='ocrx_word' id='word_1_863' title='bbox 3562 5486 3632 5545; x_wconf 84' lang='lat' dir='ltr'><strong>li-</strong></span> <span class='ocrx_word' id='word_1_864' title='bbox 3703 5484 3707 5491; x_wconf 91' lang='grc'><em>’</em></span> 
     </span>
    </p>
   </div>
   <div class='ocr_carea' id='block_1_117' title="bbox 2047 5551 3678 5612">
    <p class='ocr_par' dir='ltr' id='par_1_117' title="bbox 2047 5551 3678 5612">
     <span class='ocr_line' id='line_1_118' title="bbox 2047 5551 3678 5612; baseline 0.001 0"><span class='ocrx_word' id='word_1_865' title='bbox 2047 5551 2224 5612; x_wconf 75' lang='lat' dir='ltr'><strong>aeolis</strong></span> <span class='ocrx_word' id='word_1_866' title='bbox 2242 5551 2640 5610; x_wconf 36' lang='lat' dir='ltr'><strong>notata’tradit.</strong></span> <span class='ocrx_word' id='word_1_867' title='bbox 2664 5551 2929 5612; x_wconf 81' lang='lat' dir='ltr'><strong>Rabanus</strong></span> <span class='ocrx_word' id='word_1_868' title='bbox 2947 5554 3065 5612; x_wconf 59' lang='lat' dir='ltr'><strong>haec</strong></span> <span class='ocrx_word' id='word_1_869' title='bbox 3093 5551 3297 5612; x_wconf 69' lang='lat' dir='ltr'><strong>pariter</strong></span> <span class='ocrx_word' id='word_1_870' title='bbox 3312 5551 3509 5612; x_wconf 66' lang='lat' dir='ltr'><strong>&#39;habet.</strong></span> <span class='ocrx_word' id='word_1_871' title='bbox 3668 5568 3678 5581; x_wconf 83' lang='lat'><strong><em>&#39;</em></strong></span> 
     </span>
    </p>
   </div>
   <div class='ocr_carea' id='block_1_118' title="bbox 2756 5553 3509 5627">
    <p class='ocr_par' dir='ltr' id='par_1_118' title="bbox 2756 5553 3509 5627">
     <span class='ocr_line' id='line_1_119' title="bbox 2756 5553 3509 5627; baseline 0.005 -17"><span class='ocrx_word' id='word_1_872' title='bbox 2756 5553 3065 5627; x_wconf 17' lang='lat' dir='ltr'><strong>banusibtec</strong></span> <span class='ocrx_word' id='word_1_873' title='bbox 3092 5553 3297 5627; x_wconf 78' lang='lat' dir='ltr'><strong>pariter</strong></span> <span class='ocrx_word' id='word_1_874' title='bbox 3312 5553 3509 5615; x_wconf 66' lang='lat' dir='ltr'><strong>habet.</strong></span> 
     </span>
    </p>
   </div>
   <div class='ocr_carea' id='block_1_119' title="bbox 2126 5622 3628 5696">
    <p class='ocr_par' dir='ltr' id='par_1_119' title="bbox 2126 5622 3628 5696">
     <span class='ocr_line' id='line_1_120' title="bbox 2126 5622 3628 5696; baseline 0.007 -20"><span class='ocrx_word' id='word_1_875' title='bbox 2126 5622 2146 5662; x_wconf 72' lang='grc' dir='ltr'><em>τ</em></span> <span class='ocrx_word' id='word_1_876' title='bbox 2188 5622 2474 5689; x_wconf 81' lang='lat' dir='ltr'><strong>Nonnulla,</strong></span> <span class='ocrx_word' id='word_1_877' title='bbox 2522 5638 2641 5696; x_wconf 65' lang='lat' dir='ltr'><strong>quae</strong></span> <span class='ocrx_word' id='word_1_878' title='bbox 2668 5624 2897 5696; x_wconf 72' lang='lat' dir='ltr'><strong>vulgatis</strong></span> <span class='ocrx_word' id='word_1_879' title='bbox 2937 5622 3116 5692; x_wconf 62' lang='lat' dir='ltr'><strong>Bedae&#39;,</strong></span> <span class='ocrx_word' id='word_1_880' title='bbox 3144 5635 3198 5683; x_wconf 92' lang='lat' dir='ltr'><strong>et</strong></span> <span class='ocrx_word' id='word_1_881' title='bbox 3227 5626 3439 5687; x_wconf 78' lang='lat' dir='ltr'><strong>Rabani</strong></span> <span class='ocrx_word' id='word_1_882' title='bbox 3471 5628 3628 5686; x_wconf 74' lang='lat' dir='ltr'><strong>libris</strong></span> 
     </span>
    </p>
   </div>
   <div class='ocr_carea' id='block_1_120' title="bbox 2045 5685 3625 5777">
    <p class='ocr_par' dir='ltr' id='par_1_120' title="bbox 2045 5685 3625 5777">
     <span class='ocr_line' id='line_1_121' title="bbox 2045 5685 3625 5777; baseline 0.004 -29"><span class='ocrx_word' id='word_1_883' title='bbox 2045 5693 2322 5777; x_wconf 71' lang='lat' dir='ltr'><strong>leguntur,</strong></span> <span class='ocrx_word' id='word_1_884' title='bbox 2348 5685 2710 5777; x_wconf 64' lang='lat' dir='ltr'><strong>praetermittit</strong></span> <span class='ocrx_word' id='word_1_885' title='bbox 2735 5685 3131 5777; x_wconf 67' lang='lat' dir='ltr'><strong>Hic_Claudius.</strong></span> <span class='ocrx_word' id='word_1_886' title='bbox 3161 5699 3246 5754; x_wconf 79' lang='lat' dir='ltr'><strong>An</strong></span> <span class='ocrx_word' id='word_1_887' title='bbox 3279 5685 3625 5777; x_wconf 36' lang='lat' dir='ltr'><strong>quiaApanun</strong></span> 
     </span>
    </p>
   </div>
   <div class='ocr_carea' id='block_1_121' title="bbox 2038 5766 3624 5842">
    <p class='ocr_par' dir='ltr' id='par_1_121' title="bbox 2038 5766 3624 5842">
     <span class='ocr_line' id='line_1_122' title="bbox 2038 5766 3624 5842; baseline 0.002 -17"><span class='ocrx_word' id='word_1_888' title='bbox 2274 5766 2375 5842; x_wconf 58' lang='lat' dir='ltr'><strong>iis,</strong></span> <span class='ocrx_word' id='word_1_889' title='bbox 2391 5840 2399 5842; x_wconf 82' lang='lat'><strong><em>_</em></strong></span> <span class='ocrx_word' id='word_1_890' title='bbox 2415 5780 2537 5837; x_wconf 78' lang='lat' dir='ltr'><strong>quae</strong></span> <span class='ocrx_word' id='word_1_891' title='bbox 2563 5766 2672 5827; x_wconf 81' lang='lat' dir='ltr'><strong>sibi</strong></span> <span class='ocrx_word' id='word_1_892' title='bbox 2706 5766 3025 5839; x_wconf 78' lang='lat' dir='ltr'><strong>explicanda</strong></span> <span class='ocrx_word' id='word_1_893' title='bbox 3050 5766 3451 5842; x_wconf 69' lang='grc' dir='ltr'><strong>ρωροεαὲηιῑ</strong></span> <span class='ocrx_word' id='word_1_894' title='bbox 3474 5768 3624 5840; x_wconf 77' lang='lat' dir='ltr'><strong>judi-</strong></span> 
     </span>
    </p>
   </div>
   <div class='ocr_carea' id='block_1_122' title="bbox 454 5805 2494 5907">
    <p class='ocr_par' dir='ltr' id='par_1_122' title="bbox 454 5805 2494 5907">
     <span class='ocr_line' id='line_1_123' title="bbox 454 5805 2494 5907; baseline 0.002 -18"><span class='ocrx_word' id='word_1_895' title='bbox 454 5805 1037 5890; x_wconf 58' lang='lat' dir='ltr'><strong>nT&#39;éB&#39;iEI&#39;ié’EmTeE</strong></span> <span class='ocrx_word' id='word_1_896' title='bbox 1072 5805 1945 5907; x_wconf 44' lang='lat' dir='ltr'><strong>ﬁﬁiiic&#39;iu‘éﬁi&#39;leiiﬁ;</strong></span> <span class='ocrx_word' id='word_1_897' title='bbox 2038 5805 2253 5895; x_wconf 59' lang='lat' dir='ltr'><strong>eam</strong></span> <span class='ocrx_word' id='word_1_898' title='bbox 2274 5805 2494 5895; x_wconf 47' lang='lat' dir='ltr'><strong>fere:</strong></span> 
     </span>
    </p>
   </div>
   <div class='ocr_carea' id='block_1_123' title="bbox 360 5904 1476 5979">
    <p class='ocr_par' dir='ltr' id='par_1_123' title="bbox 360 5904 1476 5979">
     <span class='ocr_line' id='line_1_124' title="bbox 360 5904 1476 5979; baseline -0.004 -15"><span class='ocrx_word' id='word_1_899' title='bbox 360 5913 511 5974; x_wconf 70' lang='lat' dir='ltr'><strong>aunt,</strong></span> <span class='ocrx_word' id='word_1_900' title='bbox 537 5920 660 5979; x_wconf 78' lang='lat' dir='ltr'><strong>quae</strong></span> <span class='ocrx_word' id='word_1_901' title='bbox 686 5913 945 5964; x_wconf 88' lang='lat' dir='ltr'><strong>notantur</strong></span> <span class='ocrx_word' id='word_1_902' title='bbox 963 5906 1023 5964; x_wconf 90' lang='lat' dir='ltr'><strong>in</strong></span> <span class='ocrx_word' id='word_1_903' title='bbox 1050 5904 1197 5963; x_wconf 85' lang='lat' dir='ltr'><strong>serie</strong></span> <span class='ocrx_word' id='word_1_904' title='bbox 1221 5904 1476 5977; x_wconf 84' lang='lat' dir='ltr'><strong>capitum.</strong></span> 
     </span>
    </p>
   </div>
   <div class='ocr_carea' id='block_1_124' title="bbox 3018 6021 3105 6031">
    <p class='ocr_par' dir='ltr' id='par_1_124' title="bbox 3018 6021 3105 6031">
     <span class='ocr_line' id='line_1_125' title="bbox 3018 6021 3105 6031; baseline -0.023 0"><span class='ocrx_word' id='word_1_905' title='bbox 3018 6021 3105 6031; x_wconf 61' lang='grc' dir='ltr'><strong>.,.ρ</strong></span> 
     </span>
    </p>
   </div>
  </div>
