  <div class='ocr_page' id='page_1' title='image "/cluster/home/n/w/nwhite01/storage/ocr_20150623/104/hvd.32044015466824/393.png"; bbox 0 0 3940 6340; ppageno 0'>
   <div class='ocr_carea' id='block_1_1' title="bbox 371 315 480 381">
    <p class='ocr_par' dir='ltr' id='par_1_1' title="bbox 371 315 480 381">
     <span class='ocr_line' id='line_1_1' title="bbox 371 315 480 381; baseline 0 0"><span class='ocrx_word' id='word_1_1' title='bbox 371 315 480 381; x_wconf 79' lang='lat'><strong>755</strong></span> 
     </span>
    </p>
   </div>
   <div class='ocr_carea' id='block_1_2' title="bbox 1464 302 2602 393">
    <p class='ocr_par' dir='ltr' id='par_1_2' title="bbox 1464 302 2602 393">
     <span class='ocr_line' id='line_1_2' title="bbox 1464 302 2602 393; baseline -0.005 -19"><span class='ocrx_word' id='word_1_2' title='bbox 1464 311 1751 393; x_wconf 82' lang='lat' dir='ltr'><strong>CLAUDII</strong></span> <span class='ocrx_word' id='word_1_3' title='bbox 1787 307 2252 371; x_wconf 78' lang='lat' dir='ltr'><strong>TAURINENSIS</strong></span> <span class='ocrx_word' id='word_1_4' title='bbox 2285 302 2602 371; x_wconf 75' lang='lat' dir='ltr'><strong>EPISCOPI</strong></span> 
     </span>
    </p>
   </div>
   <div class='ocr_carea' id='block_1_3' title="bbox 3547 312 3660 374">
    <p class='ocr_par' dir='ltr' id='par_1_3' title="bbox 3547 312 3660 374">
     <span class='ocr_line' id='line_1_3' title="bbox 3547 312 3660 374; baseline 0 0"><span class='ocrx_word' id='word_1_5' title='bbox 3547 312 3660 374; x_wconf 73' lang='grc' dir='ltr'><strong>πο</strong></span> 
     </span>
    </p>
   </div>
   <div class='ocr_carea' id='block_1_4' title="bbox 372 421 3655 501">
    <p class='ocr_par' dir='ltr' id='par_1_4' title="bbox 372 421 3655 501">
     <span class='ocr_line' id='line_1_4' title="bbox 372 421 3655 501; baseline 0 -16"><span class='ocrx_word' id='word_1_6' title='bbox 372 448 440 490; x_wconf 77' lang='lat' dir='ltr'><strong>ea:</strong></span> <span class='ocrx_word' id='word_1_7' title='bbox 461 427 605 486; x_wconf 87' lang='lat' dir='ltr'><strong>omni</strong></span> <span class='ocrx_word' id='word_1_8' title='bbox 641 432 792 501; x_wconf 85' lang='lat' dir='ltr'><strong>parte</strong></span> <span class='ocrx_word' id='word_1_9' title='bbox 816 441 972 495; x_wconf 89' lang='lat' dir='ltr'><strong>auro,</strong></span> <span class='ocrx_word' id='word_1_10' title='bbox 996 425 1063 483; x_wconf 85' lang='lat' dir='ltr'><strong>in</strong></span> <span class='ocrx_word' id='word_1_11' title='bbox 1096 443 1202 499; x_wconf 88' lang='lat' dir='ltr'><strong>qua</strong></span> <span class='ocrx_word' id='word_1_12' title='bbox 1245 432 1361 483; x_wconf 89' lang='lat' dir='ltr'><strong>erat</strong></span> <span class='ocrx_word' id='word_1_13' title='bbox 1387 441 1526 482; x_wconf 87' lang='lat' dir='ltr'><strong>urna</strong></span> <span class='ocrx_word' id='word_1_14' title='bbox 1552 441 1718 481; x_wconf 90' lang='lat' dir='ltr'><strong>aurea</strong></span> <span class='ocrx_word' id='word_1_15' title='bbox 1755 425 1954 481; x_wconf 82' lang='lat' dir='ltr'><strong>habens</strong></span> <span class='ocrx_word' id='word_1_16' title='bbox 1980 429 2035 490; x_wconf 84' lang='grc' dir='ltr'><strong>Α</strong></span> <span class='ocrx_word' id='word_1_17' title='bbox 2126 424 2257 480; x_wconf 82' lang='lat' dir='ltr'><strong>Post</strong></span> <span class='ocrx_word' id='word_1_18' title='bbox 2280 422 2583 496; x_wconf 78' lang='lat' dir='ltr'><strong>perfectum</strong></span> <span class='ocrx_word' id='word_1_19' title='bbox 2609 434 2771 479; x_wconf 89' lang='lat' dir='ltr'><strong>omne</strong></span> <span class='ocrx_word' id='word_1_20' title='bbox 2796 436 2935 497; x_wconf 88' lang='lat' dir='ltr'><strong>opus</strong></span> <span class='ocrx_word' id='word_1_21' title='bbox 2962 421 3158 482; x_wconf 89' lang='lat' dir='ltr'><strong>domus</strong></span> <span class='ocrx_word' id='word_1_22' title='bbox 3183 422 3407 482; x_wconf 80' lang='lat' dir='ltr'><strong>Domini</strong></span> <span class='ocrx_word' id='word_1_23' title='bbox 3449 431 3511 483; x_wconf 87' lang='lat' dir='ltr'><strong>et</strong></span> <span class='ocrx_word' id='word_1_24' title='bbox 3533 425 3655 485; x_wconf 85' lang='lat' dir='ltr'><strong>lon-</strong></span> 
     </span>
    </p>
   </div>
   <div class='ocr_carea' id='block_1_5' title="bbox 372 518 1957 592">
    <p class='ocr_par' dir='ltr' id='par_1_5' title="bbox 372 518 1957 592">
     <span class='ocr_line' id='line_1_5' title="bbox 372 518 1957 592; baseline -0.004 -11"><span class='ocrx_word' id='word_1_25' title='bbox 372 539 591 588; x_wconf 86' lang='lat' dir='ltr'><strong>manna,</strong></span> <span class='ocrx_word' id='word_1_26' title='bbox 614 530 663 576; x_wconf 89' lang='lat' dir='ltr'><strong>et</strong></span> <span class='ocrx_word' id='word_1_27' title='bbox 684 521 831 592; x_wconf 89' lang='lat' dir='ltr'><strong>virga</strong></span> <span class='ocrx_word' id='word_1_28' title='bbox 854 518 1053 584; x_wconf 82' lang='lat' dir='ltr'><strong><em>Aaron,</em></strong></span> <span class='ocrx_word' id='word_1_29' title='bbox 1083 536 1202 586; x_wconf 68' lang='lat' dir='ltr'><strong>qua:</strong></span> <span class='ocrx_word' id='word_1_30' title='bbox 1228 519 1561 590; x_wconf 82' lang='lat' dir='ltr'><strong>fronduerat,</strong></span> <span class='ocrx_word' id='word_1_31' title='bbox 1591 527 1640 574; x_wconf 89' lang='lat' dir='ltr'><strong>et</strong></span> <span class='ocrx_word' id='word_1_32' title='bbox 1663 518 1857 574; x_wconf 70' lang='lat' dir='ltr'><strong>tabulae</strong></span> <span class='ocrx_word' id='word_1_33' title='bbox 1879 528 1957 574; x_wconf 87' lang='lat' dir='ltr'><strong>te-</strong></span> 
     </span>
    </p>
   </div>
   <div class='ocr_carea' id='block_1_6' title="bbox 371 608 1959 681">
    <p class='ocr_par' dir='ltr' id='par_1_6' title="bbox 371 608 1959 681">
     <span class='ocr_line' id='line_1_6' title="bbox 371 608 1959 681; baseline -0.003 -12"><span class='ocrx_word' id='word_1_34' title='bbox 371 612 636 670; x_wconf 89' lang='lat' dir='ltr'><strong>stamenti.</strong></span> <span class='ocrx_word' id='word_1_35' title='bbox 664 611 808 668; x_wconf 85' lang='lat' dir='ltr'><strong>Ecce</strong></span> <span class='ocrx_word' id='word_1_36' title='bbox 831 617 971 667; x_wconf 90' lang='lat' dir='ltr'><strong>teste</strong></span> <span class='ocrx_word' id='word_1_37' title='bbox 998 609 1258 681; x_wconf 80' lang='lat' dir='ltr'><strong>Apostolo</strong></span> <span class='ocrx_word' id='word_1_38' title='bbox 1283 610 1592 677; x_wconf 85' lang='lat' dir='ltr'><strong>didicimus,</strong></span> <span class='ocrx_word' id='word_1_39' title='bbox 1615 609 1759 680; x_wconf 91' lang='lat' dir='ltr'><strong>quod</strong></span> <span class='ocrx_word' id='word_1_40' title='bbox 1778 616 1835 666; x_wconf 90' lang='lat' dir='ltr'><strong>et</strong></span> <span class='ocrx_word' id='word_1_41' title='bbox 1853 608 1959 665; x_wconf 85' lang='lat' dir='ltr'><strong>ista</strong></span> 
     </span>
    </p>
   </div>
   <div class='ocr_carea' id='block_1_7' title="bbox 374 700 1960 762">
    <p class='ocr_par' dir='ltr' id='par_1_7' title="bbox 374 700 1960 762">
     <span class='ocr_line' id='line_1_7' title="bbox 374 700 1960 762; baseline -0.005 0"><span class='ocrx_word' id='word_1_42' title='bbox 374 706 575 762; x_wconf 85' lang='lat' dir='ltr'><strong>ibidem</strong></span> <span class='ocrx_word' id='word_1_43' title='bbox 605 703 825 759; x_wconf 80' lang='lat' dir='ltr'><strong>fuerunt</strong></span> <span class='ocrx_word' id='word_1_44' title='bbox 870 722 883 756; x_wconf 90' lang='lat'>:</span> <span class='ocrx_word' id='word_1_45' title='bbox 915 717 1023 758; x_wconf 89' lang='lat' dir='ltr'><strong>non</strong></span> <span class='ocrx_word' id='word_1_46' title='bbox 1054 702 1199 758; x_wconf 89' lang='lat' dir='ltr'><strong>enim</strong></span> <span class='ocrx_word' id='word_1_47' title='bbox 1228 717 1392 758; x_wconf 92' lang='lat' dir='ltr'><strong>ausus</strong></span> <span class='ocrx_word' id='word_1_48' title='bbox 1422 709 1507 758; x_wconf 90' lang='lat' dir='ltr'><strong>est</strong></span> <span class='ocrx_word' id='word_1_49' title='bbox 1532 701 1679 757; x_wconf 87' lang='lat' dir='ltr'><strong>aliud</strong></span> <span class='ocrx_word' id='word_1_50' title='bbox 1706 700 1787 757; x_wconf 90' lang='lat' dir='ltr'><strong>eis</strong></span> <span class='ocrx_word' id='word_1_51' title='bbox 1822 701 1960 756; x_wconf 91' lang='lat' dir='ltr'><strong>scri-</strong></span> 
     </span>
    </p>
   </div>
   <div class='ocr_carea' id='block_1_8' title="bbox 376 793 1958 868">
    <p class='ocr_par' dir='ltr' id='par_1_8' title="bbox 376 793 1958 868">
     <span class='ocr_line' id='line_1_8' title="bbox 376 793 1958 868; baseline -0.003 -14"><span class='ocrx_word' id='word_1_52' title='bbox 376 796 641 864; x_wconf 86' lang='lat' dir='ltr'><strong>bere,nisi</strong></span> <span class='ocrx_word' id='word_1_53' title='bbox 656 795 801 868; x_wconf 91' lang='lat' dir='ltr'><strong>quod</strong></span> <span class='ocrx_word' id='word_1_54' title='bbox 818 802 1025 852; x_wconf 91' lang='lat' dir='ltr'><strong>certum</strong></span> <span class='ocrx_word' id='word_1_55' title='bbox 1041 795 1385 852; x_wconf 89' lang='lat' dir='ltr'><strong>tenebantilli</strong></span> <span class='ocrx_word' id='word_1_56' title='bbox 1405 814 1419 850; x_wconf 90' lang='lat'><strong>:</strong></span> <span class='ocrx_word' id='word_1_57' title='bbox 1442 794 1623 851; x_wconf 86' lang='lat' dir='ltr'><strong>omnia</strong></span> <span class='ocrx_word' id='word_1_58' title='bbox 1636 795 1753 850; x_wconf 84' lang='lat' dir='ltr'><strong>haec</strong></span> <span class='ocrx_word' id='word_1_59' title='bbox 1772 794 1826 848; x_wconf 91' lang='lat' dir='ltr'><strong>in</strong></span> <span class='ocrx_word' id='word_1_60' title='bbox 1840 793 1958 865; x_wconf 88' lang='lat' dir='ltr'><strong>ipsa</strong></span> 
     </span>
    </p>
   </div>
   <div class='ocr_carea' id='block_1_9' title="bbox 375 886 1960 961">
    <p class='ocr_par' dir='ltr' id='par_1_9' title="bbox 375 886 1960 961">
     <span class='ocr_line' id='line_1_9' title="bbox 375 886 1960 961; baseline 0 -18"><span class='ocrx_word' id='word_1_61' title='bbox 375 904 507 945; x_wconf 88' lang='lat' dir='ltr'><strong>arca</strong></span> <span class='ocrx_word' id='word_1_62' title='bbox 530 889 721 956; x_wconf 79' lang='lat' dir='ltr'><strong>fuisse,</strong></span> <span class='ocrx_word' id='word_1_63' title='bbox 751 889 846 946; x_wconf 91' lang='lat' dir='ltr'><strong>sed</strong></span> <span class='ocrx_word' id='word_1_64' title='bbox 874 904 982 945; x_wconf 89' lang='lat' dir='ltr'><strong>non</strong></span> <span class='ocrx_word' id='word_1_65' title='bbox 1005 888 1219 961; x_wconf 85' lang='lat' dir='ltr'><strong>plenius</strong></span> <span class='ocrx_word' id='word_1_66' title='bbox 1252 896 1499 960; x_wconf 89' lang='lat' dir='ltr'><strong>apparet,</strong></span> <span class='ocrx_word' id='word_1_67' title='bbox 1544 886 1760 958; x_wconf 81' lang='lat' dir='ltr'><strong>quando</strong></span> <span class='ocrx_word' id='word_1_68' title='bbox 1789 886 1960 943; x_wconf 90' lang='lat' dir='ltr'><strong>intro-</strong></span> 
     </span>
    </p>
   </div>
   <div class='ocr_carea' id='block_1_10' title="bbox 372 980 1961 1053">
    <p class='ocr_par' dir='ltr' id='par_1_10' title="bbox 372 980 1961 1053">
     <span class='ocr_line' id='line_1_10' title="bbox 372 980 1961 1053; baseline 0 -17"><span class='ocrx_word' id='word_1_69' title='bbox 372 981 556 1038; x_wconf 70' lang='lat' dir='ltr'><strong>missa:</strong></span> <span class='ocrx_word' id='word_1_70' title='bbox 596 982 794 1038; x_wconf 85' lang='lat' dir='ltr'><strong>ibidem</strong></span> <span class='ocrx_word' id='word_1_71' title='bbox 826 982 935 1038; x_wconf 89' lang='lat' dir='ltr'><strong>sint</strong></span> <span class='ocrx_word' id='word_1_72' title='bbox 973 996 989 1038; x_wconf 90' lang='lat'><strong>:</strong></span> <span class='ocrx_word' id='word_1_73' title='bbox 1021 991 1248 1053; x_wconf 82' lang='lat' dir='ltr'><strong>excepto</strong></span> <span class='ocrx_word' id='word_1_74' title='bbox 1270 982 1416 1053; x_wconf 90' lang='lat' dir='ltr'><strong>quod</strong></span> <span class='ocrx_word' id='word_1_75' title='bbox 1459 982 1514 1037; x_wconf 92' lang='lat' dir='ltr'><strong>in</strong></span> <span class='ocrx_word' id='word_1_76' title='bbox 1559 981 1699 1038; x_wconf 90' lang='lat' dir='ltr'><strong>libro</strong></span> <span class='ocrx_word' id='word_1_77' title='bbox 1737 980 1961 1036; x_wconf 86' lang='lat' dir='ltr'><strong>Numeri</strong></span> 
     </span>
    </p>
   </div>
   <div class='ocr_carea' id='block_1_11' title="bbox 371 1073 1959 1148">
    <p class='ocr_par' dir='ltr' id='par_1_11' title="bbox 371 1073 1959 1148">
     <span class='ocr_line' id='line_1_11' title="bbox 371 1073 1959 1148; baseline -0.001 -19"><span class='ocrx_word' id='word_1_78' title='bbox 371 1074 636 1146; x_wconf 90' lang='lat' dir='ltr'><strong>scriptum</strong></span> <span class='ocrx_word' id='word_1_79' title='bbox 664 1082 747 1130; x_wconf 90' lang='lat' dir='ltr'><strong>est</strong></span> <span class='ocrx_word' id='word_1_80' title='bbox 779 1073 970 1148; x_wconf 85' lang='lat' dir='ltr'><strong>(Nam.</strong></span> <span class='ocrx_word' id='word_1_81' title='bbox 998 1090 1130 1142; x_wconf 84' lang='lat' dir='ltr'><strong>xvu,</strong></span> <span class='ocrx_word' id='word_1_82' title='bbox 1159 1075 1193 1131; x_wconf 90' lang='lat'><strong>9</strong></span> <span class='ocrx_word' id='word_1_83' title='bbox 1221 1084 1268 1129; x_wconf 90' lang='lat' dir='ltr'><strong>et</strong></span> <span class='ocrx_word' id='word_1_84' title='bbox 1301 1074 1388 1146; x_wconf 83' lang='grc'><strong>10)</strong></span> <span class='ocrx_word' id='word_1_85' title='bbox 1422 1091 1436 1129; x_wconf 90' lang='lat'><strong>:</strong></span> <span class='ocrx_word' id='word_1_86' title='bbox 1478 1073 1710 1130; x_wconf 77' lang='lat' dir='ltr'><strong>Protulit</strong></span> <span class='ocrx_word' id='word_1_87' title='bbox 1750 1073 1959 1146; x_wconf 81' lang='lat' dir='ltr'><strong>Moyses</strong></span> 
     </span>
    </p>
   </div>
   <div class='ocr_carea' id='block_1_12' title="bbox 368 1166 1958 1239">
    <p class='ocr_par' dir='ltr' id='par_1_12' title="bbox 368 1166 1958 1239">
     <span class='ocr_line' id='line_1_12' title="bbox 368 1166 1958 1239; baseline 0.001 -18"><span class='ocrx_word' id='word_1_88' title='bbox 368 1183 549 1223; x_wconf 89' lang='lat' dir='ltr'><strong>omnes</strong></span> <span class='ocrx_word' id='word_1_89' title='bbox 591 1168 765 1238; x_wconf 85' lang='lat' dir='ltr'><strong>virgas</strong></span> <span class='ocrx_word' id='word_1_90' title='bbox 803 1168 869 1222; x_wconf 86' lang='lat' dir='ltr'><strong>de</strong></span> <span class='ocrx_word' id='word_1_91' title='bbox 896 1176 1172 1239; x_wconf 88' lang='lat' dir='ltr'><strong>conspectu</strong></span> <span class='ocrx_word' id='word_1_92' title='bbox 1199 1166 1417 1222; x_wconf 90' lang='lat' dir='ltr'><strong>Domini</strong></span> <span class='ocrx_word' id='word_1_93' title='bbox 1444 1166 1514 1221; x_wconf 84' lang='lat' dir='ltr'><strong>ad</strong></span> <span class='ocrx_word' id='word_1_94' title='bbox 1557 1175 1771 1222; x_wconf 90' lang='lat' dir='ltr'><strong>cunctos</strong></span> <span class='ocrx_word' id='word_1_95' title='bbox 1814 1166 1958 1238; x_wconf 77' lang='lat' dir='ltr'><strong>ﬁlios</strong></span> 
     </span>
    </p>
   </div>
   <div class='ocr_carea' id='block_1_13' title="bbox 367 1256 1956 1331">
    <p class='ocr_par' dir='ltr' id='par_1_13' title="bbox 367 1256 1956 1331">
     <span class='ocr_line' id='line_1_13' title="bbox 367 1256 1956 1331; baseline 0.002 -18"><span class='ocrx_word' id='word_1_96' title='bbox 367 1256 543 1314; x_wconf 82' lang='lat' dir='ltr'><strong>Israel</strong></span> <span class='ocrx_word' id='word_1_97' title='bbox 569 1275 589 1315; x_wconf 91' lang='lat'><strong><em>:</em></strong></span> <span class='ocrx_word' id='word_1_98' title='bbox 628 1259 969 1331; x_wconf 86' lang='lat' dir='ltr'><strong>videruntque</strong></span> <span class='ocrx_word' id='word_1_99' title='bbox 994 1300 1010 1327; x_wconf 95' lang='lat'><strong>,</strong></span> <span class='ocrx_word' id='word_1_100' title='bbox 1061 1268 1110 1314; x_wconf 89' lang='lat' dir='ltr'><strong>et</strong></span> <span class='ocrx_word' id='word_1_101' title='bbox 1172 1266 1475 1330; x_wconf 87' lang='lat' dir='ltr'><strong>receperunt</strong></span> <span class='ocrx_word' id='word_1_102' title='bbox 1529 1258 1729 1330; x_wconf 76' lang='lat' dir='ltr'><strong>singuli</strong></span> <span class='ocrx_word' id='word_1_103' title='bbox 1781 1259 1956 1331; x_wconf 86' lang='lat' dir='ltr'><strong>virgas</strong></span> 
     </span>
    </p>
   </div>
   <div class='ocr_carea' id='block_1_14' title="bbox 366 1349 1959 1424">
    <p class='ocr_par' dir='ltr' id='par_1_14' title="bbox 366 1349 1959 1424">
     <span class='ocr_line' id='line_1_14' title="bbox 366 1349 1959 1424; baseline -0.001 -17"><span class='ocrx_word' id='word_1_104' title='bbox 366 1368 515 1407; x_wconf 86' lang='lat' dir='ltr'><strong>suas.</strong></span> <span class='ocrx_word' id='word_1_105' title='bbox 562 1351 812 1424; x_wconf 71' lang='lat' dir='ltr'><strong>Dixitque</strong></span> <span class='ocrx_word' id='word_1_106' title='bbox 858 1351 1119 1407; x_wconf 81' lang='lat' dir='ltr'><strong>Dominus</strong></span> <span class='ocrx_word' id='word_1_107' title='bbox 1158 1350 1228 1406; x_wconf 87' lang='lat' dir='ltr'><strong>ad</strong></span> <span class='ocrx_word' id='word_1_108' title='bbox 1265 1349 1506 1423; x_wconf 80' lang='lat' dir='ltr'><strong>Moysen,</strong></span> <span class='ocrx_word' id='word_1_109' title='bbox 1568 1349 1707 1420; x_wconf 81' lang='lat' dir='ltr'><strong>refer</strong></span> <span class='ocrx_word' id='word_1_110' title='bbox 1756 1351 1959 1423; x_wconf 86' lang='lat' dir='ltr'><strong>virgam</strong></span> 
     </span>
    </p>
   </div>
   <div class='ocr_carea' id='block_1_15' title="bbox 365 1444 1960 1509">
    <p class='ocr_par' dir='ltr' id='par_1_15' title="bbox 365 1444 1960 1509">
     <span class='ocr_line' id='line_1_15' title="bbox 365 1444 1960 1509; baseline -0.001 -9"><span class='ocrx_word' id='word_1_111' title='bbox 365 1445 549 1500; x_wconf 80' lang='lat' dir='ltr'><strong><em>Aaron</em></strong></span> <span class='ocrx_word' id='word_1_112' title='bbox 591 1446 646 1499; x_wconf 90' lang='lat' dir='ltr'><strong>in</strong></span> <span class='ocrx_word' id='word_1_113' title='bbox 671 1444 1069 1500; x_wconf 81' lang='lat' dir='ltr'><strong>tabernaculum</strong></span> <span class='ocrx_word' id='word_1_114' title='bbox 1105 1444 1411 1509; x_wconf 86' lang='lat' dir='ltr'><strong>testimonii,</strong></span> <span class='ocrx_word' id='word_1_115' title='bbox 1443 1452 1501 1498; x_wconf 86' lang='lat' dir='ltr'><strong>ut</strong></span> <span class='ocrx_word' id='word_1_116' title='bbox 1529 1452 1763 1499; x_wconf 83' lang='lat' dir='ltr'><strong>servetur</strong></span> <span class='ocrx_word' id='word_1_117' title='bbox 1791 1444 1865 1498; x_wconf 87' lang='lat' dir='ltr'><strong>ibi</strong></span> <span class='ocrx_word' id='word_1_118' title='bbox 1901 1444 1960 1499; x_wconf 89' lang='lat' dir='ltr'><strong>in</strong></span> 
     </span>
    </p>
   </div>
   <div class='ocr_carea' id='block_1_16' title="bbox 365 1535 1962 1609">
    <p class='ocr_par' dir='ltr' id='par_1_16' title="bbox 365 1535 1962 1609">
     <span class='ocr_line' id='line_1_16' title="bbox 365 1535 1962 1609; baseline 0.001 -18"><span class='ocrx_word' id='word_1_119' title='bbox 365 1538 575 1608; x_wconf 89' lang='lat' dir='ltr'><strong>signum</strong></span> <span class='ocrx_word' id='word_1_120' title='bbox 604 1537 872 1593; x_wconf 83' lang='lat' dir='ltr'><strong>rebellium</strong></span> <span class='ocrx_word' id='word_1_121' title='bbox 898 1537 1134 1609; x_wconf 79' lang='lat' dir='ltr'><strong>ﬁliorum</strong></span> <span class='ocrx_word' id='word_1_122' title='bbox 1165 1535 1339 1592; x_wconf 89' lang='lat' dir='ltr'><strong>Israel</strong></span> <span class='ocrx_word' id='word_1_123' title='bbox 1361 1552 1380 1590; x_wconf 91' lang='lat'><em>:</em></span> <span class='ocrx_word' id='word_1_124' title='bbox 1410 1544 1460 1592; x_wconf 89' lang='lat' dir='ltr'><strong>et</strong></span> <span class='ocrx_word' id='word_1_125' title='bbox 1483 1536 1753 1608; x_wconf 83' lang='lat' dir='ltr'><strong>quiescant</strong></span> <span class='ocrx_word' id='word_1_126' title='bbox 1780 1552 1962 1609; x_wconf 88' lang='lat' dir='ltr'><strong>quere-</strong></span> 
     </span>
    </p>
   </div>
   <div class='ocr_carea' id='block_1_17' title="bbox 367 1611 1954 1698">
    <p class='ocr_par' dir='ltr' id='par_1_17' title="bbox 367 1611 1954 1698">
     <span class='ocr_line' id='line_1_17' title="bbox 367 1611 1954 1698; baseline 0.001 -16"><span class='ocrx_word' id='word_1_127' title='bbox 367 1611 435 1683; x_wconf 65' lang='lat' dir='ltr'><strong>la:</strong></span> <span class='ocrx_word' id='word_1_128' title='bbox 459 1645 639 1684; x_wconf 88' lang='lat' dir='ltr'><strong>eorum</strong></span> <span class='ocrx_word' id='word_1_129' title='bbox 665 1647 698 1684; x_wconf 93' lang='lat' dir='ltr'><strong>a</strong></span> <span class='ocrx_word' id='word_1_130' title='bbox 721 1646 824 1697; x_wconf 88' lang='lat' dir='ltr'><strong>me,</strong></span> <span class='ocrx_word' id='word_1_131' title='bbox 849 1647 912 1685; x_wconf 89' lang='lat' dir='ltr'><strong>ne</strong></span> <span class='ocrx_word' id='word_1_132' title='bbox 935 1630 1248 1687; x_wconf 81' lang='lat' dir='ltr'><strong>moriantur.</strong></span> <span class='ocrx_word' id='word_1_133' title='bbox 1275 1629 1518 1698; x_wconf 88' lang='lat' dir='ltr'><strong>Denique</strong></span> <span class='ocrx_word' id='word_1_134' title='bbox 1556 1634 1613 1684; x_wconf 90' lang='lat' dir='ltr'><strong>et</strong></span> <span class='ocrx_word' id='word_1_135' title='bbox 1639 1628 1707 1683; x_wconf 91' lang='lat' dir='ltr'><strong>de</strong></span> <span class='ocrx_word' id='word_1_136' title='bbox 1734 1643 1954 1694; x_wconf 88' lang='lat' dir='ltr'><strong>manna,</strong></span> 
     </span>
    </p>
   </div>
   <div class='ocr_carea' id='block_1_18' title="bbox 368 1719 1957 1794">
    <p class='ocr_par' dir='ltr' id='par_1_18' title="bbox 368 1719 1957 1794">
     <span class='ocr_line' id='line_1_18' title="bbox 368 1719 1957 1794; baseline -0.001 -19"><span class='ocrx_word' id='word_1_137' title='bbox 368 1719 444 1775; x_wconf 87' lang='lat' dir='ltr'><strong>ita</strong></span> <span class='ocrx_word' id='word_1_138' title='bbox 460 1720 515 1776; x_wconf 92' lang='lat' dir='ltr'><strong>in</strong></span> <span class='ocrx_word' id='word_1_139' title='bbox 534 1720 723 1777; x_wconf 80' lang='lat' dir='ltr'><strong>Exodo</strong></span> <span class='ocrx_word' id='word_1_140' title='bbox 744 1722 1009 1793; x_wconf 89' lang='lat' dir='ltr'><strong>scriptum</strong></span> <span class='ocrx_word' id='word_1_141' title='bbox 1036 1728 1118 1777; x_wconf 90' lang='lat' dir='ltr'><strong>est</strong></span> <span class='ocrx_word' id='word_1_142' title='bbox 1142 1719 1339 1793; x_wconf 74' lang='lat' dir='ltr'><strong>(Exod.</strong></span> <span class='ocrx_word' id='word_1_143' title='bbox 1364 1736 1478 1787; x_wconf 81' lang='lat' dir='ltr'><strong>xv1,</strong></span> <span class='ocrx_word' id='word_1_144' title='bbox 1502 1720 1596 1786; x_wconf 88' lang='lat'><strong>55,</strong></span> <span class='ocrx_word' id='word_1_145' title='bbox 1622 1719 1712 1794; x_wconf 76' lang='lat'><strong>54)</strong></span> <span class='ocrx_word' id='word_1_146' title='bbox 1740 1734 1755 1774; x_wconf 91' lang='lat'><strong>:</strong></span> <span class='ocrx_word' id='word_1_147' title='bbox 1779 1719 1957 1775; x_wconf 76' lang='lat' dir='ltr'><strong>Dixit-</strong></span> 
     </span>
    </p>
   </div>
   <div class='ocr_carea' id='block_1_19' title="bbox 2059 516 3653 591">
    <p class='ocr_par' dir='ltr' id='par_1_19' title="bbox 2059 516 3653 591">
     <span class='ocr_line' id='line_1_19' title="bbox 2059 516 3653 591; baseline 0.005 -19"><span class='ocrx_word' id='word_1_148' title='bbox 2059 532 2182 590; x_wconf 89' lang='lat' dir='ltr'><strong>gam</strong></span> <span class='ocrx_word' id='word_1_149' title='bbox 2199 518 2501 574; x_wconf 88' lang='lat' dir='ltr'><strong>orationem</strong></span> <span class='ocrx_word' id='word_1_150' title='bbox 2518 516 2825 574; x_wconf 89' lang='lat' dir='ltr'><strong>Salomonis</strong></span> <span class='ocrx_word' id='word_1_151' title='bbox 2838 517 2960 591; x_wconf 88' lang='grc' dir='ltr'><em>(ΙΙΙ</em></span> <span class='ocrx_word' id='word_1_152' title='bbox 2975 517 3105 591; x_wconf 83' lang='lat' dir='ltr'><strong>Reg.</strong></span> <span class='ocrx_word' id='word_1_153' title='bbox 3125 536 3202 586; x_wconf 72' lang='grc' dir='ltr'><strong>ιιι,</strong></span> <span class='ocrx_word' id='word_1_154' title='bbox 3219 519 3298 591; x_wconf 89' lang='lat'><strong>5),</strong></span> <span class='ocrx_word' id='word_1_155' title='bbox 3314 528 3370 575; x_wconf 88' lang='lat' dir='ltr'><strong>et</strong></span> <span class='ocrx_word' id='word_1_156' title='bbox 3384 521 3567 577; x_wconf 87' lang='lat' dir='ltr'><strong>divina</strong></span> <span class='ocrx_word' id='word_1_157' title='bbox 3582 524 3653 581; x_wconf 88' lang='lat' dir='ltr'><strong>ad</strong></span> 
     </span>
    </p>
   </div>
   <div class='ocr_carea' id='block_1_20' title="bbox 2060 609 3652 683">
    <p class='ocr_par' dir='ltr' id='par_1_20' title="bbox 2060 609 3652 683">
     <span class='ocr_line' id='line_1_20' title="bbox 2060 609 3652 683; baseline 0.003 -18"><span class='ocrx_word' id='word_1_158' title='bbox 2060 622 2185 666; x_wconf 90' lang='lat' dir='ltr'><strong>eum</strong></span> <span class='ocrx_word' id='word_1_159' title='bbox 2196 609 2415 666; x_wconf 87' lang='lat' dir='ltr'><strong>oracula</strong></span> <span class='ocrx_word' id='word_1_160' title='bbox 2426 610 2570 666; x_wconf 83' lang='lat' dir='ltr'><strong>facta</strong></span> <span class='ocrx_word' id='word_1_161' title='bbox 2584 610 2727 667; x_wconf 88' lang='lat' dir='ltr'><strong>inter</strong></span> <span class='ocrx_word' id='word_1_162' title='bbox 2753 617 2951 666; x_wconf 70' lang='lat' dir='ltr'><strong>caetera</strong></span> <span class='ocrx_word' id='word_1_163' title='bbox 2982 609 3155 667; x_wconf 79' lang='lat' dir='ltr'><strong>refert</strong></span> <span class='ocrx_word' id='word_1_164' title='bbox 3175 609 3463 682; x_wconf 81' lang='lat' dir='ltr'><strong>Scriptura</strong></span> <span class='ocrx_word' id='word_1_165' title='bbox 3480 612 3652 683; x_wconf 87' lang='lat' dir='ltr'><strong>(Ibid.</strong></span> 
     </span>
    </p>
   </div>
   <div class='ocr_carea' id='block_1_21' title="bbox 2060 700 3656 774">
    <p class='ocr_par' dir='ltr' id='par_1_21' title="bbox 2060 700 3656 774">
     <span class='ocr_line' id='line_1_21' title="bbox 2060 700 3656 774; baseline 0.002 -17"><span class='ocrx_word' id='word_1_166' title='bbox 2060 702 2147 771; x_wconf 82' lang='lat' dir='ltr'><strong>ll,</strong></span> <span class='ocrx_word' id='word_1_167' title='bbox 2178 701 2271 774; x_wconf 88' lang='lat'><strong>26)</strong></span> <span class='ocrx_word' id='word_1_168' title='bbox 2299 701 2444 773; x_wconf 92' lang='lat' dir='ltr'><strong>quod</strong></span> <span class='ocrx_word' id='word_1_169' title='bbox 2463 701 2694 757; x_wconf 86' lang='lat' dir='ltr'><strong>classem</strong></span> <span class='ocrx_word' id='word_1_170' title='bbox 2722 702 2943 757; x_wconf 84' lang='lat' dir='ltr'><strong>navium</strong></span> <span class='ocrx_word' id='word_1_171' title='bbox 2970 700 3162 758; x_wconf 79' lang='lat' dir='ltr'><strong>iecerit</strong></span> <span class='ocrx_word' id='word_1_172' title='bbox 3180 718 3277 759; x_wconf 88' lang='lat' dir='ltr'><strong>rex</strong></span> <span class='ocrx_word' id='word_1_173' title='bbox 3303 701 3574 760; x_wconf 89' lang='lat' dir='ltr'><strong>Salomon</strong></span> <span class='ocrx_word' id='word_1_174' title='bbox 3598 704 3656 760; x_wconf 90' lang='lat' dir='ltr'><strong>in</strong></span> 
     </span>
    </p>
   </div>
   <div class='ocr_carea' id='block_1_22' title="bbox 2036 792 3657 867">
    <p class='ocr_par' dir='ltr' id='par_1_22' title="bbox 2036 792 3657 867">
     <span class='ocr_line' id='line_1_22' title="bbox 2036 792 3657 867; baseline 0.002 -18"><span class='ocrx_word' id='word_1_175' title='bbox 2036 792 2428 867; x_wconf 84' lang='lat' dir='ltr'><strong>&#39;Asyongaber.</strong></span> <span class='ocrx_word' id='word_1_176' title='bbox 2492 792 2847 866; x_wconf 81' lang='lat' dir='ltr'><strong>Asyongaher</strong></span> <span class='ocrx_word' id='word_1_177' title='bbox 2906 802 3096 866; x_wconf 89' lang='lat' dir='ltr'><strong>portus</strong></span> <span class='ocrx_word' id='word_1_178' title='bbox 3129 805 3215 851; x_wconf 92' lang='lat' dir='ltr'><strong>est</strong></span> <span class='ocrx_word' id='word_1_179' title='bbox 3266 798 3435 853; x_wconf 89' lang='lat' dir='ltr'><strong>maris</strong></span> <span class='ocrx_word' id='word_1_180' title='bbox 3480 797 3657 853; x_wconf 78' lang='lat' dir='ltr'><strong>Rubri</strong></span> 
     </span>
    </p>
   </div>
   <div class='ocr_carea' id='block_1_23' title="bbox 2060 885 3659 962">
    <p class='ocr_par' dir='ltr' id='par_1_23' title="bbox 2060 885 3659 962">
     <span class='ocr_line' id='line_1_23' title="bbox 2060 885 3659 962; baseline 0.001 -20"><span class='ocrx_word' id='word_1_181' title='bbox 2060 885 2249 962; x_wconf 88' lang='lat' dir='ltr'><strong>(Num.</strong></span> <span class='ocrx_word' id='word_1_182' title='bbox 2265 901 2461 955; x_wconf 70' lang='grc' dir='ltr'><strong>χχχιιι,</strong></span> <span class='ocrx_word' id='word_1_183' title='bbox 2478 886 2570 959; x_wconf 83' lang='lat'><strong>55)</strong></span> <span class='ocrx_word' id='word_1_184' title='bbox 2593 894 2649 943; x_wconf 90' lang='lat' dir='ltr'><strong>et</strong></span> <span class='ocrx_word' id='word_1_185' title='bbox 2676 885 2779 942; x_wconf 83' lang='lat' dir='ltr'><strong>fuit</strong></span> <span class='ocrx_word' id='word_1_186' title='bbox 2796 886 3070 943; x_wconf 87' lang='lat' dir='ltr'><strong>tricesima</strong></span> <span class='ocrx_word' id='word_1_187' title='bbox 3085 888 3265 958; x_wconf 91' lang='lat' dir='ltr'><strong>prima</strong></span> <span class='ocrx_word' id='word_1_188' title='bbox 3279 890 3495 945; x_wconf 85' lang='lat' dir='ltr'><strong>mansio</strong></span> <span class='ocrx_word' id='word_1_189' title='bbox 3519 888 3659 944; x_wconf 88' lang='lat' dir='ltr'><strong>ﬁlio-</strong></span> 
     </span>
    </p>
   </div>
   <div class='ocr_carea' id='block_1_24' title="bbox 2058 977 3660 1050">
    <p class='ocr_par' dir='ltr' id='par_1_24' title="bbox 2058 977 3660 1050">
     <span class='ocr_line' id='line_1_24' title="bbox 2058 977 3660 1050; baseline 0.001 -15"><span class='ocrx_word' id='word_1_190' title='bbox 2058 995 2180 1035; x_wconf 89' lang='lat' dir='ltr'><strong>rum</strong></span> <span class='ocrx_word' id='word_1_191' title='bbox 2210 979 2402 1047; x_wconf 90' lang='lat' dir='ltr'><strong>Israel,</strong></span> <span class='ocrx_word' id='word_1_192' title='bbox 2435 978 2653 1050; x_wconf 91' lang='lat' dir='ltr'><strong>quando</strong></span> <span class='ocrx_word' id='word_1_193' title='bbox 2680 977 2914 1050; x_wconf 82' lang='lat' dir='ltr'><strong>profecti</strong></span> <span class='ocrx_word' id='word_1_194' title='bbox 2954 979 3177 1035; x_wconf 39' lang='lat' dir='ltr'><strong>sunt‘de</strong></span> <span class='ocrx_word' id='word_1_195' title='bbox 3208 978 3447 1050; x_wconf 65' lang='lat' dir='ltr'><strong>Egypto</strong></span> <span class='ocrx_word' id='word_1_196' title='bbox 3480 1000 3495 1035; x_wconf 90' lang='lat'><strong>:</strong></span> <span class='ocrx_word' id='word_1_197' title='bbox 3538 981 3660 1050; x_wconf 89' lang='lat' dir='ltr'><strong>ipso</strong></span> 
     </span>
    </p>
   </div>
   <div class='ocr_carea' id='block_1_25' title="bbox 2058 1066 3660 1143">
    <p class='ocr_par' dir='ltr' id='par_1_25' title="bbox 2058 1066 3660 1143">
     <span class='ocr_line' id='line_1_25' title="bbox 2058 1066 3660 1143; baseline -0.002 -17"><span class='ocrx_word' id='word_1_198' title='bbox 2058 1072 2223 1127; x_wconf 88' lang='lat' dir='ltr'><strong>etiam</strong></span> <span class='ocrx_word' id='word_1_199' title='bbox 2235 1071 2355 1128; x_wconf 91' lang='lat' dir='ltr'><strong>loco</strong></span> <span class='ocrx_word' id='word_1_200' title='bbox 2385 1077 2508 1142; x_wconf 90' lang='lat' dir='ltr'><strong>post</strong></span> <span class='ocrx_word' id='word_1_201' title='bbox 2538 1067 2658 1143; x_wconf 89' lang='grc' dir='ltr'><em>(ΙΙΙ</em></span> <span class='ocrx_word' id='word_1_202' title='bbox 2673 1066 2805 1140; x_wconf 85' lang='lat' dir='ltr'><strong>Reg.</strong></span> <span class='ocrx_word' id='word_1_203' title='bbox 2822 1084 2961 1136; x_wconf 68' lang='grc' dir='ltr'><strong>χχιι,</strong></span> <span class='ocrx_word' id='word_1_204' title='bbox 2979 1069 3070 1142; x_wconf 76' lang='grc'><strong>49)</strong></span> <span class='ocrx_word' id='word_1_205' title='bbox 3089 1069 3280 1126; x_wconf 84' lang='lat' dir='ltr'><strong>classis</strong></span> <span class='ocrx_word' id='word_1_206' title='bbox 3292 1068 3582 1143; x_wconf 87' lang='lat' dir='ltr'><strong>Josaphat,</strong></span> <span class='ocrx_word' id='word_1_207' title='bbox 3599 1078 3660 1124; x_wconf 92' lang='lat' dir='ltr'><strong>ut</strong></span> 
     </span>
    </p>
   </div>
   <div class='ocr_carea' id='block_1_26' title="bbox 2061 1159 3661 1234">
    <p class='ocr_par' dir='ltr' id='par_1_26' title="bbox 2061 1159 3661 1234">
     <span class='ocr_line' id='line_1_26' title="bbox 2061 1159 3661 1234; baseline -0.001 -15"><span class='ocrx_word' id='word_1_208' title='bbox 2061 1160 2344 1234; x_wconf 85' lang='lat' dir='ltr'><strong>Scriptura</strong></span> <span class='ocrx_word' id='word_1_209' title='bbox 2368 1168 2624 1228; x_wconf 87' lang='lat' dir='ltr'><strong>testatur,</strong></span> <span class='ocrx_word' id='word_1_210' title='bbox 2655 1159 2709 1215; x_wconf 92' lang='lat' dir='ltr'><strong>vi</strong></span> <span class='ocrx_word' id='word_1_211' title='bbox 2733 1161 3069 1230; x_wconf 87' lang='lat' dir='ltr'><strong>tempestatis</strong></span> <span class='ocrx_word' id='word_1_212' title='bbox 3096 1162 3288 1217; x_wconf 90' lang='lat' dir='ltr'><strong>attrita</strong></span> <span class='ocrx_word' id='word_1_213' title='bbox 3317 1169 3420 1217; x_wconf 90' lang='lat' dir='ltr'><strong>est.</strong></span> <span class='ocrx_word' id='word_1_214' title='bbox 3451 1161 3661 1219; x_wconf 86' lang='lat' dir='ltr'><strong>Classis</strong></span> 
     </span>
    </p>
   </div>
   <div class='ocr_carea' id='block_1_27' title="bbox 2059 1250 3662 1325">
    <p class='ocr_par' dir='ltr' id='par_1_27' title="bbox 2059 1250 3662 1325">
     <span class='ocr_line' id='line_1_27' title="bbox 2059 1250 3662 1325; baseline 0.002 -16"><span class='ocrx_word' id='word_1_215' title='bbox 2059 1261 2189 1310; x_wconf 89' lang='lat' dir='ltr'><strong>sunt</strong></span> <span class='ocrx_word' id='word_1_216' title='bbox 2230 1253 2448 1325; x_wconf 87' lang='lat' dir='ltr'><strong>navigia</strong></span> <span class='ocrx_word' id='word_1_217' title='bbox 2498 1252 2669 1309; x_wconf 89' lang='lat' dir='ltr'><strong>maris</strong></span> <span class='ocrx_word' id='word_1_218' title='bbox 2721 1267 2738 1307; x_wconf 89' lang='lat'><strong>:</strong></span> <span class='ocrx_word' id='word_1_219' title='bbox 2784 1250 2978 1308; x_wconf 88' lang='lat' dir='ltr'><strong>classis</strong></span> <span class='ocrx_word' id='word_1_220' title='bbox 3026 1253 3193 1309; x_wconf 91' lang='lat' dir='ltr'><strong>etiam</strong></span> <span class='ocrx_word' id='word_1_221' title='bbox 3245 1254 3393 1311; x_wconf 79' lang='lat' dir='ltr'><strong>diota</strong></span> <span class='ocrx_word' id='word_1_222' title='bbox 3433 1254 3662 1312; x_wconf 81' lang='lat' dir='ltr'><strong>navium</strong></span> 
     </span>
    </p>
   </div>
   <div class='ocr_carea' id='block_1_28' title="bbox 2059 1347 2373 1404">
    <p class='ocr_par' dir='ltr' id='par_1_28' title="bbox 2059 1347 2373 1404">
     <span class='ocr_line' id='line_1_28' title="bbox 2059 1347 2373 1404; baseline 0.003 -3"><span class='ocrx_word' id='word_1_223' title='bbox 2059 1347 2373 1404; x_wconf 89' lang='lat' dir='ltr'><strong>multitudo.</strong></span> 
     </span>
    </p>
   </div>
   <div class='ocr_carea' id='block_1_29' title="bbox 2128 1434 3662 1513">
    <p class='ocr_par' dir='ltr' id='par_1_29' title="bbox 2128 1434 3662 1513">
     <span class='ocr_line' id='line_1_29' title="bbox 2128 1434 3662 1513; baseline -0.001 -22"><span class='ocrx_word' id='word_1_224' title='bbox 2128 1436 2294 1511; x_wconf 83' lang='lat' dir='ltr'><strong>(Ibid.</strong></span> <span class='ocrx_word' id='word_1_225' title='bbox 2311 1454 2388 1504; x_wconf 80' lang='lat' dir='ltr'><strong>ix,</strong></span> <span class='ocrx_word' id='word_1_226' title='bbox 2404 1437 2495 1506; x_wconf 86' lang='lat'><strong>27,</strong></span> <span class='ocrx_word' id='word_1_227' title='bbox 2511 1436 2630 1513; x_wconf 89' lang='lat'><strong>28.)</strong></span> <span class='ocrx_word' id='word_1_228' title='bbox 2648 1437 2781 1495; x_wconf 87' lang='lat' dir='ltr'><strong>Post</strong></span> <span class='ocrx_word' id='word_1_229' title='bbox 2797 1439 2916 1495; x_wconf 82' lang='lat' dir='ltr'><strong>haec</strong></span> <span class='ocrx_word' id='word_1_230' title='bbox 2935 1437 3135 1494; x_wconf 84' lang='lat' dir='ltr'><strong>iterum</strong></span> <span class='ocrx_word' id='word_1_231' title='bbox 3158 1434 3328 1493; x_wconf 80' lang='lat' dir='ltr'><strong>refert</strong></span> <span class='ocrx_word' id='word_1_232' title='bbox 3349 1434 3662 1507; x_wconf 83' lang='lat' dir='ltr'><strong>Scriptura,</strong></span> 
     </span>
    </p>
   </div>
   <div class='ocr_carea' id='block_1_30' title="bbox 2060 1530 3665 1604">
    <p class='ocr_par' dir='ltr' id='par_1_30' title="bbox 2060 1530 3665 1604">
     <span class='ocr_line' id='line_1_30' title="bbox 2060 1530 3665 1604; baseline -0.001 -17"><span class='ocrx_word' id='word_1_233' title='bbox 2060 1532 2206 1604; x_wconf 90' lang='lat' dir='ltr'><strong>quod</strong></span> <span class='ocrx_word' id='word_1_234' title='bbox 2235 1532 2485 1588; x_wconf 86' lang='lat' dir='ltr'><strong>venerint</strong></span> <span class='ocrx_word' id='word_1_235' title='bbox 2509 1532 2652 1589; x_wconf 86' lang='lat' dir='ltr'><strong>servi</strong></span> <span class='ocrx_word' id='word_1_236' title='bbox 2684 1531 2874 1589; x_wconf 84' lang='lat' dir='ltr'><strong>Hiram</strong></span> <span class='ocrx_word' id='word_1_237' title='bbox 2904 1547 3030 1589; x_wconf 92' lang='lat' dir='ltr'><strong>cum</strong></span> <span class='ocrx_word' id='word_1_238' title='bbox 3057 1531 3235 1589; x_wconf 88' lang='lat' dir='ltr'><strong>servis</strong></span> <span class='ocrx_word' id='word_1_239' title='bbox 3274 1530 3588 1587; x_wconf 89' lang='lat' dir='ltr'><strong>Salomonis</strong></span> <span class='ocrx_word' id='word_1_240' title='bbox 3606 1531 3665 1586; x_wconf 86' lang='lat' dir='ltr'><strong>in</strong></span> 
     </span>
    </p>
   </div>
   <div class='ocr_carea' id='block_1_31' title="bbox 2060 1623 3662 1697">
    <p class='ocr_par' dir='ltr' id='par_1_31' title="bbox 2060 1623 3662 1697">
     <span class='ocr_line' id='line_1_31' title="bbox 2060 1623 3662 1697; baseline -0.002 -17"><span class='ocrx_word' id='word_1_241' title='bbox 2060 1624 2268 1681; x_wconf 90' lang='lat' dir='ltr'><strong>eisdem</strong></span> <span class='ocrx_word' id='word_1_242' title='bbox 2304 1625 2536 1682; x_wconf 82' lang='lat' dir='ltr'><strong>navibus</strong></span> <span class='ocrx_word' id='word_1_243' title='bbox 2560 1625 2617 1681; x_wconf 92' lang='lat' dir='ltr'><strong>in</strong></span> <span class='ocrx_word' id='word_1_244' title='bbox 2642 1624 2835 1697; x_wconf 90' lang='lat' dir='ltr'><strong>Opbir,</strong></span> <span class='ocrx_word' id='word_1_245' title='bbox 2883 1630 3269 1697; x_wconf 89' lang='lat' dir='ltr'><strong>sumptumque</strong></span> <span class='ocrx_word' id='word_1_246' title='bbox 3298 1623 3425 1680; x_wconf 87' lang='lat' dir='ltr'><strong>inde</strong></span> <span class='ocrx_word' id='word_1_247' title='bbox 3464 1637 3662 1678; x_wconf 87' lang='lat' dir='ltr'><strong>aurum</strong></span> 
     </span>
    </p>
   </div>
   <div class='ocr_carea' id='block_1_32' title="bbox 2060 1717 3668 1794">
    <p class='ocr_par' dir='ltr' id='par_1_32' title="bbox 2060 1717 3668 1794">
     <span class='ocr_line' id='line_1_32' title="bbox 2060 1717 3668 1794; baseline -0.001 -18"><span class='ocrx_word' id='word_1_248' title='bbox 2060 1720 2585 1793; x_wconf 80' lang='lat' dir='ltr'><strong>quadringentorum</strong></span> <span class='ocrx_word' id='word_1_249' title='bbox 2634 1721 2826 1794; x_wconf 78' lang='lat' dir='ltr'><strong>viginti</strong></span> <span class='ocrx_word' id='word_1_250' title='bbox 2871 1721 3200 1777; x_wconf 89' lang='lat' dir='ltr'><strong>talentorum</strong></span> <span class='ocrx_word' id='word_1_251' title='bbox 3243 1718 3562 1775; x_wconf 89' lang='lat' dir='ltr'><strong>detulerunt</strong></span> <span class='ocrx_word' id='word_1_252' title='bbox 3595 1717 3668 1774; x_wconf 85' lang='lat' dir='ltr'><strong>ad</strong></span> 
     </span>
    </p>
   </div>
   <div class='ocr_carea' id='block_1_33' title="bbox 364 1807 3668 1884">
    <p class='ocr_par' dir='ltr' id='par_1_33' title="bbox 364 1807 3668 1884">
     <span class='ocr_line' id='line_1_33' title="bbox 364 1807 3668 1884; baseline -0 -18"><span class='ocrx_word' id='word_1_253' title='bbox 364 1828 467 1884; x_wconf 86' lang='lat' dir='ltr'><strong>que</strong></span> <span class='ocrx_word' id='word_1_254' title='bbox 495 1810 704 1884; x_wconf 81' lang='lat' dir='ltr'><strong>Moyses</strong></span> <span class='ocrx_word' id='word_1_255' title='bbox 750 1813 820 1867; x_wconf 91' lang='lat' dir='ltr'><strong>ad</strong></span> <span class='ocrx_word' id='word_1_256' title='bbox 846 1813 1049 1881; x_wconf 82' lang='lat' dir='ltr'><strong>Aaron,</strong></span> <span class='ocrx_word' id='word_1_257' title='bbox 1096 1829 1245 1868; x_wconf 88' lang='lat' dir='ltr'><strong>sume</strong></span> <span class='ocrx_word' id='word_1_258' title='bbox 1287 1828 1378 1867; x_wconf 89' lang='lat' dir='ltr'><strong>vas</strong></span> <span class='ocrx_word' id='word_1_259' title='bbox 1407 1828 1592 1880; x_wconf 87' lang='lat' dir='ltr'><strong>unum,</strong></span> <span class='ocrx_word' id='word_1_260' title='bbox 1620 1821 1667 1867; x_wconf 91' lang='lat' dir='ltr'><strong>et</strong></span> <span class='ocrx_word' id='word_1_261' title='bbox 1693 1814 1841 1869; x_wconf 87' lang='lat' dir='ltr'><strong>mitte</strong></span> <span class='ocrx_word' id='word_1_262' title='bbox 1888 1813 1963 1870; x_wconf 87' lang='lat' dir='ltr'><strong>ibi</strong></span> <span class='ocrx_word' id='word_1_263' title='bbox 1987 1807 2038 1868; x_wconf 89' lang='lat' dir='ltr'><strong>B</strong></span> <span class='ocrx_word' id='word_1_264' title='bbox 2066 1826 2251 1884; x_wconf 80' lang='lat' dir='ltr'><strong>regem</strong></span> <span class='ocrx_word' id='word_1_265' title='bbox 2283 1810 2631 1869; x_wconf 87' lang='lat' dir='ltr'><strong>Salomonem</strong></span> <span class='ocrx_word' id='word_1_266' title='bbox 2658 1813 2717 1868; x_wconf 90' lang='lat' dir='ltr'><strong>in</strong></span> <span class='ocrx_word' id='word_1_267' title='bbox 2742 1812 3073 1869; x_wconf 88' lang='lat' dir='ltr'><strong>Jerusalem.</strong></span> <span class='ocrx_word' id='word_1_268' title='bbox 3104 1810 3299 1882; x_wconf 89' lang='lat' dir='ltr'><strong>Opbir,</strong></span> <span class='ocrx_word' id='word_1_269' title='bbox 3323 1811 3490 1878; x_wconf 89' lang='lat' dir='ltr'><strong>unde,</strong></span> <span class='ocrx_word' id='word_1_270' title='bbox 3520 1810 3668 1866; x_wconf 86' lang='lat' dir='ltr'><strong>sicut</strong></span> 
     </span>
    </p>
   </div>
   <div class='ocr_carea' id='block_1_34' title="bbox 364 1903 1958 1978">
    <p class='ocr_par' dir='ltr' id='par_1_34' title="bbox 364 1903 1958 1978">
     <span class='ocr_line' id='line_1_34' title="bbox 364 1903 1958 1978; baseline 0.003 -20"><span class='ocrx_word' id='word_1_271' title='bbox 364 1920 515 1972; x_wconf 89' lang='lat' dir='ltr'><strong>man,</strong></span> <span class='ocrx_word' id='word_1_272' title='bbox 542 1915 801 1976; x_wconf 89' lang='lat' dir='ltr'><strong>quantum</strong></span> <span class='ocrx_word' id='word_1_273' title='bbox 828 1914 995 1977; x_wconf 84' lang='lat' dir='ltr'><strong>potest</strong></span> <span class='ocrx_word' id='word_1_274' title='bbox 1035 1922 1218 1978; x_wconf 84' lang='lat' dir='ltr'><strong>capere</strong></span> <span class='ocrx_word' id='word_1_275' title='bbox 1242 1903 1460 1972; x_wconf 86' lang='lat' dir='ltr'><strong>Gomor,</strong></span> <span class='ocrx_word' id='word_1_276' title='bbox 1489 1914 1539 1961; x_wconf 90' lang='lat' dir='ltr'><strong>et</strong></span> <span class='ocrx_word' id='word_1_277' title='bbox 1565 1922 1753 1978; x_wconf 87' lang='lat' dir='ltr'><strong>repone</strong></span> <span class='ocrx_word' id='word_1_278' title='bbox 1780 1923 1958 1962; x_wconf 88' lang='lat' dir='ltr'><strong>coram</strong></span> 
     </span>
    </p>
   </div>
   <div class='ocr_carea' id='block_1_35' title="bbox 364 1994 1960 2068">
    <p class='ocr_par' dir='ltr' id='par_1_35' title="bbox 364 1994 1960 2068">
     <span class='ocr_line' id='line_1_35' title="bbox 364 1994 1960 2068; baseline 0.001 -18"><span class='ocrx_word' id='word_1_279' title='bbox 364 1994 594 2052; x_wconf 90' lang='lat' dir='ltr'><strong>Domino</strong></span> <span class='ocrx_word' id='word_1_280' title='bbox 625 1998 695 2052; x_wconf 87' lang='lat' dir='ltr'><strong>ad</strong></span> <span class='ocrx_word' id='word_1_281' title='bbox 738 1997 1055 2053; x_wconf 88' lang='lat' dir='ltr'><strong>servandum</strong></span> <span class='ocrx_word' id='word_1_282' title='bbox 1083 1998 1141 2052; x_wconf 89' lang='lat' dir='ltr'><strong>in</strong></span> <span class='ocrx_word' id='word_1_283' title='bbox 1179 1996 1540 2068; x_wconf 83' lang='lat' dir='ltr'><strong>generationes</strong></span> <span class='ocrx_word' id='word_1_284' title='bbox 1573 2004 1794 2063; x_wconf 90' lang='lat' dir='ltr'><strong>vestras,</strong></span> <span class='ocrx_word' id='word_1_285' title='bbox 1823 1997 1960 2053; x_wconf 86' lang='lat' dir='ltr'><strong>sicut</strong></span> 
     </span>
    </p>
   </div>
   <div class='ocr_carea' id='block_1_36' title="bbox 361 2088 1961 2163">
    <p class='ocr_par' dir='ltr' id='par_1_36' title="bbox 361 2088 1961 2163">
     <span class='ocr_line' id='line_1_36' title="bbox 361 2088 1961 2163; baseline 0.003 -21"><span class='ocrx_word' id='word_1_286' title='bbox 361 2089 611 2161; x_wconf 72' lang='lat' dir='ltr'><strong>praecepit</strong></span> <span class='ocrx_word' id='word_1_287' title='bbox 656 2088 915 2146; x_wconf 88' lang='lat' dir='ltr'><strong>Dominus</strong></span> <span class='ocrx_word' id='word_1_288' title='bbox 965 2090 1162 2163; x_wconf 77' lang='lat' dir='ltr'><strong>Moysi.</strong></span> <span class='ocrx_word' id='word_1_289' title='bbox 1195 2088 1485 2161; x_wconf 86' lang='lat' dir='ltr'><strong>Posuitque</strong></span> <span class='ocrx_word' id='word_1_290' title='bbox 1523 2089 1658 2144; x_wconf 88' lang='lat' dir='ltr'><strong>illud</strong></span> <span class='ocrx_word' id='word_1_291' title='bbox 1700 2091 1881 2146; x_wconf 83' lang='lat' dir='ltr'><strong>Aaron</strong></span> <span class='ocrx_word' id='word_1_292' title='bbox 1902 2092 1961 2148; x_wconf 88' lang='lat' dir='ltr'><strong>in</strong></span> 
     </span>
    </p>
   </div>
   <div class='ocr_carea' id='block_1_37' title="bbox 364 2179 1956 2238">
    <p class='ocr_par' dir='ltr' id='par_1_37' title="bbox 364 2179 1956 2238">
     <span class='ocr_line' id='line_1_37' title="bbox 364 2179 1956 2238; baseline 0.003 -5"><span class='ocrx_word' id='word_1_293' title='bbox 364 2179 704 2235; x_wconf 89' lang='lat' dir='ltr'><strong>tabernaculo</strong></span> <span class='ocrx_word' id='word_1_294' title='bbox 750 2181 1141 2236; x_wconf 84' lang='lat' dir='ltr'><strong>reservandum.</strong></span> <span class='ocrx_word' id='word_1_295' title='bbox 1174 2180 1305 2235; x_wconf 88' lang='lat' dir='ltr'><strong>Erat</strong></span> <span class='ocrx_word' id='word_1_296' title='bbox 1325 2188 1509 2236; x_wconf 90' lang='lat' dir='ltr'><strong>autem</strong></span> <span class='ocrx_word' id='word_1_297' title='bbox 1550 2180 1608 2237; x_wconf 91' lang='lat' dir='ltr'><strong>in</strong></span> <span class='ocrx_word' id='word_1_298' title='bbox 1644 2196 1774 2237; x_wconf 89' lang='lat' dir='ltr'><strong>arca</strong></span> <span class='ocrx_word' id='word_1_299' title='bbox 1816 2197 1956 2238; x_wconf 89' lang='lat' dir='ltr'><strong>urna</strong></span> 
     </span>
    </p>
   </div>
   <div class='ocr_carea' id='block_1_38' title="bbox 364 2273 1959 2345">
    <p class='ocr_par' dir='ltr' id='par_1_38' title="bbox 364 2273 1959 2345">
     <span class='ocr_line' id='line_1_38' title="bbox 364 2273 1959 2345; baseline 0.005 -21"><span class='ocrx_word' id='word_1_300' title='bbox 364 2284 532 2327; x_wconf 91' lang='lat' dir='ltr'><strong>aurea</strong></span> <span class='ocrx_word' id='word_1_301' title='bbox 560 2273 769 2329; x_wconf 85' lang='lat' dir='ltr'><strong>habens</strong></span> <span class='ocrx_word' id='word_1_302' title='bbox 797 2288 1020 2341; x_wconf 90' lang='lat' dir='ltr'><strong>manna,</strong></span> <span class='ocrx_word' id='word_1_303' title='bbox 1050 2274 1180 2345; x_wconf 92' lang='lat' dir='ltr'><strong>quia</strong></span> <span class='ocrx_word' id='word_1_304' title='bbox 1208 2274 1264 2330; x_wconf 92' lang='lat' dir='ltr'><strong>in</strong></span> <span class='ocrx_word' id='word_1_305' title='bbox 1308 2275 1531 2331; x_wconf 83' lang='lat' dir='ltr'><strong>homine</strong></span> <span class='ocrx_word' id='word_1_306' title='bbox 1556 2273 1776 2332; x_wconf 89' lang='lat' dir='ltr'><strong>Christo</strong></span> <span class='ocrx_word' id='word_1_307' title='bbox 1800 2274 1959 2332; x_wconf 87' lang='lat' dir='ltr'><strong>habi-</strong></span> 
     </span>
    </p>
   </div>
   <div class='ocr_carea' id='block_1_39' title="bbox 364 2359 1961 2441">
    <p class='ocr_par' dir='ltr' id='par_1_39' title="bbox 364 2359 1961 2441">
     <span class='ocr_line' id='line_1_39' title="bbox 364 2359 1961 2441; baseline 0.007 -27"><span class='ocrx_word' id='word_1_308' title='bbox 364 2369 446 2415; x_wconf 88' lang='lat' dir='ltr'><strong>tat</strong></span> <span class='ocrx_word' id='word_1_309' title='bbox 477 2359 700 2433; x_wconf 89' lang='lat' dir='ltr'><strong>(Coloss.</strong></span> <span class='ocrx_word' id='word_1_310' title='bbox 735 2380 794 2430; x_wconf 92' lang='grc' dir='ltr'><strong>ιι,</strong></span> <span class='ocrx_word' id='word_1_311' title='bbox 821 2364 877 2435; x_wconf 90' lang='grc'><strong>9)</strong></span> <span class='ocrx_word' id='word_1_312' title='bbox 909 2365 1077 2421; x_wconf 88' lang='lat' dir='ltr'><strong>omnis</strong></span> <span class='ocrx_word' id='word_1_313' title='bbox 1104 2366 1375 2438; x_wconf 85' lang='lat' dir='ltr'><strong>plenitudo</strong></span> <span class='ocrx_word' id='word_1_314' title='bbox 1405 2366 1693 2424; x_wconf 84' lang='lat' dir='ltr'><strong>divinitatis</strong></span> <span class='ocrx_word' id='word_1_315' title='bbox 1716 2386 1961 2441; x_wconf 85' lang='lat' dir='ltr'><strong>corpora-</strong></span> 
     </span>
    </p>
   </div>
   <div class='ocr_carea' id='block_1_40' title="bbox 362 2451 1959 2532">
    <p class='ocr_par' dir='ltr' id='par_1_40' title="bbox 362 2451 1959 2532">
     <span class='ocr_line' id='line_1_40' title="bbox 362 2451 1959 2532; baseline 0.009 -26"><span class='ocrx_word' id='word_1_316' title='bbox 362 2451 503 2508; x_wconf 86' lang='lat' dir='ltr'><strong>liter.</strong></span> <span class='ocrx_word' id='word_1_317' title='bbox 557 2454 692 2510; x_wconf 89' lang='lat' dir='ltr'><strong>Erat</strong></span> <span class='ocrx_word' id='word_1_318' title='bbox 737 2464 919 2513; x_wconf 90' lang='lat' dir='ltr'><strong>autem</strong></span> <span class='ocrx_word' id='word_1_319' title='bbox 954 2458 1109 2532; x_wconf 88' lang='lat' dir='ltr'><strong>virga</strong></span> <span class='ocrx_word' id='word_1_320' title='bbox 1153 2459 1354 2526; x_wconf 83' lang='lat' dir='ltr'><strong>Aaron,</strong></span> <span class='ocrx_word' id='word_1_321' title='bbox 1404 2475 1526 2531; x_wconf 82' lang='lat' dir='ltr'><strong>quae</strong></span> <span class='ocrx_word' id='word_1_322' title='bbox 1566 2462 1752 2518; x_wconf 83' lang='lat' dir='ltr'><strong>excisa</strong></span> <span class='ocrx_word' id='word_1_323' title='bbox 1781 2463 1959 2521; x_wconf 90' lang='lat' dir='ltr'><strong>denuo</strong></span> 
     </span>
    </p>
   </div>
   <div class='ocr_carea' id='block_1_41' title="bbox 363 2545 1960 2630">
    <p class='ocr_par' dir='ltr' id='par_1_41' title="bbox 363 2545 1960 2630">
     <span class='ocr_line' id='line_1_41' title="bbox 363 2545 1960 2630; baseline 0.009 -28"><span class='ocrx_word' id='word_1_324' title='bbox 363 2545 643 2616; x_wconf 83' lang='lat' dir='ltr'><strong>ﬂoruerat,</strong></span> <span class='ocrx_word' id='word_1_325' title='bbox 701 2551 829 2621; x_wconf 89' lang='lat' dir='ltr'><strong>quia</strong></span> <span class='ocrx_word' id='word_1_326' title='bbox 860 2550 1043 2625; x_wconf 82' lang='lat' dir='ltr'><strong>(Joan.</strong></span> <span class='ocrx_word' id='word_1_327' title='bbox 1094 2568 1151 2622; x_wconf 92' lang='lat' dir='ltr'><strong>v,</strong></span> <span class='ocrx_word' id='word_1_328' title='bbox 1181 2553 1273 2620; x_wconf 90' lang='lat'><strong>22,</strong></span> <span class='ocrx_word' id='word_1_329' title='bbox 1307 2554 1400 2623; x_wconf 89' lang='lat'><strong>27,</strong></span> <span class='ocrx_word' id='word_1_330' title='bbox 1427 2555 1519 2623; x_wconf 88' lang='lat'><strong>29,</strong></span> <span class='ocrx_word' id='word_1_331' title='bbox 1546 2555 1634 2622; x_wconf 84' lang='lat'><strong>50,</strong></span> <span class='ocrx_word' id='word_1_332' title='bbox 1681 2556 1816 2629; x_wconf 87' lang='lat' dir='ltr'><strong>etc.)</strong></span> <span class='ocrx_word' id='word_1_333' title='bbox 1860 2573 1960 2630; x_wconf 89' lang='lat' dir='ltr'><strong>po-</strong></span> 
     </span>
    </p>
   </div>
   <div class='ocr_carea' id='block_1_42' title="bbox 363 2636 1956 2719">
    <p class='ocr_par' dir='ltr' id='par_1_42' title="bbox 363 2636 1956 2719">
     <span class='ocr_line' id='line_1_42' title="bbox 363 2636 1956 2719; baseline 0.008 -25"><span class='ocrx_word' id='word_1_334' title='bbox 363 2646 532 2697; x_wconf 89' lang='lat' dir='ltr'><strong>testas</strong></span> <span class='ocrx_word' id='word_1_335' title='bbox 560 2640 739 2699; x_wconf 90' lang='lat' dir='ltr'><strong>omnis</strong></span> <span class='ocrx_word' id='word_1_336' title='bbox 761 2643 1047 2716; x_wconf 88' lang='lat' dir='ltr'><strong>judicandi</strong></span> <span class='ocrx_word' id='word_1_337' title='bbox 1076 2661 1247 2717; x_wconf 89' lang='lat' dir='ltr'><strong>penes</strong></span> <span class='ocrx_word' id='word_1_338' title='bbox 1273 2662 1399 2703; x_wconf 90' lang='lat' dir='ltr'><strong>eum</strong></span> <span class='ocrx_word' id='word_1_339' title='bbox 1427 2655 1533 2715; x_wconf 92' lang='lat' dir='ltr'><strong>est,</strong></span> <span class='ocrx_word' id='word_1_340' title='bbox 1580 2649 1667 2705; x_wconf 92' lang='lat' dir='ltr'><strong>cui</strong></span> <span class='ocrx_word' id='word_1_341' title='bbox 1686 2636 1956 2719; x_wconf 79' lang='lat' dir='ltr'><strong>judicium</strong></span> 
     </span>
    </p>
   </div>
   <div class='ocr_carea' id='block_1_43' title="bbox 361 2729 1953 2806">
    <p class='ocr_par' dir='ltr' id='par_1_43' title="bbox 361 2729 1953 2806">
     <span class='ocr_line' id='line_1_43' title="bbox 361 2729 1953 2806; baseline 0.004 -20"><span class='ocrx_word' id='word_1_342' title='bbox 361 2729 420 2786; x_wconf 92' lang='lat' dir='ltr'><strong>in</strong></span> <span class='ocrx_word' id='word_1_343' title='bbox 466 2731 777 2789; x_wconf 89' lang='lat' dir='ltr'><strong>humilitate</strong></span> <span class='ocrx_word' id='word_1_344' title='bbox 828 2734 1101 2806; x_wconf 85' lang='lat' dir='ltr'><strong>passionis</strong></span> <span class='ocrx_word' id='word_1_345' title='bbox 1154 2737 1445 2794; x_wconf 88' lang='lat' dir='ltr'><strong>videbatur</strong></span> <span class='ocrx_word' id='word_1_346' title='bbox 1490 2752 1614 2795; x_wconf 89' lang='lat' dir='ltr'><strong>esse</strong></span> <span class='ocrx_word' id='word_1_347' title='bbox 1659 2738 1953 2795; x_wconf 89' lang='lat' dir='ltr'><strong>sublatum.</strong></span> 
     </span>
    </p>
   </div>
   <div class='ocr_carea' id='block_1_44' title="bbox 360 2820 1953 2901">
    <p class='ocr_par' dir='ltr' id='par_1_44' title="bbox 360 2820 1953 2901">
     <span class='ocr_line' id='line_1_44' title="bbox 360 2820 1953 2901; baseline 0.006 -25"><span class='ocrx_word' id='word_1_348' title='bbox 360 2820 531 2878; x_wconf 86' lang='lat' dir='ltr'><strong>Erant</strong></span> <span class='ocrx_word' id='word_1_349' title='bbox 558 2832 614 2879; x_wconf 89' lang='lat' dir='ltr'><strong>et</strong></span> <span class='ocrx_word' id='word_1_350' title='bbox 640 2824 835 2881; x_wconf 72' lang='lat' dir='ltr'><strong>tabulae</strong></span> <span class='ocrx_word' id='word_1_351' title='bbox 861 2827 1191 2894; x_wconf 88' lang='lat' dir='ltr'><strong>testamenti,</strong></span> <span class='ocrx_word' id='word_1_352' title='bbox 1223 2828 1352 2898; x_wconf 88' lang='lat' dir='ltr'><strong>quia</strong></span> <span class='ocrx_word' id='word_1_353' title='bbox 1375 2828 1432 2883; x_wconf 90' lang='lat' dir='ltr'><strong>in</strong></span> <span class='ocrx_word' id='word_1_354' title='bbox 1458 2828 1551 2883; x_wconf 92' lang='lat' dir='ltr'><strong>illo</strong></span> <span class='ocrx_word' id='word_1_355' title='bbox 1571 2836 1697 2884; x_wconf 88' lang='lat' dir='ltr'><strong>sunt</strong></span> <span class='ocrx_word' id='word_1_356' title='bbox 1724 2827 1953 2901; x_wconf 88' lang='lat' dir='ltr'><strong>(Coloss.</strong></span> 
     </span>
    </p>
   </div>
   <div class='ocr_carea' id='block_1_45' title="bbox 363 2914 1955 2992">
    <p class='ocr_par' dir='ltr' id='par_1_45' title="bbox 363 2914 1955 2992">
     <span class='ocr_line' id='line_1_45' title="bbox 363 2914 1955 2992; baseline 0.006 -23"><span class='ocrx_word' id='word_1_357' title='bbox 363 2930 451 2981; x_wconf 88' lang='grc' dir='ltr'><strong>ιιι,</strong></span> <span class='ocrx_word' id='word_1_358' title='bbox 495 2914 552 2985; x_wconf 86' lang='lat'><strong>5)</strong></span> <span class='ocrx_word' id='word_1_359' title='bbox 584 2932 762 2972; x_wconf 85' lang='lat' dir='ltr'><strong>omnes</strong></span> <span class='ocrx_word' id='word_1_360' title='bbox 791 2918 1025 2975; x_wconf 85' lang='lat' dir='ltr'><strong>thesauri</strong></span> <span class='ocrx_word' id='word_1_361' title='bbox 1060 2921 1354 2992; x_wconf 66' lang='lat' dir='ltr'><strong>sapientiae,</strong></span> <span class='ocrx_word' id='word_1_362' title='bbox 1383 2930 1434 2977; x_wconf 91' lang='lat' dir='ltr'><strong>et</strong></span> <span class='ocrx_word' id='word_1_363' title='bbox 1463 2922 1697 2978; x_wconf 69' lang='lat' dir='ltr'><strong>scientiae</strong></span> <span class='ocrx_word' id='word_1_364' title='bbox 1727 2922 1955 2979; x_wconf 89' lang='lat' dir='ltr'><strong>abscon-</strong></span> 
     </span>
    </p>
   </div>
   <div class='ocr_carea' id='block_1_46' title="bbox 361 3006 1957 3086">
    <p class='ocr_par' dir='ltr' id='par_1_46' title="bbox 361 3006 1957 3086">
     <span class='ocr_line' id='line_1_46' title="bbox 361 3006 1957 3086; baseline 0.006 -25"><span class='ocrx_word' id='word_1_365' title='bbox 361 3006 482 3061; x_wconf 84' lang='lat' dir='ltr'><strong>diti.</strong></span> <span class='ocrx_word' id='word_1_366' title='bbox 509 3006 875 3066; x_wconf 67' lang='lat' dir='ltr'><strong>Adbaarebant</strong></span> <span class='ocrx_word' id='word_1_367' title='bbox 899 3012 949 3067; x_wconf 92' lang='lat' dir='ltr'><strong>ei</strong></span> <span class='ocrx_word' id='word_1_368' title='bbox 976 3018 1182 3080; x_wconf 88' lang='lat' dir='ltr'><strong>vectes,</strong></span> <span class='ocrx_word' id='word_1_369' title='bbox 1205 3013 1402 3085; x_wconf 90' lang='lat' dir='ltr'><strong>quibus</strong></span> <span class='ocrx_word' id='word_1_370' title='bbox 1441 3013 1785 3085; x_wconf 86' lang='lat' dir='ltr'><strong>portabatur,</strong></span> <span class='ocrx_word' id='word_1_371' title='bbox 1827 3014 1957 3086; x_wconf 89' lang='lat' dir='ltr'><strong>quia</strong></span> 
     </span>
    </p>
   </div>
   <div class='ocr_carea' id='block_1_47' title="bbox 369 3098 1954 3177">
    <p class='ocr_par' dir='ltr' id='par_1_47' title="bbox 369 3098 1954 3177">
     <span class='ocr_line' id='line_1_47' title="bbox 369 3098 1954 3177; baseline 0.007 -24"><span class='ocrx_word' id='word_1_372' title='bbox 369 3098 649 3167; x_wconf 90' lang='lat' dir='ltr'><strong>doctores,</strong></span> <span class='ocrx_word' id='word_1_373' title='bbox 679 3101 774 3172; x_wconf 94' lang='lat' dir='ltr'><strong>qui</strong></span> <span class='ocrx_word' id='word_1_374' title='bbox 803 3103 1075 3173; x_wconf 90' lang='lat' dir='ltr'><strong>quondam</strong></span> <span class='ocrx_word' id='word_1_375' title='bbox 1104 3103 1426 3162; x_wconf 89' lang='lat' dir='ltr'><strong>laborabant</strong></span> <span class='ocrx_word' id='word_1_376' title='bbox 1452 3106 1509 3162; x_wconf 92' lang='lat' dir='ltr'><strong>in</strong></span> <span class='ocrx_word' id='word_1_377' title='bbox 1536 3108 1702 3163; x_wconf 89' lang='lat' dir='ltr'><strong>verbo</strong></span> <span class='ocrx_word' id='word_1_378' title='bbox 1729 3107 1954 3177; x_wconf 91' lang='lat' dir='ltr'><strong>Christi,</strong></span> 
     </span>
    </p>
   </div>
   <div class='ocr_carea' id='block_1_48' title="bbox 2053 1900 3667 1973">
    <p class='ocr_par' dir='ltr' id='par_1_48' title="bbox 2053 1900 3667 1973">
     <span class='ocr_line' id='line_1_48' title="bbox 2053 1900 3667 1973; baseline 0.001 -15"><span class='ocrx_word' id='word_1_379' title='bbox 2053 1901 2171 1973; x_wconf 90' lang='lat' dir='ltr'><strong>jam</strong></span> <span class='ocrx_word' id='word_1_380' title='bbox 2206 1902 2463 1971; x_wconf 83' lang='lat' dir='ltr'><strong>diximus,</strong></span> <span class='ocrx_word' id='word_1_381' title='bbox 2501 1911 2695 1960; x_wconf 79' lang='lat' dir='ltr'><strong>aurum</strong></span> <span class='ocrx_word' id='word_1_382' title='bbox 2731 1901 3374 1969; x_wconf 78' lang='lat' dir='ltr'><strong>aﬁ‘erebaturSalomoni,</strong></span> <span class='ocrx_word' id='word_1_383' title='bbox 3405 1900 3667 1959; x_wconf 78' lang='lat' dir='ltr'><strong>fuitunus</strong></span> 
     </span>
    </p>
   </div>
   <div class='ocr_carea' id='block_1_49' title="bbox 2061 1993 3668 2070">
    <p class='ocr_par' dir='ltr' id='par_1_49' title="bbox 2061 1993 3668 2070">
     <span class='ocr_line' id='line_1_49' title="bbox 2061 1993 3668 2070; baseline 0 -18"><span class='ocrx_word' id='word_1_384' title='bbox 2061 1996 2128 2052; x_wconf 91' lang='lat' dir='ltr'><strong>de</strong></span> <span class='ocrx_word' id='word_1_385' title='bbox 2148 1995 2384 2067; x_wconf 89' lang='lat' dir='ltr'><strong>posteris</strong></span> <span class='ocrx_word' id='word_1_386' title='bbox 2405 1993 2560 2070; x_wconf 87' lang='lat' dir='ltr'><strong>(Gen.</strong></span> <span class='ocrx_word' id='word_1_387' title='bbox 2588 2012 2645 2064; x_wconf 86' lang='lat' dir='ltr'><strong>x,</strong></span> <span class='ocrx_word' id='word_1_388' title='bbox 2667 1995 2764 2064; x_wconf 80' lang='lat'><strong>25,</strong></span> <span class='ocrx_word' id='word_1_389' title='bbox 2786 1994 2879 2069; x_wconf 87' lang='lat'><strong>29)</strong></span> <span class='ocrx_word' id='word_1_390' title='bbox 2905 1995 3087 2054; x_wconf 84' lang='lat' dir='ltr'><strong>Heher</strong></span> <span class='ocrx_word' id='word_1_391' title='bbox 3120 1996 3344 2053; x_wconf 88' lang='lat' dir='ltr'><strong>nomine</strong></span> <span class='ocrx_word' id='word_1_392' title='bbox 3371 1995 3572 2068; x_wconf 84' lang='lat' dir='ltr'><strong>Opbir,</strong></span> <span class='ocrx_word' id='word_1_393' title='bbox 3593 2012 3668 2052; x_wconf 80' lang='lat' dir='ltr'><strong>ex</strong></span> 
     </span>
    </p>
   </div>
   <div class='ocr_carea' id='block_1_50' title="bbox 2060 2086 3669 2160">
    <p class='ocr_par' dir='ltr' id='par_1_50' title="bbox 2060 2086 3669 2160">
     <span class='ocr_line' id='line_1_50' title="bbox 2060 2086 3669 2160; baseline -0.001 -15"><span class='ocrx_word' id='word_1_394' title='bbox 2060 2087 2216 2160; x_wconf 90' lang='lat' dir='ltr'><strong>cujus</strong></span> <span class='ocrx_word' id='word_1_395' title='bbox 2262 2087 2431 2159; x_wconf 92' lang='lat' dir='ltr'><strong>stirpe</strong></span> <span class='ocrx_word' id='word_1_396' title='bbox 2470 2088 2753 2144; x_wconf 88' lang='lat' dir='ltr'><strong>venientes</strong></span> <span class='ocrx_word' id='word_1_397' title='bbox 2797 2103 2830 2143; x_wconf 90' lang='lat' dir='ltr'><strong>a</strong></span> <span class='ocrx_word' id='word_1_398' title='bbox 2875 2086 3041 2144; x_wconf 87' lang='lat' dir='ltr'><strong>ﬂuvio</strong></span> <span class='ocrx_word' id='word_1_399' title='bbox 3079 2086 3351 2159; x_wconf 84' lang='lat' dir='ltr'><strong>Cophenae</strong></span> <span class='ocrx_word' id='word_1_400' title='bbox 3378 2101 3559 2159; x_wconf 87' lang='lat' dir='ltr'><strong>usque</strong></span> <span class='ocrx_word' id='word_1_401' title='bbox 3596 2087 3669 2144; x_wconf 84' lang='lat' dir='ltr'><strong>ad</strong></span> 
     </span>
    </p>
   </div>
   <div class='ocr_carea' id='block_1_51' title="bbox 2060 2177 3671 2253">
    <p class='ocr_par' dir='ltr' id='par_1_51' title="bbox 2060 2177 3671 2253">
     <span class='ocr_line' id='line_1_51' title="bbox 2060 2177 3671 2253; baseline -0.001 -17"><span class='ocrx_word' id='word_1_402' title='bbox 2060 2180 2342 2253; x_wconf 80' lang='lat' dir='ltr'><strong>regionem</strong></span> <span class='ocrx_word' id='word_1_403' title='bbox 2384 2179 2568 2246; x_wconf 79' lang='lat' dir='ltr'><strong>Indiae,</strong></span> <span class='ocrx_word' id='word_1_404' title='bbox 2600 2196 2721 2252; x_wconf 71' lang='lat' dir='ltr'><strong>qua:</strong></span> <span class='ocrx_word' id='word_1_405' title='bbox 2747 2187 2979 2235; x_wconf 83' lang='lat' dir='ltr'><strong>vocatur</strong></span> <span class='ocrx_word' id='word_1_406' title='bbox 3007 2177 3212 2246; x_wconf 83' lang='lat' dir='ltr'><strong>Hieria,</strong></span> <span class='ocrx_word' id='word_1_407' title='bbox 3261 2193 3357 2235; x_wconf 89' lang='lat' dir='ltr'><strong>eos</strong></span> <span class='ocrx_word' id='word_1_408' title='bbox 3380 2178 3671 2235; x_wconf 83' lang='lat' dir='ltr'><strong>habitasse</strong></span> 
     </span>
    </p>
   </div>
   <div class='ocr_carea' id='block_1_52' title="bbox 2059 2269 3671 2343">
    <p class='ocr_par' dir='ltr' id='par_1_52' title="bbox 2059 2269 3671 2343">
     <span class='ocr_line' id='line_1_52' title="bbox 2059 2269 3671 2343; baseline -0.001 -16"><span class='ocrx_word' id='word_1_409' title='bbox 2059 2269 2229 2327; x_wconf 79' lang='lat' dir='ltr'><strong>refert</strong></span> <span class='ocrx_word' id='word_1_410' title='bbox 2265 2269 2554 2343; x_wconf 70' lang='lat' dir='ltr'><strong>Iosephus,</strong></span> <span class='ocrx_word' id='word_1_411' title='bbox 2584 2286 2617 2326; x_wconf 93' lang='lat' dir='ltr'><strong>a</strong></span> <span class='ocrx_word' id='word_1_412' title='bbox 2648 2285 2756 2342; x_wconf 92' lang='lat' dir='ltr'><strong>quo</strong></span> <span class='ocrx_word' id='word_1_413' title='bbox 2783 2278 2839 2326; x_wconf 92' lang='lat' dir='ltr'><strong>et</strong></span> <span class='ocrx_word' id='word_1_414' title='bbox 2863 2270 3016 2343; x_wconf 89' lang='lat' dir='ltr'><strong>regio</strong></span> <span class='ocrx_word' id='word_1_415' title='bbox 3051 2270 3168 2342; x_wconf 88' lang='lat' dir='ltr'><strong>ipsa</strong></span> <span class='ocrx_word' id='word_1_416' title='bbox 3201 2269 3307 2326; x_wconf 87' lang='lat' dir='ltr'><strong>tale</strong></span> <span class='ocrx_word' id='word_1_417' title='bbox 3335 2269 3671 2326; x_wconf 87' lang='lat' dir='ltr'><strong>vocabulum</strong></span> 
     </span>
    </p>
   </div>
   <div class='ocr_carea' id='block_1_53' title="bbox 2058 2362 3673 2437">
    <p class='ocr_par' dir='ltr' id='par_1_53' title="bbox 2058 2362 3673 2437">
     <span class='ocr_line' id='line_1_53' title="bbox 2058 2362 3673 2437; baseline 0.002 -18"><span class='ocrx_word' id='word_1_418' title='bbox 2058 2373 2144 2421; x_wconf 88' lang='lat' dir='ltr'><strong>est</strong></span> <span class='ocrx_word' id='word_1_419' title='bbox 2170 2370 2483 2420; x_wconf 89' lang='lat' dir='ltr'><strong>consecuta.</strong></span> <span class='ocrx_word' id='word_1_420' title='bbox 2516 2362 2671 2420; x_wconf 89' lang='lat' dir='ltr'><strong>Unde</strong></span> <span class='ocrx_word' id='word_1_421' title='bbox 2697 2363 3043 2437; x_wconf 82' lang='lat' dir='ltr'><strong>septuaginta</strong></span> <span class='ocrx_word' id='word_1_422' title='bbox 3064 2363 3391 2436; x_wconf 86' lang='lat' dir='ltr'><strong>interpretes</strong></span> <span class='ocrx_word' id='word_1_423' title='bbox 3418 2363 3673 2422; x_wconf 87' lang='lat' dir='ltr'><strong>derivato</strong></span> 
     </span>
    </p>
   </div>
   <div class='ocr_carea' id='block_1_54' title="bbox 2058 2453 3499 2526">
    <p class='ocr_par' dir='ltr' id='par_1_54' title="bbox 2058 2453 3499 2526">
     <span class='ocr_line' id='line_1_54' title="bbox 2058 2453 3499 2526; baseline 0.001 -16"><span class='ocrx_word' id='word_1_424' title='bbox 2058 2455 2323 2513; x_wconf 87' lang='lat' dir='ltr'><strong>vocabulo</strong></span> <span class='ocrx_word' id='word_1_425' title='bbox 2363 2470 2473 2511; x_wconf 90' lang='lat' dir='ltr'><strong>non</strong></span> <span class='ocrx_word' id='word_1_426' title='bbox 2498 2453 2691 2526; x_wconf 89' lang='lat' dir='ltr'><strong>Opbir,</strong></span> <span class='ocrx_word' id='word_1_427' title='bbox 2721 2454 2818 2512; x_wconf 88' lang='lat' dir='ltr'><strong>sed</strong></span> <span class='ocrx_word' id='word_1_428' title='bbox 2845 2454 3047 2526; x_wconf 81' lang='lat' dir='ltr'><strong>Ophira</strong></span> <span class='ocrx_word' id='word_1_429' title='bbox 3077 2454 3499 2512; x_wconf 88' lang='lat' dir='ltr'><strong>transtulerunt.</strong></span> 
     </span>
    </p>
   </div>
   <div class='ocr_carea' id='block_1_55' title="bbox 2131 2545 3671 2621">
    <p class='ocr_par' dir='ltr' id='par_1_55' title="bbox 2131 2545 3671 2621">
     <span class='ocr_line' id='line_1_55' title="bbox 2131 2545 3671 2621; baseline 0.001 -19"><span class='ocrx_word' id='word_1_430' title='bbox 2131 2546 2253 2621; x_wconf 94' lang='grc' dir='ltr'><em>(ΙΙΙ</em></span> <span class='ocrx_word' id='word_1_431' title='bbox 2287 2547 2417 2620; x_wconf 84' lang='lat' dir='ltr'><strong>Reg.</strong></span> <span class='ocrx_word' id='word_1_432' title='bbox 2464 2564 2582 2621; x_wconf 85' lang='lat' dir='ltr'><strong>cap.</strong></span> <span class='ocrx_word' id='word_1_433' title='bbox 2609 2564 2678 2616; x_wconf 73' lang='grc' dir='ltr'><strong>ι,</strong></span> <span class='ocrx_word' id='word_1_434' title='bbox 2712 2546 2791 2620; x_wconf 85' lang='grc'><strong>1.)</strong></span> <span class='ocrx_word' id='word_1_435' title='bbox 2834 2547 2943 2604; x_wconf 86' lang='lat' dir='ltr'><strong>Sed</strong></span> <span class='ocrx_word' id='word_1_436' title='bbox 2977 2557 3027 2602; x_wconf 88' lang='lat' dir='ltr'><strong>et</strong></span> <span class='ocrx_word' id='word_1_437' title='bbox 3063 2548 3246 2620; x_wconf 88' lang='lat' dir='ltr'><strong>regina</strong></span> <span class='ocrx_word' id='word_1_438' title='bbox 3289 2545 3434 2603; x_wconf 90' lang='lat' dir='ltr'><strong>Saba</strong></span> <span class='ocrx_word' id='word_1_439' title='bbox 3475 2549 3671 2605; x_wconf 78' lang='lat' dir='ltr'><strong>audita</strong></span> 
     </span>
    </p>
   </div>
   <div class='ocr_carea' id='block_1_56' title="bbox 2059 2638 3665 2717">
    <p class='ocr_par' dir='ltr' id='par_1_56' title="bbox 2059 2638 3665 2717">
     <span class='ocr_line' id='line_1_56' title="bbox 2059 2638 3665 2717; baseline 0 -21"><span class='ocrx_word' id='word_1_440' title='bbox 2059 2640 2206 2712; x_wconf 78' lang='lat' dir='ltr'><strong>fama</strong></span> <span class='ocrx_word' id='word_1_441' title='bbox 2230 2640 2555 2711; x_wconf 87' lang='lat' dir='ltr'><strong>Salomonis,</strong></span> <span class='ocrx_word' id='word_1_442' title='bbox 2591 2639 2648 2698; x_wconf 90' lang='lat' dir='ltr'><strong>in</strong></span> <span class='ocrx_word' id='word_1_443' title='bbox 2670 2641 2881 2717; x_wconf 80' lang='lat' dir='ltr'><strong>nomine</strong></span> <span class='ocrx_word' id='word_1_444' title='bbox 2899 2638 3119 2696; x_wconf 89' lang='lat' dir='ltr'><strong>Domini</strong></span> <span class='ocrx_word' id='word_1_445' title='bbox 3141 2640 3280 2697; x_wconf 86' lang='lat' dir='ltr'><strong>venit</strong></span> <span class='ocrx_word' id='word_1_446' title='bbox 3306 2647 3513 2697; x_wconf 86' lang='lat' dir='ltr'><strong>tentare</strong></span> <span class='ocrx_word' id='word_1_447' title='bbox 3540 2656 3665 2696; x_wconf 77' lang='lat' dir='ltr'><strong>eum</strong></span> 
     </span>
    </p>
   </div>
   <div class='ocr_carea' id='block_1_57' title="bbox 2056 2735 2530 2808">
    <p class='ocr_par' dir='ltr' id='par_1_57' title="bbox 2056 2735 2530 2808">
     <span class='ocr_line' id='line_1_57' title="bbox 2056 2735 2530 2808; baseline 0.006 -17"><span class='ocrx_word' id='word_1_448' title='bbox 2056 2735 2115 2791; x_wconf 83' lang='lat' dir='ltr'><strong>in</strong></span> <span class='ocrx_word' id='word_1_449' title='bbox 2143 2736 2530 2808; x_wconf 71' lang='lat' dir='ltr'><strong>wnigmatibus.</strong></span> 
     </span>
    </p>
   </div>
   <div class='ocr_carea' id='block_1_58' title="bbox 2131 2826 3671 2903">
    <p class='ocr_par' dir='ltr' id='par_1_58' title="bbox 2131 2826 3671 2903">
     <span class='ocr_line' id='line_1_58' title="bbox 2131 2826 3671 2903; baseline -0.001 -18"><span class='ocrx_word' id='word_1_450' title='bbox 2131 2826 2289 2885; x_wconf 91' lang='lat' dir='ltr'><strong>Sicut</strong></span> <span class='ocrx_word' id='word_1_451' title='bbox 2313 2828 2460 2885; x_wconf 90' lang='lat' dir='ltr'><strong>enim</strong></span> <span class='ocrx_word' id='word_1_452' title='bbox 2481 2830 2601 2888; x_wconf 85' lang='lat' dir='ltr'><strong>haec</strong></span> <span class='ocrx_word' id='word_1_453' title='bbox 2623 2830 2816 2903; x_wconf 86' lang='lat' dir='ltr'><strong>regina</strong></span> <span class='ocrx_word' id='word_1_454' title='bbox 2840 2828 2991 2886; x_wconf 85' lang='lat' dir='ltr'><strong>venit</strong></span> <span class='ocrx_word' id='word_1_455' title='bbox 3011 2842 3041 2885; x_wconf 87' lang='lat' dir='ltr'><strong>a</strong></span> <span class='ocrx_word' id='word_1_456' title='bbox 3067 2827 3269 2886; x_wconf 88' lang='lat' dir='ltr'><strong>ﬁnibus</strong></span> <span class='ocrx_word' id='word_1_457' title='bbox 3291 2837 3477 2897; x_wconf 69' lang='lat' dir='ltr'><strong>terrae,</strong></span> <span class='ocrx_word' id='word_1_458' title='bbox 3502 2828 3561 2886; x_wconf 91' lang='lat' dir='ltr'><strong>id</strong></span> <span class='ocrx_word' id='word_1_459' title='bbox 3581 2834 3671 2886; x_wconf 90' lang='lat' dir='ltr'><strong>est</strong></span> 
     </span>
    </p>
   </div>
   <div class='ocr_carea' id='block_1_59' title="bbox 2056 2919 3671 2993">
    <p class='ocr_par' dir='ltr' id='par_1_59' title="bbox 2056 2919 3671 2993">
     <span class='ocr_line' id='line_1_59' title="bbox 2056 2919 3671 2993; baseline 0 -16"><span class='ocrx_word' id='word_1_460' title='bbox 2056 2919 2231 2987; x_wconf 86' lang='lat' dir='ltr'><strong>India,</strong></span> <span class='ocrx_word' id='word_1_461' title='bbox 2279 2928 2343 2976; x_wconf 88' lang='lat' dir='ltr'><strong>ut</strong></span> <span class='ocrx_word' id='word_1_462' title='bbox 2386 2921 2607 2993; x_wconf 89' lang='lat' dir='ltr'><strong>quidam</strong></span> <span class='ocrx_word' id='word_1_463' title='bbox 2655 2920 2865 2989; x_wconf 85' lang='lat' dir='ltr'><strong>dicunt,</strong></span> <span class='ocrx_word' id='word_1_464' title='bbox 2896 2920 3086 2977; x_wconf 90' lang='lat' dir='ltr'><strong>audire</strong></span> <span class='ocrx_word' id='word_1_465' title='bbox 3135 2920 3463 2992; x_wconf 87' lang='lat' dir='ltr'><strong>sapientiam</strong></span> <span class='ocrx_word' id='word_1_466' title='bbox 3508 2920 3671 2978; x_wconf 86' lang='lat' dir='ltr'><strong>Salo-</strong></span> 
     </span>
    </p>
   </div>
   <div class='ocr_carea' id='block_1_60' title="bbox 2058 3012 3670 3086">
    <p class='ocr_par' dir='ltr' id='par_1_60' title="bbox 2058 3012 3670 3086">
     <span class='ocr_line' id='line_1_60' title="bbox 2058 3012 3670 3086; baseline 0.001 -17"><span class='ocrx_word' id='word_1_467' title='bbox 2058 3012 2259 3080; x_wconf 86' lang='lat' dir='ltr'><strong>monis,</strong></span> <span class='ocrx_word' id='word_1_468' title='bbox 2287 3013 2362 3070; x_wconf 90' lang='lat' dir='ltr'><strong>ita</strong></span> <span class='ocrx_word' id='word_1_469' title='bbox 2402 3014 2556 3071; x_wconf 90' lang='lat' dir='ltr'><strong>venit</strong></span> <span class='ocrx_word' id='word_1_470' title='bbox 2594 3013 2841 3071; x_wconf 88' lang='lat' dir='ltr'><strong>Ecclesia</strong></span> <span class='ocrx_word' id='word_1_471' title='bbox 2865 3021 2992 3086; x_wconf 91' lang='lat' dir='ltr'><strong>post</strong></span> <span class='ocrx_word' id='word_1_472' title='bbox 3018 3013 3191 3070; x_wconf 89' lang='lat' dir='ltr'><strong>multa</strong></span> <span class='ocrx_word' id='word_1_473' title='bbox 3220 3014 3420 3072; x_wconf 63' lang='lat' dir='ltr'><strong>saecula</strong></span> <span class='ocrx_word' id='word_1_474' title='bbox 3443 3013 3514 3070; x_wconf 88' lang='lat' dir='ltr'><strong>ad</strong></span> <span class='ocrx_word' id='word_1_475' title='bbox 3557 3013 3670 3071; x_wconf 79' lang='lat' dir='ltr'><strong>Re-</strong></span> 
     </span>
    </p>
   </div>
   <div class='ocr_carea' id='block_1_61' title="bbox 2059 3105 3667 3176">
    <p class='ocr_par' dir='ltr' id='par_1_61' title="bbox 2059 3105 3667 3176">
     <span class='ocr_line' id='line_1_61' title="bbox 2059 3105 3667 3176; baseline 0 -14"><span class='ocrx_word' id='word_1_476' title='bbox 2059 3105 2421 3176; x_wconf 90' lang='lat' dir='ltr'><strong>demptorem,</strong></span> <span class='ocrx_word' id='word_1_477' title='bbox 2467 3113 2526 3163; x_wconf 88' lang='lat' dir='ltr'><strong>et</strong></span> <span class='ocrx_word' id='word_1_478' title='bbox 2582 3106 2919 3164; x_wconf 89' lang='lat' dir='ltr'><strong>eruditorem</strong></span> <span class='ocrx_word' id='word_1_479' title='bbox 2972 3120 3154 3172; x_wconf 88' lang='lat' dir='ltr'><strong>suum,</strong></span> <span class='ocrx_word' id='word_1_480' title='bbox 3208 3115 3271 3163; x_wconf 89' lang='lat' dir='ltr'><strong>ut</strong></span> <span class='ocrx_word' id='word_1_481' title='bbox 3320 3107 3387 3162; x_wconf 90' lang='lat' dir='ltr'><strong>de</strong></span> <span class='ocrx_word' id='word_1_482' title='bbox 3427 3106 3667 3163; x_wconf 79' lang='lat' dir='ltr'><strong>stultitia</strong></span> 
     </span>
    </p>
   </div>
   <div class='ocr_carea' id='block_1_62' title="bbox 360 3172 3666 3271">
    <p class='ocr_par' dir='ltr' id='par_1_62' title="bbox 360 3172 3666 3271">
     <span class='ocr_line' id='line_1_62' title="bbox 360 3172 3666 3271; baseline 0.003 -25"><span class='ocrx_word' id='word_1_483' title='bbox 360 3205 508 3246; x_wconf 87' lang='lat' dir='ltr'><strong>nunc</strong></span> <span class='ocrx_word' id='word_1_484' title='bbox 533 3192 790 3262; x_wconf 80' lang='lat' dir='ltr'><strong>praesenti</strong></span> <span class='ocrx_word' id='word_1_485' title='bbox 815 3172 1026 3252; x_wconf 79' lang='lat' dir='ltr'><strong>visione</strong></span> <span class='ocrx_word' id='word_1_486' title='bbox 1052 3198 1293 3267; x_wconf 85' lang='lat' dir='ltr'><strong>gaudent</strong></span> <span class='ocrx_word' id='word_1_487' title='bbox 1318 3197 1503 3269; x_wconf 77' lang='lat' dir='ltr'><strong>gloriae</strong></span> <span class='ocrx_word' id='word_1_488' title='bbox 1531 3196 1736 3255; x_wconf 89' lang='lat' dir='ltr'><strong>Christi</strong></span> <span class='ocrx_word' id='word_1_489' title='bbox 1768 3216 1782 3253; x_wconf 90' lang='lat'><strong>:</strong></span> <span class='ocrx_word' id='word_1_490' title='bbox 1806 3172 1952 3270; x_wconf 89' lang='lat' dir='ltr'><strong>quod</strong></span> <span class='ocrx_word' id='word_1_491' title='bbox 1981 3172 2029 3237; x_wconf 79' lang='lat' dir='ltr'><strong>C</strong></span> <span class='ocrx_word' id='word_1_492' title='bbox 2059 3172 2265 3255; x_wconf 74' lang='lat' dir='ltr'><strong>erroris</strong></span> <span class='ocrx_word' id='word_1_493' title='bbox 2285 3240 2300 3267; x_wconf 95' lang='lat'><strong>,</strong></span> <span class='ocrx_word' id='word_1_494' title='bbox 2328 3199 2632 3256; x_wconf 88' lang='lat' dir='ltr'><strong>doctrinam</strong></span> <span class='ocrx_word' id='word_1_495' title='bbox 2659 3199 2970 3271; x_wconf 87' lang='lat' dir='ltr'><strong>perciperet</strong></span> <span class='ocrx_word' id='word_1_496' title='bbox 2995 3187 3264 3256; x_wconf 72' lang='lat' dir='ltr'><strong>veritatis.</strong></span> <span class='ocrx_word' id='word_1_497' title='bbox 3296 3198 3426 3256; x_wconf 62' lang='lat' dir='ltr'><strong>Haec</strong></span> <span class='ocrx_word' id='word_1_498' title='bbox 3445 3183 3550 3256; x_wconf 62' lang='lat' dir='ltr'><strong>est&#39;</strong></span> <span class='ocrx_word' id='word_1_499' title='bbox 3570 3200 3666 3257; x_wconf 85' lang='lat' dir='ltr'><strong>illa</strong></span> 
     </span>
    </p>
   </div>
   <div class='ocr_carea' id='block_1_63' title="bbox 361 3282 3667 3365">
    <p class='ocr_par' dir='ltr' id='par_1_63' title="bbox 361 3282 3667 3365">
     <span class='ocr_line' id='line_1_63' title="bbox 361 3282 3667 3365; baseline 0.004 -29"><span class='ocrx_word' id='word_1_500' title='bbox 361 3282 506 3337; x_wconf 89' lang='lat' dir='ltr'><strong>enim</strong></span> <span class='ocrx_word' id='word_1_501' title='bbox 553 3300 695 3340; x_wconf 92' lang='lat' dir='ltr'><strong>unus</strong></span> <span class='ocrx_word' id='word_1_502' title='bbox 740 3288 1055 3344; x_wconf 89' lang='lat' dir='ltr'><strong>eorumdem</strong></span> <span class='ocrx_word' id='word_1_503' title='bbox 1085 3289 1223 3344; x_wconf 86' lang='lat' dir='ltr'><strong>dixit</strong></span> <span class='ocrx_word' id='word_1_504' title='bbox 1269 3287 1490 3361; x_wconf 87' lang='lat' dir='ltr'><strong>(Philip.</strong></span> <span class='ocrx_word' id='word_1_505' title='bbox 1521 3307 1561 3356; x_wconf 90' lang='grc' dir='ltr'><strong>ι,</strong></span> <span class='ocrx_word' id='word_1_506' title='bbox 1597 3290 1692 3362; x_wconf 89' lang='lat'><strong>25)</strong></span> <span class='ocrx_word' id='word_1_507' title='bbox 1738 3288 1951 3363; x_wconf 86' lang='lat' dir='ltr'><strong>:Cupio</strong></span> <span class='ocrx_word' id='word_1_508' title='bbox 2054 3290 2546 3363; x_wconf 89' lang='lat' dir='ltr'><strong>regina,dequaad</strong></span> <span class='ocrx_word' id='word_1_509' title='bbox 2562 3289 3667 3365; x_wconf 69' lang='lat' dir='ltr'><strong>Dominumdicitur(Ps.xuv,10):Asti-</strong></span> 
     </span>
    </p>
   </div>
   <div class='ocr_carea' id='block_1_64' title="bbox 361 3372 3665 3455">
    <p class='ocr_par' dir='ltr' id='par_1_64' title="bbox 361 3372 3665 3455">
     <span class='ocr_line' id='line_1_64' title="bbox 361 3372 3665 3455; baseline 0.003 -29"><span class='ocrx_word' id='word_1_510' title='bbox 361 3373 595 3441; x_wconf 86' lang='lat' dir='ltr'><strong>dissolvi,</strong></span> <span class='ocrx_word' id='word_1_511' title='bbox 644 3385 693 3430; x_wconf 89' lang='lat' dir='ltr'><strong>et</strong></span> <span class='ocrx_word' id='word_1_512' title='bbox 720 3394 839 3431; x_wconf 89' lang='lat' dir='ltr'><strong>cum</strong></span> <span class='ocrx_word' id='word_1_513' title='bbox 870 3377 1080 3436; x_wconf 83' lang='lat' dir='ltr'><strong>Christo</strong></span> <span class='ocrx_word' id='word_1_514' title='bbox 1101 3398 1233 3447; x_wconf 90' lang='lat' dir='ltr'><strong>esse,</strong></span> <span class='ocrx_word' id='word_1_515' title='bbox 1266 3379 1333 3437; x_wconf 77' lang='lat' dir='ltr'><strong>de&#39;</strong></span> <span class='ocrx_word' id='word_1_516' title='bbox 1365 3384 1619 3440; x_wconf 89' lang='lat' dir='ltr'><strong>omnibus</strong></span> <span class='ocrx_word' id='word_1_517' title='bbox 1653 3383 1840 3455; x_wconf 88' lang='lat' dir='ltr'><strong>utique</strong></span> <span class='ocrx_word' id='word_1_518' title='bbox 1867 3385 1952 3442; x_wconf 88' lang='lat' dir='ltr'><strong>sui</strong></span> <span class='ocrx_word' id='word_1_519' title='bbox 2055 3381 2119 3436; x_wconf 89' lang='lat' dir='ltr'><strong>tit</strong></span> <span class='ocrx_word' id='word_1_520' title='bbox 2136 3382 2581 3452; x_wconf 75' lang='lat' dir='ltr'><strong>reginaadcxtris</strong></span> <span class='ocrx_word' id='word_1_521' title='bbox 2608 3383 2736 3449; x_wconf 88' lang='lat' dir='ltr'><strong>tuis,</strong></span> <span class='ocrx_word' id='word_1_522' title='bbox 2758 3382 2813 3436; x_wconf 87' lang='lat' dir='ltr'><strong>in</strong></span> <span class='ocrx_word' id='word_1_523' title='bbox 2838 3382 3026 3438; x_wconf 85' lang='lat' dir='ltr'><strong>vestitu</strong></span> <span class='ocrx_word' id='word_1_524' title='bbox 3049 3382 3305 3438; x_wconf 88' lang='lat' dir='ltr'><strong>deaurato</strong></span> <span class='ocrx_word' id='word_1_525' title='bbox 3326 3372 3665 3437; x_wconf 71' lang='lat' dir='ltr'><strong>circummisi-</strong></span> 
     </span>
    </p>
   </div>
   <div class='ocr_carea' id='block_1_65' title="bbox 360 3466 3667 3546">
    <p class='ocr_par' dir='ltr' id='par_1_65' title="bbox 360 3466 3667 3546">
     <span class='ocr_line' id='line_1_65' title="bbox 360 3466 3667 3546; baseline 0.003 -26"><span class='ocrx_word' id='word_1_526' title='bbox 360 3466 544 3536; x_wconf 83' lang='lat' dir='ltr'><strong>operis</strong></span> <span class='ocrx_word' id='word_1_527' title='bbox 566 3468 910 3524; x_wconf 88' lang='lat' dir='ltr'><strong>consortibus</strong></span> <span class='ocrx_word' id='word_1_528' title='bbox 937 3471 1344 3543; x_wconf 89' lang='lat' dir='ltr'><strong>intelligendum</strong></span> <span class='ocrx_word' id='word_1_529' title='bbox 1376 3474 1616 3545; x_wconf 90' lang='lat' dir='ltr'><strong>reliquit.</strong></span> <span class='ocrx_word' id='word_1_530' title='bbox 2056 3482 2141 3529; x_wconf 89' lang='lat' dir='ltr'><strong>cta</strong></span> <span class='ocrx_word' id='word_1_531' title='bbox 2156 3476 2424 3541; x_wconf 87' lang='lat' dir='ltr'><strong>varietate,</strong></span> <span class='ocrx_word' id='word_1_532' title='bbox 2453 3474 2510 3532; x_wconf 89' lang='lat' dir='ltr'><strong>id</strong></span> <span class='ocrx_word' id='word_1_533' title='bbox 2523 3484 2611 3533; x_wconf 88' lang='lat' dir='ltr'><strong>est</strong></span> <span class='ocrx_word' id='word_1_534' title='bbox 2619 3476 2960 3532; x_wconf 87' lang='lat' dir='ltr'><strong>diversarum</strong></span> <span class='ocrx_word' id='word_1_535' title='bbox 2972 3475 3308 3533; x_wconf 86' lang='lat' dir='ltr'><strong>circumdata</strong></span> <span class='ocrx_word' id='word_1_536' title='bbox 3319 3474 3563 3546; x_wconf 90' lang='lat' dir='ltr'><strong>pretioso</strong></span> <span class='ocrx_word' id='word_1_537' title='bbox 3578 3477 3667 3531; x_wconf 88' lang='lat' dir='ltr'><strong>de-</strong></span> 
     </span>
    </p>
   </div>
   <div class='ocr_carea' id='block_1_66' title="bbox 436 3555 3657 3633">
    <p class='ocr_par' dir='ltr' id='par_1_66' title="bbox 436 3555 3657 3633">
     <span class='ocr_line' id='line_1_66' title="bbox 436 3555 3657 3633; baseline 0.004 -22"><span class='ocrx_word' id='word_1_538' title='bbox 436 3555 590 3629; x_wconf 86' lang='lat' dir='ltr'><strong>(Cap.</strong></span> <span class='ocrx_word' id='word_1_539' title='bbox 615 3576 732 3624; x_wconf 87' lang='lat' dir='ltr'><strong>vm,</strong></span> <span class='ocrx_word' id='word_1_540' title='bbox 758 3560 870 3633; x_wconf 83' lang='lat' dir='ltr'><strong>l0.)</strong></span> <span class='ocrx_word' id='word_1_541' title='bbox 898 3559 1127 3616; x_wconf 87' lang='lat' dir='ltr'><strong>Factum</strong></span> <span class='ocrx_word' id='word_1_542' title='bbox 1154 3572 1230 3618; x_wconf 91' lang='lat' dir='ltr'><strong>est</strong></span> <span class='ocrx_word' id='word_1_543' title='bbox 1257 3581 1375 3619; x_wconf 90' lang='lat' dir='ltr'><strong>cum</strong></span> <span class='ocrx_word' id='word_1_544' title='bbox 1402 3566 1627 3621; x_wconf 77' lang='lat' dir='ltr'><strong>exissent</strong></span> <span class='ocrx_word' id='word_1_545' title='bbox 1656 3570 1954 3627; x_wconf 84' lang='lat' dir='ltr'><strong>sacerdotes</strong></span> <span class='ocrx_word' id='word_1_546' title='bbox 2055 3579 2184 3621; x_wconf 90' lang='lat' dir='ltr'><strong>core</strong></span> <span class='ocrx_word' id='word_1_547' title='bbox 2214 3565 2479 3622; x_wconf 91' lang='lat' dir='ltr'><strong>virtutum</strong></span> <span class='ocrx_word' id='word_1_548' title='bbox 2505 3580 2521 3621; x_wconf 91' lang='lat'><strong>:</strong></span> <span class='ocrx_word' id='word_1_549' title='bbox 2561 3566 2678 3624; x_wconf 80' lang='lat' dir='ltr'><strong>haec</strong></span> <span class='ocrx_word' id='word_1_550' title='bbox 2707 3567 2871 3624; x_wconf 90' lang='lat' dir='ltr'><strong>etiam</strong></span> <span class='ocrx_word' id='word_1_551' title='bbox 2897 3567 3142 3624; x_wconf 91' lang='lat' dir='ltr'><strong>omnium</strong></span> <span class='ocrx_word' id='word_1_552' title='bbox 3166 3566 3511 3623; x_wconf 88' lang='lat' dir='ltr'><strong>credentium</strong></span> <span class='ocrx_word' id='word_1_553' title='bbox 3532 3583 3657 3624; x_wconf 85' lang='lat' dir='ltr'><strong>ma-</strong></span> 
     </span>
    </p>
   </div>
   <div class='ocr_carea' id='block_1_67' title="bbox 360 3650 3652 3730">
    <p class='ocr_par' dir='ltr' id='par_1_67' title="bbox 360 3650 3652 3730">
     <span class='ocr_line' id='line_1_67' title="bbox 360 3650 3652 3730; baseline 0.007 -26"><span class='ocrx_word' id='word_1_554' title='bbox 360 3650 427 3704; x_wconf 87' lang='lat' dir='ltr'><strong>de</strong></span> <span class='ocrx_word' id='word_1_555' title='bbox 465 3651 793 3717; x_wconf 88' lang='lat' dir='ltr'><strong>sanctuario,</strong></span> <span class='ocrx_word' id='word_1_556' title='bbox 824 3651 1015 3708; x_wconf 87' lang='lat' dir='ltr'><strong>nebula</strong></span> <span class='ocrx_word' id='word_1_557' title='bbox 1062 3653 1293 3725; x_wconf 85' lang='lat' dir='ltr'><strong>implevit</strong></span> <span class='ocrx_word' id='word_1_558' title='bbox 1340 3655 1556 3712; x_wconf 86' lang='lat' dir='ltr'><strong>domum</strong></span> <span class='ocrx_word' id='word_1_559' title='bbox 1582 3658 1800 3714; x_wconf 81' lang='lat' dir='ltr'><strong>Domini</strong></span> <span class='ocrx_word' id='word_1_560' title='bbox 1842 3676 1863 3716; x_wconf 90' lang='lat'><strong><em>:</em></strong></span> <span class='ocrx_word' id='word_1_561' title='bbox 1903 3670 1953 3718; x_wconf 89' lang='lat' dir='ltr'><strong>et</strong></span> <span class='ocrx_word' id='word_1_562' title='bbox 2055 3663 2141 3711; x_wconf 73' lang='grc' dir='ltr'><strong>ῑεΐ</strong></span> <span class='ocrx_word' id='word_1_563' title='bbox 2161 3664 2267 3723; x_wconf 71' lang='grc' dir='ltr'><strong>εει,</strong></span> <span class='ocrx_word' id='word_1_564' title='bbox 2294 3672 2415 3727; x_wconf 72' lang='lat' dir='ltr'><strong>quae</strong></span> <span class='ocrx_word' id='word_1_565' title='bbox 2434 3665 2596 3713; x_wconf 64' lang='grc' dir='ltr'><strong>ηθῑοε</strong></span> <span class='ocrx_word' id='word_1_566' title='bbox 2614 3659 2682 3715; x_wconf 74' lang='lat' dir='ltr'><strong>ad</strong></span> <span class='ocrx_word' id='word_1_567' title='bbox 2697 3666 2950 3724; x_wconf 62' lang='lat' dir='ltr'><strong>mortem.</strong></span> <span class='ocrx_word' id='word_1_568' title='bbox 2973 3666 3260 3730; x_wconf 57' lang='lat' dir='ltr'><strong>regentem</strong></span> <span class='ocrx_word' id='word_1_569' title='bbox 3285 3658 3354 3713; x_wconf 71' lang='lat' dir='ltr'><strong>ad</strong></span> <span class='ocrx_word' id='word_1_570' title='bbox 3376 3656 3652 3714; x_wconf 62' lang='grc' dir='ltr'><strong>εὲιυιθωε</strong></span> 
     </span>
    </p>
   </div>
   <div class='ocr_carea' id='block_1_68' title="bbox 362 3745 3659 3824">
    <p class='ocr_par' dir='ltr' id='par_1_68' title="bbox 362 3745 3659 3824">
     <span class='ocr_line' id='line_1_68' title="bbox 362 3745 3659 3824; baseline 0.003 -27"><span class='ocrx_word' id='word_1_571' title='bbox 362 3759 468 3797; x_wconf 87' lang='lat' dir='ltr'><strong>non</strong></span> <span class='ocrx_word' id='word_1_572' title='bbox 495 3752 739 3814; x_wconf 74' lang='lat' dir='ltr'><strong>poterant</strong></span> <span class='ocrx_word' id='word_1_573' title='bbox 758 3745 1056 3801; x_wconf 83' lang='lat' dir='ltr'><strong>sacerdotes</strong></span> <span class='ocrx_word' id='word_1_574' title='bbox 1081 3756 1223 3803; x_wconf 86' lang='lat' dir='ltr'><strong>stare</strong></span> <span class='ocrx_word' id='word_1_575' title='bbox 1240 3757 1290 3804; x_wconf 91' lang='lat' dir='ltr'><strong>et</strong></span> <span class='ocrx_word' id='word_1_576' title='bbox 1312 3750 1614 3806; x_wconf 86' lang='lat' dir='ltr'><strong>ministrare</strong></span> <span class='ocrx_word' id='word_1_577' title='bbox 1634 3764 1848 3824; x_wconf 80' lang='lat' dir='ltr'><strong>propter</strong></span> <span class='ocrx_word' id='word_1_578' title='bbox 1866 3772 1957 3810; x_wconf 79' lang='lat' dir='ltr'><strong>ne.</strong></span> <span class='ocrx_word' id='word_1_579' title='bbox 2055 3762 2154 3819; x_wconf 90' lang='lat' dir='ltr'><strong>per</strong></span> <span class='ocrx_word' id='word_1_580' title='bbox 2177 3764 2342 3819; x_wconf 91' lang='lat' dir='ltr'><strong>quam</strong></span> <span class='ocrx_word' id='word_1_581' title='bbox 2369 3747 2622 3806; x_wconf 88' lang='lat' dir='ltr'><strong>Christus</strong></span> <span class='ocrx_word' id='word_1_582' title='bbox 2647 3749 2769 3820; x_wconf 91' lang='lat' dir='ltr'><strong>plus</strong></span> <span class='ocrx_word' id='word_1_583' title='bbox 2798 3750 3042 3805; x_wconf 89' lang='lat' dir='ltr'><strong>restituit</strong></span> <span class='ocrx_word' id='word_1_584' title='bbox 3066 3750 3122 3806; x_wconf 90' lang='lat' dir='ltr'><strong>in</strong></span> <span class='ocrx_word' id='word_1_585' title='bbox 3145 3749 3340 3823; x_wconf 89' lang='lat' dir='ltr'><strong>gratia,</strong></span> <span class='ocrx_word' id='word_1_586' title='bbox 3370 3764 3538 3820; x_wconf 86' lang='lat' dir='ltr'><strong>quam</strong></span> <span class='ocrx_word' id='word_1_587' title='bbox 3564 3765 3659 3821; x_wconf 89' lang='lat' dir='ltr'><strong>pe-</strong></span> 
     </span>
    </p>
   </div>
   <div class='ocr_carea' id='block_1_69' title="bbox 363 3833 1952 3911">
    <p class='ocr_par' dir='ltr' id='par_1_69' title="bbox 363 3833 1952 3911">
     <span class='ocr_line' id='line_1_69' title="bbox 363 3833 1952 3911; baseline 0.009 -23"><span class='ocrx_word' id='word_1_588' title='bbox 363 3833 540 3888; x_wconf 88' lang='lat' dir='ltr'><strong>bulam</strong></span> <span class='ocrx_word' id='word_1_589' title='bbox 583 3850 602 3889; x_wconf 89' lang='lat'><strong><em>:</em></strong></span> <span class='ocrx_word' id='word_1_590' title='bbox 632 3835 934 3907; x_wconf 85' lang='lat' dir='ltr'><strong>impleverat</strong></span> <span class='ocrx_word' id='word_1_591' title='bbox 962 3839 1100 3895; x_wconf 89' lang='lat' dir='ltr'><strong>enim</strong></span> <span class='ocrx_word' id='word_1_592' title='bbox 1124 3839 1296 3911; x_wconf 90' lang='lat' dir='ltr'><strong>gloria</strong></span> <span class='ocrx_word' id='word_1_593' title='bbox 1334 3840 1549 3898; x_wconf 89' lang='lat' dir='ltr'><strong>Domini</strong></span> <span class='ocrx_word' id='word_1_594' title='bbox 1589 3843 1804 3900; x_wconf 86' lang='lat' dir='ltr'><strong>domum</strong></span> <span class='ocrx_word' id='word_1_595' title='bbox 1837 3844 1952 3902; x_wconf 88' lang='lat' dir='ltr'><strong>Do-</strong></span> 
     </span>
    </p>
   </div>
   <div class='ocr_carea' id='block_1_70' title="bbox 362 3927 1956 4013">
    <p class='ocr_par' dir='ltr' id='par_1_70' title="bbox 362 3927 1956 4013">
     <span class='ocr_line' id='line_1_70' title="bbox 362 3927 1956 4013; baseline 0.011 -32"><span class='ocrx_word' id='word_1_596' title='bbox 362 3927 514 3981; x_wconf 86' lang='lat' dir='ltr'><strong>mini.</strong></span> <span class='ocrx_word' id='word_1_597' title='bbox 546 3939 573 3968; x_wconf 75' lang='grc' dir='ltr'><strong>ι</strong></span> <span class='ocrx_word' id='word_1_598' title='bbox 627 3947 646 3979; x_wconf 73' lang='grc' dir='ltr'><strong>ι</strong></span> <span class='ocrx_word' id='word_1_599' title='bbox 681 3927 865 3985; x_wconf 86' lang='lat' dir='ltr'><strong>Gloria</strong></span> <span class='ocrx_word' id='word_1_600' title='bbox 888 3931 1102 3988; x_wconf 90' lang='lat' dir='ltr'><strong>Domini</strong></span> <span class='ocrx_word' id='word_1_601' title='bbox 1129 3933 1450 4007; x_wconf 89' lang='lat' dir='ltr'><strong>intelligitur</strong></span> <span class='ocrx_word' id='word_1_602' title='bbox 1487 3936 1762 4007; x_wconf 88' lang='lat' dir='ltr'><strong>Christus,</strong></span> <span class='ocrx_word' id='word_1_603' title='bbox 1799 3942 1956 4013; x_wconf 87' lang='lat' dir='ltr'><strong>cujus</strong></span> 
     </span>
    </p>
   </div>
   <div class='ocr_carea' id='block_1_71' title="bbox 361 4017 1955 4104">
    <p class='ocr_par' dir='ltr' id='par_1_71' title="bbox 361 4017 1955 4104">
     <span class='ocr_line' id='line_1_71' title="bbox 361 4017 1955 4104; baseline 0.011 -32"><span class='ocrx_word' id='word_1_604' title='bbox 361 4017 469 4073; x_wconf 84' lang='lat' dir='ltr'><strong>ﬁde</strong></span> <span class='ocrx_word' id='word_1_605' title='bbox 517 4020 758 4090; x_wconf 90' lang='lat' dir='ltr'><strong>repletus</strong></span> <span class='ocrx_word' id='word_1_606' title='bbox 785 4030 871 4078; x_wconf 91' lang='lat' dir='ltr'><strong>est</strong></span> <span class='ocrx_word' id='word_1_607' title='bbox 910 4024 1199 4080; x_wconf 89' lang='lat' dir='ltr'><strong>universus</strong></span> <span class='ocrx_word' id='word_1_608' title='bbox 1244 4028 1498 4084; x_wconf 90' lang='lat' dir='ltr'><strong>mundus.</strong></span> <span class='ocrx_word' id='word_1_609' title='bbox 1530 4030 1608 4086; x_wconf 88' lang='lat' dir='ltr'><strong>De</strong></span> <span class='ocrx_word' id='word_1_610' title='bbox 1644 4046 1752 4101; x_wconf 87' lang='lat' dir='ltr'><strong>qua</strong></span> <span class='ocrx_word' id='word_1_611' title='bbox 1781 4032 1955 4104; x_wconf 88' lang='lat' dir='ltr'><strong>gloria</strong></span> 
     </span>
    </p>
   </div>
   <div class='ocr_carea' id='block_1_72' title="bbox 361 4110 1956 4192">
    <p class='ocr_par' dir='ltr' id='par_1_72' title="bbox 361 4110 1956 4192">
     <span class='ocr_line' id='line_1_72' title="bbox 361 4110 1956 4192; baseline 0.009 -26"><span class='ocrx_word' id='word_1_612' title='bbox 361 4110 557 4185; x_wconf 87' lang='lat' dir='ltr'><strong>(Num.</strong></span> <span class='ocrx_word' id='word_1_613' title='bbox 590 4129 702 4180; x_wconf 80' lang='lat' dir='ltr'><strong>xiv,</strong></span> <span class='ocrx_word' id='word_1_614' title='bbox 732 4115 818 4181; x_wconf 81' lang='lat' dir='ltr'><strong>l9,</strong></span> <span class='ocrx_word' id='word_1_615' title='bbox 850 4116 941 4184; x_wconf 88' lang='lat'><strong>20,</strong></span> <span class='ocrx_word' id='word_1_616' title='bbox 972 4117 1107 4190; x_wconf 92' lang='lat' dir='ltr'><strong>etc.)</strong></span> <span class='ocrx_word' id='word_1_617' title='bbox 1135 4135 1260 4175; x_wconf 92' lang='lat' dir='ltr'><strong>cum</strong></span> <span class='ocrx_word' id='word_1_618' title='bbox 1285 4135 1386 4192; x_wconf 88' lang='lat' dir='ltr'><strong>pro</strong></span> <span class='ocrx_word' id='word_1_619' title='bbox 1413 4121 1638 4178; x_wconf 89' lang='lat' dir='ltr'><strong>adorato</strong></span> <span class='ocrx_word' id='word_1_620' title='bbox 1661 4123 1831 4179; x_wconf 88' lang='lat' dir='ltr'><strong>vitulo</strong></span> <span class='ocrx_word' id='word_1_621' title='bbox 1852 4125 1956 4180; x_wconf 86' lang='lat' dir='ltr'><strong>Do-</strong></span> 
     </span>
    </p>
   </div>
   <div class='ocr_carea' id='block_1_73' title="bbox 359 4205 1957 4288">
    <p class='ocr_par' dir='ltr' id='par_1_73' title="bbox 359 4205 1957 4288">
     <span class='ocr_line' id='line_1_73' title="bbox 359 4205 1957 4288; baseline 0.009 -28"><span class='ocrx_word' id='word_1_622' title='bbox 359 4205 570 4261; x_wconf 89' lang='lat' dir='ltr'><strong>minum</strong></span> <span class='ocrx_word' id='word_1_623' title='bbox 594 4206 978 4279; x_wconf 90' lang='lat' dir='ltr'><strong>deprecaretur</strong></span> <span class='ocrx_word' id='word_1_624' title='bbox 998 4209 1232 4282; x_wconf 87' lang='lat' dir='ltr'><strong>Moyses,</strong></span> <span class='ocrx_word' id='word_1_625' title='bbox 1264 4219 1325 4267; x_wconf 92' lang='lat' dir='ltr'><strong>ut</strong></span> <span class='ocrx_word' id='word_1_626' title='bbox 1346 4221 1599 4283; x_wconf 88' lang='lat' dir='ltr'><strong>parceret</strong></span> <span class='ocrx_word' id='word_1_627' title='bbox 1616 4214 1815 4286; x_wconf 91' lang='lat' dir='ltr'><strong>populo</strong></span> <span class='ocrx_word' id='word_1_628' title='bbox 1836 4232 1957 4288; x_wconf 88' lang='lat' dir='ltr'><strong>pee-</strong></span> 
     </span>
    </p>
   </div>
   <div class='ocr_carea' id='block_1_74' title="bbox 365 4297 1958 4374">
    <p class='ocr_par' dir='ltr' id='par_1_74' title="bbox 365 4297 1958 4374">
     <span class='ocr_line' id='line_1_74' title="bbox 365 4297 1958 4374; baseline 0.006 -21"><span class='ocrx_word' id='word_1_629' title='bbox 365 4297 561 4362; x_wconf 90' lang='lat' dir='ltr'><strong>catori,</strong></span> <span class='ocrx_word' id='word_1_630' title='bbox 594 4299 875 4368; x_wconf 89' lang='lat' dir='ltr'><strong>respondit</strong></span> <span class='ocrx_word' id='word_1_631' title='bbox 917 4298 1182 4357; x_wconf 89' lang='lat' dir='ltr'><strong>Dominus</strong></span> <span class='ocrx_word' id='word_1_632' title='bbox 1225 4319 1239 4356; x_wconf 89' lang='lat'>:</span> <span class='ocrx_word' id='word_1_633' title='bbox 1272 4300 1547 4374; x_wconf 89' lang='lat' dir='ltr'><strong>Propitius</strong></span> <span class='ocrx_word' id='word_1_634' title='bbox 1576 4321 1666 4360; x_wconf 91' lang='lat' dir='ltr'><strong>ero</strong></span> <span class='ocrx_word' id='word_1_635' title='bbox 1696 4302 1825 4371; x_wconf 87' lang='lat' dir='ltr'><strong>illis,</strong></span> <span class='ocrx_word' id='word_1_636' title='bbox 1874 4323 1958 4363; x_wconf 86' lang='lat' dir='ltr'><strong>ve-</strong></span> 
     </span>
    </p>
   </div>
   <div class='ocr_carea' id='block_1_75' title="bbox 359 4391 1958 4470">
    <p class='ocr_par' dir='ltr' id='par_1_75' title="bbox 359 4391 1958 4470">
     <span class='ocr_line' id='line_1_75' title="bbox 359 4391 1958 4470; baseline 0.006 -28"><span class='ocrx_word' id='word_1_637' title='bbox 359 4397 653 4443; x_wconf 89' lang='lat' dir='ltr'><strong>rumtamen</strong></span> <span class='ocrx_word' id='word_1_638' title='bbox 684 4391 797 4445; x_wconf 88' lang='lat' dir='ltr'><strong>vivo</strong></span> <span class='ocrx_word' id='word_1_639' title='bbox 826 4407 941 4463; x_wconf 91' lang='lat' dir='ltr'><strong>ego,</strong></span> <span class='ocrx_word' id='word_1_640' title='bbox 965 4401 1014 4447; x_wconf 90' lang='lat' dir='ltr'><strong>et</strong></span> <span class='ocrx_word' id='word_1_641' title='bbox 1041 4393 1162 4447; x_wconf 86' lang='lat' dir='ltr'><strong>vivit</strong></span> <span class='ocrx_word' id='word_1_642' title='bbox 1191 4410 1379 4450; x_wconf 88' lang='lat' dir='ltr'><strong>nomen</strong></span> <span class='ocrx_word' id='word_1_643' title='bbox 1403 4411 1596 4462; x_wconf 90' lang='lat' dir='ltr'><strong>meum,</strong></span> <span class='ocrx_word' id='word_1_644' title='bbox 1619 4396 1747 4467; x_wconf 90' lang='lat' dir='ltr'><strong>quia</strong></span> <span class='ocrx_word' id='word_1_645' title='bbox 1772 4396 1958 4470; x_wconf 89' lang='lat' dir='ltr'><strong>imple-</strong></span> 
     </span>
    </p>
   </div>
   <div class='ocr_carea' id='block_1_76' title="bbox 2057 3841 3662 3917">
    <p class='ocr_par' dir='ltr' id='par_1_76' title="bbox 2057 3841 3662 3917">
     <span class='ocr_line' id='line_1_76' title="bbox 2057 3841 3662 3917; baseline 0.005 -22"><span class='ocrx_word' id='word_1_646' title='bbox 2057 3841 2149 3897; x_wconf 88' lang='lat' dir='ltr'><strong>riit</strong></span> <span class='ocrx_word' id='word_1_647' title='bbox 2187 3842 2243 3896; x_wconf 89' lang='lat' dir='ltr'><strong>in</strong></span> <span class='ocrx_word' id='word_1_648' title='bbox 2288 3850 2523 3898; x_wconf 88' lang='lat' dir='ltr'><strong>natura:</strong></span> <span class='ocrx_word' id='word_1_649' title='bbox 2575 3851 2632 3900; x_wconf 90' lang='lat' dir='ltr'><strong>et</strong></span> <span class='ocrx_word' id='word_1_650' title='bbox 2672 3843 2804 3899; x_wconf 60' lang='lat' dir='ltr'><strong>Adae</strong></span> <span class='ocrx_word' id='word_1_651' title='bbox 2847 3844 3271 3916; x_wconf 88' lang='lat' dir='ltr'><strong>transgressoris</strong></span> <span class='ocrx_word' id='word_1_652' title='bbox 3325 3844 3662 3917; x_wconf 69' lang='lat' dir='ltr'><strong>degenenem</strong></span> 
     </span>
    </p>
   </div>
   <div class='ocr_carea' id='block_1_77' title="bbox 2055 3932 3658 4006">
    <p class='ocr_par' dir='ltr' id='par_1_77' title="bbox 2055 3932 3658 4006">
     <span class='ocr_line' id='line_1_77' title="bbox 2055 3932 3658 4006; baseline 0.002 -20"><span class='ocrx_word' id='word_1_653' title='bbox 2055 3932 2263 4004; x_wconf 91' lang='lat' dir='ltr'><strong>prolem</strong></span> <span class='ocrx_word' id='word_1_654' title='bbox 2292 3933 2348 3989; x_wconf 90' lang='lat' dir='ltr'><strong>in</strong></span> <span class='ocrx_word' id='word_1_655' title='bbox 2373 3934 2720 4006; x_wconf 90' lang='lat' dir='ltr'><strong>adoptionem</strong></span> <span class='ocrx_word' id='word_1_656' title='bbox 2743 3935 2939 3992; x_wconf 69' lang='lat' dir='ltr'><strong>divina:</strong></span> <span class='ocrx_word' id='word_1_657' title='bbox 2964 3934 3308 4006; x_wconf 87' lang='lat' dir='ltr'><strong>paternitatis</strong></span> <span class='ocrx_word' id='word_1_658' title='bbox 3330 3935 3658 4006; x_wconf 89' lang='lat' dir='ltr'><strong>assumpsit,</strong></span> 
     </span>
    </p>
   </div>
   <div class='ocr_carea' id='block_1_78' title="bbox 2056 4022 3658 4094">
    <p class='ocr_par' dir='ltr' id='par_1_78' title="bbox 2056 4022 3658 4094">
     <span class='ocr_line' id='line_1_78' title="bbox 2056 4022 3658 4094; baseline 0.003 -16"><span class='ocrx_word' id='word_1_659' title='bbox 2056 4031 2113 4078; x_wconf 90' lang='lat' dir='ltr'><strong>et</strong></span> <span class='ocrx_word' id='word_1_660' title='bbox 2137 4022 2205 4079; x_wconf 92' lang='lat' dir='ltr'><strong>de</strong></span> <span class='ocrx_word' id='word_1_661' title='bbox 2249 4025 2505 4094; x_wconf 90' lang='lat' dir='ltr'><strong>paradiso</strong></span> <span class='ocrx_word' id='word_1_662' title='bbox 2550 4026 2980 4093; x_wconf 84' lang='lat' dir='ltr'><strong>exhaereditatis,</strong></span> <span class='ocrx_word' id='word_1_663' title='bbox 3031 4024 3155 4081; x_wconf 59' lang='lat' dir='ltr'><strong>caeli</strong></span> <span class='ocrx_word' id='word_1_664' title='bbox 3203 4025 3437 4081; x_wconf 88' lang='lat' dir='ltr'><strong>reddidit</strong></span> <span class='ocrx_word' id='word_1_665' title='bbox 3481 4026 3658 4083; x_wconf 84' lang='lat' dir='ltr'><strong>cives.</strong></span> 
     </span>
    </p>
   </div>
   <div class='ocr_carea' id='block_1_79' title="bbox 2057 4111 3660 4189">
    <p class='ocr_par' dir='ltr' id='par_1_79' title="bbox 2057 4111 3660 4189">
     <span class='ocr_line' id='line_1_79' title="bbox 2057 4111 3660 4189; baseline 0.004 -21"><span class='ocrx_word' id='word_1_666' title='bbox 2057 4111 2182 4169; x_wconf 71' lang='lat' dir='ltr'><strong>Haec</strong></span> <span class='ocrx_word' id='word_1_667' title='bbox 2208 4122 2330 4185; x_wconf 93' lang='lat' dir='ltr'><strong>post</strong></span> <span class='ocrx_word' id='word_1_668' title='bbox 2360 4130 2696 4189; x_wconf 88' lang='lat' dir='ltr'><strong>synagogam</strong></span> <span class='ocrx_word' id='word_1_669' title='bbox 2723 4114 2944 4188; x_wconf 91' lang='lat' dir='ltr'><strong>quidem</strong></span> <span class='ocrx_word' id='word_1_670' title='bbox 2970 4124 3185 4183; x_wconf 90' lang='lat' dir='ltr'><strong>vocata,</strong></span> <span class='ocrx_word' id='word_1_671' title='bbox 3214 4116 3310 4173; x_wconf 90' lang='lat' dir='ltr'><strong>sed</strong></span> <span class='ocrx_word' id='word_1_672' title='bbox 3334 4123 3463 4173; x_wconf 89' lang='lat' dir='ltr'><strong>ante</strong></span> <span class='ocrx_word' id='word_1_673' title='bbox 3491 4132 3660 4188; x_wconf 78' lang='lat' dir='ltr'><strong>syna-</strong></span> 
     </span>
    </p>
   </div>
   <div class='ocr_carea' id='block_1_80' title="bbox 2056 4196 3658 4281">
    <p class='ocr_par' dir='ltr' id='par_1_80' title="bbox 2056 4196 3658 4281">
     <span class='ocr_line' id='line_1_80' title="bbox 2056 4196 3658 4281; baseline 0.006 -22"><span class='ocrx_word' id='word_1_674' title='bbox 2056 4218 2253 4276; x_wconf 88' lang='lat' dir='ltr'><strong>gogam</strong></span> <span class='ocrx_word' id='word_1_675' title='bbox 2295 4208 2586 4278; x_wconf 91' lang='lat' dir='ltr'><strong>promissa.</strong></span> <span class='ocrx_word' id='word_1_676' title='bbox 2622 4196 2764 4264; x_wconf 61' lang='lat' dir='ltr'><strong>Haec</strong></span> <span class='ocrx_word' id='word_1_677' title='bbox 2787 4208 2934 4264; x_wconf 88' lang='lat' dir='ltr'><strong>enim</strong></span> <span class='ocrx_word' id='word_1_678' title='bbox 2954 4206 3070 4278; x_wconf 87' lang='lat' dir='ltr'><strong>jam</strong></span> <span class='ocrx_word' id='word_1_679' title='bbox 3115 4208 3172 4264; x_wconf 89' lang='lat' dir='ltr'><strong>in</strong></span> <span class='ocrx_word' id='word_1_680' title='bbox 3199 4208 3377 4281; x_wconf 89' lang='lat' dir='ltr'><strong>primo</strong></span> <span class='ocrx_word' id='word_1_681' title='bbox 3429 4209 3658 4272; x_wconf 88' lang='lat' dir='ltr'><strong>homine</strong></span> 
     </span>
    </p>
   </div>
   <div class='ocr_carea' id='block_1_81' title="bbox 2055 4299 3657 4372">
    <p class='ocr_par' dir='ltr' id='par_1_81' title="bbox 2055 4299 3657 4372">
     <span class='ocr_line' id='line_1_81' title="bbox 2055 4299 3657 4372; baseline 0.004 -14"><span class='ocrx_word' id='word_1_682' title='bbox 2055 4299 2401 4372; x_wconf 66' lang='lat' dir='ltr'><strong>praeﬁgurata</strong></span> <span class='ocrx_word' id='word_1_683' title='bbox 2428 4314 2533 4359; x_wconf 92' lang='lat' dir='ltr'><strong>est.</strong></span> <span class='ocrx_word' id='word_1_684' title='bbox 2564 4302 2702 4360; x_wconf 90' lang='lat' dir='ltr'><strong>Nam</strong></span> <span class='ocrx_word' id='word_1_685' title='bbox 2727 4303 2871 4361; x_wconf 86' lang='lat' dir='ltr'><strong>sicut</strong></span> <span class='ocrx_word' id='word_1_686' title='bbox 2915 4320 2985 4362; x_wconf 85' lang='lat' dir='ltr'><strong>ex</strong></span> <span class='ocrx_word' id='word_1_687' title='bbox 3014 4304 3146 4362; x_wconf 80' lang='lat' dir='ltr'><strong>Adae</strong></span> <span class='ocrx_word' id='word_1_688' title='bbox 3170 4304 3341 4362; x_wconf 85' lang='lat' dir='ltr'><strong>latere</strong></span> <span class='ocrx_word' id='word_1_689' title='bbox 3381 4304 3657 4365; x_wconf 78' lang='lat' dir='ltr'><strong>fabricata</strong></span> 
     </span>
    </p>
   </div>
   <div class='ocr_carea' id='block_1_82' title="bbox 2058 4392 3659 4468">
    <p class='ocr_par' dir='ltr' id='par_1_82' title="bbox 2058 4392 3659 4468">
     <span class='ocr_line' id='line_1_82' title="bbox 2058 4392 3659 4468; baseline 0.006 -20"><span class='ocrx_word' id='word_1_690' title='bbox 2058 4400 2145 4449; x_wconf 90' lang='lat' dir='ltr'><strong>est</strong></span> <span class='ocrx_word' id='word_1_691' title='bbox 2171 4392 2281 4448; x_wconf 88' lang='lat' dir='ltr'><strong>Eva</strong></span> <span class='ocrx_word' id='word_1_692' title='bbox 2308 4411 2322 4449; x_wconf 94' lang='lat'><strong>:</strong></span> <span class='ocrx_word' id='word_1_693' title='bbox 2374 4394 2451 4449; x_wconf 91' lang='lat' dir='ltr'><strong>ita</strong></span> <span class='ocrx_word' id='word_1_694' title='bbox 2476 4410 2546 4451; x_wconf 83' lang='lat' dir='ltr'><strong>ex</strong></span> <span class='ocrx_word' id='word_1_695' title='bbox 2573 4394 2779 4454; x_wconf 89' lang='lat' dir='ltr'><strong>Christi</strong></span> <span class='ocrx_word' id='word_1_696' title='bbox 2804 4409 3056 4468; x_wconf 89' lang='lat' dir='ltr'><strong>corpore,</strong></span> <span class='ocrx_word' id='word_1_697' title='bbox 3085 4404 3144 4454; x_wconf 89' lang='lat' dir='ltr'><strong>et</strong></span> <span class='ocrx_word' id='word_1_698' title='bbox 3176 4396 3402 4457; x_wconf 86' lang='lat' dir='ltr'><strong>vulnere</strong></span> <span class='ocrx_word' id='word_1_699' title='bbox 3432 4398 3659 4457; x_wconf 86' lang='lat' dir='ltr'><strong>redem-</strong></span> 
     </span>
    </p>
   </div>
   <div class='ocr_carea' id='block_1_83' title="bbox 360 4480 2685 4563">
    <p class='ocr_par' dir='ltr' id='par_1_83' title="bbox 360 4480 2685 4563">
     <span class='ocr_line' id='line_1_83' title="bbox 360 4480 2685 4563; baseline 0.006 -27"><span class='ocrx_word' id='word_1_700' title='bbox 360 4480 501 4537; x_wconf 91' lang='lat' dir='ltr'><strong>bitur</strong></span> <span class='ocrx_word' id='word_1_701' title='bbox 522 4481 695 4554; x_wconf 75' lang='lat' dir='ltr'><strong>gloria</strong></span> <span class='ocrx_word' id='word_1_702' title='bbox 723 4501 839 4541; x_wconf 86' lang='lat' dir='ltr'><strong>mea</strong></span> <span class='ocrx_word' id='word_1_703' title='bbox 866 4486 1037 4541; x_wconf 89' lang='lat' dir='ltr'><strong>omnis</strong></span> <span class='ocrx_word' id='word_1_704' title='bbox 1062 4493 1224 4542; x_wconf 89' lang='lat' dir='ltr'><strong>terra.</strong></span> <span class='ocrx_word' id='word_1_705' title='bbox 1274 4487 1343 4543; x_wconf 89' lang='lat' dir='ltr'><strong>Et</strong></span> <span class='ocrx_word' id='word_1_706' title='bbox 1368 4490 1803 4561; x_wconf 86' lang='lat' dir='ltr'><strong>septuagesimus</strong></span> <span class='ocrx_word' id='word_1_707' title='bbox 1836 4492 1951 4563; x_wconf 91' lang='lat' dir='ltr'><strong>pri-</strong></span> <span class='ocrx_word' id='word_1_708' title='bbox 1974 4540 2029 4563; x_wconf 60' lang='grc' dir='ltr'><strong>π</strong></span> <span class='ocrx_word' id='word_1_709' title='bbox 2054 4490 2152 4557; x_wconf 70' lang='lat' dir='ltr'><strong>pla</strong></span> <span class='ocrx_word' id='word_1_710' title='bbox 2183 4485 2356 4542; x_wconf 71' lang='grc' dir='ltr'><strong>οΐθνίι</strong></span> <span class='ocrx_word' id='word_1_711' title='bbox 2400 4485 2685 4544; x_wconf 79' lang='lat' dir='ltr'><strong>Ecclesia-&#39;</strong></span> 
     </span>
    </p>
   </div>
   <div class='ocr_carea' id='block_1_84' title="bbox 358 4540 3652 4656">
    <p class='ocr_par' dir='ltr' id='par_1_84' title="bbox 358 4540 3652 4656">
     <span class='ocr_line' id='line_1_84' title="bbox 358 4540 3652 4656; baseline 0.002 -22"><span class='ocrx_word' id='word_1_712' title='bbox 358 4594 479 4636; x_wconf 90' lang='lat' dir='ltr'><strong>mus</strong></span> <span class='ocrx_word' id='word_1_713' title='bbox 498 4540 740 4651; x_wconf 42' lang='lat' dir='ltr'><strong>pvsalmus</strong></span> <span class='ocrx_word' id='word_1_714' title='bbox 764 4540 915 4635; x_wconf 89' lang='lat' dir='ltr'><strong>canit</strong></span> <span class='ocrx_word' id='word_1_715' title='bbox 936 4580 1093 4653; x_wconf 86' lang='lat' dir='ltr'><strong>(vers.</strong></span> <span class='ocrx_word' id='word_1_716' title='bbox 1831 4540 1947 4656; x_wconf 59' lang='lat' dir='ltr'><strong>eritis</strong></span> <span class='ocrx_word' id='word_1_717' title='bbox 1974 4540 2029 4602; x_wconf 71' lang='grc' dir='ltr'><strong><em>Β</em></strong></span> <span class='ocrx_word' id='word_1_718' title='bbox 2054 4540 2076 4557; x_wconf 45' lang='grc'><strong><em>³</em></strong></span> <span class='ocrx_word' id='word_1_719' title='bbox 2127 4575 2281 4651; x_wconf 75' lang='lat' dir='ltr'><strong>(Cap.</strong></span> <span class='ocrx_word' id='word_1_720' title='bbox 2307 4540 2366 4646; x_wconf 48' lang='grc' dir='ltr'><strong>ιι,</strong></span> <span class='ocrx_word' id='word_1_721' title='bbox 2386 4540 2903 4654; x_wconf 19' lang='lat' dir='ltr'><strong>versuti—{Ingrata</strong></span> <span class='ocrx_word' id='word_1_722' title='bbox 2940 4583 3124 4655; x_wconf 87' lang='lat' dir='ltr'><strong>regina</strong></span> <span class='ocrx_word' id='word_1_723' title='bbox 3163 4582 3310 4641; x_wconf 86' lang='lat' dir='ltr'><strong>Saba</strong></span> <span class='ocrx_word' id='word_1_724' title='bbox 3337 4581 3652 4641; x_wconf 76' lang='lat' dir='ltr'><strong>Jerusalem</strong></span> 
     </span>
    </p>
   </div>
   <div class='ocr_carea' id='block_1_85' title="bbox 358 4667 3655 4748">
    <p class='ocr_par' dir='ltr' id='par_1_85' title="bbox 358 4667 3655 4748">
     <span class='ocr_line' id='line_1_85' title="bbox 358 4667 3655 4748; baseline 0.002 -22"><span class='ocrx_word' id='word_1_725' title='bbox 358 4673 526 4727; x_wconf 89' lang='lat' dir='ltr'><strong>omnis</strong></span> <span class='ocrx_word' id='word_1_726' title='bbox 540 4671 1118 4741; x_wconf 85' lang='lat' dir='ltr'><strong>terra.Undeetangeli</strong></span> <span class='ocrx_word' id='word_1_727' title='bbox 1134 4671 1443 4728; x_wconf 88' lang='lat' dir='ltr'><strong>clamabant</strong></span> <span class='ocrx_word' id='word_1_728' title='bbox 1466 4673 1777 4744; x_wconf 86' lang='lat' dir='ltr'><strong>pastoribus</strong></span> <span class='ocrx_word' id='word_1_729' title='bbox 1789 4673 1942 4748; x_wconf 91' lang='lat' dir='ltr'><strong>(Luc.</strong></span> <span class='ocrx_word' id='word_1_730' title='bbox 2052 4684 2171 4722; x_wconf 79' lang='lat' dir='ltr'><strong>cum</strong></span> <span class='ocrx_word' id='word_1_731' title='bbox 2195 4667 2361 4725; x_wconf 76' lang='lat' dir='ltr'><strong>multo</strong></span> <span class='ocrx_word' id='word_1_732' title='bbox 2382 4670 2655 4738; x_wconf 77' lang='lat' dir='ltr'><strong>comitatu,</strong></span> <span class='ocrx_word' id='word_1_733' title='bbox 2686 4680 2734 4726; x_wconf 84' lang='lat' dir='ltr'><strong>et</strong></span> <span class='ocrx_word' id='word_1_734' title='bbox 2759 4671 2976 4739; x_wconf 82' lang='lat' dir='ltr'><strong>divitiis,</strong></span> <span class='ocrx_word' id='word_1_735' title='bbox 3003 4672 3124 4728; x_wconf 77' lang='lat' dir='ltr'><strong>cum</strong></span> <span class='ocrx_word' id='word_1_736' title='bbox 3146 4672 3360 4730; x_wconf 84' lang='lat' dir='ltr'><strong>camelis</strong></span> <span class='ocrx_word' id='word_1_737' title='bbox 3386 4675 3655 4746; x_wconf 82' lang='lat' dir='ltr'><strong>portanti-</strong></span> 
     </span>
    </p>
   </div>
   <div class='ocr_carea' id='block_1_86' title="bbox 359 4758 1957 4837">
    <p class='ocr_par' dir='ltr' id='par_1_86' title="bbox 359 4761 1944 4837">
     <span class='ocr_line' id='line_1_86' title="bbox 359 4761 1944 4837; baseline 0.004 -22"><span class='ocrx_word' id='word_1_738' title='bbox 359 4777 420 4827; x_wconf 91' lang='grc' dir='ltr'><strong>ιι,</strong></span> <span class='ocrx_word' id='word_1_739' title='bbox 442 4761 529 4835; x_wconf 72' lang='grc'><strong>14)</strong></span> <span class='ocrx_word' id='word_1_740' title='bbox 549 4781 561 4816; x_wconf 88' lang='lat'><strong>:</strong></span> <span class='ocrx_word' id='word_1_741' title='bbox 579 4761 762 4818; x_wconf 78' lang='lat' dir='ltr'><strong>Gloria</strong></span> <span class='ocrx_word' id='word_1_742' title='bbox 775 4765 829 4819; x_wconf 89' lang='lat' dir='ltr'><strong>in</strong></span> <span class='ocrx_word' id='word_1_743' title='bbox 843 4763 1058 4819; x_wconf 72' lang='lat' dir='ltr'><strong>excelsis</strong></span> <span class='ocrx_word' id='word_1_744' title='bbox 1070 4762 1205 4830; x_wconf 90' lang='lat' dir='ltr'><strong>Deo,</strong></span> <span class='ocrx_word' id='word_1_745' title='bbox 1228 4772 1275 4818; x_wconf 90' lang='lat' dir='ltr'><strong>et</strong></span> <span class='ocrx_word' id='word_1_746' title='bbox 1298 4764 1353 4818; x_wconf 91' lang='lat' dir='ltr'><strong>in</strong></span> <span class='ocrx_word' id='word_1_747' title='bbox 1365 4772 1507 4819; x_wconf 91' lang='lat' dir='ltr'><strong>terra</strong></span> <span class='ocrx_word' id='word_1_748' title='bbox 1523 4782 1631 4837; x_wconf 73' lang='lat' dir='ltr'><strong>pax</strong></span> <span class='ocrx_word' id='word_1_749' title='bbox 1645 4765 1944 4823; x_wconf 83' lang='lat' dir='ltr'><strong>hominibus</strong></span> 
     </span>
    </p>
   </div>
   <div class='ocr_carea' id='block_1_87' title="bbox 2064 4758 3655 4837">
    <p class='ocr_par' dir='ltr' id='par_1_87' title="bbox 2064 4758 3655 4837">
     <span class='ocr_line' id='line_1_87' title="bbox 2064 4758 3655 4837; baseline 0.004 -23"><span class='ocrx_word' id='word_1_750' title='bbox 2064 4758 2149 4814; x_wconf 69' lang='lat' dir='ltr'><strong>ius</strong></span> <span class='ocrx_word' id='word_1_751' title='bbox 2178 4770 2453 4830; x_wconf 89' lang='lat' dir='ltr'><strong>aromata,</strong></span> <span class='ocrx_word' id='word_1_752' title='bbox 2508 4770 2554 4817; x_wconf 90' lang='lat' dir='ltr'><strong>et</strong></span> <span class='ocrx_word' id='word_1_753' title='bbox 2588 4779 2781 4818; x_wconf 85' lang='lat' dir='ltr'><strong>aurum</strong></span> <span class='ocrx_word' id='word_1_754' title='bbox 2817 4763 3084 4834; x_wconf 79' lang='lat' dir='ltr'><strong>inﬁnitum</strong></span> <span class='ocrx_word' id='word_1_755' title='bbox 3131 4764 3309 4832; x_wconf 89' lang='lat' dir='ltr'><strong>nimis,</strong></span> <span class='ocrx_word' id='word_1_756' title='bbox 3334 4774 3385 4820; x_wconf 86' lang='lat' dir='ltr'><strong>et</strong></span> <span class='ocrx_word' id='word_1_757' title='bbox 3413 4781 3655 4837; x_wconf 76' lang='lat' dir='ltr'><strong>gemmas</strong></span> 
     </span>
    </p>
   </div>
   <div class='ocr_carea' id='block_1_88' title="bbox 359 4851 1957 4928">
    <p class='ocr_par' dir='ltr' id='par_1_88' title="bbox 359 4852 1944 4928">
     <span class='ocr_line' id='line_1_88' title="bbox 359 4852 1944 4928; baseline 0.004 -21"><span class='ocrx_word' id='word_1_758' title='bbox 359 4852 508 4908; x_wconf 81' lang='lat' dir='ltr'><strong>bona:</strong></span> <span class='ocrx_word' id='word_1_759' title='bbox 524 4854 825 4911; x_wconf 86' lang='lat' dir='ltr'><strong>voluntatis.</strong></span> <span class='ocrx_word' id='word_1_760' title='bbox 857 4856 1011 4924; x_wconf 87' lang='lat' dir='ltr'><strong>Quod</strong></span> <span class='ocrx_word' id='word_1_761' title='bbox 1026 4863 1209 4912; x_wconf 91' lang='lat' dir='ltr'><strong>autem</strong></span> <span class='ocrx_word' id='word_1_762' title='bbox 1224 4856 1421 4913; x_wconf 91' lang='lat' dir='ltr'><strong>nebula</strong></span> <span class='ocrx_word' id='word_1_763' title='bbox 1451 4857 1695 4928; x_wconf 86' lang='lat' dir='ltr'><strong>implevit</strong></span> <span class='ocrx_word' id='word_1_764' title='bbox 1722 4858 1944 4914; x_wconf 90' lang='lat' dir='ltr'><strong>domum</strong></span> 
     </span>
    </p>
   </div>
   <div class='ocr_carea' id='block_1_89' title="bbox 2064 4851 3654 4928">
    <p class='ocr_par' dir='ltr' id='par_1_89' title="bbox 2064 4851 3654 4923">
     <span class='ocr_line' id='line_1_89' title="bbox 2064 4851 3654 4923; baseline 0.004 -16"><span class='ocrx_word' id='word_1_765' title='bbox 2064 4851 2328 4918; x_wconf 66' lang='lat' dir='ltr'><strong>pretiosas,</strong></span> <span class='ocrx_word' id='word_1_766' title='bbox 2366 4853 2505 4907; x_wconf 85' lang='lat' dir='ltr'><strong>venit</strong></span> <span class='ocrx_word' id='word_1_767' title='bbox 2542 4854 2614 4908; x_wconf 87' lang='lat' dir='ltr'><strong>ad</strong></span> <span class='ocrx_word' id='word_1_768' title='bbox 2640 4852 2998 4923; x_wconf 87' lang='lat' dir='ltr'><strong>Salomonem,</strong></span> <span class='ocrx_word' id='word_1_769' title='bbox 3045 4864 3094 4911; x_wconf 89' lang='lat' dir='ltr'><strong>et</strong></span> <span class='ocrx_word' id='word_1_770' title='bbox 3141 4854 3318 4911; x_wconf 84' lang='lat' dir='ltr'><strong>locuta</strong></span> <span class='ocrx_word' id='word_1_771' title='bbox 3342 4865 3422 4912; x_wconf 84' lang='lat' dir='ltr'><strong>est</strong></span> <span class='ocrx_word' id='word_1_772' title='bbox 3449 4856 3499 4913; x_wconf 87' lang='lat' dir='ltr'><strong>ei</strong></span> <span class='ocrx_word' id='word_1_773' title='bbox 3526 4857 3654 4914; x_wconf 75' lang='lat' dir='ltr'><strong>uni-</strong></span> 
     </span>
    </p>
   </div>
   <div class='ocr_carea' id='block_1_90' title="bbox 357 4944 2997 5024">
    <p class='ocr_par' dir='ltr' id='par_1_90' title="bbox 357 4944 2997 5024">
     <span class='ocr_line' id='line_1_90' title="bbox 357 4944 2997 5024; baseline 0.003 -24"><span class='ocrx_word' id='word_1_774' title='bbox 357 4945 596 5013; x_wconf 88' lang='lat' dir='ltr'><strong>Domini,</strong></span> <span class='ocrx_word' id='word_1_775' title='bbox 618 4958 666 5003; x_wconf 90' lang='lat' dir='ltr'><strong>et</strong></span> <span class='ocrx_word' id='word_1_776' title='bbox 690 4966 793 5004; x_wconf 90' lang='lat' dir='ltr'><strong>non</strong></span> <span class='ocrx_word' id='word_1_777' title='bbox 818 4958 1057 5021; x_wconf 86' lang='lat' dir='ltr'><strong>poterant</strong></span> <span class='ocrx_word' id='word_1_778' title='bbox 1081 4951 1378 5006; x_wconf 87' lang='lat' dir='ltr'><strong>sacerdotes</strong></span> <span class='ocrx_word' id='word_1_779' title='bbox 1406 4952 1710 5006; x_wconf 87' lang='lat' dir='ltr'><strong>ministrare</strong></span> <span class='ocrx_word' id='word_1_780' title='bbox 1735 4961 1946 5024; x_wconf 89' lang='lat' dir='ltr'><strong>propter</strong></span> <span class='ocrx_word' id='word_1_781' title='bbox 2050 4959 2199 4998; x_wconf 74' lang='grc' dir='ltr'><em>υενεα</em></span> <span class='ocrx_word' id='word_1_782' title='bbox 2225 4960 2344 5016; x_wconf 63' lang='lat' dir='ltr'><strong>qua</strong></span> <span class='ocrx_word' id='word_1_783' title='bbox 2372 4944 2674 5001; x_wconf 49' lang='lat' dir='ltr'><strong>habebatin</strong></span> <span class='ocrx_word' id='word_1_784' title='bbox 2696 4946 2851 5003; x_wconf 76' lang='lat' dir='ltr'><strong>corde</strong></span> <span class='ocrx_word' id='word_1_785' title='bbox 2878 4964 2997 5004; x_wconf 71' lang='lat' dir='ltr'><strong>suo.</strong></span> 
     </span>
    </p>
   </div>
   <div class='ocr_carea' id='block_1_91' title="bbox 359 5036 3649 5117">
    <p class='ocr_par' dir='ltr' id='par_1_91' title="bbox 359 5036 3649 5117">
     <span class='ocr_line' id='line_1_91' title="bbox 359 5036 3649 5117; baseline 0.002 -24"><span class='ocrx_word' id='word_1_786' title='bbox 359 5036 629 5104; x_wconf 87' lang='lat' dir='ltr'><strong>nebulam,</strong></span> <span class='ocrx_word' id='word_1_787' title='bbox 656 5040 773 5097; x_wconf 70' lang='lat' dir='ltr'><strong>haec</strong></span> <span class='ocrx_word' id='word_1_788' title='bbox 799 5042 1069 5097; x_wconf 88' lang='lat' dir='ltr'><strong>sententia</strong></span> <span class='ocrx_word' id='word_1_789' title='bbox 1099 5044 1366 5114; x_wconf 90' lang='lat' dir='ltr'><strong>superbos</strong></span> <span class='ocrx_word' id='word_1_790' title='bbox 1395 5040 1707 5098; x_wconf 69' lang='lat' dir='ltr'><strong>ludzeorum</strong></span> <span class='ocrx_word' id='word_1_791' title='bbox 1733 5043 1951 5113; x_wconf 82' lang='lat' dir='ltr'><strong>pontiﬁ-</strong></span> <span class='ocrx_word' id='word_1_792' title='bbox 2126 5036 2270 5109; x_wconf 86' lang='lat' dir='ltr'><strong>Ergo</strong></span> <span class='ocrx_word' id='word_1_793' title='bbox 2316 5038 2372 5093; x_wconf 92' lang='lat' dir='ltr'><strong>in</strong></span> <span class='ocrx_word' id='word_1_794' title='bbox 2418 5037 2591 5110; x_wconf 86' lang='lat' dir='ltr'><strong>ﬁgura</strong></span> <span class='ocrx_word' id='word_1_795' title='bbox 2636 5041 2837 5112; x_wconf 66' lang='lat' dir='ltr'><strong>regina:</strong></span> <span class='ocrx_word' id='word_1_796' title='bbox 2865 5040 3046 5112; x_wconf 83' lang='lat' dir='ltr'><strong>hujus,</strong></span> <span class='ocrx_word' id='word_1_797' title='bbox 3082 5042 3328 5101; x_wconf 86' lang='lat' dir='ltr'><strong>Ecclesia</strong></span> <span class='ocrx_word' id='word_1_798' title='bbox 3356 5043 3534 5117; x_wconf 70' lang='lat' dir='ltr'><strong>venit</strong></span> <span class='ocrx_word' id='word_1_799' title='bbox 3573 5058 3649 5102; x_wconf 77' lang='lat' dir='ltr'><strong>ex</strong></span> 
     </span>
    </p>
   </div>
   <div class='ocr_carea' id='block_1_92' title="bbox 359 5128 3646 5208">
    <p class='ocr_par' dir='ltr' id='par_1_92' title="bbox 359 5128 3646 5208">
     <span class='ocr_line' id='line_1_92' title="bbox 359 5128 3646 5208; baseline 0.002 -23"><span class='ocrx_word' id='word_1_800' title='bbox 359 5143 452 5185; x_wconf 92' lang='lat' dir='ltr'><strong>ces</strong></span> <span class='ocrx_word' id='word_1_801' title='bbox 476 5144 541 5184; x_wconf 92' lang='lat' dir='ltr'><strong>ac</strong></span> <span class='ocrx_word' id='word_1_802' title='bbox 570 5129 822 5186; x_wconf 87' lang='lat' dir='ltr'><strong>doctores</strong></span> <span class='ocrx_word' id='word_1_803' title='bbox 849 5133 1110 5200; x_wconf 89' lang='lat' dir='ltr'><strong>insinuat,</strong></span> <span class='ocrx_word' id='word_1_804' title='bbox 1142 5135 1235 5206; x_wconf 90' lang='lat' dir='ltr'><strong>qui</strong></span> <span class='ocrx_word' id='word_1_805' title='bbox 1257 5134 1384 5191; x_wconf 89' lang='lat' dir='ltr'><strong>dum</strong></span> <span class='ocrx_word' id='word_1_806' title='bbox 1412 5132 1724 5190; x_wconf 87' lang='lat' dir='ltr'><strong>Nativitatis</strong></span> <span class='ocrx_word' id='word_1_807' title='bbox 1744 5133 1951 5192; x_wconf 87' lang='lat' dir='ltr'><strong>Christi</strong></span> <span class='ocrx_word' id='word_1_808' title='bbox 2055 5128 2326 5198; x_wconf 59' lang='lat' dir='ltr'><strong>sentibus),</strong></span> <span class='ocrx_word' id='word_1_809' title='bbox 2372 5136 2429 5185; x_wconf 79' lang='lat' dir='ltr'><strong>et</strong></span> <span class='ocrx_word' id='word_1_810' title='bbox 2455 5128 2654 5186; x_wconf 80' lang='lat' dir='ltr'><strong>ﬁnibus</strong></span> <span class='ocrx_word' id='word_1_811' title='bbox 2686 5138 2845 5187; x_wconf 64' lang='lat' dir='ltr'><strong>terra“:</strong></span> <span class='ocrx_word' id='word_1_812' title='bbox 2869 5132 3155 5204; x_wconf 86' lang='lat' dir='ltr'><strong>imponens</strong></span> <span class='ocrx_word' id='word_1_813' title='bbox 3181 5134 3345 5193; x_wconf 87' lang='lat' dir='ltr'><strong>ﬁnem</strong></span> <span class='ocrx_word' id='word_1_814' title='bbox 3371 5137 3646 5208; x_wconf 86' lang='lat' dir='ltr'><strong>cupidita-</strong></span> 
     </span>
    </p>
   </div>
   <div class='ocr_carea' id='block_1_93' title="bbox 360 5220 3705 5300">
    <p class='ocr_par' dir='ltr' id='par_1_93' title="bbox 360 5220 3705 5300">
     <span class='ocr_line' id='line_1_93' title="bbox 360 5220 3705 5300; baseline 0.002 -23"><span class='ocrx_word' id='word_1_815' title='bbox 360 5231 705 5278; x_wconf 89' lang='lat' dir='ltr'><strong>sacramenta</strong></span> <span class='ocrx_word' id='word_1_816' title='bbox 759 5223 1084 5296; x_wconf 87' lang='lat' dir='ltr'><strong>investigare</strong></span> <span class='ocrx_word' id='word_1_817' title='bbox 1127 5224 1476 5296; x_wconf 88' lang='lat' dir='ltr'><strong>despiciunt,</strong></span> <span class='ocrx_word' id='word_1_818' title='bbox 1529 5224 1770 5280; x_wconf 86' lang='lat' dir='ltr'><strong>debitum</strong></span> <span class='ocrx_word' id='word_1_819' title='bbox 1824 5225 1951 5283; x_wconf 83' lang='lat' dir='ltr'><strong>ﬁdei</strong></span> <span class='ocrx_word' id='word_1_820' title='bbox 2055 5220 2951 5293; x_wconf 85' lang='lat' dir='ltr'><strong>tibus,vitiisqueterrenis,audire</strong></span> <span class='ocrx_word' id='word_1_821' title='bbox 2965 5227 3292 5300; x_wconf 74' lang='lat' dir='ltr'><strong>sapientiam</strong></span> <span class='ocrx_word' id='word_1_822' title='bbox 3306 5228 3644 5297; x_wconf 86' lang='lat' dir='ltr'><strong>Salomonis,</strong></span> <span class='ocrx_word' id='word_1_823' title='bbox 3694 5266 3705 5291; x_wconf 58' lang='grc' dir='ltr'><strong>ι</strong></span> 
     </span>
    </p>
   </div>
   <div class='ocr_carea' id='block_1_94' title="bbox 360 5302 3707 5394">
    <p class='ocr_par' dir='ltr' id='par_1_94' title="bbox 360 5302 3707 5394">
     <span class='ocr_line' id='line_1_94' title="bbox 360 5302 3707 5394; baseline 0.002 -25"><span class='ocrx_word' id='word_1_824' title='bbox 360 5328 474 5370; x_wconf 73' lang='lat' dir='ltr'><strong>suae</strong></span> <span class='ocrx_word' id='word_1_825' title='bbox 519 5314 884 5371; x_wconf 90' lang='lat' dir='ltr'><strong>ministerium</strong></span> <span class='ocrx_word' id='word_1_826' title='bbox 915 5332 1013 5389; x_wconf 89' lang='lat' dir='ltr'><strong>per</strong></span> <span class='ocrx_word' id='word_1_827' title='bbox 1057 5317 1262 5373; x_wconf 90' lang='lat' dir='ltr'><strong>erroris</strong></span> <span class='ocrx_word' id='word_1_828' title='bbox 1290 5315 1543 5373; x_wconf 88' lang='lat' dir='ltr'><strong>nebulam</strong></span> <span class='ocrx_word' id='word_1_829' title='bbox 1572 5317 1946 5389; x_wconf 86' lang='lat' dir='ltr'><strong>perdiderunt.</strong></span> <span class='ocrx_word' id='word_1_830' title='bbox 2053 5313 2205 5387; x_wconf 73' lang='lat' dir='ltr'><strong>idest</strong></span> <span class='ocrx_word' id='word_1_831' title='bbox 2223 5315 2327 5370; x_wconf 88' lang='lat' dir='ltr'><strong>viri</strong></span> <span class='ocrx_word' id='word_1_832' title='bbox 2340 5316 2554 5386; x_wconf 86' lang='lat' dir='ltr'><strong>paciﬁci</strong></span> <span class='ocrx_word' id='word_1_833' title='bbox 2576 5315 2789 5372; x_wconf 91' lang='lat' dir='ltr'><strong>Domini</strong></span> <span class='ocrx_word' id='word_1_834' title='bbox 2806 5319 2975 5374; x_wconf 88' lang='lat' dir='ltr'><strong>nostri</strong></span> <span class='ocrx_word' id='word_1_835' title='bbox 2987 5317 3117 5376; x_wconf 84' lang='lat' dir='ltr'><strong>Jesu</strong></span> <span class='ocrx_word' id='word_1_836' title='bbox 3146 5319 3353 5377; x_wconf 90' lang='lat' dir='ltr'><strong>Christi</strong></span> <span class='ocrx_word' id='word_1_837' title='bbox 3380 5302 3633 5394; x_wconf 59' lang='lat' dir='ltr'><strong>(Eplmi,</strong></span> 
     </span>
    </p>
   </div>
   <div class='ocr_carea' id='block_1_95' title="bbox 358 5388 3713 5482">
    <p class='ocr_par' dir='ltr' id='par_1_95' title="bbox 358 5388 3713 5482">
     <span class='ocr_line' id='line_1_95' title="bbox 358 5388 3713 5482; baseline 0.003 -23"><span class='ocrx_word' id='word_1_838' title='bbox 358 5402 438 5459; x_wconf 87' lang='lat' dir='ltr'><strong>Ita</strong></span> <span class='ocrx_word' id='word_1_839' title='bbox 463 5404 607 5460; x_wconf 92' lang='lat' dir='ltr'><strong>enim</strong></span> <span class='ocrx_word' id='word_1_840' title='bbox 633 5418 822 5461; x_wconf 90' lang='lat' dir='ltr'><strong>eorum</strong></span> <span class='ocrx_word' id='word_1_841' title='bbox 841 5388 1053 5464; x_wconf 90' lang='lat' dir='ltr'><strong>mentes</strong></span> <span class='ocrx_word' id='word_1_842' title='bbox 1064 5406 1401 5464; x_wconf 85' lang='lat' dir='ltr'><strong>inﬁdelitatis</strong></span> <span class='ocrx_word' id='word_1_843' title='bbox 1422 5388 1599 5480; x_wconf 89' lang='lat' dir='ltr'><strong>caligo</strong></span> <span class='ocrx_word' id='word_1_844' title='bbox 1617 5409 1864 5480; x_wconf 89' lang='lat' dir='ltr'><strong>replevit,</strong></span> <span class='ocrx_word' id='word_1_845' title='bbox 1888 5420 1950 5468; x_wconf 89' lang='lat' dir='ltr'><strong>ut</strong></span> <span class='ocrx_word' id='word_1_846' title='bbox 2058 5406 2149 5478; x_wconf 70' lang='lat' dir='ltr'><strong>il)</strong></span> <span class='ocrx_word' id='word_1_847' title='bbox 2179 5408 2269 5479; x_wconf 88' lang='lat' dir='ltr'><strong>qui</strong></span> <span class='ocrx_word' id='word_1_848' title='bbox 2294 5408 2417 5479; x_wconf 81' lang='lat' dir='ltr'><strong>fecit</strong></span> <span class='ocrx_word' id='word_1_849' title='bbox 2443 5418 2667 5482; x_wconf 83' lang='lat' dir='ltr'><strong>utraque</strong></span> <span class='ocrx_word' id='word_1_850' title='bbox 2718 5426 2882 5467; x_wconf 88' lang='lat' dir='ltr'><strong>unum</strong></span> <span class='ocrx_word' id='word_1_851' title='bbox 2906 5412 3121 5469; x_wconf 91' lang='lat' dir='ltr'><strong>solvens</strong></span> <span class='ocrx_word' id='word_1_852' title='bbox 3152 5388 3470 5471; x_wconf 81' lang='lat' dir='ltr'><strong>inimicitias</strong></span> <span class='ocrx_word' id='word_1_853' title='bbox 3498 5413 3649 5470; x_wconf 86' lang='lat' dir='ltr'><strong>inter</strong></span> <span class='ocrx_word' id='word_1_854' title='bbox 3689 5388 3713 5482; x_wconf 72' lang='grc' dir='ltr'>ξ</span> 
     </span>
    </p>
   </div>
   <div class='ocr_carea' id='block_1_96' title="bbox 311 5463 3720 5608">
    <p class='ocr_par' dir='ltr' id='par_1_96' title="bbox 311 5463 3720 5608">
     <span class='ocr_line' id='line_1_96' title="bbox 311 5463 3720 5608; baseline 0.004 -58"><span class='ocrx_word' id='word_1_855' title='bbox 311 5510 323 5523; x_wconf 82' lang='lat'><strong><em>°</em></strong></span> <span class='ocrx_word' id='word_1_856' title='bbox 359 5496 705 5569; x_wconf 89' lang='lat' dir='ltr'><strong>exigentibus</strong></span> <span class='ocrx_word' id='word_1_857' title='bbox 740 5500 974 5572; x_wconf 88' lang='lat' dir='ltr'><strong>propriis</strong></span> <span class='ocrx_word' id='word_1_858' title='bbox 1000 5499 1233 5569; x_wconf 90' lang='lat' dir='ltr'><strong>meritis,</strong></span> <span class='ocrx_word' id='word_1_859' title='bbox 1265 5516 1372 5559; x_wconf 89' lang='lat' dir='ltr'><strong>non</strong></span> <span class='ocrx_word' id='word_1_860' title='bbox 1405 5508 1704 5577; x_wconf 88' lang='lat' dir='ltr'><strong>agnoscant</strong></span> <span class='ocrx_word' id='word_1_861' title='bbox 1743 5501 1947 5558; x_wconf 88' lang='lat' dir='ltr'><strong>cultum</strong></span> <span class='ocrx_word' id='word_1_862' title='bbox 2055 5500 2245 5568; x_wconf 88' lang='lat' dir='ltr'><strong>Deum,</strong></span> <span class='ocrx_word' id='word_1_863' title='bbox 2277 5509 2332 5557; x_wconf 89' lang='lat' dir='ltr'><strong>et</strong></span> <span class='ocrx_word' id='word_1_864' title='bbox 2359 5463 2637 5559; x_wconf 66' lang='lat' dir='ltr'><strong>hominem</strong></span> <span class='ocrx_word' id='word_1_865' title='bbox 2669 5502 2724 5560; x_wconf 90' lang='lat' dir='ltr'><strong>in</strong></span> <span class='ocrx_word' id='word_1_866' title='bbox 2754 5517 2918 5561; x_wconf 86' lang='lat' dir='ltr'><strong>carne</strong></span> <span class='ocrx_word' id='word_1_867' title='bbox 2945 5521 3062 5563; x_wconf 89' lang='lat' dir='ltr'><strong>sua.</strong></span> <span class='ocrx_word' id='word_1_868' title='bbox 3092 5504 3258 5563; x_wconf 79' lang='lat' dir='ltr'><strong>Venit</strong></span> <span class='ocrx_word' id='word_1_869' title='bbox 3281 5514 3405 5579; x_wconf 90' lang='lat' dir='ltr'><strong>post</strong></span> <span class='ocrx_word' id='word_1_870' title='bbox 3428 5512 3648 5564; x_wconf 80' lang='lat' dir='ltr'><strong>veteres</strong></span> <span class='ocrx_word' id='word_1_871' title='bbox 3688 5463 3720 5608; x_wconf 57' lang='grc' dir='ltr'><strong><em>ς</em></strong></span> 
     </span>
    </p>
   </div>
   <div class='ocr_carea' id='block_1_97' title="bbox 358 5590 3646 5667">
    <p class='ocr_par' dir='ltr' id='par_1_97' title="bbox 358 5590 3646 5667">
     <span class='ocr_line' id='line_1_97' title="bbox 358 5590 3646 5667; baseline 0.003 -22"><span class='ocrx_word' id='word_1_872' title='bbox 358 5590 717 5651; x_wconf 86' lang='lat' dir='ltr'><strong>credulitatis.</strong></span> <span class='ocrx_word' id='word_1_873' title='bbox 750 5613 770 5648; x_wconf 78' lang='grc' dir='ltr'><strong>ι</strong></span> <span class='ocrx_word' id='word_1_874' title='bbox 2052 5599 2110 5649; x_wconf 90' lang='lat' dir='ltr'><strong>et</strong></span> <span class='ocrx_word' id='word_1_875' title='bbox 2135 5591 2392 5665; x_wconf 78' lang='lat' dir='ltr'><strong>profanas</strong></span> <span class='ocrx_word' id='word_1_876' title='bbox 2420 5593 2833 5667; x_wconf 88' lang='lat' dir='ltr'><strong>superstitiones</strong></span> <span class='ocrx_word' id='word_1_877' title='bbox 2857 5596 3066 5665; x_wconf 88' lang='lat' dir='ltr'><strong>audire,</strong></span> <span class='ocrx_word' id='word_1_878' title='bbox 3097 5606 3154 5655; x_wconf 88' lang='lat' dir='ltr'><strong>et</strong></span> <span class='ocrx_word' id='word_1_879' title='bbox 3178 5599 3391 5657; x_wconf 84' lang='lat' dir='ltr'><strong>discere</strong></span> <span class='ocrx_word' id='word_1_880' title='bbox 3416 5601 3485 5656; x_wconf 84' lang='lat' dir='ltr'><strong>de</strong></span> <span class='ocrx_word' id='word_1_881' title='bbox 3511 5595 3646 5655; x_wconf 82' lang='lat' dir='ltr'><strong>ﬁdei</strong></span> 
     </span>
    </p>
   </div>
   <div class='ocr_carea' id='block_1_98' title="bbox 361 5729 3646 5875">
    <p class='ocr_par' dir='ltr' id='par_1_98' title="bbox 361 5729 3646 5875">
     <span class='ocr_line' id='line_1_98' title="bbox 361 5729 3646 5875; baseline 0.002 -85"><span class='ocrx_word' id='word_1_882' title='bbox 361 5732 632 5875; x_wconf 42' lang='lat' dir='ltr'><strong>“euang?</strong></span> <span class='ocrx_word' id='word_1_883' title='bbox 674 5740 1000 5806; x_wconf 85' lang='lat' dir='ltr'><strong>sequuntur,</strong></span> <span class='ocrx_word' id='word_1_884' title='bbox 1036 5732 1418 5807; x_wconf 84' lang='lat' dir='ltr'><strong>illastrantqne</strong></span> <span class='ocrx_word' id='word_1_885' title='bbox 1447 5731 1629 5792; x_wconf 88' lang='lat' dir='ltr'><strong>locum</strong></span> <span class='ocrx_word' id='word_1_886' title='bbox 1651 5731 1818 5801; x_wconf 88' lang='lat' dir='ltr'><strong>hunc,</strong></span> <span class='ocrx_word' id='word_1_887' title='bbox 1844 5730 2129 5805; x_wconf 86' lang='lat' dir='ltr'><strong>desumpta</strong></span> <span class='ocrx_word' id='word_1_888' title='bbox 2156 5740 2284 5794; x_wconf 88' lang='lat' dir='ltr'><strong>sunt</strong></span> <span class='ocrx_word' id='word_1_889' title='bbox 2303 5749 2532 5807; x_wconf 87' lang='lat' dir='ltr'><strong>prorsus</strong></span> <span class='ocrx_word' id='word_1_890' title='bbox 2556 5734 2663 5813; x_wconf 68' lang='grc' dir='ltr'><strong>ζει</strong></span> <span class='ocrx_word' id='word_1_891' title='bbox 2719 5736 2915 5815; x_wconf 72' lang='grc' dir='ltr'><strong>οειιιιίιθ⁶</strong></span> <span class='ocrx_word' id='word_1_892' title='bbox 2951 5734 2990 5791; x_wconf 87' lang='lat'><strong>2</strong></span> <span class='ocrx_word' id='word_1_893' title='bbox 3007 5734 3236 5812; x_wconf 42' lang='lat' dir='ltr'><strong>Llsidori</strong></span> <span class='ocrx_word' id='word_1_894' title='bbox 3255 5734 3315 5794; x_wconf 90' lang='lat' dir='ltr'><strong>in</strong></span> <span class='ocrx_word' id='word_1_895' title='bbox 3337 5734 3545 5794; x_wconf 88' lang='lat' dir='ltr'><strong>librum</strong></span> <span class='ocrx_word' id='word_1_896' title='bbox 3571 5729 3646 5797; x_wconf 84' lang='lat' dir='ltr'><strong>III</strong></span> 
     </span>
    </p>
   </div>
   <div class='ocr_carea' id='block_1_99' title="bbox 2230 5952 2354 5966">
    <p class='ocr_par' dir='ltr' id='par_1_99' title="bbox 2230 5952 2354 5966">
     <span class='ocr_line' id='line_1_99' title="bbox 2230 5952 2354 5966; baseline 0 0"><span class='ocrx_word' id='word_1_897' title='bbox 2230 5952 2354 5966; x_wconf 59' lang='grc' dir='ltr'><strong>..ν-ν’</strong></span> 
     </span>
    </p>
   </div>
  </div>
