3940 6340
287 405 394 469 ’1δῖ

933 402 1390 476 QUESTIONES
1426 399 1577 466 XXX
1613 401 1841 466 SUPER
1873 398 2124 462 LIBROS
2161 398 2426 461 REGUM.
2467 427 2537 446 -
2572 397 2778 460 LIBER
2809 396 2898 458 ill.

3442 401 3552 467 738

287 500 708 586 illuminatione,
746 526 802 573 et
819 516 1025 587 judicio
1061 518 1244 578 futuro
1270 539 1284 576 :
1333 521 1401 578 de
1425 522 1619 578 animae
1645 522 1868 578 immor-
1892 523 1948 584 Α
1969 533 2127 588 opera
2151 525 2264 584 tua,
2289 534 2448 588 quam
2476 533 2677 584 rumor,
2705 532 2858 588 quem
2885 511 3087 571 audivi.
3117 516 3253 574 Cum
3272 533 3405 593 ergo
3432 513 3568 594 per?

285 617 523 679 talitate,
554 613 621 669 de
649 627 746 683 spe
769 609 1204 680 resurrectionis,
1229 605 1290 670 et
1313 614 1504 687 gloria.
1536 612 1695 671 Venit
1738 628 1869 686 ergo

286 712 346 768 in
376 705 681 764 Jerusalem
705 720 830 761 cum
879 708 1050 763 multo
1078 707 1340 763 comitatu
1365 724 1378 762 :
1409 708 1464 764 id
1489 715 1592 773 est,
1627 722 1737 764 non
1755 707 1870 779 jam

286 817 415 858 cum
441 813 550 855 una
584 805 792 853 tantum
819 805 978 870 gente
1003 797 1332 864 Iudaeorum,
1362 799 1501 855 sicut
1523 799 1676 870 prius
1709 814 1870 870 syna-

287 909 428 964 goga
461 889 607 967 solos
632 889 826 944 habuit
865 888 1142 956 Hebraeos,
1172 891 1266 945 sed
1293 889 1458 946 totius
1482 889 1670 945 mundi
1697 888 1870 961 genti-

286 982 412 1047 bus,
459 979 794 1050 diversisque
837 979 1166 1035 nationibus.
1223 979 1383 1036 Venit
1430 994 1560 1052 ergo
1606 979 1869 1035 exhibens

285 1090 516 1132 munera
543 1073 705 1144 digna
739 1071 973 1138 Christo,
1007 1087 1217 1138 aurum,
1245 1080 1299 1126 et
1324 1086 1562 1142 gemmas
1583 1071 1865 1142 pretiosas,

286 1175 346 1220 et
375 1166 478 1220 hoc
507 1163 730 1219 camelis
770 1163 1113 1232 portantibus
1139 1170 1404 1230 aromata,
1435 1163 1487 1218 id
1521 1171 1604 1218 est
1632 1179 1699 1218 ex
1740 1178 1869 1234 gen-

287 1255 374 1309 tili
401 1253 598 1324 populo
641 1252 1008 1319 venientibus,
1055 1253 1148 1323 qui
1188 1251 1405 1308 fuerant
1440 1253 1589 1325 prius
1614 1254 1869 1308 vitiorum

289 1345 538 1402 fmditate
566 1345 803 1411 distorti,
831 1353 888 1400 et
915 1345 1178 1401 malorum
1205 1361 1370 1402 onere
1397 1347 1569 1413 curvi,
1595 1361 1658 1401 ac
1679 1361 1870 1417 pecca-

289 1447 475 1494 torum
506 1437 775 1508 pravitate
804 1435 1096 1493 deformes.
1135 1435 1269 1492 Cum
1295 1437 1382 1492 his
1412 1445 1666 1506 tanquam
1689 1451 1870 1491 mune-

289 1530 446 1585 ribus
491 1529 675 1600 regina
722 1529 840 1584 haec
887 1527 1188 1600 ingreditur
1235 1529 1303 1584 ad
1348 1528 1636 1599 pacificum
1686 1542 1869 1599 regem

290 1621 590 1686 Christum,
622 1619 884 1676 exhibens
905 1635 1090 1676 secum
1114 1630 1359 1676 aromata
1380 1621 1526 1687 ﬁdei,
1553 1636 1746 1676 aurum
1772 1637 1870 1691 pu-

290 1713 493 1778 ritatis,
525 1713 804 1768 incensum
833 1711 1150 1783 pretiosum,
1183 1711 1603 1784 splendoresque
1631 1727 1871 1783 gemma-

290 1825 438 1875 rum,
465 1824 674 1864 morum
718 1808 930 1865 scilicet
961 1809 1214 1879 insignia,
1242 1820 1556 1866 ornamenta
1583 1811 1864 1867 virtutum.

1965 611 2114 666 venit
2139 611 2276 675 haec,
2307 612 2424 668 sive
2445 611 2712 678 Ecclesia,
2737 611 2853 667 sive
2882 625 3110 681 quaeque
3137 613 3318 670 anima
3355 625 3546 673 sancta

1967 700 2023 756 in
2047 708 2302 756 aeternam
2331 701 2657 769 Jerusalem,
2693 701 2749 757 id
2779 709 2862 758 est
2886 701 3150 758 visionem
3177 705 3349 774 pacis,
3377 716 3432 762 et
3454 709 3540 763 in-

1965 805 2152 861 gressa
2175 790 2338 847 fuerit
2362 793 2576 848 beatam
2605 792 2878 863 requiem,
2909 800 2965 848 et
2994 792 3221 864 gloriam
3244 797 3550 855 cmlestium

1965 881 2379 952 promissorum,
2435 883 2607 938 multo
2636 883 2813 954 plura,
2843 893 2898 939 et
2924 884 3386 956 magniﬁcentiora
3428 905 3554 959 per-

1967 973 2180 1042 spiciet,
2207 988 2368 1043 quam
2393 974 2443 1028 ei
2474 982 2598 1028 sunt
2624 975 2676 1028 in
2705 974 2805 1030 hac
2839 983 2982 1030 terra
3008 990 3110 1047 per
3131 992 3288 1032 sacra
3310 978 3546 1050 eloquia,

1964 1079 2064 1135 per
2085 1066 2380 1135 prophetas
2423 1074 2585 1137 atque
2613 1066 2883 1136 apostolos
2908 1069 3172 1124 nuntiata.
3212 1069 3372 1125 Nunc
3412 1074 3552 1127 enim

1968 1165 2219 1228 tanquam
2241 1159 2297 1212 in
2311 1157 2575 1229 speculum
2599 1161 2655 1214 in
2669 1162 2945 1233 amigmate
2973 1181 2992 1216 :
3015 1167 3145 1218 mne
3170 1173 3352 1221 autem
3375 1168 3549 1225 oculis

1969 1249 2084 1302 suis
2096 1248 2300 1304 videbit
2319 1267 2332 1303 :
2348 1248 2403 1302 id
2415 1261 2488 1304 est
2504 1251 2640 1320 facie
2654 1253 2723 1305 ad
2738 1252 2925 1322 faciem
2943 1253 2993 1326 (Ι
3009 1251 3376 1330 ϐον.ιίιιι,12).
3393 1258 3551 1327 Cum,

1968 1337 2218 1407 inquam,
2244 1355 2579 1410 unaquaeque
2611 1343 2792 1397 anima
2837 1342 3030 1411 ﬁdelis,
3064 1355 3120 1400 et
3155 1356 3344 1402 sancta
3376 1349 3429 1403 in
3460 1349 3552 1404 illo

1969 1429 2166 1484 saeculo
2179 1429 2336 1499 plena
2351 1431 2615 1487 bonorum
2635 1447 2859 1504 operum
2874 1435 3163 1504 fructibus,
3179 1437 3378 1494 divinis
3394 1439 3558 1496 fuerit

1967 1529 2294 1591 praesentata
2323 1523 2719 1593 conspectibus,
2749 1525 3013 1582 exhibens
3040 1527 3096 1582 in
3121 1543 3202 1595 se,
3237 1529 3347 1585 imo
3372 1545 3430 1586 se
3471 1531 3559 1604 ip-

1969 1627 2084 1668 sam
2106 1613 2323 1668 xenium
2343 1615 2454 1669 Deo
2470 1629 2589 1681 suo,
2604 1613 2884 1685 proferens
2896 1617 3058 1689 digna
3078 1619 3240 1688 cmlo,
3257 1632 3310 1676 et
3327 1623 3556 1680 valitura

1969 1703 2168 1759 cmlum
2207 1704 2528 1774 multiplicia
2567 1721 2826 1774 munera,
2868 1723 3110 1780 gemmas
3141 1713 3552 1782 misericordiae,

1965 1795 2190 1868 iustitiae
2203 1797 2526 1869 margaritas
2537 1799 2872 1856 diversorum
2885 1812 3200 1858 ornamenta
3217 1805 3554 1873 meritorum,

293 1900 417 1974 (III
450 1899 580 1972 Reg.
603 1917 660 1967 ι,
681 1899 804 1967 2,et
828 1899 892 1956 ΙΙ
916 1898 1052 1955 Par.
1079 1918 1154 1967 rx,
1183 1901 1260 1973 1.)
1307 1901 1376 1956 Et
1390 1902 1566 1957 locuta
1586 1912 1661 1957 est
1683 1903 1730 1957 ei
1752 1902 1870 1957 uni-

1972 1890 2027 1946 id
2038 1899 2122 1946 est
2135 1899 2379 1946 aromata
2391 1892 2837 1962 compunctionis,
2851 1902 2905 1948 et
2921 1909 3087 1950 suave
3103 1895 3300 1952 olentis
3312 1897 3558 1953 balsama

291 2007 466 2057 versa,
489 2007 606 2062 qum
623 1991 843 2046 habebat
863 1991 919 2046 in
943 1992 1099 2046 corde
1118 2008 1214 2046 suo
1237 2008 1256 2047 :
1281 1987 1337 2048 Id
1365 2004 1446 2048 est
1468 1993 1678 2064 aperuit
1701 1993 1750 2048 ei
1781 2009 1878 2050 cor

293 2099 473 2150 suum,
503 2084 867 2140 manifestavit
886 2085 935 2140 ei
954 2085 1219 2141 occultam
1239 2086 1623 2142 conscientiam
1645 2101 1799 2143 suam
1820 2089 1875 2171 in

293 2172 670 2241 confessione,
713 2182 768 2230 et
805 2175 1138 2246 pmnitudine
1182 2177 1601 2247 prmcedentium
1647 2177 1874 2235 delicto-

295 2279 438 2318 rum.
471 2264 760 2320 Videamus
789 2266 919 2336 quid
949 2275 1073 2338 agat
1101 2267 1217 2323 haec
1240 2267 1450 2340 regina.

374 2351 471 2424 (V.
495 2353 574 2425 4.)
605 2351 794 2411 Videas
805 2364 980 2410 autem
994 2356 1172 2428 regina
1186 2355 1328 2413 Saba
1344 2373 1546 2413 omnem
1565 2359 1876 2430 sapientiam

295 2441 625 2510 Salomonis,
671 2454 720 2499 et
756 2445 967 2500 domum
1007 2463 1162 2519 quam
1215 2447 1589 2518 (ediﬁcaverat,
1641 2459 1690 2504 et
1735 2451 1874 2506 cibos

292 2551 490 2590 mensa:
518 2535 657 2606 ejus,
705 2545 754 2591 et
793 2536 1120 2604 holocausta,
1160 2555 1276 2610 qua:
1301 2539 1551 2609 o/ferebat
1576 2541 1634 2596 in
1659 2540 1875 2596 domum

292 2627 527 2695 Domini,
555 2646 660 2685 non
685 2629 906 2686 habebat
933 2629 1072 2685 ultra
1103 2631 1366 2701 spiritum.

368 2717 508 2786 Quid
531 2730 650 2776 erat
693 2721 942 2788 rationis,
968 2730 1030 2776 ut
1061 2731 1368 2792 praepotens
1404 2722 1590 2794 regina
1615 2723 1836 2781 domum
1853 2766 1871 2794 ,

296 2819 582 2884 expensas,
630 2821 687 2868 et
737 2814 887 2870 cibos
919 2814 1100 2886 regios
1145 2822 1296 2870 tanto
1339 2829 1502 2886 opere
1546 2816 1874 2873 miraretur?

296 2902 439 2974 Ergo
482 2903 588 2960 hoc
627 2903 684 2960 in
711 2902 831 2961 loco
857 2903 1035 2974 aliqua
1064 2903 1268 2975 majora
1297 2921 1399 2962 nos
1433 2917 1648 2979 oportet
1689 2909 1872 2980 inqui-

296 3009 439 3050 rere.
467 2994 616 3051 Vidit
633 3010 764 3068 ergo
791 2995 1032 3052 Ecclesia
1054 3012 1121 3054 ex
1147 2999 1397 3071 gentibus
1425 3010 1756 3072 congregata
1787 3017 1874 3057 sa-

297 3086 556 3158 pientiam
580 3085 804 3154 Christi,
835 3087 889 3142 id
910 3096 995 3144 est
1013 3095 1135 3158 post
1163 3089 1402 3145 carnalia
1427 3091 1675 3147 instituta
1705 3093 1874 3164 genti-

297 3176 450 3244 lium,
488 3185 612 3247 post
656 3177 968 3245 humanam,
1015 3187 1072 3234 et
1102 3179 1392 3236 animalem
1422 3179 1723 3238 doctrinam
1758 3183 1874 3253 phi-

1978 1982 2248 2037 castitatis
2273 1981 2578 2052 proferens,
2607 1984 2750 2038 sicut
2778 1983 2909 2050 dixi,
2939 2001 3132 2040 aurum
3179 1985 3450 2043 inﬁnitum
3475 1989 3561 2043 ni-

1977 2071 2107 2138 mis,
2136 2073 2190 2128 id
2221 2081 2305 2128 est
2334 2073 2604 2144 integrum
2630 2073 2686 2127 in
2726 2087 2783 2128 se
2811 2074 3197 2146 reconsiguans
3236 2077 3328 2147 pio
3353 2077 3562 2133 inmsti-

1976 2160 2176 2217 mabile
2200 2162 2435 2233 pretium
2469 2161 2840 2233 Redemptori,
2871 2163 3245 2233 spiritualibus
3275 2167 3477 2234 cordis,
3509 2175 3566 2222 ct

1977 2254 2221 2325 corporis
2259 2254 2622 2310 oblationibus
2645 2255 2932 2325 placitura,
2963 2264 3025 2312 ut
3060 2259 3233 2328 possit
3260 2260 3563 2316 caelestium

1980 2343 2321 2400 mirabilibus
2345 2345 2570 2411 inserta,
2598 2360 2787 2401 vocem
2827 2348 3157 2418 propheticae
3184 2349 3567 2406 exsultationis

1977 2451 2256 2492 assumere
2281 2434 2453 2509 (Psal.
2484 2453 2608 2503 va,
2639 2437 2728 2509 15)
2778 2457 2790 2492 :
2839 2437 3078 2494 Introibo
3106 2440 3320 2496 domum
3347 2451 3490 2496 tuam
3512 2445 3565 2498 in

1975 2529 2318 2585 holocaustis.
2346 2529 2496 2584 Tunc
2520 2531 2676 2585 beata
2705 2539 2760 2584 et
2785 2529 3011 2585 illustris
3053 2532 3234 2587 anima
3266 2533 3409 2591 inter
3445 2543 3560 2590 stu-

1973 2621 2185 2694 pendas
2210 2622 2634 2678 remuneratoris
2659 2621 2743 2676 sui
2774 2624 3067 2678 constituta
3091 2623 3332 2692 divitias,
3375 2624 3564 2681 ineffa-

1973 2712 2173 2769 bi-libus
2215 2713 2420 2784 regina:
2460 2713 2621 2784 hujus
2650 2713 2834 2770 verbis
2859 2715 2947 2769 uti.
2963 2715 3030 2771 ad
3061 2715 3232 2772 Deum
3256 2718 3457 2788 poterit
3485 2718 3564 2774 di-

1973 2821 2106 2862 cens
2130 2824 2143 2858 :
2185 2803 2351 2860 Verus
2381 2815 2458 2862 est
2484 2823 2676 2874 sermo,
2705 2824 2858 2879 quem
2881 2809 3063 2863 audivi
3086 2810 3143 2864 in
3170 2819 3312 2866 terra
3340 2828 3454 2866 mea
3475 2829 3563 2867 su-

1971 2915 2065 2970 per
2085 2899 2412 2954 sermonibus
2435 2901 2560 2954 tuis.
2594 2899 2809 2971 Majora
2834 2912 2955 2956 sunt
2978 2919 3135 2974 opera
3157 2911 3274 2969 tua,
3303 2920 3461 2976 quam
3478 2921 3562 2959 ru.

1971 3006 2106 3056 mor,
2156 3008 2308 3062 quem
2336 2992 2534 3047 audivi.
2581 2991 2698 3048 Hoc
2726 3002 2812 3049 est
2840 2994 3024 3050 dicere
3062 3013 3077 3049 :
3125 3010 3160 3052 0
3188 2995 3448 3063 Domine,
3493 2996 3561 3052 dc

1973 3083 2415 3140 tribulationibus
2463 3085 2601 3141 meis
2645 3101 2840 3160 magna
2892 3087 3111 3157 quidem
3160 3103 3380 3158 sperare
3423 3103 3562 3158 prae-
3623 3079 3626 3084 ’

1974 3177 2178 3247 sumpsi
2224 3192 2239 3232 :
2279 3180 2372 3234 sed
2412 3177 2672 3248 majorem
2715 3181 2932 3251 percepi
2972 3182 3206 3236 veniam.
3240 3180 3522 3237 Manifesta
3545 3222 3560 3248 ,

297 3269 669 3342 losophorum,
719 3269 927 3340 accepit
971 3268 1302 3326 intellectum
1348 3271 1574 3339 salutis,
1615 3281 1672 3328 et
1710 3273 1868 3339 vitae,
1898 3266 1943 3330 C
1973 3283 2136 3338 quam
2161 3285 2350 3336 cerno,
2383 3267 2686 3326 dulcedinis
2728 3272 3178 3342 magnitudinem,
3209 3274 3560 3346 cogitationis

298 3361 536 3433 inspexit
567 3360 867 3433 spiritualia
907 3361 1177 3417 mirabilia
1207 3362 1493 3428 bonorum,
1525 3364 1742 3434 agnovit
1783 3379 1877 3419 ve-

301 3470 424 3510 rum
452 3454 834 3511 fabricatorem
861 3454 986 3510 caeli
1012 3469 1077 3511 ac
1129 3463 1309 3522 terrae,
1343 3464 1398 3512 et
1438 3458 1874 3526 potentissimum

299 3544 520 3599 humani
545 3545 757 3617 generis
780 3545 1134 3602 conditorem.
1163 3544 1241 3602 De
1267 3543 1421 3616 cujus
1449 3547 1713 3618 sapientia
1741 3548 1875 3604 dici-

307 3640 396 3687 tur
409 3632 558 3705 (Sap.
577 3650 654 3700 xl,
671 3634 762 3707 2|)
786 3655 799 3689 :
817 3633 1008 3690 Omnia
1031 3636 1086 3690 in
1105 3653 1372 3702 mensura,
1387 3647 1436 3692 et
1448 3639 1694 3708 pondere,
1711 3647 1759 3693 et
1783 3656 1876 3694 nu-

294 3741 437 3779 mero
458 3727 790 3782 constituisti.
823 3729 962 3784 Vidit
983 3737 1039 3784 et
1067 3729 1283 3786 domum
1304 3746 1466 3802 quam
1490 3731 1872 3800 aediﬁcaverat,

296 3813 353 3870 id
372 3825 474 3882 est,
498 3817 920 3876 incarnationem
939 3821 1174 3878 hominis
1195 3825 1476 3895 assumpti.
1498 3824 1574 3880 De
1587 3827 1874 3895 quajdomo

297 3909 428 3965 dicit
451 3909 742 3980 Apostolus
779 3909 1079 3984 (Coloser,
1113 3913 1168 3984 9)
1198 3931 1211 3968 :
1238 3911 1307 3967 In
1335 3931 1437 3984 quo
1469 3913 1669 3970 habitat
1703 3917 1873 3971 omnis

293 3999 564 4072 plenitudo
589 4003 876 4059 divinitatis
913 4003 1270 4076 corporaliter.
1306 4005 1452 4060 Vidit
1473 4015 1527 4060 et
1555 4007 1705 4064 cibos
1726 4008 1875 4064 Salo-

293 4092 510 4158 monis,
557 4094 802 4150 videlicet
843 4094 982 4159 illos,
1031 4095 1097 4149 de
1123 4095 1320 4164 quibus
1373 4095 1586 4152 dicebat
1641 4099 1750 4171 (lo.
1794 4116 1868 4166 ιν,

291 4183 387 4254 54)
413 4201 426 4238 :
454 4184 603 4240 Meus
623 4186 766 4241 cibus
788 4196 884 4253 est,
901 4196 958 4241 ut
982 4187 1176 4258 faciam
1205 4186 1521 4244 voluntatem
1543 4192 1708 4262 patris
1733 4193 1869 4264 ejus,

291 4275 381 4346 qui
405 4291 485 4330 me
508 4276 666 4332 misit.
695 4275 860 4334 Cibus
891 4277 1092 4334 Christi
1118 4286 1202 4334 est
1229 4279 1374 4335 salus
1401 4290 1604 4347 nostra,
1630 4283 1872 4339 reﬁcitur

293 4365 606 4422 caelestibus
627 4367 818 4437 epulis,
839 4368 1170 4440 profectibus
1196 4370 1418 4427 nostris.
1455 4371 1619 4429 Cibus
1643 4373 1758 4443 ejus
1783 4391 1872 4430 su-

293 4465 438 4515 mus,
488 4451 614 4505 dum
666 4453 914 4521 acquisiti
959 4455 1027 4508 ab
1072 4453 1336 4520 Ecclesia,
1369 4455 1423 4510 in
1461 4458 1703 4513 membra
1730 4457 1866 4526 ejus,

294 4547 598 4604 corpusque
643 4537 938 4592 transimus
963 4557 976 4591 :
1001 4538 1089 4593 vel
1114 4539 1270 4596 cibus
1308 4539 1424 4610 ejus
1470 4542 1656 4598 altaris
1690 4559 1870 4599 sacra-

1973 3373 2110 3414 mea:
2131 3370 2350 3416 sensum
2375 3369 2594 3432 superat
2616 3363 3037 3434 exspectationis
3061 3364 3306 3422 effectus.
3335 3378 3361 3408 α
3387 3366 3456 3422 Et
3478 3381 3559 3422 re-

1974 3465 2104 3505 vera
2140 3452 2212 3516 id,
2245 3453 2390 3523 quod
2418 3461 2578 3524 parat
2623 3453 2767 3510 Deus
2803 3455 3150 3527 diligentibus
3185 3472 3266 3523 se,
3311 3456 3418 3513 ﬁde
3451 3473 3560 3514 non

1974 3541 2473 3611 comprehenditur,
2515 3560 2611 3615 spe
2655 3560 2762 3601 non
2810 3546 3112 3618 attingitur,
3161 3547 3426 3604 charitate
3447 3565 3558 3606 non

1976 3632 2214 3702 capitur,
2244 3633 2535 3700 desideria,
2556 3642 2610 3689 et
2638 3644 2762 3691 vota
2783 3636 3202 3706 transgreditur,
3223 3638 3442 3710 acquiri.
3456 3653 3557 3710 po-

1974 3731 2105 3790 test,
2145 3725 2400 3781 aestimari
2430 3741 2536 3781 non
2566 3735 2765 3796 potest.
2797 3728 3013 3784 Videbit
3041 3729 3205 3784 homo
3236 3729 3430 3785 merita
3459 3745 3560 3785 sua

1974 3813 2349 3882 insuspicabili
2403 3816 2823 3872 retributionum
2867 3817 3120 3889 largitate
3169 3833 3515 3875 succrescere
3539 3859 3556 3886 ,

1973 3904 2195 3960 habebit
2224 3905 2289 3960 de
2315 3907 2663 3978 perceptione
2690 3907 2946 3976 fructum,
2976 3925 3086 3966 non
3107 3910 3330 3967 habebit
3361 3911 3427 3968 de
3463 3925 3554 3968 sa-

1972 3995 2160 4051 tietate
2189 3995 2486 4052 fastidium.

2044 4087 2196 4143 Fecit
2223 4091 2382 4145 etiam
2411 4108 2504 4146 rex
2533 4090 2786 4150 Salomon
2813 4093 3060 4151 thronum
3087 4095 3154 4152 de
3199 4097 3352 4154 ebore
3391 4116 3554 4171 gran-

1973 4180 2110 4247 dem,
2139 4191 2187 4236 et
2211 4183 2410 4238 vestivit
2437 4201 2554 4238 eum
2577 4201 2707 4240 auro
2731 4185 2873 4261 fulvo
2910 4186 3085 4257 nimis,
3110 4189 3200 4262 qui
3226 4189 3446 4245 habebat
3467 4207 3558 4246 sea:

1972 4273 2192 4345 gradus,
2215 4284 2263 4329 et
2281 4277 2553 4332 summitas
2576 4278 2751 4333 throni
2777 4280 3004 4336 rotunda
3031 4269 3143 4337 erdt
3157 4283 3211 4336 in
3224 4291 3373 4354 parte
3385 4293 3555 4354 poste-

1974 4366 2126 4420 riori.
2156 4366 2406 4424 Thronus
2433 4370 2704 4426 eburneus
2730 4380 2987 4428 aeternam
3011 4373 3210 4444 judicis
3231 4382 3554 4445 potestatem

1973 4471 2108 4512 auro
2140 4457 2440 4514 divinitatis
2455 4459 2771 4532 fulgentem,
2789 4479 2952 4533 quam
2969 4465 2997 4505 ι)
3013 4465 3326 4521 Dominicus
3337 4466 3502 4522 homo
3523 4481 3554 4522 a

1973 4547 2136 4605 Patre
2166 4551 2392 4622 accepit,
2418 4551 2643 4623 ﬁguram
2668 4563 2912 4624 gestasse
2932 4573 3040 4612 non
3066 4557 3288 4612 dubium
3315 4566 3418 4614 est.
3444 4557 3554 4614 Sex

293 4634 476 4680 menta
508 4626 772 4694 cmlestia,
803 4628 866 4684 de
889 4629 1086 4698 quibus
1113 4631 1311 4687 dicitur
1347 4630 1466 4704 (Ps.
1517 4649 1698 4689 Lxxvn
1717 4675 1733 4701 ,
1771 4637 1870 4705 24,
1899 4627 1953 4688 D
1977 4645 2177 4712 gradus
2207 4642 2367 4712 hujus
2394 4645 2573 4700 throni
2600 4662 2816 4703 omnem
2848 4657 3156 4705 creaturam
3195 4649 3463 4705 visibilem
3498 4660 3554 4706 et

291 4719 344 4769 et
355 4713 514 4771 Joan.
537 4733 609 4780 vt,
626 4717 714 4784 50,
738 4717 868 4791 etc.)
894 4718 1127 4775 :Panem
1157 4721 1270 4776 caeli
1296 4723 1437 4778 dedit
1459 4725 1554 4790 eis,
1574 4743 1759 4798 panem
1781 4747 1876 4784 an-

291 4806 527 4877 gelorum
555 4811 886 4866 manducavit
915 4812 1090 4868 homo.
1120 4815 1266 4871 Vidit
1289 4825 1343 4871 et
1372 4817 1686 4877 holocausta
1710 4822 1827 4892 ejus
1855 4839 1871 4879 :

289 4898 596 4954 orationem
610 4900 727 4957 sine
742 4901 926 4968 dubio,
941 4903 1500 4978 supplicationumque
1515 4914 1799 4982 mysteria;
1817 4924 1873 4971 et

287 4989 590 5060 obstupuit.
619 4992 695 5047 lbi
727 4993 864 5048 vidit
883 4995 1285 5054 inaestimabiles
1300 5000 1515 5058 divitias
1529 5003 1741 5062 Domini
1765 5011 1867 5064 sui.

365 5071 462 5145 (V.
493 5074 525 5129 6
547 5085 594 5129 et
620 5077 788 5148 subs.)
816 5077 1065 5151 Dixitque
1091 5083 1160 5136 ad
1176 5098 1378 5155 regem:
1405 5104 1556 5143 verus
1581 5100 1656 5144 est
1676 5109 1869 5160 sermo,

289 5181 446 5237 quem
462 5167 734 5222 audieram
758 5169 813 5224 in
836 5179 976 5224 terra
999 5187 1136 5236 mea,
1150 5189 1306 5244 super
1327 5179 1647 5234 sermonibus
1671 5181 1797 5248 tuis,
1823 5192 1873 5237 et

287 5271 449 5327 super
462 5260 718 5330 sapientia
731 5271 821 5316 tua
833 5275 851 5314 :
863 5271 913 5317 et
927 5278 1029 5316 non
1043 5263 1311 5320 credebam
1327 5270 1693 5334 narrantibus;
1707 5271 1870 5326 donec

287 5347 404 5418 ipsa
427 5349 561 5416 veni,
575 5361 624 5406 et
637 5352 744 5406 vidi
760 5353 924 5408 oculis
936 5354 1085 5421 meis,
1099 5356 1388 5425 etprobavi,
1405 5358 1546 5429 quod
1562 5360 1732 5416 ntedia
1743 5379 1867 5432 pars

289 5443 535 5498 nuntiata
576 5446 705 5500 mihi
726 5463 830 5502 non
857 5447 1060 5518 fuisset.
1092 5446 1307 5519 Majora
1341 5454 1463 5506 sunt
1488 5454 1744 5526 sapientia
1771 5497 1786 5524 ,
1816 5467 1868 5514 et

289 5608 408 5722 riuus
433 5597 887 5658 Remunerationis
933 5605 1180 5677 pretium.
1232 5605 1325 5662 Sic
1371 5607 1624 5682 vulgatus
1660 5612 1870 5672 Euche.

323 5684 427 5724 IIIS.

365 5741 392 5780 δ
424 5741 646 5800 Locutio
661 5745 778 5802 haec
797 5761 896 5818 per
919 5761 977 5802 se
1002 5747 1322 5807 Nestoriana
1347 5761 1430 5808 est
1453 5771 1466 5809 :
1495 5754 1590 5810 sed
1615 5755 1867 5814 miteﬁeri

291 5807 384 5892 illa
414 5825 593 5892 potest
633 5820 700 5871 ad
718 5807 849 5892 eoin
871 5819 1109 5892 modum,
1153 5838 1261 5892 quo
1292 5807 1869 5885 niiténuhﬁiaiiﬁiﬁié

294 5880 520 5944 Patrum
566 5887 867 5948 locutiones
907 5887 1067 5963 hujus
1096 5880 1348 5964 'similes,
1381 5897 1502 5954 ideo
1552 5880 1864 5977 liberibr—es:

1705 6042 1872 6057 ..σν-ΑΔ

1973 4734 2318 4801 invisibilem,
2350 4751 2470 4807 quae
2499 4752 2590 4793 sex
2619 4738 2810 4795 diebus
2835 4740 2977 4795 facta
3004 4747 3108 4806 est,
3139 4749 3194 4795 et
3215 4739 3430 4798 Christo
3449 4743 3555 4798 Do-

1973 4826 2121 4880 mino
2148 4840 2178 4880 a
2205 4826 2368 4881 Patre
2403 4825 2645 4896 subjecta
2676 4830 2852 4901 typice
2893 4831 3356 4887 demonstrabant.
3397 4832 3550 4900 Quod

1972 4922 2150 4969 autem
2179 4915 2294 4985 ipse
2323 4916 2550 4972 thronus
2580 4918 2634 4972 in
2665 4919 3023 4988 posteriorem
3070 4920 3153 4976 sui
3197 4930 3412 4993 partem
3461 4939 3553 4980 ro-

1971 5007 2170 5063 tundus
2191 5024 2310 5065 esse
2332 5009 2676 5077 describitur,
2693 5012 2797 5068 hoc
2816 5013 3004 5083 procul
3025 5014 3189 5070 dubio
3211 5017 3372 5071 datur
3392 5016 3551 5074 intel-

1969 5097 2083 5170 ligi,
2113 5101 2237 5170 quia
2265 5118 2505 5173 prtesens
2533 5104 2785 5172 mundus,
2813 5107 2904 5176 qui
2925 5121 3023 5178 per
3049 5116 3223 5165 metas
3246 5115 3549 5182 temporum

1971 5188 2222 5257 volvitur,
2252 5191 2306 5246 in
2330 5207 2427 5248 sua
2449 5195 2793 5250 extremitate
2813 5210 2844 5250 a
2863 5195 3093 5254 Domino
3114 5197 3184 5254 sit
3198 5197 3546 5268 judicandus.

1969 5278 2042 5334 At
2059 5297 2188 5337 vero
2214 5283 2498 5340 duodecim
2525 5285 2758 5342 leunculi
2785 5303 2885 5358 per
2911 5303 3004 5345 sex
3031 5291 3233 5361 gradus
3254 5290 3368 5349 bini
3403 5302 3550 5350 stan-

1969 5378 2073 5438 tes,
2103 5383 2414 5432 sanctorum
2454 5377 2821 5450 apostolorum
2849 5381 3158 5454 signiﬁcant
3179 5394 3502 5457 potestatem
3527 5430 3546 5458 ,

1967 5465 2164 5536 quibus
2206 5468 2408 5525 dictum
2435 5479 2521 5527 est
2547 5485 2578 5526 a
2606 5471 2837 5530 Domino
2859 5472 3076 5548 (Matth.
3104 5492 3222 5547 xix,
3267 5477 3363 5553 28)
3395 5496 3410 5536 :
3447 5478 3546 5536 Se-

1971 5622 2102 5691 quia
2130 5633 2532 5708 anteexortum
2555 5628 2794 5708 Ecstorii
2823 5649 3067 5708 errorem
3099 5636 3344 5708 prolatae.
3375 5636 3566 5708 Cretes

1971 5708 2093 5776 Eum
2122 5711 2203 5776 .ex
2232 5698 2298 5752 iis
2328 5698 2453 5776 [nisi
2500 5701 2758 5776 fallimur]
2786 5715 2871 5762 est
2909 5698 3292 5775 locutionibus,
3326 5723 3448 5776 qua:
3488 5708 3544 5764 in

1971 5761 2195 5849 Claudio
2226 5761 2562 5839 reprehensa:
2603 5761 2758 5844 sunt:
2776 5761 3291 5849 isquenonteuiefr—e
3306 5761 3544 5841 Nestorii

1970 5837 2193 5895 asseclis
2217 5837 2625 5903 anhumeratus.
