3940 6340
383 376 489 442 739

1468 375 1765 437 ‘CLAUDll
1802 371 2268 439 TAURINENSIS
2303 374 2608 441 EPISCOPI

3551 376 3656 441 740

379 493 567 553 debitis
592 508 749 567 super
766 488 1047 549 duodecim
1072 488 1220 549 sella
1240 490 1542 567 judicantes
1562 495 1838 552 duodecim
1859 494 1959 551 tri-
1988 499 2040 562 Α
2064 492 2187 553 culo
2217 496 2402 563 simul,
2434 505 2492 554 et
2526 510 2637 555 uno
2686 503 2929 566 tempore
2974 493 3301 557 ostenditur.
3331 496 3474 555 Nam
3509 500 3657 559 bene

379 591 477 649 bus
512 587 703 649 Israel.

447 687 578 743 Post
616 684 891 755 aliquanta
914 683 1112 739 iterum
1144 678 1311 736 refert
1328 679 1615 752 Scriptura
1635 680 1788 754 (vers.
1817 678 1911 752 27)
1944 698 1957 735 :

383 784 536 851 Quod
584 782 707 852 fecit
738 780 1010 846 Salomon,
1063 787 1118 835 ut
1150 789 1298 837 tanta
1339 788 1471 834 esset
1511 777 1839 834 abundantia
1876 792 1966 832 ar-

380 875 523 947 genti
549 876 608 929 in
627 871 946 939 Jerusalem,
972 883 1174 945 quanta
1198 871 1456 943 lapidum.
1479 869 1605 926 Haec
1628 869 1830 925 locutio
1858 878 1967 927 tro-

382 966 530 1036 pica,
555 979 665 1020 non
692 964 913 1035 propria
939 971 1023 1019 est
1050 981 1063 1017 :
1099 963 1205 1018 tale
1231 970 1319 1018 est
1340 960 1499 1032 quale
1527 961 1580 1016 in
1611 960 1808 1025 Genesi
1835 962 1968 1034 legi-

384 1074 528 1125 mus,
558 1058 650 1114 ubi
679 1058 814 1114 dixit
840 1058 983 1113 Deus
1008 1057 1077 1113 sd
1102 1057 1379 1112 Abraham
1404 1054 1550 1128 (xm,
1584 1054 1674 1128 16)
1700 1073 1712 1109 :
1742 1053 1967 1110 Faciam

383 1167 560 1207 semen
584 1159 732 1204 tuum
762 1150 915 1222 quasi
937 1148 1201 1220 pulverem
1224 1155 1399 1201 terras.
1434 1145 1588 1212 Quod
1610 1160 1672 1200 ea
1698 1144 1969 1201 locutione

384 1244 592 1301 dictum
620 1249 721 1306 est,
751 1257 915 1313 quam
954 1239 1131 1296 Graeci
1169 1246 1370 1295 vocant
1405 1237 1757 1310 hyperbolem
1787 1254 1800 1290 :
1848 1250 1971 1307 quae

385 1338 573 1408 utique
610 1337 837 1408 tropica,
878 1350 984 1390 non
1012 1332 1231 1404 propria
1269 1338 1354 1386 est
1386 1348 1400 1385 :
1436 1344 1600 1399 quem
1647 1337 1825 1383 tamen
1856 1341 1972 1383 mo-

385 1431 536 1497 dum,
570 1438 630 1485 ut
651 1428 861 1485 caeteris
892 1427 1061 1497 tropis
1086 1425 1165 1480 uti
1199 1423 1376 1480 solere
1400 1421 1759 1493 Scriptorum,
1785 1418 1964 1475 nullus

384 1524 481 1595 qui
506 1537 626 1579 eam
653 1521 858 1586 didicit,
887 1517 1131 1589 ambigit.
1177 1516 1283 1571 Iste
1311 1523 1493 1571 autem
1524 1522 1732 1584 tropus,
1765 1512 1821 1567 id
1850 1518 1968 1576 est,

385 1619 579 1677 modus
605 1616 892 1674 locutionis
917 1614 996 1680 lit,
1024 1613 1241 1684 quando
1275 1611 1332 1667 id
1358 1610 1504 1681 quod
1550 1608 1772 1673 dicitur,
1816 1606 1977 1677 longe

386 1720 473 1770 est
511 1712 741 1783 amplius
780 1722 945 1781 quam
989 1707 1133 1778 quod
1176 1721 1243 1762 eo
1268 1705 1413 1761 dicto
1448 1702 1805 1774 signiﬁcatur.
1839 1699 1972 1767 Quis

387 1806 532 1861 enim
558 1821 665 1861 non
693 1805 893 1869 videat,
917 1802 1061 1873 quod
1086 1807 1205 1855 erat
1231 1794 1724 1867 incomparabiliter
1745 1792 1975 1864 amplior

2062 589 2237 656 illius,
2270 588 2442 647 bonos
2466 590 2746 654 Ecclesiae,
2779 589 2923 648 malo
2944 598 3129 649 autem
3156 591 3321 655 illius,
3353 592 3532 649 malos
3555 595 3658 652 Ec-

2063 683 2242 740 clesia:
2266 682 2600 756 signiﬁcantes
2625 693 2773 755 puto,
2792 692 3051 754 tanquam
3070 684 3125 741 in
3148 686 3359 741 unitate
3376 700 3542 742 area.
3564 686 3661 746 Sic

2064 775 2121 830 in
2157 774 2249 831 illo
2272 791 2380 832 uno
2406 774 2625 833 homine
2650 775 2823 832 bonos
2858 776 2915 831 in
2941 777 3147 848 granis,
3175 777 3350 834 malos
3376 778 3432 834 in
3459 778 3658 850 paleis,

2066 880 2161 925 aut
2190 879 2341 926 certe
2367 870 2424 926 in
2465 870 2677 926 unitate
2703 872 2867 928 unius
2901 871 3107 943 segetis
3142 871 3317 928 bones
3344 872 3403 927 in
3433 874 3660 941 tritico,

2067 962 2241 1017 malos
2263 962 2319 1017 in
2347 973 2371 1002 ο
2398 962 2632 1019 aisania.
2664 982 2686 1018 ι

2138 1049 2291 1124 (Cap.
2330 1068 2409 1121 ιι,
2443 1053 2563 1125 29.)
2607 1052 2837 1110 Factum
2879 1065 2956 1111 est
2991 1056 3155 1128 igitur
3188 1057 3247 1111 in
3280 1065 3517 1128 tempore
3541 1056 3662 1125 illo,

2067 1152 2123 1197 ut
2156 1141 2475 1200 Hieroboam
2498 1145 2834 1217 egrederetur
2854 1146 2919 1201 de
2943 1145 3303 1217 Hierusalem,
3330 1157 3380 1202 et
3401 1147 3663 1204 inveniret

2067 1247 2187 1287 eum
2216 1234 2378 1289 Altius
2428 1233 2678 1291 Silonites
2712 1238 2963 1308 propheta
3004 1239 3061 1293 in
3098 1239 3202 1305 uia,
3243 1249 3454 1311 opertus
3496 1239 3666 1311 pallio

2070 1342 2199 1381 novo
2223 1341 2243 1379 :
2283 1337 2435 1383 erant
2476 1339 2652 1384 autem
2689 1330 2797 1385 duo
2838 1339 3043 1387 tantum
3084 1332 3141 1386 in
3177 1347 3325 1405 agro.
3358 1332 3669 1405 Appreben—

2071 1418 2299 1492 deusque
2323 1422 2489 1477 Altius
2509 1422 2729 1493 pallium
2757 1440 2913 1479 suam
2934 1440 3144 1493 novum,
3169 1442 3276 1497 quo
3292 1435 3505 1497 opertus
3523 1435 3665 1493 erat,

2070 1512 2225 1566 scidit
2248 1512 2305 1566 in
2326 1512 2603 1568 duodecim
2628 1524 2827 1585 partes,
2850 1523 2901 1570 et
2922 1517 2998 1570 ait
3023 1514 3094 1571 ad
3121 1515 3444 1573 Hierobu.
3466 1527 3490 1570 ε
3519 1512 3669 1572 Tolle

2072 1603 2165 1658 tibi
2201 1603 2379 1659 decem
2415 1605 2691 1670 scissuras,
2735 1607 2848 1662 litec
2883 1608 3025 1662 enim
3054 1607 3183 1662 dicit
3220 1606 3485 1663 Dominus
3525 1606 3671 1663 Deus

2072 1696 2244 1752 Israel
2269 1714 2289 1752 :
2319 1697 2458 1754 Ecce
2484 1715 2578 1771 ego
2602 1700 2841 1755 scindam
2872 1715 3087 1771 regnant
3113 1700 3179 1759 tle
3216 1716 3381 1756 manu
3416 1700 3671 1758 Salomo-

2073 1791 2178 1855 nis,
2217 1799 2266 1845 et
2294 1790 2431 1845 dabo
2472 1792 2564 1846 tibi
2604 1792 2781 1847 decem
2807 1794 2975 1848 tribus
3000 1808 3019 1847 :
3049 1809 3206 1864 porro
3237 1809 3345 1849 una
3384 1794 3557 1849 tribus
3585 1810 3671 1849 ree

387 1898 626 1970 lapidum
663 1872 951 1965 numerus,
971 1910 1135 1967 quam
1181 1892 1391 1964 argenti
1429 1890 1640 1961 pondus
1666 1889 1724 1944 in
1753 1888 1970 1943 civitate
1996 1872 2046 1933 Β
2071 1882 2299 1937 manebit
2325 1884 2371 1938 ei
2399 1894 2610 1955 propter
2636 1901 2838 1941 servum
2869 1902 3042 1940 meum
3064 1885 3260 1953 Dauid,
3279 1895 3329 1941 et
3354 1885 3468 1941 alia
3499 1887 3671 1942 tribas

389 1990 686 2048 Jerusalem
697 1991 721 2046 ?

461 2083 615 2158 (Cap.
660 2081 762 2156 ιιι.)
816 2080 932 2137 Rea:
979 2087 1153 2134 autem
1198 2074 1452 2133 Salomon
1489 2073 1684 2128 amavit
1731 2068 1975 2125 mulieres

393 2177 715 2250 alienigenas
741 2174 976 2230 multas:
1001 2172 1170 2243 [illam
1194 2185 1398 2242 quoque
1424 2164 1742 2230 Pharaonis,
1758 2175 1804 2219 et
1833 2163 1978 2218 Moa-

396 2271 611 2336 bitidas,
658 2276 706 2322 et
749 2264 1156 2328 Ammonitidas,
1190 2259 1483 2325 Idumwas,
1530 2267 1577 2313 et
1618 2255 1892 2320 Sidonias,
1927 2263 1975 2309 et

394 2361 641 2419 Hetlueas
680 2375 698 2414 :
728 2358 792 2412 de
825 2357 1083 2428 gentibus,
1114 2370 1270 2425 super
1313 2352 1500 2424 quibus
1549 2350 1683 2404 dixit
1720 2348 1977 2402 Dominus

391 2453 518 2525 ﬁliis
548 2450 737 2517 Israel,
767 2466 871 2504 non
896 2445 1266 2519 ingrediamini
1293 2444 1361 2497 ad
1405 2459 1494 2499 eas
1520 2457 1537 2494 :
1582 2458 1746 2514 neque
1771 2441 1836 2494 de
1869 2438 1978 2494 illis

388 2545 749 2617 ingredientur
796 2543 865 2597 ad
916 2550 1112 2597 vestras
1154 2555 1172 2594 :
1222 2538 1509 2593 certissime
1557 2537 1696 2591 enim
1749 2541 1979 2589 avertent

392 2638 554 2695 corda
599 2646 800 2699 vestra,
850 2643 904 2688 ut
948 2631 1242 2704 sequamini
1272 2629 1394 2684 deos
1424 2645 1625 2683 earum.
1672 2625 1773 2680 His
1802 2627 1980 2696 itaque

392 2726 667 2800 copulatus
697 2735 771 2781 est
805 2723 1057 2780 Salomon
1098 2722 1467 2777 ardentissimo
1513 2734 1709 2782 amore,
1740 2715 1980 2787 fuerunt-

390 2834 490 2890 que
516 2819 565 2872 ei
596 2832 786 2871 uxores
813 2816 963 2886 quasi
993 2815 1185 2885 regium
1205 2813 1562 2883 septingentaa,
1602 2819 1648 2864 et
1677 2808 1978 2863 concubinis

396 2918 659 2973 trecentae,
690 2916 737 2961 et
765 2915 1061 2960 averterunt
1084 2904 1328 2958 mulieres
1351 2919 1441 2956 cor
1462 2903 1595 2973 ejus.
1620 2900 1978 2955 Ammonendi

392 3008 521 3056 sunt
546 2999 742 3071 quibus
769 2998 873 3053 hoc
897 2995 1151 3051 Saeculum
1181 3002 1555 3066 prosperatur,
1572 2993 1664 3064 qui
1695 2992 1853 3047 nullis
1883 2990 1979 3046 ad-

393 3090 745 3148 versitatibus
784 3086 943 3157 hujus
986 3085 1173 3142 mundi
1222 3083 1512 3150 feriuntur,
1549 3084 1691 3154 quod
1722 3082 1976 3137 Salomon

390 3187 513 3254 post
545 3187 823 3252 acceptam
850 3178 1188 3250 sapientiam,
1212 3191 1384 3247 usque
1412 3175 1479 3231 ad
1503 3175 1807 3231 idolatriam
1833 3174 1974 3230 oeci-

2074 1982 2285 2119 propter
2309 1972 2665 2043 Hierusalem,
2707 1994 2866 2048 quam
2893 1976 3023 2049 elegi
3049 1993 3116 2033 ea
3151 1980 3394 2034 omnibus
3426 1979 3673 2035 tribubus

2110 2066 2269 2119 srael.

2110 2066 2269 2123 srael.

2147 2157 2175 2199 ἀ
2221 2177 2241 2213 ι
2277 2158 2411 2216 Illud
2440 2176 2589 2225 vero,
2618 2162 2760 2232 quod
2806 2170 2928 2232 post
2970 2170 3203 2219 mortem
3235 2162 3545 2219 Salomonis
3574 2164 3672 2221 de-

2078 2265 2195 2305 cem
2223 2251 2396 2307 tribus
2438 2268 2470 2306 a
2514 2253 2712 2323 templo
2738 2262 3002 2324 separatae
3026 2262 3181 2320 sunt,
3215 2263 3271 2309 et
3294 2253 3418 2309 duae
3443 2254 3672 2321 relicta,

2079 2344 2213 2399 satis
2237 2344 2459 2410 indicat,
2493 2346 2636 2416 quod
2660 2344 2729 2401 de
2759 2354 2871 2400 tota
2916 2346 3033 2417 ipsa
3063 2353 3225 2417 gente
3265 2345 3562 2416 Apostolus
3596 2346 3676 2401 ait

2080 2435 2270 2510 (Rom.
2300 2452 2382 2505 ιι,
2424 2436 2519 2511 5):
2550 2436 2802 2509 Reliquia:
2848 2454 2940 2509 per
2985 2436 3282 2493 electionem
3309 2437 3473 2494 salue
3515 2437 3677 2508 [ade

2078 2540 2221 2584 sunt.
2262 2549 2283 2584 ι

2150 2622 2303 2690 Quod
2347 2638 2485 2679 vero
2530 2622 2717 2679 unitas
2759 2623 2905 2694 pallii
2956 2623 3239 2695 propheta
3280 2621 3337 2677 in
3382 2619 3677 2680 duodecim

2077 2723 2261 2786 partes
2292 2716 2461 2771 scissa
2498 2723 2601 2781 est,
2632 2731 2699 2771 ex
2724 2716 2922 2786 quibus
2942 2715 3198 2771 scissuris
3223 2713 3555 2770 [liereboam
3581 2715 3678 2771 dea

2079 2819 2197 2860 cem
2225 2808 2451 2877 accepit,
2493 2808 2602 2863 hoc
2632 2806 2892 2879 ﬁgurasse
2922 2808 3157 2872 videtur,
3195 2806 3340 2878 quod
3371 2806 3673 2861 concordia

2079 2900 2333 2957 Ecclesia:
2360 2903 2429 2957 ab
2457 2903 2728 2959 haereticis
2752 2902 3046 2967 conscissa,
3077 2902 3179 2974 ipsi
3224 2901 3473 2973 magistri
3519 2916 3679 2957 erro-

2080 2992 2176 3058 ris,
2201 3008 2231 3047 a
2261 2993 2456 3062 quibus
2483 2994 2663 3049 unitas
2686 2994 2858 3050 divisa
2878 3002 2982 3060 est,
3011 2994 3225 3065 plebem
3250 2994 3307 3049 in
3332 2995 3521 3050 decem
3556 3000 3680 3050 tam

2078 3103 2241 3157 quam
2276 3102 2491 3143 errores
2519 3102 2549 3142 a
2576 3070 2857 3143 catholicis
2882 3086 3151 3153 dividunt;
3176 3093 3231 3142 et
3258 3086 3547 3159 tyrannice
3571 3083 3680 3142 sibi

2080 3180 2350 3235 subditam
2374 3181 2637 3236 detinent.

392 3237 539 3330 disse
586 3237 953 3339 describitur-,1
980 3272 1107 3342 quia
1154 3237 1382 3327 nihil-in
1408 3271 1510 3326 hoc
1539 3270 1761 3335 mundo,
1798 3269 1976 3340 prius-
2001 3237 2048 3305 Ο
2148 3271 2277 3327 Post
2304 3272 2471 3328 multa
2497 3271 2601 3328 alia
2622 3270 2791 3329 rel'ert
2810 3269 3095 3343 Scriptura
3115 3269 3239 3326 libri
3258 3269 3491 3341 Regum,
3513 3276 3575 3325 et
3597 3268 3681 3325 di-

394 3383 557 3440 quam
584 3368 833 3433 caderet,
860 3367 1204 3422 adversitatis
1231 3365 1488 3420 habuisse
1508 3370 1859 3428 memoratur,
1879 3361 1976 3418 sed

394 3473 706 3515 concessam
742 3456 1064 3527 sapientiam
1108 3454 1353 3510 funditus
1403 3454 1681 3510 deseruit:
1731 3468 1796 3508 eo
1831 3452 1977 3522 quod

394 3567 521 3609 eum
582 3550 726 3607 nulla
772 3552 965 3607 saltem
1024 3550 1246 3605 minima
1283 3548 1651 3604 tribulationis
1695 3545 1977 3616 disciplina

395 3644 706 3710 custodivit,
741 3643 848 3700 nisi
868 3650 1152 3716 postquam
1174 3641 1345 3697 Deum
1361 3640 1623 3706 deseruit,
1651 3648 1705 3695 et
1733 3655 1790 3695 se
1815 3655 1843 3693 a
1866 3638 1977 3695 Deo

395 3738 669 3793 desertum
711 3749 833 3792 esse
864 3736 1137 3807 cognovit.
1166 3743 1195 3773 ιι
1247 3751 1267 3785 ι
1315 3730 1435 3788 iam
1486 3746 1617 3787 vero
1659 3731 1725 3786 de
1766 3729 1978 3786 caeteris

396 3829 652 3901 operibus
686 3826 807 3901 ejus
833 3828 963 3901 quid
997 3828 1209 3884 dicam?
1236 3826 1373 3882 Eum
1417 3825 1765 3881 vehementer
1801 3822 1982 3895 arguit

395 3928 583 3977 sancta
605 3917 903 3990 Scriptura,
931 3927 1093 3990 atque
1120 3917 1469 3983 condemnat,
1506 3924 1560 3972 et
1593 3914 1729 3971 nihil
1757 3915 1823 3970 de
1861 3926 1979 3984 poe-

396 4013 628 4070 nitentia
663 4009 800 4081 ejus,
840 4012 928 4068 vel
965 4012 1022 4068 in
1054 4028 1178 4068 eum
1212 4010 1543 4083 indulgentia
1596 4009 1715 4077 Dei,
1756 4008 1979 4064 omnino

397 4113 807 4163 commemorat.
856 4102 967 4159 Nec
1004 4118 1228 4175 prorsus
1256 4102 1517 4167 occurrit,
1551 4100 1695 4156 inter
1741 4101 1771 4141 δ
1803 4109 1983 4171 poste-

400 4194 545 4253 riora
575 4191 692 4264 ejus
714 4194 857 4249 male
880 4201 1054 4265 gesta,
1089 4194 1232 4265 quod
1262 4193 1440 4249 saltim
1477 4193 1531 4246 in
1570 4191 1826 4261 allegoria
1852 4192 1980 4247 boni

398 4288 600 4360 aliquid
624 4285 927 4357 significent
955 4304 967 4339 :
1000 4286 1128 4340 hinc
1153 4282 1270 4353 ejus
1293 4283 1468 4338 ﬂenda
1498 4282 1833 4349 submersio;
1872 4280 1980 4337 nisi

402 4381 544 4438 forte
573 4381 693 4449 quis
722 4378 868 4433 dicat
890 4377 1144 4432 mulieres
1173 4376 1525 4447 alienigenas,
1549 4390 1778 4446 quarum
1800 4388 1984 4430 amore

406 4476 662 4544 deceptus
688 4480 791 4536 est,
823 4468 1159 4540 signiﬁcasse
1186 4468 1390 4523 electas
1419 4467 1690 4523 Ecclesias
1719 4466 1785 4522 de
1814 4465 1987 4536 genti-

2077 3364 2154 3418 clt
2180 3362 2357 3436 (Rom.
2377 3379 2452 3429 ιι,
2472 3364 2562 3437 bl)
2585 3378 2599 3418 :
2623 3363 2840 3435 Reliqua
2864 3371 3037 3418 autem
3056 3362 3329 3418 verborum
3349 3358 3673 3425 Salomonis,

2077 3465 2126 3513 et
2160 3458 2357 3523 omnia,
2385 3474 2502 3529 quis
2536 3458 2689 3528 fecit,
2725 3466 2772 3512 et
2808 3456 3067 3528 sapientia
3101 3455 3260 3526 ejus:
3287 3469 3405 3509 ecce
3428 3455 3681 3509 uniuersa

2077 3551 2272 3621 scripta
2297 3560 2416 3603 sunt
2438 3550 2495 3603 in
2522 3547 2654 3603 libro
2683 3548 2953 3603 verborum
2980 3548 3185 3602 dierum
3216 3544 3546 3603 Salomonis.

2148 3640 2205 3695 In
2229 3640 2367 3696 libro
2397 3638 2867 3711 Paralipomenon,
2895 3654 3056 3712 quem
3085 3638 3273 3695 Graeco
3296 3637 3564 3694 vocabulo
3593 3644 3679 3693 ta-

2078 3734 2204 3790 liter
2226 3749 2617 3805 nuncupamus,
2641 3749 2802 3805 quem
2816 3750 2913 3790 nos
2927 3735 3117 3789 Latine
3142 3733 3529 3806 prmteritorum
3550 3746 3680 3803 pos-

2080 3841 2265 3882 sumus
2285 3826 2483 3890 dicere,
2503 3827 2576 3881 ita
2594 3827 2660 3882 de
2681 3825 2969 3883 Salomone
3001 3826 3263 3896 scriptum
3290 3832 3373 3880 est
3409 3821 3465 3896 (1
3469 3822 3497 3876 1
3542 3821 3674 3876 Par.

2079 3936 2158 3986 rx,
2176 3919 2299 3989 29):
2325 3918 2547 3991 Reliqua
2574 3936 2696 3974 vero
2727 3935 2940 3991 operum
2967 3917 3267 3975 Salomonis
3290 3918 3607 3989 primorum,
3628 3924 3679 3968 et

2080 4016 2478 4070 nouissimorum
2526 4016 2723 4085 scripta
2766 4023 2887 4069 sunt
2940 4015 2998 4068 in
3046 4012 3213 4068 verbis
3269 4009 3490 4065 Nathan
3554 4024 3679 4081 pro-

2078 4107 2266 4179 pheta’,
2299 4114 2347 4160 et
2378 4106 2432 4160 in
2477 4104 2621 4161 libris
2663 4104 2811 4160 Allia:
2841 4104 3083 4161 Silonitis
3110 4116 3128 4155 :
3165 4103 3220 4157 in
3251 4102 3447 4157 risione
3471 4115 3681 4175 quoque

2082 4198 2236 4252 Addo
2266 4198 2485 4252 ridentis
2519 4206 2703 4252 contra
2746 4195 3084 4252 Hieroboam.
3133 4192 3245 4250 Hos
3300 4192 3473 4249 libros
3514 4191 3680 4247 hodie

2081 4303 2367 4359 nusquam,
2400 4302 2576 4359 neque
2621 4288 2760 4359 apud
2796 4288 2943 4359 ipsos
2973 4286 3226 4342 Hebraeos
3254 4282 3488 4341 inveniri
3514 4294 3682 4353 posse

2083 4388 2427 4448 asseverant;
2494 4382 2633 4436 sicut
2683 4397 2785 4437 nec
2832 4380 3031 4437 librum
3082 4379 3350 4436 Bellorum
3413 4376 3676 4444 Domini,

2084 4472 2236 4545 cujus
2279 4475 2335 4530 in
2383 4474 2521 4532 libro
2572 4474 2931 4531 Numerorum
2987 4472 3192 4528 mentio
3233 4478 3316 4527 est
3370 4469 3510 4543 (ut,
3537 4466 3676 4539 li):

400 4564 522 4621 bus.
559 4564 744 4625 Posset
766 4563 911 4618 enim
940 4560 1170 4616 fortasse
1195 4561 1300 4616 hoc
1322 4575 1428 4615 non
1462 4558 1695 4614 absurde
1720 4557 1977 4629 intelligi,

2088 4582 2263 4639 neque
2306 4566 2504 4622 librum
2543 4564 2824 4624 Justorum
2865 4564 3002 4638 (Jos.
3030 4582 3096 4631 χ,
3150 4563 3238 4634 l3)
3282 4581 3296 4618 :
3336 4576 3517 4632 neque
3555 4575 3679 4615 car-

399 4658 445 4714 si
468 4658 571 4712 illae
598 4664 819 4728 propter
847 4652 1194 4709 Salomonem
1225 4651 1541 4705 desererent
1570 4650 1700 4705 deos
1730 4665 1857 4705 suos
1876 4690 1892 4716 ,
1927 4656 1983 4704 et

402 4749 644 4805 colerent
667 4749 836 4805 Deum
861 4745 997 4816 ejus.
1022 4744 1158 4800 Cum
1198 4759 1328 4800 vero
1355 4744 1470 4815 ipse
1497 4752 1718 4816 propter
1743 4742 1861 4798 illas
1899 4741 1980 4798 of-

402 4843 574 4899 leniit
614 4845 784 4899 Deum
825 4854 1004 4907 suum,
1032 4847 1087 4895 et
1121 4838 1287 4895 coluit
1330 4838 1458 4893 deos
1500 4852 1706 4901 earum,
1751 4851 1860 4892 non
1897 4842 1984 4891 est

403 4940 531 5009 quid
559 4937 682 4992 inde
716 4936 844 4993 boni
885 4933 1079 5005 conjici
1108 4933 1310 5003 possit;
1337 4948 1437 4987 nec
1467 4940 1645 4985 tamen
1668 4928 1803 4985 nihil
1844 4928 1983 4985 arbi-

404 5029 657 5084 trandum
689 5038 774 5083 est
810 5027 940 5082 boni
983 5025 1188 5097 aliquid
1222 5023 1532 5096 significare
1578 5022 1849 5093 potuisse,
1886 5021 1983 5077 sed

406 5120 637 5188 malum;
686 5125 908 5191 apparet
949 5118 1095 5175 enim
1124 5117 1179 5171 in
1222 5130 1452 5187 persona
1491 5113 1651 5184 hujus
1682 5112 1986 5169 Salomonis

406 5210 544 5266 mira
570 5208 912 5275 excellentia,
942 5215 997 5262 et
1020 5207 1302 5264 subversio
1333 5205 1607 5262 terribilis.
1646 5204 1797 5273 Quod
1821 5206 1988 5277 igitur

408 5300 463 5355 iu
503 5297 597 5353 illo
625 5298 855 5354 diversis
876 5298 1209 5370 temporibus
1236 5297 1464 5364 exstitit,
1495 5296 1646 5367 prius
1670 5297 1901 5363 bonum,
1934 5304 1991 5353 et

408 5390 682 5465 posterius
707 5387 931 5457 malum,
963 5388 1066 5448 hoc
1092 5390 1146 5446 in
1173 5389 1415 5445 Ecclesia
1441 5388 1496 5444 in
1525 5388 1630 5444 isto
1674 5388 1852 5446 adhuc
1888 5404 1989 5445 sa:-

479 5587 507 5618 ι
541 5570 670 5635 uage
705 5574 954 5647 pen-quire
1011 5588 1128 5647 cap.
1154 5571 1195 5647 _6
1231 5570 1418 5647 lsidori
1460 5572 1513 5628 in
1553 5570 1620 5647 Ill
1652 5570 1902 5643 Regum:
1936 5573 1993 5641 in

412 5643 1048 5720 commentariis'quoqne
1073 5643 1278 5720 Rabani
1309 5644 1361 5697 in
1387 5644 1570 5720 locum
1594 5644 1758 5720 hunc.

481 5716 512 5761 ιι
550 5716 713 5786 Edit.,
732 5712 981 5784 occurrit,
1010 5715 1135 5788 quid
1167 5712 1350 5768 saltem
1380 5715 1437 5768 in
1467 5713 1740 5786 allegoria.

485 5796 511 5831 ο
551 5788 690 5843 Edit.
702 5829 715 5853 ,
751 5788 989 5841 zizaniis.

481 5856 514 5901 ει
550 5858 843 5927 Desumpta
881 5863 1008 5912 sunt
1048 5853 1166 5910 haec
1202 5868 1270 5909 ex
1314 5867 1437 5925 cap.
1476 5855 1532 5910 7.
1567 5854 1762 5913 lsidori
1798 5855 1854 5912 in
1889 5855 1993 5913 lib.

2085 4660 2232 4716 mina
2258 4660 2566 4717 Salomonis
2592 4676 2605 4716 :
2634 4676 2810 4733 neque
2833 4658 3227 4731 disputationes
3250 4654 3369 4727 ejus
3395 4652 3683 4723 sapientis-

2084 4756 2251 4811 simas
2291 4755 2359 4811 de
2401 4754 2670 4827 lignorum
2711 4764 2927 4820 natura,
2966 4751 3369 4819 herbarumque
3406 4745 3679 4811 omnium,

2084 4849 2324 4919 itemque
2360 4847 2751 4920 iumentorum,
2796 4846 3097 4911 volucrum,
3143 4839 3445 4913 reptilium,
3498 4845 3555 4892 et
3600 4836 3681 4909 pi-

2086 4940 2285 5004 scium,
2320 4939 2404 4994 vel
2430 4940 2571 5009 quod
2606 4937 2719 5009 jam
2759 4954 2826 4996 ex
2864 4938 3000 4993 libro
3030 4934 3184 4991 verba
3213 4933 3417 4987 dierum
3446 4929 3682 5001 protuli-

2087 5048 2229 5098 mus,
2262 5031 2352 5086 ubi
2382 5031 2511 5087 dicit
2542 5049 2555 5083 :
2588 5026 2807 5103 Reliqua
2838 5046 2955 5086 vero
2994 5045 3152 5100 opera
3193 5021 3495 5081 Salomonis
3533 5021 3682 5093 prio-

2085 5140 2228 5191 rum,
2269 5133 2315 5180 et
2357 5123 2756 5179 nouissimorum
2781 5123 2975 5193 scripta
3010 5130 3130 5177 sunt
3164 5120 3221 5175 in
3257 5115 3424 5173 verbis
3455 5112 3681 5171 Nullum

2090 5211 2388 5290 Prophetm,
2418 5216 2471 5270 in
2505 5215 2648 5271 libris
2678 5214 2826 5271 ΑΙιὶιιι
2857 5213 3114 5281 Silonitis,
3157 5214 3215 5268 in
3256 5211 3448 5266 uisione
3472 5219 3681 5279 quoque

2090 5306 2242 5363 Addo
2282 5307 2502 5363 videntis
2542 5316 2726 5363 contra
2765 5304 3082 5361 Hieroboam
3121 5302 3292 5374 ﬁlium
3335 5298 3579 5363 Natltan,
3625 5302 3683 5350 et

2092 5401 2264 5458 multa
2311 5398 2617 5474 hujusmodi
2645 5399 2940 5466 volumina,
2981 5414 3103 5471 quae
3144 5394 3428 5468 Scriptura
3456 5392 3680 5463 quidem

2096 5577 2164 5651 ill
2202 5578 2369 5651 Reg.;
2409 5587 2464 5636 et
2491 5578 2719 5637 fortasse
2757 5574 3351 5651 etiamgsuhsequentis
3384 5588 3452 5651 es

2097 5644 2312 5705 Isidoro
2342 5652 2619 5720 desumpta
2662 5658 2819 5713 sunt;
2860 5648 2955 5704 sed
2980 5644 3503 5720 periit'porrotuisi
3543 5644 3680 5720 falli-

2096 5735 2240 5865 ;rlilucrg,
2270 5721 2477 5851 {Siqua
2499 5714 2629 5794 pars
2648 5714 3413 5782 Commentariorum'lsidori,
3439 5730 3562 5787 qua:
3589 5714 3678 5769 hic

2232 5809 2266 5848 a
2360 5829 2378 5848 ο
