  <div class='ocr_page' id='page_1' title='image "/cluster/home/n/w/nwhite01/storage/ocr_20150623/104/hvd.32044015466824/397.png"; bbox 0 0 3940 6340; ppageno 0'>
   <div class='ocr_carea' id='block_1_1' title="bbox 422 335 529 402">
    <p class='ocr_par' dir='ltr' id='par_1_1' title="bbox 422 335 529 402">
     <span class='ocr_line' id='line_1_1' title="bbox 422 335 529 402; baseline -0.009 0"><span class='ocrx_word' id='word_1_1' title='bbox 422 335 529 402; x_wconf 66' lang='lat'><strong>743</strong></span> 
     </span>
    </p>
   </div>
   <div class='ocr_carea' id='block_1_2' title="bbox 1517 277 2685 394">
    <p class='ocr_par' dir='ltr' id='par_1_2' title="bbox 1517 277 2685 394">
     <span class='ocr_line' id='line_1_2' title="bbox 1517 277 2685 394; baseline -0.008 -1"><span class='ocrx_word' id='word_1_2' title='bbox 1517 277 1793 394; x_wconf 66' lang='lat' dir='ltr'><strong>suum</strong></span> <span class='ocrx_word' id='word_1_3' title='bbox 1833 321 2301 391; x_wconf 80' lang='lat' dir='ltr'><strong>TAURINENSIS</strong></span> <span class='ocrx_word' id='word_1_4' title='bbox 2339 319 2650 389; x_wconf 83' lang='lat' dir='ltr'><strong>EPISCOPI</strong></span> <span class='ocrx_word' id='word_1_5' title='bbox 2680 287 2685 316; x_wconf 80' lang='grc'><strong><em>⁵</em></strong></span> 
     </span>
    </p>
   </div>
   <div class='ocr_carea' id='block_1_3' title="bbox 3012 295 3728 382">
    <p class='ocr_par' dir='ltr' id='par_1_3' title="bbox 3012 295 3728 382">
     <span class='ocr_line' id='line_1_3' title="bbox 3012 295 3728 382; baseline 0.001 -1"><span class='ocrx_word' id='word_1_6' title='bbox 3012 295 3040 345; x_wconf 63' lang='grc' dir='ltr'><strong>ε’</strong></span> <span class='ocrx_word' id='word_1_7' title='bbox 3599 317 3728 382; x_wconf 67' lang='lat' dir='ltr'><strong>742s</strong></span> 
     </span>
    </p>
   </div>
   <div class='ocr_carea' id='block_1_4' title="bbox 419 430 3731 530">
    <p class='ocr_par' dir='ltr' id='par_1_4' title="bbox 419 430 3731 530">
     <span class='ocr_line' id='line_1_4' title="bbox 419 430 3731 530; baseline -0.005 -11"><span class='ocrx_word' id='word_1_8' title='bbox 419 479 525 522; x_wconf 89' lang='lat' dir='ltr'><strong>nos</strong></span> <span class='ocrx_word' id='word_1_9' title='bbox 554 461 609 516; x_wconf 89' lang='lat' dir='ltr'><strong>in</strong></span> <span class='ocrx_word' id='word_1_10' title='bbox 643 455 1154 530; x_wconf 82' lang='lat' dir='ltr'><strong>prosperisportat,</strong></span> <span class='ocrx_word' id='word_1_11' title='bbox 1185 447 1314 523; x_wconf 85' lang='lat' dir='ltr'><strong>quia</strong></span> <span class='ocrx_word' id='word_1_12' title='bbox 1360 449 1603 507; x_wconf 91' lang='lat' dir='ltr'><strong>destituti</strong></span> <span class='ocrx_word' id='word_1_13' title='bbox 1649 450 1776 508; x_wconf 91' lang='lat' dir='ltr'><strong>dum</strong></span> <span class='ocrx_word' id='word_1_14' title='bbox 1817 447 2013 506; x_wconf 84' lang='lat' dir='ltr'><strong>cadere</strong></span> <span class='ocrx_word' id='word_1_15' title='bbox 2038 452 2091 511; x_wconf 85' lang='grc' dir='ltr'><strong>Α</strong></span> <span class='ocrx_word' id='word_1_16' title='bbox 2115 447 2390 504; x_wconf 85' lang='lat' dir='ltr'><strong>hominem</strong></span> <span class='ocrx_word' id='word_1_17' title='bbox 2434 430 2536 502; x_wconf 90' lang='lat' dir='ltr'><strong>Dei</strong></span> <span class='ocrx_word' id='word_1_18' title='bbox 2570 443 2868 502; x_wconf 90' lang='lat' dir='ltr'><strong>coercitum</strong></span> <span class='ocrx_word' id='word_1_19' title='bbox 2908 436 3091 515; x_wconf 84' lang='lat' dir='ltr'><strong>potius</strong></span> <span class='ocrx_word' id='word_1_20' title='bbox 3129 437 3502 512; x_wconf 86' lang='lat' dir='ltr'><strong>temporaliter</strong></span> <span class='ocrx_word' id='word_1_21' title='bbox 3530 459 3731 518; x_wconf 84' lang='lat' dir='ltr'><strong>usque</strong></span> 
     </span>
    </p>
   </div>
   <div class='ocr_carea' id='block_1_5' title="bbox 417 539 2008 623">
    <p class='ocr_par' dir='ltr' id='par_1_5' title="bbox 417 539 2008 623">
     <span class='ocr_line' id='line_1_5' title="bbox 417 539 2008 623; baseline -0.01 -13"><span class='ocrx_word' id='word_1_22' title='bbox 417 552 729 623; x_wconf 88' lang='lat' dir='ltr'><strong>incipimus,</strong></span> <span class='ocrx_word' id='word_1_23' title='bbox 760 557 817 605; x_wconf 91' lang='lat' dir='ltr'><strong>et</strong></span> <span class='ocrx_word' id='word_1_24' title='bbox 862 555 1046 602; x_wconf 88' lang='lat' dir='ltr'><strong>tamen</strong></span> <span class='ocrx_word' id='word_1_25' title='bbox 1090 541 1259 612; x_wconf 90' lang='lat' dir='ltr'><strong>adjuti</strong></span> <span class='ocrx_word' id='word_1_26' title='bbox 1300 541 1618 606; x_wconf 89' lang='lat' dir='ltr'><strong>retinemur,</strong></span> <span class='ocrx_word' id='word_1_27' title='bbox 1663 549 1718 596; x_wconf 90' lang='lat' dir='ltr'><strong>et</strong></span> <span class='ocrx_word' id='word_1_28' title='bbox 1763 539 2008 596; x_wconf 85' lang='lat' dir='ltr'><strong>doctrina</strong></span> 
     </span>
    </p>
   </div>
   <div class='ocr_carea' id='block_1_6' title="bbox 416 632 2008 714">
    <p class='ocr_par' dir='ltr' id='par_1_6' title="bbox 416 632 2008 714">
     <span class='ocr_line' id='line_1_6' title="bbox 416 632 2008 714; baseline -0.01 -12"><span class='ocrx_word' id='word_1_29' title='bbox 416 646 506 712; x_wconf 84' lang='lat' dir='ltr'><strong>fit,</strong></span> <span class='ocrx_word' id='word_1_30' title='bbox 548 642 691 714; x_wconf 89' lang='lat' dir='ltr'><strong>quod</strong></span> <span class='ocrx_word' id='word_1_31' title='bbox 726 641 781 695; x_wconf 92' lang='lat' dir='ltr'><strong>in</strong></span> <span class='ocrx_word' id='word_1_32' title='bbox 809 640 1020 710; x_wconf 89' lang='lat' dir='ltr'><strong>lapsum</strong></span> <span class='ocrx_word' id='word_1_33' title='bbox 1051 635 1458 706; x_wconf 87' lang='lat' dir='ltr'><strong>trepidavimus,</strong></span> <span class='ocrx_word' id='word_1_34' title='bbox 1490 642 1544 690; x_wconf 88' lang='lat' dir='ltr'><strong>et</strong></span> <span class='ocrx_word' id='word_1_35' title='bbox 1569 633 1835 699; x_wconf 90' lang='lat' dir='ltr'><strong>custodia,</strong></span> <span class='ocrx_word' id='word_1_36' title='bbox 1863 632 2008 702; x_wconf 90' lang='lat' dir='ltr'><strong>quod</strong></span> 
     </span>
    </p>
   </div>
   <div class='ocr_carea' id='block_1_7' title="bbox 414 726 2010 805">
    <p class='ocr_par' dir='ltr' id='par_1_7' title="bbox 414 726 2010 805">
     <span class='ocr_line' id='line_1_7' title="bbox 414 726 2010 805; baseline -0.009 -13"><span class='ocrx_word' id='word_1_37' title='bbox 414 738 470 794; x_wconf 90' lang='lat' dir='ltr'><strong>in</strong></span> <span class='ocrx_word' id='word_1_38' title='bbox 502 745 644 793; x_wconf 91' lang='lat' dir='ltr'><strong>statu</strong></span> <span class='ocrx_word' id='word_1_39' title='bbox 671 745 1106 805; x_wconf 89' lang='lat' dir='ltr'><strong>permaneamus.</strong></span> <span class='ocrx_word' id='word_1_40' title='bbox 1138 728 1307 784; x_wconf 74' lang='lat' dir='ltr'><strong>Nemo</strong></span> <span class='ocrx_word' id='word_1_41' title='bbox 1340 742 1470 798; x_wconf 85' lang='lat' dir='ltr'><strong>ergo</strong></span> <span class='ocrx_word' id='word_1_42' title='bbox 1498 742 1556 782; x_wconf 93' lang='lat' dir='ltr'><strong>se</strong></span> <span class='ocrx_word' id='word_1_43' title='bbox 1588 726 1815 796; x_wconf 79' lang='lat' dir='ltr'><strong>alicujus</strong></span> <span class='ocrx_word' id='word_1_44' title='bbox 1838 726 2010 779; x_wconf 91' lang='lat' dir='ltr'><strong>virtu-</strong></span> 
     </span>
    </p>
   </div>
   <div class='ocr_carea' id='block_1_8' title="bbox 414 816 2007 889">
    <p class='ocr_par' dir='ltr' id='par_1_8' title="bbox 414 816 2007 889">
     <span class='ocr_line' id='line_1_8' title="bbox 414 816 2007 889; baseline -0.009 -4"><span class='ocrx_word' id='word_1_45' title='bbox 414 830 486 885; x_wconf 90' lang='lat' dir='ltr'><strong>tis</strong></span> <span class='ocrx_word' id='word_1_46' title='bbox 516 827 764 889; x_wconf 77' lang='lat' dir='ltr'><strong>aestimet,</strong></span> <span class='ocrx_word' id='word_1_47' title='bbox 798 825 962 878; x_wconf 88' lang='lat' dir='ltr'><strong>etiam</strong></span> <span class='ocrx_word' id='word_1_48' title='bbox 989 836 1112 876; x_wconf 89' lang='lat' dir='ltr'><strong>cum</strong></span> <span class='ocrx_word' id='word_1_49' title='bbox 1144 818 1273 889; x_wconf 88' lang='lat' dir='ltr'><strong>quid</strong></span> <span class='ocrx_word' id='word_1_50' title='bbox 1304 817 1520 874; x_wconf 83' lang='lat' dir='ltr'><strong>fortiter</strong></span> <span class='ocrx_word' id='word_1_51' title='bbox 1549 831 1574 858; x_wconf 77' lang='grc' dir='ltr'><strong>ιι</strong></span> <span class='ocrx_word' id='word_1_52' title='bbox 1603 817 1806 888; x_wconf 87' lang='lat' dir='ltr'><strong>poterit</strong></span> <span class='ocrx_word' id='word_1_53' title='bbox 1834 833 1846 870; x_wconf 91' lang='lat'>:</span> <span class='ocrx_word' id='word_1_54' title='bbox 1881 816 2007 886; x_wconf 87' lang='lat' dir='ltr'><strong>quia</strong></span> 
     </span>
    </p>
   </div>
   <div class='ocr_carea' id='block_1_9' title="bbox 413 906 2010 987">
    <p class='ocr_par' dir='ltr' id='par_1_9' title="bbox 413 906 2010 987">
     <span class='ocr_line' id='line_1_9' title="bbox 413 906 2010 987; baseline -0.011 -11"><span class='ocrx_word' id='word_1_55' title='bbox 413 923 460 976; x_wconf 88' lang='lat' dir='ltr'><strong>si</strong></span> <span class='ocrx_word' id='word_1_56' title='bbox 515 919 696 976; x_wconf 90' lang='lat' dir='ltr'><strong>divina</strong></span> <span class='ocrx_word' id='word_1_57' title='bbox 746 913 1012 987; x_wconf 90' lang='lat' dir='ltr'><strong>protectio</strong></span> <span class='ocrx_word' id='word_1_58' title='bbox 1062 910 1294 974; x_wconf 86' lang='lat' dir='ltr'><strong>deserit,</strong></span> <span class='ocrx_word' id='word_1_59' title='bbox 1346 909 1418 963; x_wconf 89' lang='lat' dir='ltr'><strong>ibi</strong></span> <span class='ocrx_word' id='word_1_60' title='bbox 1469 919 1690 978; x_wconf 88' lang='lat' dir='ltr'><strong>repente</strong></span> <span class='ocrx_word' id='word_1_61' title='bbox 1737 906 2010 961; x_wconf 89' lang='lat' dir='ltr'><strong>enerviter</strong></span> 
     </span>
    </p>
   </div>
   <div class='ocr_carea' id='block_1_10' title="bbox 413 999 2008 1077">
    <p class='ocr_par' dir='ltr' id='par_1_10' title="bbox 413 999 2008 1077">
     <span class='ocr_line' id='line_1_10' title="bbox 413 999 2008 1077; baseline -0.011 -7"><span class='ocrx_word' id='word_1_62' title='bbox 413 1014 683 1077; x_wconf 88' lang='lat' dir='ltr'><strong>obruitur,</strong></span> <span class='ocrx_word' id='word_1_63' title='bbox 714 1009 806 1064; x_wconf 90' lang='lat' dir='ltr'><strong>ubi</strong></span> <span class='ocrx_word' id='word_1_64' title='bbox 836 1023 895 1063; x_wconf 89' lang='lat' dir='ltr'><strong>se</strong></span> <span class='ocrx_word' id='word_1_65' title='bbox 921 1005 1166 1060; x_wconf 90' lang='lat' dir='ltr'><strong>valenter</strong></span> <span class='ocrx_word' id='word_1_66' title='bbox 1193 1012 1338 1058; x_wconf 88' lang='lat' dir='ltr'><strong>stare</strong></span> <span class='ocrx_word' id='word_1_67' title='bbox 1367 1001 1396 1041; x_wconf 65' lang='grc' dir='ltr'>δ</span> <span class='ocrx_word' id='word_1_68' title='bbox 1427 1001 1710 1072; x_wconf 83' lang='lat' dir='ltr'><strong>gloriatur.</strong></span> <span class='ocrx_word' id='word_1_69' title='bbox 1759 999 1897 1066; x_wconf 82' lang='lat' dir='ltr'><strong>Quid</strong></span> <span class='ocrx_word' id='word_1_70' title='bbox 1926 1006 2008 1053; x_wconf 89' lang='lat' dir='ltr'><strong>est</strong></span> 
     </span>
    </p>
   </div>
   <div class='ocr_carea' id='block_1_11' title="bbox 415 1091 2008 1176">
    <p class='ocr_par' dir='ltr' id='par_1_11' title="bbox 415 1091 2008 1176">
     <span class='ocr_line' id='line_1_11' title="bbox 415 1091 2008 1176; baseline -0.012 -14"><span class='ocrx_word' id='word_1_71' title='bbox 415 1107 559 1162; x_wconf 87' lang='lat' dir='ltr'><strong>enim</strong></span> <span class='ocrx_word' id='word_1_72' title='bbox 584 1103 729 1176; x_wconf 90' lang='lat' dir='ltr'><strong>quod</strong></span> <span class='ocrx_word' id='word_1_73' title='bbox 756 1101 838 1155; x_wconf 88' lang='lat' dir='ltr'><strong>vir</strong></span> <span class='ocrx_word' id='word_1_74' title='bbox 860 1099 956 1154; x_wconf 91' lang='lat' dir='ltr'><strong>Dei</strong></span> <span class='ocrx_word' id='word_1_75' title='bbox 982 1107 1170 1153; x_wconf 90' lang='lat' dir='ltr'><strong>contra</strong></span> <span class='ocrx_word' id='word_1_76' title='bbox 1200 1095 1370 1149; x_wconf 90' lang='lat' dir='ltr'><strong>altare</strong></span> <span class='ocrx_word' id='word_1_77' title='bbox 1396 1091 1658 1147; x_wconf 72' lang='lat' dir='ltr'><strong>Samaria:</strong></span> <span class='ocrx_word' id='word_1_78' title='bbox 1684 1091 1751 1146; x_wconf 88' lang='lat' dir='ltr'><strong>ad</strong></span> <span class='ocrx_word' id='word_1_79' title='bbox 1778 1091 2008 1160; x_wconf 83' lang='lat' dir='ltr'><strong>prOphe-</strong></span> 
     </span>
    </p>
   </div>
   <div class='ocr_carea' id='block_1_12' title="bbox 415 1183 2007 1260">
    <p class='ocr_par' dir='ltr' id='par_1_12' title="bbox 415 1183 2007 1260">
     <span class='ocr_line' id='line_1_12' title="bbox 415 1183 2007 1260; baseline -0.009 -8"><span class='ocrx_word' id='word_1_80' title='bbox 415 1197 638 1252; x_wconf 89' lang='lat' dir='ltr'><strong>tandum</strong></span> <span class='ocrx_word' id='word_1_81' title='bbox 667 1193 925 1255; x_wconf 86' lang='lat' dir='ltr'><strong>directus,</strong></span> <span class='ocrx_word' id='word_1_82' title='bbox 953 1196 1221 1260; x_wconf 84' lang='lat' dir='ltr'><strong>praesente</strong></span> <span class='ocrx_word' id='word_1_83' title='bbox 1252 1201 1378 1256; x_wconf 89' lang='lat' dir='ltr'><strong>rege</strong></span> <span class='ocrx_word' id='word_1_84' title='bbox 1413 1183 1794 1239; x_wconf 88' lang='lat' dir='ltr'><strong>auctoritatem</strong></span> <span class='ocrx_word' id='word_1_85' title='bbox 1823 1183 2007 1238; x_wconf 82' lang='lat' dir='ltr'><strong>liberae</strong></span> 
     </span>
    </p>
   </div>
   <div class='ocr_carea' id='block_1_13' title="bbox 413 1274 2005 1352">
    <p class='ocr_par' dir='ltr' id='par_1_13' title="bbox 413 1274 2005 1352">
     <span class='ocr_line' id='line_1_13' title="bbox 413 1274 2005 1352; baseline -0.009 -10"><span class='ocrx_word' id='word_1_86' title='bbox 413 1287 564 1344; x_wconf 81' lang='lat' dir='ltr'><strong>vocis</strong></span> <span class='ocrx_word' id='word_1_87' title='bbox 585 1284 846 1347; x_wconf 81' lang='lat' dir='ltr'><strong>exercuit,</strong></span> <span class='ocrx_word' id='word_1_88' title='bbox 871 1281 1219 1352; x_wconf 86' lang='lat' dir='ltr'><strong>ejusdemque</strong></span> <span class='ocrx_word' id='word_1_89' title='bbox 1244 1277 1388 1349; x_wconf 88' lang='lat' dir='ltr'><strong>regis</strong></span> <span class='ocrx_word' id='word_1_90' title='bbox 1414 1285 1698 1331; x_wconf 82' lang='lat' dir='ltr'><strong>extensum</strong></span> <span class='ocrx_word' id='word_1_91' title='bbox 1721 1274 2005 1329; x_wconf 85' lang='lat' dir='ltr'><strong>brachium</strong></span> 
     </span>
    </p>
   </div>
   <div class='ocr_carea' id='block_1_14' title="bbox 415 1366 2005 1447">
    <p class='ocr_par' dir='ltr' id='par_1_14' title="bbox 415 1366 2005 1447">
     <span class='ocr_line' id='line_1_14' title="bbox 415 1366 2005 1447; baseline -0.009 -14"><span class='ocrx_word' id='word_1_92' title='bbox 415 1377 471 1434; x_wconf 92' lang='lat' dir='ltr'><strong>in</strong></span> <span class='ocrx_word' id='word_1_93' title='bbox 502 1390 524 1417; x_wconf 78' lang='grc' dir='ltr'><strong>ο</strong></span> <span class='ocrx_word' id='word_1_94' title='bbox 559 1377 793 1447; x_wconf 81' lang='lat' dir='ltr'><strong>rigorem</strong></span> <span class='ocrx_word' id='word_1_95' title='bbox 821 1371 1141 1428; x_wconf 87' lang='lat' dir='ltr'><strong>mirabiliter</strong></span> <span class='ocrx_word' id='word_1_96' title='bbox 1168 1367 1452 1431; x_wconf 78' lang='lat' dir='ltr'><strong>astrinxit,</strong></span> <span class='ocrx_word' id='word_1_97' title='bbox 1485 1366 1629 1436; x_wconf 84' lang='lat' dir='ltr'><strong>quod</strong></span> <span class='ocrx_word' id='word_1_98' title='bbox 1664 1374 1847 1420; x_wconf 91' lang='lat' dir='ltr'><strong>tamen</strong></span> <span class='ocrx_word' id='word_1_99' title='bbox 1878 1380 2005 1420; x_wconf 81' lang='lat' dir='ltr'><strong>mox</strong></span> 
     </span>
    </p>
   </div>
   <div class='ocr_carea' id='block_1_15' title="bbox 414 1454 2006 1525">
    <p class='ocr_par' dir='ltr' id='par_1_15' title="bbox 414 1454 2006 1525">
     <span class='ocr_line' id='line_1_15' title="bbox 414 1454 2006 1525; baseline -0.009 -1"><span class='ocrx_word' id='word_1_100' title='bbox 414 1466 842 1524; x_wconf 88' lang='lat' dir='ltr'><strong>misericorditer</strong></span> <span class='ocrx_word' id='word_1_101' title='bbox 875 1461 1037 1519; x_wconf 88' lang='lat' dir='ltr'><strong>saluti</strong></span> <span class='ocrx_word' id='word_1_102' title='bbox 1068 1459 1342 1516; x_wconf 86' lang='lat' dir='ltr'><strong>restituit?</strong></span> <span class='ocrx_word' id='word_1_103' title='bbox 1384 1455 1549 1525; x_wconf 86' lang='lat' dir='ltr'><strong>Cujus</strong></span> <span class='ocrx_word' id='word_1_104' title='bbox 1585 1456 1640 1510; x_wconf 92' lang='lat' dir='ltr'><strong>in</strong></span> <span class='ocrx_word' id='word_1_105' title='bbox 1669 1457 1890 1510; x_wconf 89' lang='lat' dir='ltr'><strong>domum</strong></span> <span class='ocrx_word' id='word_1_106' title='bbox 1923 1454 2006 1510; x_wconf 87' lang='lat' dir='ltr'><strong>in-</strong></span> 
     </span>
    </p>
   </div>
   <div class='ocr_carea' id='block_1_16' title="bbox 412 1549 2004 1622">
    <p class='ocr_par' dir='ltr' id='par_1_16' title="bbox 412 1549 2004 1622">
     <span class='ocr_line' id='line_1_16' title="bbox 412 1549 2004 1622; baseline -0.009 -6"><span class='ocrx_word' id='word_1_107' title='bbox 412 1561 615 1616; x_wconf 87' lang='lat' dir='ltr'><strong>vitatus</strong></span> <span class='ocrx_word' id='word_1_108' title='bbox 643 1557 927 1614; x_wconf 90' lang='lat' dir='ltr'><strong>comedere</strong></span> <span class='ocrx_word' id='word_1_109' title='bbox 968 1553 1162 1618; x_wconf 88' lang='lat' dir='ltr'><strong>noluit,</strong></span> <span class='ocrx_word' id='word_1_110' title='bbox 1213 1551 1306 1622; x_wconf 92' lang='lat' dir='ltr'><strong>qui</strong></span> <span class='ocrx_word' id='word_1_111' title='bbox 1353 1564 1422 1606; x_wconf 90' lang='lat' dir='ltr'><strong>ne</strong></span> <span class='ocrx_word' id='word_1_112' title='bbox 1469 1551 1526 1605; x_wconf 91' lang='lat' dir='ltr'><strong>in</strong></span> <span class='ocrx_word' id='word_1_113' title='bbox 1554 1550 1639 1605; x_wconf 91' lang='lat' dir='ltr'><strong>via</strong></span> <span class='ocrx_word' id='word_1_114' title='bbox 1671 1549 2004 1616; x_wconf 89' lang='lat' dir='ltr'><strong>comederet,</strong></span> 
     </span>
    </p>
   </div>
   <div class='ocr_carea' id='block_1_17' title="bbox 341 1633 2004 1724">
    <p class='ocr_par' dir='ltr' id='par_1_17' title="bbox 341 1633 2004 1724">
     <span class='ocr_line' id='line_1_17' title="bbox 341 1633 2004 1724; baseline -0.008 -14"><span class='ocrx_word' id='word_1_115' title='bbox 341 1633 343 1635; x_wconf 16' lang='lat' dir='ltr'><strong>l</strong></span> <span class='ocrx_word' id='word_1_116' title='bbox 412 1651 794 1724; x_wconf 86' lang='lat' dir='ltr'><strong>prohibitionis</strong></span> <span class='ocrx_word' id='word_1_117' title='bbox 815 1649 1098 1706; x_wconf 70' lang='lat' dir='ltr'><strong>dominica:</strong></span> <span class='ocrx_word' id='word_1_118' title='bbox 1124 1653 1394 1718; x_wconf 67' lang='lat' dir='ltr'><strong>praecepta</strong></span> <span class='ocrx_word' id='word_1_119' title='bbox 1423 1645 1677 1710; x_wconf 79' lang='lat' dir='ltr'><strong>servavit,</strong></span> <span class='ocrx_word' id='word_1_120' title='bbox 1701 1643 1793 1714; x_wconf 91' lang='lat' dir='ltr'><strong>qui</strong></span> <span class='ocrx_word' id='word_1_121' title='bbox 1821 1652 2004 1698; x_wconf 87' lang='lat' dir='ltr'><strong>tamen</strong></span> 
     </span>
    </p>
   </div>
   <div class='ocr_carea' id='block_1_18' title="bbox 413 1737 1999 1810">
    <p class='ocr_par' dir='ltr' id='par_1_18' title="bbox 413 1737 1999 1810">
     <span class='ocr_line' id='line_1_18' title="bbox 413 1737 1999 1810; baseline -0.009 -6"><span class='ocrx_word' id='word_1_122' title='bbox 413 1747 470 1803; x_wconf 88' lang='lat' dir='ltr'><strong>in</strong></span> <span class='ocrx_word' id='word_1_123' title='bbox 495 1747 682 1802; x_wconf 88' lang='lat' dir='ltr'><strong>eadem</strong></span> <span class='ocrx_word' id='word_1_124' title='bbox 708 1745 816 1810; x_wconf 88' lang='lat' dir='ltr'><strong>via,</strong></span> <span class='ocrx_word' id='word_1_125' title='bbox 841 1750 895 1799; x_wconf 91' lang='lat' dir='ltr'><strong>et</strong></span> <span class='ocrx_word' id='word_1_126' title='bbox 921 1741 1177 1798; x_wconf 91' lang='lat' dir='ltr'><strong>seductus</strong></span> <span class='ocrx_word' id='word_1_127' title='bbox 1205 1739 1458 1805; x_wconf 91' lang='lat' dir='ltr'><strong>comedit,</strong></span> <span class='ocrx_word' id='word_1_128' title='bbox 1483 1745 1539 1793; x_wconf 91' lang='lat' dir='ltr'><strong>et</strong></span> <span class='ocrx_word' id='word_1_129' title='bbox 1559 1745 1748 1808; x_wconf 89' lang='lat' dir='ltr'><strong>pastus</strong></span> <span class='ocrx_word' id='word_1_130' title='bbox 1770 1737 1999 1792; x_wconf 89' lang='lat' dir='ltr'><strong>interiit.</strong></span> 
     </span>
    </p>
   </div>
   <div class='ocr_carea' id='block_1_19' title="bbox 2113 536 3731 610">
    <p class='ocr_par' dir='ltr' id='par_1_19' title="bbox 2113 536 3731 610">
     <span class='ocr_line' id='line_1_19' title="bbox 2113 536 3731 610; baseline 0.001 -15"><span class='ocrx_word' id='word_1_131' title='bbox 2113 539 2185 595; x_wconf 89' lang='lat' dir='ltr'><strong>ad</strong></span> <span class='ocrx_word' id='word_1_132' title='bbox 2220 547 2473 606; x_wconf 88' lang='lat' dir='ltr'><strong>mortem,</strong></span> <span class='ocrx_word' id='word_1_133' title='bbox 2509 553 2673 609; x_wconf 92' lang='lat' dir='ltr'><strong>quam</strong></span> <span class='ocrx_word' id='word_1_134' title='bbox 2701 536 2949 610; x_wconf 92' lang='lat' dir='ltr'><strong>punitum</strong></span> <span class='ocrx_word' id='word_1_135' title='bbox 2993 552 3115 593; x_wconf 90' lang='lat' dir='ltr'><strong>esse</strong></span> <span class='ocrx_word' id='word_1_136' title='bbox 3157 543 3281 608; x_wconf 90' lang='lat' dir='ltr'><strong>post</strong></span> <span class='ocrx_word' id='word_1_137' title='bbox 3322 547 3576 594; x_wconf 89' lang='lat' dir='ltr'><strong>mortem.</strong></span> <span class='ocrx_word' id='word_1_138' title='bbox 3641 540 3731 596; x_wconf 86' lang='lat' dir='ltr'><strong>De</strong></span> 
     </span>
    </p>
   </div>
   <div class='ocr_carea' id='block_1_20' title="bbox 2112 630 3732 704">
    <p class='ocr_par' dir='ltr' id='par_1_20' title="bbox 2112 630 3732 704">
     <span class='ocr_line' id='line_1_20' title="bbox 2112 630 3732 704; baseline 0 -18"><span class='ocrx_word' id='word_1_139' title='bbox 2112 648 2220 704; x_wconf 88' lang='lat' dir='ltr'><strong>qua</strong></span> <span class='ocrx_word' id='word_1_140' title='bbox 2250 646 2309 687; x_wconf 90' lang='lat' dir='ltr'><strong>re</strong></span> <span class='ocrx_word' id='word_1_141' title='bbox 2351 631 2643 703; x_wconf 82' lang='lat' dir='ltr'><strong>Apostolus</strong></span> <span class='ocrx_word' id='word_1_142' title='bbox 2684 646 2808 686; x_wconf 91' lang='lat' dir='ltr'><strong>cum</strong></span> <span class='ocrx_word' id='word_1_143' title='bbox 2838 638 3061 701; x_wconf 89' lang='lat' dir='ltr'><strong>propter</strong></span> <span class='ocrx_word' id='word_1_144' title='bbox 3088 630 3116 670; x_wconf 70' lang='grc' dir='ltr'><strong>ιι</strong></span> <span class='ocrx_word' id='word_1_145' title='bbox 3144 631 3506 701; x_wconf 90' lang='lat' dir='ltr'><strong>quorumdam</strong></span> <span class='ocrx_word' id='word_1_146' title='bbox 3538 631 3732 687; x_wconf 71' lang='grc' dir='ltr'><strong>οπεο-</strong></span> 
     </span>
    </p>
   </div>
   <div class='ocr_carea' id='block_1_21' title="bbox 2110 723 3731 794">
    <p class='ocr_par' dir='ltr' id='par_1_21' title="bbox 2110 723 3731 794">
     <span class='ocr_line' id='line_1_21' title="bbox 2110 723 3731 794; baseline 0 -14"><span class='ocrx_word' id='word_1_147' title='bbox 2110 740 2221 793; x_wconf 87' lang='lat' dir='ltr'><strong>sas,</strong></span> <span class='ocrx_word' id='word_1_148' title='bbox 2247 733 2728 781; x_wconf 85' lang='lat' dir='ltr'><strong>commemorasset</strong></span> <span class='ocrx_word' id='word_1_149' title='bbox 2769 723 3136 788; x_wconf 86' lang='lat' dir='ltr'><strong>inﬁrmitates,</strong></span> <span class='ocrx_word' id='word_1_150' title='bbox 3166 732 3479 794; x_wconf 86' lang='lat' dir='ltr'><strong>mortesque</strong></span> <span class='ocrx_word' id='word_1_151' title='bbox 3506 725 3731 781; x_wconf 71' lang='lat' dir='ltr'><strong>multo-</strong></span> 
     </span>
    </p>
   </div>
   <div class='ocr_carea' id='block_1_22' title="bbox 2109 813 3729 887">
    <p class='ocr_par' dir='ltr' id='par_1_22' title="bbox 2109 813 3729 887">
     <span class='ocr_line' id='line_1_22' title="bbox 2109 813 3729 887; baseline -0.001 -16"><span class='ocrx_word' id='word_1_152' title='bbox 2109 832 2230 871; x_wconf 89' lang='lat' dir='ltr'><strong>rum</strong></span> <span class='ocrx_word' id='word_1_153' title='bbox 2267 817 2320 887; x_wconf 88' lang='grc' dir='ltr'><strong>(Ι</strong></span> <span class='ocrx_word' id='word_1_154' title='bbox 2354 815 2478 872; x_wconf 86' lang='lat' dir='ltr'><strong>Cor.</strong></span> <span class='ocrx_word' id='word_1_155' title='bbox 2509 832 2565 871; x_wconf 75' lang='grc' dir='ltr'><strong>ιιι</strong></span> <span class='ocrx_word' id='word_1_156' title='bbox 2585 856 2600 882; x_wconf 90' lang='grc'><em>,</em></span> <span class='ocrx_word' id='word_1_157' title='bbox 2633 816 2697 871; x_wconf 83' lang='grc'><strong>51</strong></span> <span class='ocrx_word' id='word_1_158' title='bbox 2733 825 2781 869; x_wconf 89' lang='lat' dir='ltr'><strong>et</strong></span> <span class='ocrx_word' id='word_1_159' title='bbox 2809 813 2900 886; x_wconf 76' lang='lat'><strong>3‘2)</strong></span> <span class='ocrx_word' id='word_1_160' title='bbox 2929 831 2943 868; x_wconf 90' lang='lat'><strong>:</strong></span> <span class='ocrx_word' id='word_1_161' title='bbox 2975 814 3021 868; x_wconf 89' lang='lat' dir='ltr'><strong>si</strong></span> <span class='ocrx_word' id='word_1_162' title='bbox 3052 814 3190 868; x_wconf 87' lang='lat' dir='ltr'><strong>enim</strong></span> <span class='ocrx_word' id='word_1_163' title='bbox 3227 815 3591 884; x_wconf 75' lang='lat' dir='ltr'><strong>nosmetipsos,</strong></span> <span class='ocrx_word' id='word_1_164' title='bbox 3635 816 3729 869; x_wconf 86' lang='lat' dir='ltr'><strong>in-</strong></span> 
     </span>
    </p>
   </div>
   <div class='ocr_carea' id='block_1_23' title="bbox 2109 904 3724 979">
    <p class='ocr_par' dir='ltr' id='par_1_23' title="bbox 2109 904 3724 979">
     <span class='ocr_line' id='line_1_23' title="bbox 2109 904 3724 979; baseline -0.003 -16"><span class='ocrx_word' id='word_1_165' title='bbox 2109 910 2247 979; x_wconf 85' lang='lat' dir='ltr'><strong>quit,</strong></span> <span class='ocrx_word' id='word_1_166' title='bbox 2269 909 2660 979; x_wconf 84' lang='lat' dir='ltr'><strong>judicaremus,</strong></span> <span class='ocrx_word' id='word_1_167' title='bbox 2687 924 2720 960; x_wconf 92' lang='lat' dir='ltr'><strong>a</strong></span> <span class='ocrx_word' id='word_1_168' title='bbox 2755 905 2982 960; x_wconf 85' lang='lat' dir='ltr'><strong>Domino</strong></span> <span class='ocrx_word' id='word_1_169' title='bbox 3015 921 3119 959; x_wconf 85' lang='lat' dir='ltr'><strong>non</strong></span> <span class='ocrx_word' id='word_1_170' title='bbox 3141 904 3510 974; x_wconf 82' lang='lat' dir='ltr'><strong>judicaremur</strong></span> <span class='ocrx_word' id='word_1_171' title='bbox 3538 920 3558 957; x_wconf 91' lang='grc'><strong>.·</strong></span> <span class='ocrx_word' id='word_1_172' title='bbox 3588 924 3724 960; x_wconf 78' lang='lat' dir='ltr'><strong>cum</strong></span> 
     </span>
    </p>
   </div>
   <div class='ocr_carea' id='block_1_24' title="bbox 2098 995 3723 1070">
    <p class='ocr_par' dir='ltr' id='par_1_24' title="bbox 2098 995 3723 1070">
     <span class='ocr_line' id='line_1_24' title="bbox 2098 995 3723 1070; baseline -0.004 -17"><span class='ocrx_word' id='word_1_173' title='bbox 2098 999 2414 1070; x_wconf 85' lang='lat' dir='ltr'><strong>judicamur</strong></span> <span class='ocrx_word' id='word_1_174' title='bbox 2439 1007 2633 1063; x_wconf 87' lang='lat' dir='ltr'><strong>autem,</strong></span> <span class='ocrx_word' id='word_1_175' title='bbox 2673 1014 2706 1050; x_wconf 92' lang='lat' dir='ltr'><strong>a</strong></span> <span class='ocrx_word' id='word_1_176' title='bbox 2747 995 2972 1049; x_wconf 84' lang='lat' dir='ltr'><strong>Domino</strong></span> <span class='ocrx_word' id='word_1_177' title='bbox 2996 995 3332 1064; x_wconf 78' lang='lat' dir='ltr'><strong>corripimur,</strong></span> <span class='ocrx_word' id='word_1_178' title='bbox 3359 1005 3415 1049; x_wconf 87' lang='lat' dir='ltr'><strong>ut</strong></span> <span class='ocrx_word' id='word_1_179' title='bbox 3448 1013 3554 1049; x_wconf 85' lang='lat' dir='ltr'><strong>non</strong></span> <span class='ocrx_word' id='word_1_180' title='bbox 3587 1012 3723 1048; x_wconf 71' lang='lat' dir='ltr'><strong>cum</strong></span> 
     </span>
    </p>
   </div>
   <div class='ocr_carea' id='block_1_25' title="bbox 2107 1085 3720 1156">
    <p class='ocr_par' dir='ltr' id='par_1_25' title="bbox 2107 1085 3720 1156">
     <span class='ocr_line' id='line_1_25' title="bbox 2107 1085 3720 1156; baseline -0.001 -14"><span class='ocrx_word' id='word_1_181' title='bbox 2107 1089 2203 1143; x_wconf 80' lang='lat' dir='ltr'><strong>hoc</strong></span> <span class='ocrx_word' id='word_1_182' title='bbox 2231 1090 2423 1144; x_wconf 81' lang='lat' dir='ltr'><strong>mundo</strong></span> <span class='ocrx_word' id='word_1_183' title='bbox 2450 1089 2780 1143; x_wconf 74' lang='lat' dir='ltr'><strong>damnamur.</strong></span> <span class='ocrx_word' id='word_1_184' title='bbox 2825 1086 2962 1140; x_wconf 90' lang='lat' dir='ltr'><strong>Eum</strong></span> <span class='ocrx_word' id='word_1_185' title='bbox 2999 1100 3132 1141; x_wconf 88' lang='lat' dir='ltr'><strong>sane</strong></span> <span class='ocrx_word' id='word_1_186' title='bbox 3171 1085 3305 1154; x_wconf 89' lang='lat' dir='ltr'><strong>ipse,</strong></span> <span class='ocrx_word' id='word_1_187' title='bbox 3340 1086 3432 1156; x_wconf 91' lang='lat' dir='ltr'><strong>qui</strong></span> <span class='ocrx_word' id='word_1_188' title='bbox 3475 1087 3720 1156; x_wconf 68' lang='lat' dir='ltr'><strong>decepe-</strong></span> 
     </span>
    </p>
   </div>
   <div class='ocr_carea' id='block_1_26' title="bbox 2107 1178 3720 1252">
    <p class='ocr_par' dir='ltr' id='par_1_26' title="bbox 2107 1178 3720 1252">
     <span class='ocr_line' id='line_1_26' title="bbox 2107 1178 3720 1252; baseline -0.002 -16"><span class='ocrx_word' id='word_1_189' title='bbox 2107 1190 2193 1236; x_wconf 87' lang='lat' dir='ltr'><strong>rat</strong></span> <span class='ocrx_word' id='word_1_190' title='bbox 2217 1183 2372 1251; x_wconf 80' lang='lat' dir='ltr'><strong>(rers.</strong></span> <span class='ocrx_word' id='word_1_191' title='bbox 2401 1181 2493 1252; x_wconf 80' lang='grc'><strong>50)</strong></span> <span class='ocrx_word' id='word_1_192' title='bbox 2528 1181 2581 1234; x_wconf 95' lang='lat' dir='ltr'><strong>in</strong></span> <span class='ocrx_word' id='word_1_193' title='bbox 2613 1188 2966 1236; x_wconf 89' lang='lat' dir='ltr'><strong>monumento</strong></span> <span class='ocrx_word' id='word_1_194' title='bbox 2994 1179 3215 1250; x_wconf 90' lang='lat' dir='ltr'><strong>pr0prio</strong></span> <span class='ocrx_word' id='word_1_195' title='bbox 3242 1178 3374 1232; x_wconf 87' lang='lat' dir='ltr'><strong>satis</strong></span> <span class='ocrx_word' id='word_1_196' title='bbox 3402 1179 3720 1233; x_wconf 80' lang='lat' dir='ltr'><strong>honorifice</strong></span> 
     </span>
    </p>
   </div>
   <div class='ocr_carea' id='block_1_27' title="bbox 2107 1269 3718 1342">
    <p class='ocr_par' dir='ltr' id='par_1_27' title="bbox 2107 1269 3718 1342">
     <span class='ocr_line' id='line_1_27' title="bbox 2107 1269 3718 1342; baseline -0.002 -16"><span class='ocrx_word' id='word_1_197' title='bbox 2107 1271 2373 1342; x_wconf 85' lang='lat' dir='ltr'><strong>sepelivit,</strong></span> <span class='ocrx_word' id='word_1_198' title='bbox 2420 1286 2585 1340; x_wconf 89' lang='lat' dir='ltr'><strong>seque</strong></span> <span class='ocrx_word' id='word_1_199' title='bbox 2625 1270 2992 1339; x_wconf 88' lang='lat' dir='ltr'><strong>sepeliendum</strong></span> <span class='ocrx_word' id='word_1_200' title='bbox 3030 1269 3186 1339; x_wconf 75' lang='lat' dir='ltr'><strong>juxta</strong></span> <span class='ocrx_word' id='word_1_201' title='bbox 3229 1269 3345 1338; x_wconf 91' lang='lat' dir='ltr'><strong>ejus</strong></span> <span class='ocrx_word' id='word_1_202' title='bbox 3387 1285 3514 1325; x_wconf 89' lang='lat' dir='ltr'><strong>ossa</strong></span> <span class='ocrx_word' id='word_1_203' title='bbox 3545 1286 3718 1324; x_wconf 88' lang='lat' dir='ltr'><strong>cura-</strong></span> 
     </span>
    </p>
   </div>
   <div class='ocr_carea' id='block_1_28' title="bbox 2106 1362 3718 1436">
    <p class='ocr_par' dir='ltr' id='par_1_28' title="bbox 2106 1362 3718 1436">
     <span class='ocr_line' id='line_1_28' title="bbox 2106 1362 3718 1436; baseline -0.001 -18"><span class='ocrx_word' id='word_1_204' title='bbox 2106 1364 2185 1419; x_wconf 89' lang='lat' dir='ltr'><strong>vit</strong></span> <span class='ocrx_word' id='word_1_205' title='bbox 2214 1384 2226 1419; x_wconf 91' lang='lat'>:</span> <span class='ocrx_word' id='word_1_206' title='bbox 2261 1366 2336 1419; x_wconf 90' lang='lat' dir='ltr'><strong>ita</strong></span> <span class='ocrx_word' id='word_1_207' title='bbox 2365 1379 2590 1436; x_wconf 90' lang='lat' dir='ltr'><strong>sperans</strong></span> <span class='ocrx_word' id='word_1_208' title='bbox 2623 1363 2773 1433; x_wconf 87' lang='lat' dir='ltr'><strong>parci</strong></span> <span class='ocrx_word' id='word_1_209' title='bbox 2805 1377 2966 1433; x_wconf 86' lang='lat' dir='ltr'><strong>posse</strong></span> <span class='ocrx_word' id='word_1_210' title='bbox 2993 1362 3209 1417; x_wconf 90' lang='lat' dir='ltr'><strong>ossibus</strong></span> <span class='ocrx_word' id='word_1_211' title='bbox 3239 1362 3370 1428; x_wconf 90' lang='lat' dir='ltr'><strong>suis,</strong></span> <span class='ocrx_word' id='word_1_212' title='bbox 3397 1379 3523 1417; x_wconf 92' lang='lat' dir='ltr'><strong>cum</strong></span> <span class='ocrx_word' id='word_1_213' title='bbox 3551 1364 3718 1417; x_wconf 73' lang='lat' dir='ltr'><strong>veni-</strong></span> 
     </span>
    </p>
   </div>
   <div class='ocr_carea' id='block_1_29' title="bbox 2106 1451 3713 1525">
    <p class='ocr_par' dir='ltr' id='par_1_29' title="bbox 2106 1451 3713 1525">
     <span class='ocr_line' id='line_1_29' title="bbox 2106 1451 3713 1525; baseline 0.001 -17"><span class='ocrx_word' id='word_1_214' title='bbox 2106 1462 2191 1509; x_wconf 86' lang='lat' dir='ltr'><strong>ret</strong></span> <span class='ocrx_word' id='word_1_215' title='bbox 2235 1462 2469 1525; x_wconf 91' lang='lat' dir='ltr'><strong>tempus,</strong></span> <span class='ocrx_word' id='word_1_216' title='bbox 2517 1453 2734 1524; x_wconf 89' lang='lat' dir='ltr'><strong>quando</strong></span> <span class='ocrx_word' id='word_1_217' title='bbox 2781 1452 3078 1508; x_wconf 90' lang='lat' dir='ltr'><strong>secundum</strong></span> <span class='ocrx_word' id='word_1_218' title='bbox 3126 1451 3270 1508; x_wconf 91' lang='lat' dir='ltr'><strong>illius</strong></span> <span class='ocrx_word' id='word_1_219' title='bbox 3313 1451 3558 1508; x_wconf 86' lang='lat' dir='ltr'><strong>hominis</strong></span> <span class='ocrx_word' id='word_1_220' title='bbox 3607 1452 3713 1509; x_wconf 87' lang='lat' dir='ltr'><strong>Dei</strong></span> 
     </span>
    </p>
   </div>
   <div class='ocr_carea' id='block_1_30' title="bbox 2104 1541 3710 1619">
    <p class='ocr_par' dir='ltr' id='par_1_30' title="bbox 2104 1541 3710 1619">
     <span class='ocr_line' id='line_1_30' title="bbox 2104 1541 3710 1619; baseline 0.001 -20"><span class='ocrx_word' id='word_1_221' title='bbox 2104 1547 2445 1617; x_wconf 88' lang='lat' dir='ltr'><strong>prophetiam</strong></span> <span class='ocrx_word' id='word_1_222' title='bbox 2474 1543 2580 1619; x_wconf 88' lang='lat' dir='ltr'><strong>(IV</strong></span> <span class='ocrx_word' id='word_1_223' title='bbox 2597 1545 2725 1616; x_wconf 86' lang='lat' dir='ltr'><strong>Reg.</strong></span> <span class='ocrx_word' id='word_1_224' title='bbox 2746 1561 2902 1611; x_wconf 74' lang='lat' dir='ltr'><strong>xxi&quot;,</strong></span> <span class='ocrx_word' id='word_1_225' title='bbox 2921 1544 3006 1609; x_wconf 84' lang='grc'><strong>16,</strong></span> <span class='ocrx_word' id='word_1_226' title='bbox 3021 1542 3135 1616; x_wconf 71' lang='lat'><strong>&#39;17),</strong></span> <span class='ocrx_word' id='word_1_227' title='bbox 3163 1541 3339 1599; x_wconf 83' lang='lat' dir='ltr'><strong>Josias</strong></span> <span class='ocrx_word' id='word_1_228' title='bbox 3365 1559 3460 1598; x_wconf 73' lang='lat' dir='ltr'><strong>rex</strong></span> <span class='ocrx_word' id='word_1_229' title='bbox 3483 1543 3512 1598; x_wconf 82' lang='lat' dir='ltr'><strong>J</strong></span> <span class='ocrx_word' id='word_1_230' title='bbox 3519 1545 3625 1600; x_wconf 91' lang='lat' dir='ltr'><strong>uda</strong></span> <span class='ocrx_word' id='word_1_231' title='bbox 3647 1547 3710 1602; x_wconf 89' lang='lat' dir='ltr'><strong>in</strong></span> 
     </span>
    </p>
   </div>
   <div class='ocr_carea' id='block_1_31' title="bbox 2104 1636 3711 1702">
    <p class='ocr_par' dir='ltr' id='par_1_31' title="bbox 2104 1636 3711 1702">
     <span class='ocr_line' id='line_1_31' title="bbox 2104 1636 3711 1702; baseline 0.001 -12"><span class='ocrx_word' id='word_1_232' title='bbox 2104 1636 2195 1691; x_wconf 90' lang='lat' dir='ltr'><strong>illa</strong></span> <span class='ocrx_word' id='word_1_233' title='bbox 2229 1645 2374 1692; x_wconf 90' lang='lat' dir='ltr'><strong>terra</strong></span> <span class='ocrx_word' id='word_1_234' title='bbox 2402 1637 2696 1692; x_wconf 87' lang='lat' dir='ltr'><strong>multorum</strong></span> <span class='ocrx_word' id='word_1_235' title='bbox 2733 1637 2878 1692; x_wconf 89' lang='lat' dir='ltr'><strong>eruit</strong></span> <span class='ocrx_word' id='word_1_236' title='bbox 2905 1652 3031 1691; x_wconf 89' lang='lat' dir='ltr'><strong>ossa</strong></span> <span class='ocrx_word' id='word_1_237' title='bbox 3061 1645 3432 1702; x_wconf 88' lang='lat' dir='ltr'><strong>mortuorum,</strong></span> <span class='ocrx_word' id='word_1_238' title='bbox 3467 1636 3711 1693; x_wconf 87' lang='lat' dir='ltr'><strong>eisdem-</strong></span> 
     </span>
    </p>
   </div>
   <div class='ocr_carea' id='block_1_32' title="bbox 2105 1727 3710 1800">
    <p class='ocr_par' dir='ltr' id='par_1_32' title="bbox 2105 1727 3710 1800">
     <span class='ocr_line' id='line_1_32' title="bbox 2105 1727 3710 1800; baseline 0.001 -17"><span class='ocrx_word' id='word_1_239' title='bbox 2105 1742 2210 1798; x_wconf 93' lang='lat' dir='ltr'><strong>que</strong></span> <span class='ocrx_word' id='word_1_240' title='bbox 2248 1728 2463 1784; x_wconf 90' lang='lat' dir='ltr'><strong>ossibus</strong></span> <span class='ocrx_word' id='word_1_241' title='bbox 2501 1727 2767 1800; x_wconf 90' lang='lat' dir='ltr'><strong>sacrilega</strong></span> <span class='ocrx_word' id='word_1_242' title='bbox 2794 1727 3009 1795; x_wconf 89' lang='lat' dir='ltr'><strong>altaria,</strong></span> <span class='ocrx_word' id='word_1_243' title='bbox 3051 1743 3172 1799; x_wconf 64' lang='lat' dir='ltr'><strong>qua:</strong></span> <span class='ocrx_word' id='word_1_244' title='bbox 3205 1727 3549 1799; x_wconf 85' lang='lat' dir='ltr'><strong>sculptilibus</strong></span> <span class='ocrx_word' id='word_1_245' title='bbox 3586 1728 3710 1786; x_wconf 86' lang='lat' dir='ltr'><strong>fue-</strong></span> 
     </span>
    </p>
   </div>
   <div class='ocr_carea' id='block_1_33' title="bbox 414 1816 3706 1910">
    <p class='ocr_par' dir='ltr' id='par_1_33' title="bbox 414 1816 3706 1910">
     <span class='ocr_line' id='line_1_33' title="bbox 414 1816 3706 1910; baseline -0.006 -13"><span class='ocrx_word' id='word_1_246' title='bbox 414 1841 529 1910; x_wconf 87' lang='lat' dir='ltr'><strong>Qua</strong></span> <span class='ocrx_word' id='word_1_247' title='bbox 559 1841 613 1896; x_wconf 87' lang='lat' dir='ltr'><strong>in</strong></span> <span class='ocrx_word' id='word_1_248' title='bbox 645 1856 726 1906; x_wconf 92' lang='lat' dir='ltr'><strong>rc,</strong></span> <span class='ocrx_word' id='word_1_249' title='bbox 759 1838 889 1909; x_wconf 90' lang='lat' dir='ltr'><strong>quid</strong></span> <span class='ocrx_word' id='word_1_250' title='bbox 939 1835 1123 1892; x_wconf 88' lang='lat' dir='ltr'><strong>subtili</strong></span> <span class='ocrx_word' id='word_1_251' title='bbox 1171 1833 1605 1890; x_wconf 88' lang='lat' dir='ltr'><strong>consideratione</strong></span> <span class='ocrx_word' id='word_1_252' title='bbox 1655 1832 1957 1904; x_wconf 79' lang='lat' dir='ltr'><strong>colligimus</strong></span> <span class='ocrx_word' id='word_1_253' title='bbox 1985 1845 2000 1886; x_wconf 89' lang='lat'><strong>:</strong></span> <span class='ocrx_word' id='word_1_254' title='bbox 2031 1816 2080 1878; x_wconf 86' lang='grc' dir='ltr'><strong>Β</strong></span> <span class='ocrx_word' id='word_1_255' title='bbox 2108 1826 2236 1875; x_wconf 72' lang='lat' dir='ltr'><strong>ram</strong></span> <span class='ocrx_word' id='word_1_256' title='bbox 2259 1821 2576 1886; x_wconf 77' lang='lat' dir='ltr'><strong>constituta,</strong></span> <span class='ocrx_word' id='word_1_257' title='bbox 2608 1819 2905 1876; x_wconf 80' lang='lat' dir='ltr'><strong>funestavit</strong></span> <span class='ocrx_word' id='word_1_258' title='bbox 2933 1837 2946 1874; x_wconf 91' lang='lat'>:</span> <span class='ocrx_word' id='word_1_259' title='bbox 2978 1819 3223 1892; x_wconf 88' lang='lat' dir='ltr'><strong>pepercit</strong></span> <span class='ocrx_word' id='word_1_260' title='bbox 3251 1819 3449 1890; x_wconf 90' lang='lat' dir='ltr'><strong>quippe</strong></span> <span class='ocrx_word' id='word_1_261' title='bbox 3478 1820 3557 1875; x_wconf 92' lang='lat' dir='ltr'><strong>illi</strong></span> <span class='ocrx_word' id='word_1_262' title='bbox 3586 1836 3706 1877; x_wconf 90' lang='lat' dir='ltr'><strong>mo-</strong></span> 
     </span>
    </p>
   </div>
   <div class='ocr_carea' id='block_1_34' title="bbox 411 1921 2004 2002">
    <p class='ocr_par' dir='ltr' id='par_1_34' title="bbox 411 1921 2004 2002">
     <span class='ocr_line' id='line_1_34' title="bbox 411 1921 2004 2002; baseline -0.006 -16"><span class='ocrx_word' id='word_1_263' title='bbox 411 1932 561 2002; x_wconf 89' lang='lat' dir='ltr'><strong>quid,</strong></span> <span class='ocrx_word' id='word_1_264' title='bbox 587 1939 648 1984; x_wconf 91' lang='lat' dir='ltr'><strong>ut</strong></span> <span class='ocrx_word' id='word_1_265' title='bbox 676 1931 750 1985; x_wconf 89' lang='lat' dir='ltr'><strong>ita</strong></span> <span class='ocrx_word' id='word_1_266' title='bbox 773 1927 1004 1984; x_wconf 73' lang='lat' dir='ltr'><strong>dixerim</strong></span> <span class='ocrx_word' id='word_1_267' title='bbox 1025 1967 1040 1992; x_wconf 93' lang='lat'><strong>,</strong></span> <span class='ocrx_word' id='word_1_268' title='bbox 1074 1924 1478 1980; x_wconf 90' lang='lat' dir='ltr'><strong>formidandum</strong></span> <span class='ocrx_word' id='word_1_269' title='bbox 1508 1923 1868 1994; x_wconf 87' lang='lat' dir='ltr'><strong>suspicamur,</strong></span> <span class='ocrx_word' id='word_1_270' title='bbox 1900 1921 2004 1977; x_wconf 91' lang='lat' dir='ltr'><strong>nisi</strong></span> 
     </span>
    </p>
   </div>
   <div class='ocr_carea' id='block_1_35' title="bbox 410 2014 2006 2093">
    <p class='ocr_par' dir='ltr' id='par_1_35' title="bbox 410 2014 2006 2093">
     <span class='ocr_line' id='line_1_35' title="bbox 410 2014 2006 2093; baseline -0.006 -16"><span class='ocrx_word' id='word_1_271' title='bbox 410 2021 555 2093; x_wconf 89' lang='lat' dir='ltr'><strong>quod</strong></span> <span class='ocrx_word' id='word_1_272' title='bbox 587 2020 816 2076; x_wconf 84' lang='lat' dir='ltr'><strong>forsitan</strong></span> <span class='ocrx_word' id='word_1_273' title='bbox 848 2016 989 2088; x_wconf 88' lang='lat' dir='ltr'><strong>apu‘d</strong></span> <span class='ocrx_word' id='word_1_274' title='bbox 1016 2015 1365 2086; x_wconf 87' lang='lat' dir='ltr'><strong>semetipsum</strong></span> <span class='ocrx_word' id='word_1_275' title='bbox 1398 2014 1613 2078; x_wconf 90' lang='lat' dir='ltr'><strong>tacitus,</strong></span> <span class='ocrx_word' id='word_1_276' title='bbox 1643 2022 1699 2068; x_wconf 90' lang='lat' dir='ltr'><strong>et</strong></span> <span class='ocrx_word' id='word_1_277' title='bbox 1738 2028 1838 2084; x_wconf 92' lang='lat' dir='ltr'><strong>pro</strong></span> <span class='ocrx_word' id='word_1_278' title='bbox 1867 2027 2006 2082; x_wconf 72' lang='lat' dir='ltr'><strong>prae-</strong></span> 
     </span>
    </p>
   </div>
   <div class='ocr_carea' id='block_1_36' title="bbox 411 2103 2000 2182">
    <p class='ocr_par' dir='ltr' id='par_1_36' title="bbox 411 2103 2000 2182">
     <span class='ocr_line' id='line_1_36' title="bbox 411 2103 2000 2182; baseline -0.005 -14"><span class='ocrx_word' id='word_1_279' title='bbox 411 2113 583 2182; x_wconf 87' lang='lat' dir='ltr'><strong>ceptis</strong></span> <span class='ocrx_word' id='word_1_280' title='bbox 608 2109 894 2166; x_wconf 91' lang='lat' dir='ltr'><strong>dominicis</strong></span> <span class='ocrx_word' id='word_1_281' title='bbox 918 2122 1102 2179; x_wconf 84' lang='lat' dir='ltr'><strong>regem</strong></span> <span class='ocrx_word' id='word_1_282' title='bbox 1144 2121 1202 2161; x_wconf 90' lang='lat' dir='ltr'><strong>se</strong></span> <span class='ocrx_word' id='word_1_283' title='bbox 1242 2105 1632 2175; x_wconf 87' lang='lat' dir='ltr'><strong>contempsisse</strong></span> <span class='ocrx_word' id='word_1_284' title='bbox 1661 2103 1689 2143; x_wconf 76' lang='grc' dir='ltr'><strong>ἀ</strong></span> <span class='ocrx_word' id='word_1_285' title='bbox 1718 2104 2000 2175; x_wconf 82' lang='lat' dir='ltr'><strong>gloriatus,</strong></span> 
     </span>
    </p>
   </div>
   <div class='ocr_carea' id='block_1_37' title="bbox 409 2196 2003 2267">
    <p class='ocr_par' dir='ltr' id='par_1_37' title="bbox 409 2196 2003 2267">
     <span class='ocr_line' id='line_1_37' title="bbox 409 2196 2003 2267; baseline -0.006 -7"><span class='ocrx_word' id='word_1_286' title='bbox 409 2204 480 2260; x_wconf 89' lang='lat' dir='ltr'><strong>ab</strong></span> <span class='ocrx_word' id='word_1_287' title='bbox 505 2205 715 2260; x_wconf 89' lang='lat' dir='ltr'><strong>interna</strong></span> <span class='ocrx_word' id='word_1_288' title='bbox 760 2218 887 2257; x_wconf 79' lang='lat' dir='ltr'><strong>mox</strong></span> <span class='ocrx_word' id='word_1_289' title='bbox 933 2199 1202 2255; x_wconf 87' lang='lat' dir='ltr'><strong>soliditate</strong></span> <span class='ocrx_word' id='word_1_290' title='bbox 1247 2206 1536 2267; x_wconf 89' lang='lat' dir='ltr'><strong>quassatus</strong></span> <span class='ocrx_word' id='word_1_291' title='bbox 1563 2203 1669 2250; x_wconf 90' lang='lat' dir='ltr'><strong>est.</strong></span> <span class='ocrx_word' id='word_1_292' title='bbox 1699 2196 1766 2250; x_wconf 87' lang='lat' dir='ltr'><strong>Et</strong></span> <span class='ocrx_word' id='word_1_293' title='bbox 1794 2196 1918 2252; x_wconf 89' lang='lat' dir='ltr'><strong>inde</strong></span> <span class='ocrx_word' id='word_1_294' title='bbox 1946 2197 2003 2251; x_wconf 92' lang='lat' dir='ltr'><strong>in</strong></span> 
     </span>
    </p>
   </div>
   <div class='ocr_carea' id='block_1_38' title="bbox 409 2288 2004 2367">
    <p class='ocr_par' dir='ltr' id='par_1_38' title="bbox 409 2288 2004 2367">
     <span class='ocr_line' id='line_1_38' title="bbox 409 2288 2004 2367; baseline -0.006 -14"><span class='ocrx_word' id='word_1_295' title='bbox 409 2311 576 2367; x_wconf 89' lang='lat' dir='ltr'><strong>opere</strong></span> <span class='ocrx_word' id='word_1_296' title='bbox 623 2296 780 2366; x_wconf 89' lang='lat' dir='ltr'><strong>culpa</strong></span> <span class='ocrx_word' id='word_1_297' title='bbox 811 2293 1094 2363; x_wconf 86' lang='lat' dir='ltr'><strong>surripuit,</strong></span> <span class='ocrx_word' id='word_1_298' title='bbox 1121 2290 1263 2347; x_wconf 90' lang='lat' dir='ltr'><strong>unde</strong></span> <span class='ocrx_word' id='word_1_299' title='bbox 1306 2289 1476 2360; x_wconf 84' lang='lat' dir='ltr'><strong>gloria</strong></span> <span class='ocrx_word' id='word_1_300' title='bbox 1518 2289 1572 2343; x_wconf 92' lang='lat' dir='ltr'><strong>in</strong></span> <span class='ocrx_word' id='word_1_301' title='bbox 1614 2288 1776 2344; x_wconf 90' lang='lat' dir='ltr'><strong>corde</strong></span> <span class='ocrx_word' id='word_1_302' title='bbox 1819 2299 1841 2328; x_wconf 77' lang='grc' dir='ltr'><strong>ο</strong></span> <span class='ocrx_word' id='word_1_303' title='bbox 1883 2304 2004 2344; x_wconf 87' lang='lat' dir='ltr'><strong>sur-</strong></span> 
     </span>
    </p>
   </div>
   <div class='ocr_carea' id='block_1_39' title="bbox 414 2383 2004 2461">
    <p class='ocr_par' dir='ltr' id='par_1_39' title="bbox 414 2383 2004 2461">
     <span class='ocr_line' id='line_1_39' title="bbox 414 2383 2004 2461; baseline -0.004 -15"><span class='ocrx_word' id='word_1_304' title='bbox 414 2390 602 2461; x_wconf 89' lang='lat' dir='ltr'><strong>repsit.</strong></span> <span class='ocrx_word' id='word_1_305' title='bbox 652 2389 806 2445; x_wconf 87' lang='lat' dir='ltr'><strong>Unde</strong></span> <span class='ocrx_word' id='word_1_306' title='bbox 846 2386 997 2443; x_wconf 79' lang='lat' dir='ltr'><strong>falsis</strong></span> <span class='ocrx_word' id='word_1_307' title='bbox 1026 2387 1301 2457; x_wconf 75' lang='lat' dir='ltr'><strong>prophetae</strong></span> <span class='ocrx_word' id='word_1_308' title='bbox 1343 2383 1523 2439; x_wconf 77' lang='lat' dir='ltr'><strong>verbis</strong></span> <span class='ocrx_word' id='word_1_309' title='bbox 1549 2383 1802 2453; x_wconf 88' lang='lat' dir='ltr'><strong>deceptus</strong></span> <span class='ocrx_word' id='word_1_310' title='bbox 1829 2383 2004 2440; x_wconf 89' lang='lat' dir='ltr'><strong>disce-</strong></span> 
     </span>
    </p>
   </div>
   <div class='ocr_carea' id='block_1_40' title="bbox 410 2474 2000 2555">
    <p class='ocr_par' dir='ltr' id='par_1_40' title="bbox 410 2474 2000 2555">
     <span class='ocr_line' id='line_1_40' title="bbox 410 2474 2000 2555; baseline -0.006 -15"><span class='ocrx_word' id='word_1_311' title='bbox 410 2493 528 2551; x_wconf 89' lang='lat' dir='ltr'><strong>ret,</strong></span> <span class='ocrx_word' id='word_1_312' title='bbox 582 2484 706 2555; x_wconf 88' lang='lat' dir='ltr'><strong>quia</strong></span> <span class='ocrx_word' id='word_1_313' title='bbox 756 2496 1099 2553; x_wconf 89' lang='lat' dir='ltr'><strong>nequaquam</strong></span> <span class='ocrx_word' id='word_1_314' title='bbox 1147 2478 1378 2551; x_wconf 70' lang='lat' dir='ltr'><strong>proprize</strong></span> <span class='ocrx_word' id='word_1_315' title='bbox 1431 2476 1764 2533; x_wconf 88' lang='lat' dir='ltr'><strong>fortitudinis</strong></span> <span class='ocrx_word' id='word_1_316' title='bbox 1813 2474 2000 2543; x_wconf 90' lang='lat' dir='ltr'><strong>fuerit,</strong></span> 
     </span>
    </p>
   </div>
   <div class='ocr_carea' id='block_1_41' title="bbox 411 2564 2002 2647">
    <p class='ocr_par' dir='ltr' id='par_1_41' title="bbox 411 2564 2002 2647">
     <span class='ocr_line' id='line_1_41' title="bbox 411 2564 2002 2647; baseline -0.006 -15"><span class='ocrx_word' id='word_1_317' title='bbox 411 2575 557 2647; x_wconf 91' lang='lat' dir='ltr'><strong>quod</strong></span> <span class='ocrx_word' id='word_1_318' title='bbox 578 2574 646 2630; x_wconf 91' lang='lat' dir='ltr'><strong>ad</strong></span> <span class='ocrx_word' id='word_1_319' title='bbox 675 2573 819 2646; x_wconf 88' lang='lat' dir='ltr'><strong>regis</strong></span> <span class='ocrx_word' id='word_1_320' title='bbox 843 2572 1008 2627; x_wconf 88' lang='lat' dir='ltr'><strong>verba</strong></span> <span class='ocrx_word' id='word_1_321' title='bbox 1036 2569 1344 2625; x_wconf 90' lang='lat' dir='ltr'><strong>restitisset.</strong></span> <span class='ocrx_word' id='word_1_322' title='bbox 1390 2567 1535 2622; x_wconf 90' lang='lat' dir='ltr'><strong>Bene</strong></span> <span class='ocrx_word' id='word_1_323' title='bbox 1562 2575 1741 2622; x_wconf 89' lang='lat' dir='ltr'><strong>autem</strong></span> <span class='ocrx_word' id='word_1_324' title='bbox 1778 2582 1845 2622; x_wconf 81' lang='lat' dir='ltr'><strong>ex</strong></span> <span class='ocrx_word' id='word_1_325' title='bbox 1885 2564 2002 2636; x_wconf 90' lang='lat' dir='ltr'><strong>ejus</strong></span> 
     </span>
    </p>
   </div>
   <div class='ocr_carea' id='block_1_42' title="bbox 409 2659 2002 2734">
    <p class='ocr_par' dir='ltr' id='par_1_42' title="bbox 409 2659 2002 2734">
     <span class='ocr_line' id='line_1_42' title="bbox 409 2659 2002 2734; baseline -0.006 -8"><span class='ocrx_word' id='word_1_326' title='bbox 409 2684 506 2727; x_wconf 85' lang='lat' dir='ltr'><strong>ore</strong></span> <span class='ocrx_word' id='word_1_327' title='bbox 531 2669 724 2725; x_wconf 89' lang='lat' dir='ltr'><strong>mortis</strong></span> <span class='ocrx_word' id='word_1_328' title='bbox 747 2666 1073 2724; x_wconf 89' lang='lat' dir='ltr'><strong>sententiam</strong></span> <span class='ocrx_word' id='word_1_329' title='bbox 1103 2663 1332 2734; x_wconf 90' lang='lat' dir='ltr'><strong>accepit,</strong></span> <span class='ocrx_word' id='word_1_330' title='bbox 1360 2659 1513 2731; x_wconf 88' lang='lat' dir='ltr'><strong>cujus</strong></span> <span class='ocrx_word' id='word_1_331' title='bbox 1535 2661 1856 2717; x_wconf 86' lang='lat' dir='ltr'><strong>seductione‘</strong></span> <span class='ocrx_word' id='word_1_332' title='bbox 1873 2661 2002 2717; x_wconf 73' lang='lat' dir='ltr'><strong>vita:</strong></span> 
     </span>
    </p>
   </div>
   <div class='ocr_carea' id='block_1_43' title="bbox 407 2753 2004 2836">
    <p class='ocr_par' dir='ltr' id='par_1_43' title="bbox 407 2753 2004 2836">
     <span class='ocr_line' id='line_1_43' title="bbox 407 2753 2004 2836; baseline -0.006 -17"><span class='ocrx_word' id='word_1_333' title='bbox 407 2771 681 2836; x_wconf 63' lang='lat' dir='ltr'><strong>praecepto</strong></span> <span class='ocrx_word' id='word_1_334' title='bbox 711 2759 978 2824; x_wconf 90' lang='lat' dir='ltr'><strong>deviavit,</strong></span> <span class='ocrx_word' id='word_1_335' title='bbox 1027 2766 1088 2813; x_wconf 92' lang='lat' dir='ltr'><strong>ut</strong></span> <span class='ocrx_word' id='word_1_336' title='bbox 1127 2757 1250 2813; x_wconf 90' lang='lat' dir='ltr'><strong>inde</strong></span> <span class='ocrx_word' id='word_1_337' title='bbox 1290 2769 1510 2826; x_wconf 70' lang='lat' dir='ltr'><strong>poenam</strong></span> <span class='ocrx_word' id='word_1_338' title='bbox 1547 2754 1815 2809; x_wconf 87' lang='lat' dir='ltr'><strong>veraciter</strong></span> <span class='ocrx_word' id='word_1_339' title='bbox 1843 2753 2004 2810; x_wconf 91' lang='lat' dir='ltr'><strong>adsu-</strong></span> 
     </span>
    </p>
   </div>
   <div class='ocr_carea' id='block_1_44' title="bbox 409 2845 2001 2924">
    <p class='ocr_par' dir='ltr' id='par_1_44' title="bbox 409 2845 2001 2924">
     <span class='ocr_line' id='line_1_44' title="bbox 409 2845 2001 2924; baseline -0.006 -12"><span class='ocrx_word' id='word_1_340' title='bbox 409 2865 622 2922; x_wconf 89' lang='lat' dir='ltr'><strong>meret,</strong></span> <span class='ocrx_word' id='word_1_341' title='bbox 672 2853 816 2910; x_wconf 89' lang='lat' dir='ltr'><strong>unde</strong></span> <span class='ocrx_word' id='word_1_342' title='bbox 868 2851 1204 2924; x_wconf 79' lang='lat' dir='ltr'><strong>negligenter</strong></span> <span class='ocrx_word' id='word_1_343' title='bbox 1255 2847 1470 2921; x_wconf 88' lang='lat' dir='ltr'><strong>culpam</strong></span> <span class='ocrx_word' id='word_1_344' title='bbox 1518 2847 1845 2903; x_wconf 85' lang='lat' dir='ltr'><strong>admisisset.</strong></span> <span class='ocrx_word' id='word_1_345' title='bbox 1904 2845 2001 2903; x_wconf 89' lang='lat' dir='ltr'><strong>Se-</strong></span> 
     </span>
    </p>
   </div>
   <div class='ocr_carea' id='block_1_45' title="bbox 413 2948 642 3020">
    <p class='ocr_par' dir='ltr' id='par_1_45' title="bbox 413 2948 642 3020">
     <span class='ocr_line' id='line_1_45' title="bbox 413 2948 642 3020; baseline -0.004 -16"><span class='ocrx_word' id='word_1_346' title='bbox 413 2948 598 3020; x_wconf 90' lang='lat' dir='ltr'><strong>quitur</strong></span> <span class='ocrx_word' id='word_1_347' title='bbox 628 2964 642 3003; x_wconf 89' lang='lat'><strong>:</strong></span> 
     </span>
    </p>
   </div>
   <div class='ocr_carea' id='block_1_46' title="bbox 480 3031 1998 3113">
    <p class='ocr_par' dir='ltr' id='par_1_46' title="bbox 480 3031 1998 3113">
     <span class='ocr_line' id='line_1_46' title="bbox 480 3031 1998 3113; baseline -0.005 -19"><span class='ocrx_word' id='word_1_348' title='bbox 480 3041 649 3113; x_wconf 80' lang='lat' dir='ltr'><strong>(xm,</strong></span> <span class='ocrx_word' id='word_1_349' title='bbox 691 3036 820 3111; x_wconf 74' lang='lat'><strong>2|.)</strong></span> <span class='ocrx_word' id='word_1_350' title='bbox 871 3055 890 3089; x_wconf 73' lang='grc' dir='ltr'><strong>ι</strong></span> <span class='ocrx_word' id='word_1_351' title='bbox 936 3034 1066 3091; x_wconf 64' lang='lat' dir='ltr'><strong>Haec</strong></span> <span class='ocrx_word' id='word_1_352' title='bbox 1109 3033 1129 3074; x_wconf 72' lang='grc' dir='ltr'><strong>ί</strong></span> <span class='ocrx_word' id='word_1_353' title='bbox 1167 3033 1292 3089; x_wconf 86' lang='lat' dir='ltr'><strong>dicit</strong></span> <span class='ocrx_word' id='word_1_354' title='bbox 1328 3033 1618 3100; x_wconf 86' lang='lat' dir='ltr'><strong>Dominus,</strong></span> <span class='ocrx_word' id='word_1_355' title='bbox 1655 3032 1779 3104; x_wconf 84' lang='lat' dir='ltr'><strong>quia</strong></span> <span class='ocrx_word' id='word_1_356' title='bbox 1817 3031 1998 3087; x_wconf 85' lang='lat' dir='ltr'><strong>inobe-</strong></span> 
     </span>
    </p>
   </div>
   <div class='ocr_carea' id='block_1_47' title="bbox 408 3124 1994 3200">
    <p class='ocr_par' dir='ltr' id='par_1_47' title="bbox 408 3124 1994 3200">
     <span class='ocr_line' id='line_1_47' title="bbox 408 3124 1994 3200; baseline -0.004 -16"><span class='ocrx_word' id='word_1_357' title='bbox 408 3129 556 3184; x_wconf 75' lang='lat' dir='ltr'><strong>diem</strong></span> <span class='ocrx_word' id='word_1_358' title='bbox 586 3128 734 3200; x_wconf 80' lang='lat' dir='ltr'><strong>fuisti</strong></span> <span class='ocrx_word' id='word_1_359' title='bbox 754 3127 835 3182; x_wconf 88' lang='lat' dir='ltr'><strong>ori</strong></span> <span class='ocrx_word' id='word_1_360' title='bbox 863 3126 1100 3192; x_wconf 78' lang='lat' dir='ltr'><strong>Domini,</strong></span> <span class='ocrx_word' id='word_1_361' title='bbox 1131 3134 1181 3180; x_wconf 90' lang='lat' dir='ltr'><strong>et</strong></span> <span class='ocrx_word' id='word_1_362' title='bbox 1217 3141 1321 3179; x_wconf 84' lang='lat' dir='ltr'><strong>non</strong></span> <span class='ocrx_word' id='word_1_363' title='bbox 1357 3124 1630 3178; x_wconf 83' lang='lat' dir='ltr'><strong>custodisti</strong></span> <span class='ocrx_word' id='word_1_364' title='bbox 1664 3124 1994 3190; x_wconf 85' lang='lat' dir='ltr'><strong>mandatum,</strong></span> 
     </span>
    </p>
   </div>
   <div class='ocr_carea' id='block_1_48' title="bbox 2092 1912 3707 1986">
    <p class='ocr_par' dir='ltr' id='par_1_48' title="bbox 2092 1912 3707 1986">
     <span class='ocr_line' id='line_1_48' title="bbox 2092 1912 3707 1986; baseline 0.002 -18"><span class='ocrx_word' id='word_1_365' title='bbox 2092 1923 2387 1979; x_wconf 87' lang='lat' dir='ltr'><strong>numento,</strong></span> <span class='ocrx_word' id='word_1_366' title='bbox 2415 1913 2510 1970; x_wconf 89' lang='lat' dir='ltr'><strong>ubi</strong></span> <span class='ocrx_word' id='word_1_367' title='bbox 2546 1912 2764 1983; x_wconf 89' lang='lat' dir='ltr'><strong>jacebat</strong></span> <span class='ocrx_word' id='word_1_368' title='bbox 2790 1913 3086 1984; x_wconf 88' lang='lat' dir='ltr'><strong>Propheta,</strong></span> <span class='ocrx_word' id='word_1_369' title='bbox 3110 1913 3203 1986; x_wconf 90' lang='lat' dir='ltr'><strong>qui</strong></span> <span class='ocrx_word' id='word_1_370' title='bbox 3226 1923 3352 1968; x_wconf 88' lang='lat' dir='ltr'><strong>ante</strong></span> <span class='ocrx_word' id='word_1_371' title='bbox 3383 1929 3558 1969; x_wconf 90' lang='lat' dir='ltr'><strong>annos</strong></span> <span class='ocrx_word' id='word_1_372' title='bbox 3588 1931 3707 1971; x_wconf 89' lang='lat' dir='ltr'><strong>am-</strong></span> 
     </span>
    </p>
   </div>
   <div class='ocr_carea' id='block_1_49' title="bbox 2101 2005 3706 2078">
    <p class='ocr_par' dir='ltr' id='par_1_49' title="bbox 2101 2005 3706 2078">
     <span class='ocr_line' id='line_1_49' title="bbox 2101 2005 3706 2078; baseline 0.004 -19"><span class='ocrx_word' id='word_1_373' title='bbox 2101 2005 2243 2076; x_wconf 90' lang='lat' dir='ltr'><strong>plius</strong></span> <span class='ocrx_word' id='word_1_374' title='bbox 2268 2014 2655 2076; x_wconf 90' lang='lat' dir='ltr'><strong>quaterccntos</strong></span> <span class='ocrx_word' id='word_1_375' title='bbox 2681 2007 2785 2062; x_wconf 90' lang='lat' dir='ltr'><strong>ista</strong></span> <span class='ocrx_word' id='word_1_376' title='bbox 2811 2007 3124 2077; x_wconf 80' lang='lat' dir='ltr'><strong>predixerat</strong></span> <span class='ocrx_word' id='word_1_377' title='bbox 3151 2026 3165 2062; x_wconf 87' lang='lat'><strong>:</strong></span> <span class='ocrx_word' id='word_1_378' title='bbox 3195 2015 3250 2063; x_wconf 92' lang='lat' dir='ltr'><strong>et</strong></span> <span class='ocrx_word' id='word_1_379' title='bbox 3276 2016 3499 2078; x_wconf 88' lang='lat' dir='ltr'><strong>propter</strong></span> <span class='ocrx_word' id='word_1_380' title='bbox 3521 2009 3706 2078; x_wconf 85' lang='lat' dir='ltr'><strong>ipsum</strong></span> 
     </span>
    </p>
   </div>
   <div class='ocr_carea' id='block_1_50' title="bbox 2102 2089 3700 2170">
    <p class='ocr_par' dir='ltr' id='par_1_50' title="bbox 2102 2089 3700 2170">
     <span class='ocr_line' id='line_1_50' title="bbox 2102 2089 3700 2170; baseline 0.003 -18"><span class='ocrx_word' id='word_1_381' title='bbox 2102 2113 2204 2154; x_wconf 89' lang='lat' dir='ltr'><strong>nec</strong></span> <span class='ocrx_word' id='word_1_382' title='bbox 2233 2097 2398 2165; x_wconf 91' lang='lat' dir='ltr'><strong>illius,</strong></span> <span class='ocrx_word' id='word_1_383' title='bbox 2429 2099 2524 2168; x_wconf 90' lang='lat' dir='ltr'><strong>qui</strong></span> <span class='ocrx_word' id='word_1_384' title='bbox 2550 2113 2674 2154; x_wconf 91' lang='lat' dir='ltr'><strong>eum</strong></span> <span class='ocrx_word' id='word_1_385' title='bbox 2704 2089 3008 2164; x_wconf 80' lang='lat' dir='ltr'><strong>seduxerat,</strong></span> <span class='ocrx_word' id='word_1_386' title='bbox 3051 2099 3331 2170; x_wconf 89' lang='lat' dir='ltr'><strong>sepultura</strong></span> <span class='ocrx_word' id='word_1_387' title='bbox 3362 2099 3568 2154; x_wconf 88' lang='lat' dir='ltr'><strong>violata</strong></span> <span class='ocrx_word' id='word_1_388' title='bbox 3594 2113 3700 2156; x_wconf 86' lang='lat' dir='ltr'><strong>est.</strong></span> 
     </span>
    </p>
   </div>
   <div class='ocr_carea' id='block_1_51' title="bbox 2101 2187 3703 2262">
    <p class='ocr_par' dir='ltr' id='par_1_51' title="bbox 2101 2187 3703 2262">
     <span class='ocr_line' id='line_1_51' title="bbox 2101 2187 3703 2262; baseline 0.002 -18"><span class='ocrx_word' id='word_1_389' title='bbox 2101 2187 2311 2245; x_wconf 83' lang='lat' dir='ltr'><strong>Affectu</strong></span> <span class='ocrx_word' id='word_1_390' title='bbox 2339 2205 2572 2261; x_wconf 89' lang='lat' dir='ltr'><strong>namque</strong></span> <span class='ocrx_word' id='word_1_391' title='bbox 2600 2189 2692 2245; x_wconf 94' lang='lat' dir='ltr'><strong>illo</strong></span> <span class='ocrx_word' id='word_1_392' title='bbox 2721 2188 2882 2262; x_wconf 85' lang='lat' dir='ltr'><strong>(Eph.</strong></span> <span class='ocrx_word' id='word_1_393' title='bbox 2907 2205 2963 2256; x_wconf 91' lang='lat' dir='ltr'><strong>v,</strong></span> <span class='ocrx_word' id='word_1_394' title='bbox 2995 2189 3107 2259; x_wconf 76' lang='lat'><strong>29),</strong></span> <span class='ocrx_word' id='word_1_395' title='bbox 3136 2204 3244 2260; x_wconf 87' lang='lat' dir='ltr'><strong>quo</strong></span> <span class='ocrx_word' id='word_1_396' title='bbox 3269 2205 3431 2246; x_wconf 89' lang='lat' dir='ltr'><strong>nemo</strong></span> <span class='ocrx_word' id='word_1_397' title='bbox 3459 2206 3703 2261; x_wconf 84' lang='lat' dir='ltr'><strong>unquam</strong></span> 
     </span>
    </p>
   </div>
   <div class='ocr_carea' id='block_1_52' title="bbox 2103 2282 3703 2354">
    <p class='ocr_par' dir='ltr' id='par_1_52' title="bbox 2103 2282 3703 2354">
     <span class='ocr_line' id='line_1_52' title="bbox 2103 2282 3703 2354; baseline 0 -15"><span class='ocrx_word' id='word_1_398' title='bbox 2103 2298 2322 2340; x_wconf 89' lang='lat' dir='ltr'><strong>carnem</strong></span> <span class='ocrx_word' id='word_1_399' title='bbox 2367 2298 2519 2338; x_wconf 90' lang='lat' dir='ltr'><strong>suam</strong></span> <span class='ocrx_word' id='word_1_400' title='bbox 2549 2282 2675 2338; x_wconf 89' lang='lat' dir='ltr'><strong>odio</strong></span> <span class='ocrx_word' id='word_1_401' title='bbox 2720 2283 2908 2350; x_wconf 86' lang='lat' dir='ltr'><strong>habet,</strong></span> <span class='ocrx_word' id='word_1_402' title='bbox 2943 2283 3255 2354; x_wconf 89' lang='lat' dir='ltr'><strong>providerat</strong></span> <span class='ocrx_word' id='word_1_403' title='bbox 3299 2283 3554 2339; x_wconf 81' lang='lat' dir='ltr'><strong>cadaveri</strong></span> <span class='ocrx_word' id='word_1_404' title='bbox 3602 2299 3703 2339; x_wconf 91' lang='lat' dir='ltr'><strong>suo</strong></span> 
     </span>
    </p>
   </div>
   <div class='ocr_carea' id='block_1_53' title="bbox 2102 2375 3703 2447">
    <p class='ocr_par' dir='ltr' id='par_1_53' title="bbox 2102 2375 3703 2447">
     <span class='ocr_line' id='line_1_53' title="bbox 2102 2375 3703 2447; baseline 0.001 -18"><span class='ocrx_word' id='word_1_405' title='bbox 2102 2376 2195 2447; x_wconf 91' lang='lat' dir='ltr'><strong>qui</strong></span> <span class='ocrx_word' id='word_1_406' title='bbox 2221 2375 2501 2431; x_wconf 84' lang='lat' dir='ltr'><strong>occiderat</strong></span> <span class='ocrx_word' id='word_1_407' title='bbox 2529 2375 2813 2431; x_wconf 90' lang='lat' dir='ltr'><strong>mendacio</strong></span> <span class='ocrx_word' id='word_1_408' title='bbox 2854 2375 3092 2430; x_wconf 88' lang='lat' dir='ltr'><strong>animam</strong></span> <span class='ocrx_word' id='word_1_409' title='bbox 3133 2390 3309 2431; x_wconf 91' lang='lat' dir='ltr'><strong>suam.</strong></span> <span class='ocrx_word' id='word_1_410' title='bbox 3352 2375 3572 2432; x_wconf 73' lang='lat' dir='ltr'><strong>Ex-boc</strong></span> <span class='ocrx_word' id='word_1_411' title='bbox 3602 2376 3703 2447; x_wconf 78' lang='lat' dir='ltr'><strong>igi-</strong></span> 
     </span>
    </p>
   </div>
   <div class='ocr_carea' id='block_1_54' title="bbox 2101 2467 3698 2540">
    <p class='ocr_par' dir='ltr' id='par_1_54' title="bbox 2101 2467 3698 2540">
     <span class='ocr_line' id='line_1_54' title="bbox 2101 2467 3698 2540; baseline -0.001 -16"><span class='ocrx_word' id='word_1_412' title='bbox 2101 2477 2210 2536; x_wconf 89' lang='lat' dir='ltr'><strong>tur,</strong></span> <span class='ocrx_word' id='word_1_413' title='bbox 2244 2469 2388 2539; x_wconf 87' lang='lat' dir='ltr'><strong>quod</strong></span> <span class='ocrx_word' id='word_1_414' title='bbox 2433 2483 2653 2524; x_wconf 88' lang='lat' dir='ltr'><strong>carnem</strong></span> <span class='ocrx_word' id='word_1_415' title='bbox 2685 2484 2840 2524; x_wconf 91' lang='lat' dir='ltr'><strong>suam</strong></span> <span class='ocrx_word' id='word_1_416' title='bbox 2867 2467 3099 2540; x_wconf 89' lang='lat' dir='ltr'><strong>quisque</strong></span> <span class='ocrx_word' id='word_1_417' title='bbox 3147 2467 3470 2523; x_wconf 86' lang='lat' dir='ltr'><strong>naturaliter</strong></span> <span class='ocrx_word' id='word_1_418' title='bbox 3497 2468 3698 2540; x_wconf 76' lang='lat' dir='ltr'><strong>diligit,</strong></span> 
     </span>
    </p>
   </div>
   <div class='ocr_carea' id='block_1_55' title="bbox 2102 2565 3702 2637">
    <p class='ocr_par' dir='ltr' id='par_1_55' title="bbox 2102 2565 3702 2637">
     <span class='ocr_line' id='line_1_55' title="bbox 2102 2565 3702 2637; baseline 0.002 -16"><span class='ocrx_word' id='word_1_419' title='bbox 2102 2573 2156 2621; x_wconf 91' lang='lat' dir='ltr'><strong>et</strong></span> <span class='ocrx_word' id='word_1_420' title='bbox 2179 2565 2256 2620; x_wconf 91' lang='lat' dir='ltr'><strong>illi</strong></span> <span class='ocrx_word' id='word_1_421' title='bbox 2285 2579 2447 2637; x_wconf 70' lang='lat' dir='ltr'><strong>paena</strong></span> <span class='ocrx_word' id='word_1_422' title='bbox 2477 2565 2579 2621; x_wconf 91' lang='lat' dir='ltr'><strong>fuit</strong></span> <span class='ocrx_word' id='word_1_423' title='bbox 2606 2565 2908 2632; x_wconf 88' lang='lat' dir='ltr'><strong>addiscere,</strong></span> <span class='ocrx_word' id='word_1_424' title='bbox 2943 2581 3052 2621; x_wconf 90' lang='lat' dir='ltr'><strong>non</strong></span> <span class='ocrx_word' id='word_1_425' title='bbox 3087 2581 3213 2622; x_wconf 90' lang='lat' dir='ltr'><strong>eum</strong></span> <span class='ocrx_word' id='word_1_426' title='bbox 3247 2567 3491 2622; x_wconf 90' lang='lat' dir='ltr'><strong>futurum</strong></span> <span class='ocrx_word' id='word_1_427' title='bbox 3519 2568 3578 2622; x_wconf 89' lang='lat' dir='ltr'><strong>in</strong></span> <span class='ocrx_word' id='word_1_428' title='bbox 3615 2585 3702 2624; x_wconf 84' lang='lat' dir='ltr'><strong>se-</strong></span> 
     </span>
    </p>
   </div>
   <div class='ocr_carea' id='block_1_56' title="bbox 2099 2652 3702 2732">
    <p class='ocr_par' dir='ltr' id='par_1_56' title="bbox 2099 2652 3702 2732">
     <span class='ocr_line' id='line_1_56' title="bbox 2099 2652 3702 2732; baseline 0.001 -18"><span class='ocrx_word' id='word_1_429' title='bbox 2099 2658 2329 2730; x_wconf 88' lang='lat' dir='ltr'><strong>pulchro</strong></span> <span class='ocrx_word' id='word_1_430' title='bbox 2356 2667 2573 2729; x_wconf 88' lang='lat' dir='ltr'><strong>patrum</strong></span> <span class='ocrx_word' id='word_1_431' title='bbox 2600 2674 2847 2726; x_wconf 90' lang='lat' dir='ltr'><strong>suorum,</strong></span> <span class='ocrx_word' id='word_1_432' title='bbox 2879 2667 2934 2714; x_wconf 92' lang='lat' dir='ltr'><strong>et</strong></span> <span class='ocrx_word' id='word_1_433' title='bbox 2959 2652 3087 2714; x_wconf 87' lang='lat' dir='ltr'><strong>liuic</strong></span> <span class='ocrx_word' id='word_1_434' title='bbox 3113 2674 3243 2714; x_wconf 88' lang='lat' dir='ltr'><strong>cura</strong></span> <span class='ocrx_word' id='word_1_435' title='bbox 3270 2659 3614 2732; x_wconf 79' lang='lat' dir='ltr'><strong>prospicere,</strong></span> <span class='ocrx_word' id='word_1_436' title='bbox 3639 2669 3702 2716; x_wconf 93' lang='lat' dir='ltr'><strong>ut</strong></span> 
     </span>
    </p>
   </div>
   <div class='ocr_carea' id='block_1_57' title="bbox 2099 2750 3699 2824">
    <p class='ocr_par' dir='ltr' id='par_1_57' title="bbox 2099 2750 3699 2824">
     <span class='ocr_line' id='line_1_57' title="bbox 2099 2750 3699 2824; baseline 0.003 -19"><span class='ocrx_word' id='word_1_437' title='bbox 2099 2759 2419 2823; x_wconf 90' lang='lat' dir='ltr'><strong>parceretur</strong></span> <span class='ocrx_word' id='word_1_438' title='bbox 2443 2751 2657 2808; x_wconf 88' lang='lat' dir='ltr'><strong>ossibus</strong></span> <span class='ocrx_word' id='word_1_439' title='bbox 2699 2751 2834 2818; x_wconf 89' lang='lat' dir='ltr'><strong>suis,</strong></span> <span class='ocrx_word' id='word_1_440' title='bbox 2863 2751 2909 2806; x_wconf 89' lang='lat' dir='ltr'><strong>si</strong></span> <span class='ocrx_word' id='word_1_441' title='bbox 2935 2750 3092 2822; x_wconf 64' lang='lat' dir='ltr'><strong>justa</strong></span> <span class='ocrx_word' id='word_1_442' title='bbox 3116 2767 3239 2806; x_wconf 91' lang='lat' dir='ltr'><strong>eum</strong></span> <span class='ocrx_word' id='word_1_443' title='bbox 3262 2750 3497 2820; x_wconf 87' lang='lat' dir='ltr'><strong>jaceret,</strong></span> <span class='ocrx_word' id='word_1_444' title='bbox 3543 2753 3699 2824; x_wconf 89' lang='lat' dir='ltr'><strong>cujus</strong></span> 
     </span>
    </p>
   </div>
   <div class='ocr_carea' id='block_1_58' title="bbox 2100 2842 3700 2919">
    <p class='ocr_par' dir='ltr' id='par_1_58' title="bbox 2100 2842 3700 2919">
     <span class='ocr_line' id='line_1_58' title="bbox 2100 2842 3700 2919; baseline 0.003 -21"><span class='ocrx_word' id='word_1_445' title='bbox 2100 2843 2448 2914; x_wconf 90' lang='lat' dir='ltr'><strong>sepulchrum</strong></span> <span class='ocrx_word' id='word_1_446' title='bbox 2484 2859 2645 2900; x_wconf 91' lang='lat' dir='ltr'><strong>nemo</strong></span> <span class='ocrx_word' id='word_1_447' title='bbox 2670 2842 2917 2900; x_wconf 86' lang='lat' dir='ltr'><strong>violaret.</strong></span> <span class='ocrx_word' id='word_1_448' title='bbox 2958 2843 3114 2900; x_wconf 90' lang='lat' dir='ltr'><strong>Hunc</strong></span> <span class='ocrx_word' id='word_1_449' title='bbox 3139 2843 3393 2900; x_wconf 79' lang='lat' dir='ltr'><strong>affectum</strong></span> <span class='ocrx_word' id='word_1_450' title='bbox 3420 2855 3700 2919; x_wconf 80' lang='lat' dir='ltr'><strong>martyres</strong></span> 
     </span>
    </p>
   </div>
   <div class='ocr_carea' id='block_1_59' title="bbox 2099 2933 3696 3009">
    <p class='ocr_par' dir='ltr' id='par_1_59' title="bbox 2099 2933 3696 3009">
     <span class='ocr_line' id='line_1_59' title="bbox 2099 2933 3696 3009; baseline 0.002 -17"><span class='ocrx_word' id='word_1_451' title='bbox 2099 2937 2301 2992; x_wconf 87' lang='lat' dir='ltr'><strong>Christi</strong></span> <span class='ocrx_word' id='word_1_452' title='bbox 2343 2946 2618 2993; x_wconf 87' lang='lat' dir='ltr'><strong>certantes</strong></span> <span class='ocrx_word' id='word_1_453' title='bbox 2641 2953 2743 3009; x_wconf 88' lang='lat' dir='ltr'><strong>pro</strong></span> <span class='ocrx_word' id='word_1_454' title='bbox 2769 2938 3024 3005; x_wconf 87' lang='lat' dir='ltr'><strong>veritate,</strong></span> <span class='ocrx_word' id='word_1_455' title='bbox 3050 2939 3320 2994; x_wconf 87' lang='lat' dir='ltr'><strong>vicerunt.</strong></span> <span class='ocrx_word' id='word_1_456' title='bbox 3351 2933 3465 2994; x_wconf 84' lang='lat' dir='ltr'><strong>Nec</strong></span> <span class='ocrx_word' id='word_1_457' title='bbox 3495 2939 3696 2995; x_wconf 88' lang='lat' dir='ltr'><strong>mirum</strong></span> 
     </span>
    </p>
   </div>
   <div class='ocr_carea' id='block_1_60' title="bbox 2099 3027 3698 3102">
    <p class='ocr_par' dir='ltr' id='par_1_60' title="bbox 2099 3027 3698 3102">
     <span class='ocr_line' id='line_1_60' title="bbox 2099 3027 3698 3102; baseline 0.003 -20"><span class='ocrx_word' id='word_1_458' title='bbox 2099 3029 2245 3099; x_wconf 90' lang='lat' dir='ltr'><strong>quod</strong></span> <span class='ocrx_word' id='word_1_459' title='bbox 2299 3036 2779 3099; x_wconf 90' lang='lat' dir='ltr'><strong>contempserunt,</strong></span> <span class='ocrx_word' id='word_1_460' title='bbox 2833 3029 2978 3102; x_wconf 88' lang='lat' dir='ltr'><strong>quod</strong></span> <span class='ocrx_word' id='word_1_461' title='bbox 3033 3043 3143 3085; x_wconf 92' lang='lat' dir='ltr'><strong>non</strong></span> <span class='ocrx_word' id='word_1_462' title='bbox 3197 3027 3415 3084; x_wconf 87' lang='lat' dir='ltr'><strong>fuerant</strong></span> <span class='ocrx_word' id='word_1_463' title='bbox 3470 3039 3698 3099; x_wconf 80' lang='lat' dir='ltr'><strong>peracta</strong></span> 
     </span>
    </p>
   </div>
   <div class='ocr_carea' id='block_1_61' title="bbox 2100 3120 3700 3192">
    <p class='ocr_par' dir='ltr' id='par_1_61' title="bbox 2100 3120 3700 3192">
     <span class='ocr_line' id='line_1_61' title="bbox 2100 3120 3700 3192; baseline 0.002 -18"><span class='ocrx_word' id='word_1_464' title='bbox 2100 3128 2276 3176; x_wconf 89' lang='lat' dir='ltr'><strong>morte</strong></span> <span class='ocrx_word' id='word_1_465' title='bbox 2300 3120 2552 3187; x_wconf 88' lang='lat' dir='ltr'><strong>sensuri,</strong></span> <span class='ocrx_word' id='word_1_466' title='bbox 2584 3120 2677 3190; x_wconf 92' lang='lat' dir='ltr'><strong>qui</strong></span> <span class='ocrx_word' id='word_1_467' title='bbox 2703 3136 2811 3176; x_wconf 93' lang='lat' dir='ltr'><strong>non</strong></span> <span class='ocrx_word' id='word_1_468' title='bbox 2838 3129 3132 3192; x_wconf 90' lang='lat' dir='ltr'><strong>potuerunt</strong></span> <span class='ocrx_word' id='word_1_469' title='bbox 3156 3121 3255 3188; x_wconf 91' lang='lat' dir='ltr'><strong>eis,</strong></span> <span class='ocrx_word' id='word_1_470' title='bbox 3285 3136 3421 3192; x_wconf 91' lang='lat' dir='ltr'><strong>quos</strong></span> <span class='ocrx_word' id='word_1_471' title='bbox 3447 3121 3700 3178; x_wconf 81' lang='lat' dir='ltr'><strong>viventes</strong></span> 
     </span>
    </p>
   </div>
   <div class='ocr_carea' id='block_1_62' title="bbox 407 3183 3696 3294">
    <p class='ocr_par' dir='ltr' id='par_1_62' title="bbox 407 3183 3696 3294">
     <span class='ocr_line' id='line_1_62' title="bbox 407 3183 3696 3294; baseline -0.002 -18"><span class='ocrx_word' id='word_1_472' title='bbox 407 3221 546 3294; x_wconf 84' lang='lat' dir='ltr'><strong>quod</strong></span> <span class='ocrx_word' id='word_1_473' title='bbox 583 3183 827 3293; x_wconf 60' lang='lat' dir='ltr'><strong>praecepit</strong></span> <span class='ocrx_word' id='word_1_474' title='bbox 865 3215 966 3273; x_wconf 76' lang='lat' dir='ltr'><strong>tibi</strong></span> <span class='ocrx_word' id='word_1_475' title='bbox 997 3183 1256 3272; x_wconf 67' lang='lat' dir='ltr'><strong>Dominus</strong></span> <span class='ocrx_word' id='word_1_476' title='bbox 1296 3215 1440 3270; x_wconf 88' lang='lat' dir='ltr'><strong>Deus</strong></span> <span class='ocrx_word' id='word_1_477' title='bbox 1481 3227 1625 3282; x_wconf 86' lang='lat' dir='ltr'><strong>tuus,</strong></span> <span class='ocrx_word' id='word_1_478' title='bbox 1672 3225 1722 3272; x_wconf 88' lang='lat' dir='ltr'><strong>et</strong></span> <span class='ocrx_word' id='word_1_479' title='bbox 1766 3233 1997 3272; x_wconf 83' lang='lat' dir='ltr'><strong>reversus</strong></span> <span class='ocrx_word' id='word_1_480' title='bbox 2025 3183 2070 3247; x_wconf 66' lang='grc' dir='ltr'>Ο</span> <span class='ocrx_word' id='word_1_481' title='bbox 2102 3211 2428 3280; x_wconf 84' lang='lat' dir='ltr'><strong>sentiebant,</strong></span> <span class='ocrx_word' id='word_1_482' title='bbox 2475 3211 2804 3270; x_wconf 89' lang='lat' dir='ltr'><strong>cruciatibus</strong></span> <span class='ocrx_word' id='word_1_483' title='bbox 2831 3183 2994 3268; x_wconf 69' lang='lat' dir='ltr'><strong>vinci.</strong></span> <span class='ocrx_word' id='word_1_484' title='bbox 3042 3213 3264 3270; x_wconf 88' lang='lat' dir='ltr'><strong>Poterat</strong></span> <span class='ocrx_word' id='word_1_485' title='bbox 3295 3183 3484 3284; x_wconf 74' lang='lat' dir='ltr'><strong>utique</strong></span> <span class='ocrx_word' id='word_1_486' title='bbox 3522 3214 3696 3282; x_wconf 83' lang='lat' dir='ltr'><strong>Deus,</strong></span> 
     </span>
    </p>
   </div>
   <div class='ocr_carea' id='block_1_63' title="bbox 407 3306 2000 3384">
    <p class='ocr_par' dir='ltr' id='par_1_63' title="bbox 407 3306 2000 3384">
     <span class='ocr_line' id='line_1_63' title="bbox 407 3306 2000 3384; baseline -0.004 -16"><span class='ocrx_word' id='word_1_487' title='bbox 407 3329 482 3378; x_wconf 86' lang='lat' dir='ltr'><strong>es,</strong></span> <span class='ocrx_word' id='word_1_488' title='bbox 517 3321 564 3367; x_wconf 91' lang='lat' dir='ltr'><strong>et</strong></span> <span class='ocrx_word' id='word_1_489' title='bbox 599 3309 870 3384; x_wconf 79' lang='lat' dir='ltr'><strong>comedisti</strong></span> <span class='ocrx_word' id='word_1_490' title='bbox 911 3321 1131 3380; x_wconf 79' lang='lat' dir='ltr'><strong>panem,</strong></span> <span class='ocrx_word' id='word_1_491' title='bbox 1171 3317 1219 3362; x_wconf 88' lang='lat' dir='ltr'><strong>et</strong></span> <span class='ocrx_word' id='word_1_492' title='bbox 1257 3306 1428 3361; x_wconf 88' lang='lat' dir='ltr'><strong>bibisti</strong></span> <span class='ocrx_word' id='word_1_493' title='bbox 1465 3323 1658 3379; x_wconf 84' lang='lat' dir='ltr'><strong>aquam</strong></span> <span class='ocrx_word' id='word_1_494' title='bbox 1687 3308 1743 3362; x_wconf 87' lang='lat' dir='ltr'><strong>in</strong></span> <span class='ocrx_word' id='word_1_495' title='bbox 1779 3307 1911 3375; x_wconf 90' lang='lat' dir='ltr'><strong>loco,</strong></span> <span class='ocrx_word' id='word_1_496' title='bbox 1943 3309 2000 3362; x_wconf 86' lang='lat' dir='ltr'><strong>in</strong></span> 
     </span>
    </p>
   </div>
   <div class='ocr_carea' id='block_1_64' title="bbox 408 3399 2000 3476">
    <p class='ocr_par' dir='ltr' id='par_1_64' title="bbox 408 3399 2000 3476">
     <span class='ocr_line' id='line_1_64' title="bbox 408 3399 2000 3476; baseline -0.001 -18"><span class='ocrx_word' id='word_1_497' title='bbox 408 3419 512 3476; x_wconf 85' lang='lat' dir='ltr'><strong>quo</strong></span> <span class='ocrx_word' id='word_1_498' title='bbox 547 3403 790 3474; x_wconf 65' lang='lat' dir='ltr'><strong>praecepit</strong></span> <span class='ocrx_word' id='word_1_499' title='bbox 819 3401 911 3456; x_wconf 87' lang='lat' dir='ltr'><strong>tibi</strong></span> <span class='ocrx_word' id='word_1_500' title='bbox 937 3417 1000 3455; x_wconf 84' lang='lat' dir='ltr'><strong>ne</strong></span> <span class='ocrx_word' id='word_1_501' title='bbox 1036 3399 1329 3456; x_wconf 83' lang='lat' dir='ltr'><strong>comederes</strong></span> <span class='ocrx_word' id='word_1_502' title='bbox 1361 3416 1579 3470; x_wconf 85' lang='lat' dir='ltr'><strong>panem,</strong></span> <span class='ocrx_word' id='word_1_503' title='bbox 1610 3417 1775 3473; x_wconf 84' lang='lat' dir='ltr'><strong>neque</strong></span> <span class='ocrx_word' id='word_1_504' title='bbox 1805 3402 2000 3457; x_wconf 84' lang='lat' dir='ltr'><strong>biberes</strong></span> 
     </span>
    </p>
   </div>
   <div class='ocr_carea' id='block_1_65' title="bbox 408 3491 2001 3567">
    <p class='ocr_par' dir='ltr' id='par_1_65' title="bbox 408 3491 2001 3567">
     <span class='ocr_line' id='line_1_65' title="bbox 408 3491 2001 3567; baseline -0.001 -18"><span class='ocrx_word' id='word_1_505' title='bbox 408 3511 632 3567; x_wconf 83' lang='lat' dir='ltr'><strong>aquam,</strong></span> <span class='ocrx_word' id='word_1_506' title='bbox 662 3509 766 3547; x_wconf 85' lang='lat' dir='ltr'><strong>non</strong></span> <span class='ocrx_word' id='word_1_507' title='bbox 795 3491 1047 3562; x_wconf 84' lang='lat' dir='ltr'><strong>inferetur</strong></span> <span class='ocrx_word' id='word_1_508' title='bbox 1072 3491 1297 3545; x_wconf 85' lang='lat' dir='ltr'><strong>cadaver</strong></span> <span class='ocrx_word' id='word_1_509' title='bbox 1350 3501 1498 3544; x_wconf 89' lang='lat' dir='ltr'><strong>tuum</strong></span> <span class='ocrx_word' id='word_1_510' title='bbox 1541 3491 1598 3545; x_wconf 89' lang='lat' dir='ltr'><strong>in</strong></span> <span class='ocrx_word' id='word_1_511' title='bbox 1635 3491 1872 3564; x_wconf 85' lang='lat' dir='ltr'><strong>sepulcro</strong></span> <span class='ocrx_word' id='word_1_512' title='bbox 1910 3509 2001 3564; x_wconf 84' lang='lat' dir='ltr'><strong>pa-</strong></span> 
     </span>
    </p>
   </div>
   <div class='ocr_carea' id='block_1_66' title="bbox 411 3584 1158 3655">
    <p class='ocr_par' dir='ltr' id='par_1_66' title="bbox 411 3584 1158 3655">
     <span class='ocr_line' id='line_1_66' title="bbox 411 3584 1158 3655; baseline -0.007 -12"><span class='ocrx_word' id='word_1_513' title='bbox 411 3599 555 3643; x_wconf 28' lang='lat' dir='ltr'><strong>trum,</strong></span> <span class='ocrx_word' id='word_1_514' title='bbox 572 3597 784 3642; x_wconf 81' lang='lat' dir='ltr'><strong>tuorum</strong></span> <span class='ocrx_word' id='word_1_515' title='bbox 805 3627 819 3653; x_wconf 91' lang='lat'><strong>,</strong></span> <span class='ocrx_word' id='word_1_516' title='bbox 851 3593 905 3640; x_wconf 88' lang='lat' dir='ltr'><strong>et</strong></span> <span class='ocrx_word' id='word_1_517' title='bbox 931 3584 1158 3655; x_wconf 87' lang='lat' dir='ltr'><strong>reliqua.</strong></span> 
     </span>
    </p>
   </div>
   <div class='ocr_carea' id='block_1_67' title="bbox 488 3674 1997 3749">
    <p class='ocr_par' dir='ltr' id='par_1_67' title="bbox 488 3674 1997 3749">
     <span class='ocr_line' id='line_1_67' title="bbox 488 3674 1997 3749; baseline 0.001 -19"><span class='ocrx_word' id='word_1_518' title='bbox 488 3697 506 3730; x_wconf 77' lang='grc' dir='ltr'><strong>ι</strong></span> <span class='ocrx_word' id='word_1_519' title='bbox 545 3678 742 3746; x_wconf 88' lang='lat' dir='ltr'><strong>Quanti</strong></span> <span class='ocrx_word' id='word_1_520' title='bbox 785 3679 900 3734; x_wconf 75' lang='lat' dir='ltr'><strong>haec</strong></span> <span class='ocrx_word' id='word_1_521' title='bbox 937 3690 1105 3749; x_wconf 72' lang='lat' dir='ltr'><strong>paena</strong></span> <span class='ocrx_word' id='word_1_522' title='bbox 1152 3675 1436 3748; x_wconf 91' lang='lat' dir='ltr'><strong>pendenda</strong></span> <span class='ocrx_word' id='word_1_523' title='bbox 1477 3675 1568 3743; x_wconf 91' lang='lat' dir='ltr'><strong>sit,</strong></span> <span class='ocrx_word' id='word_1_524' title='bbox 1610 3674 1656 3730; x_wconf 90' lang='lat' dir='ltr'><strong>si</strong></span> <span class='ocrx_word' id='word_1_525' title='bbox 1701 3674 1997 3731; x_wconf 90' lang='lat' dir='ltr'><strong>secundum</strong></span> 
     </span>
    </p>
   </div>
   <div class='ocr_carea' id='block_1_68' title="bbox 407 3768 1997 3844">
    <p class='ocr_par' dir='ltr' id='par_1_68' title="bbox 407 3768 1997 3844">
     <span class='ocr_line' id='line_1_68' title="bbox 407 3768 1997 3844; baseline -0.003 -16"><span class='ocrx_word' id='word_1_526' title='bbox 407 3770 759 3844; x_wconf 82' lang='lat' dir='ltr'><strong>Evangelium</strong></span> <span class='ocrx_word' id='word_1_527' title='bbox 789 3771 1107 3841; x_wconf 83' lang='lat' dir='ltr'><strong>cogitemus,</strong></span> <span class='ocrx_word' id='word_1_528' title='bbox 1136 3769 1227 3826; x_wconf 92' lang='lat' dir='ltr'><strong>ubi</strong></span> <span class='ocrx_word' id='word_1_529' title='bbox 1264 3777 1389 3840; x_wconf 92' lang='lat' dir='ltr'><strong>post</strong></span> <span class='ocrx_word' id='word_1_530' title='bbox 1415 3783 1614 3841; x_wconf 91' lang='lat' dir='ltr'><strong>corpus</strong></span> <span class='ocrx_word' id='word_1_531' title='bbox 1641 3768 1884 3824; x_wconf 89' lang='lat' dir='ltr'><strong>occisum</strong></span> <span class='ocrx_word' id='word_1_532' title='bbox 1913 3768 1997 3824; x_wconf 95' lang='lat' dir='ltr'><strong>ni-</strong></span> 
     </span>
    </p>
   </div>
   <div class='ocr_carea' id='block_1_69' title="bbox 407 3863 1997 3931">
    <p class='ocr_par' dir='ltr' id='par_1_69' title="bbox 407 3863 1997 3931">
     <span class='ocr_line' id='line_1_69' title="bbox 407 3863 1997 3931; baseline -0.003 -9"><span class='ocrx_word' id='word_1_533' title='bbox 407 3866 484 3922; x_wconf 88' lang='lat' dir='ltr'><strong>hil</strong></span> <span class='ocrx_word' id='word_1_534' title='bbox 507 3866 852 3922; x_wconf 90' lang='lat' dir='ltr'><strong>metuendum</strong></span> <span class='ocrx_word' id='word_1_535' title='bbox 882 3879 1006 3920; x_wconf 90' lang='lat' dir='ltr'><strong>esse</strong></span> <span class='ocrx_word' id='word_1_536' title='bbox 1033 3863 1344 3931; x_wconf 91' lang='lat' dir='ltr'><strong>didicimus,</strong></span> <span class='ocrx_word' id='word_1_537' title='bbox 1372 3878 1442 3920; x_wconf 91' lang='lat' dir='ltr'><strong>ne</strong></span> <span class='ocrx_word' id='word_1_538' title='bbox 1481 3863 1724 3919; x_wconf 89' lang='lat' dir='ltr'><strong>membra</strong></span> <span class='ocrx_word' id='word_1_539' title='bbox 1754 3864 1780 3903; x_wconf 77' lang='grc' dir='ltr'><strong>ε</strong></span> <span class='ocrx_word' id='word_1_540' title='bbox 1809 3863 1997 3918; x_wconf 80' lang='lat' dir='ltr'><strong>exani-</strong></span> 
     </span>
    </p>
   </div>
   <div class='ocr_carea' id='block_1_70' title="bbox 407 3954 1995 4029">
    <p class='ocr_par' dir='ltr' id='par_1_70' title="bbox 407 3954 1995 4029">
     <span class='ocr_line' id='line_1_70' title="bbox 407 3954 1995 4029; baseline -0.001 -16"><span class='ocrx_word' id='word_1_541' title='bbox 407 3966 552 4014; x_wconf 89' lang='lat' dir='ltr'><strong>mata</strong></span> <span class='ocrx_word' id='word_1_542' title='bbox 582 3959 876 4029; x_wconf 91' lang='lat' dir='ltr'><strong>patiantur,</strong></span> <span class='ocrx_word' id='word_1_543' title='bbox 905 3971 1003 4012; x_wconf 90' lang='lat' dir='ltr'><strong>nec</strong></span> <span class='ocrx_word' id='word_1_544' title='bbox 1026 3970 1187 4028; x_wconf 70' lang='lat' dir='ltr'><strong>pmna</strong></span> <span class='ocrx_word' id='word_1_545' title='bbox 1213 3955 1438 4012; x_wconf 91' lang='lat' dir='ltr'><strong>dicenda</strong></span> <span class='ocrx_word' id='word_1_546' title='bbox 1464 3964 1568 4012; x_wconf 88' lang='lat' dir='ltr'><strong>est.</strong></span> <span class='ocrx_word' id='word_1_547' title='bbox 1600 3954 1657 4010; x_wconf 91' lang='lat' dir='ltr'><strong>Si</strong></span> <span class='ocrx_word' id='word_1_548' title='bbox 1688 3963 1866 4010; x_wconf 90' lang='lat' dir='ltr'><strong>autem</strong></span> <span class='ocrx_word' id='word_1_549' title='bbox 1895 3956 1995 4011; x_wconf 89' lang='lat' dir='ltr'><strong>hu-</strong></span> 
     </span>
    </p>
   </div>
   <div class='ocr_carea' id='block_1_71' title="bbox 406 4047 1992 4119">
    <p class='ocr_par' dir='ltr' id='par_1_71' title="bbox 406 4047 1992 4119">
     <span class='ocr_line' id='line_1_71' title="bbox 406 4047 1992 4119; baseline -0.001 -14"><span class='ocrx_word' id='word_1_550' title='bbox 406 4065 628 4105; x_wconf 87' lang='lat' dir='ltr'><strong>manum</strong></span> <span class='ocrx_word' id='word_1_551' title='bbox 666 4065 794 4119; x_wconf 90' lang='lat' dir='ltr'><strong>erga</strong></span> <span class='ocrx_word' id='word_1_552' title='bbox 832 4065 983 4104; x_wconf 89' lang='lat' dir='ltr'><strong>suam</strong></span> <span class='ocrx_word' id='word_1_553' title='bbox 1021 4063 1242 4105; x_wconf 90' lang='lat' dir='ltr'><strong>carnem</strong></span> <span class='ocrx_word' id='word_1_554' title='bbox 1273 4048 1676 4104; x_wconf 89' lang='lat' dir='ltr'><strong>consideremus</strong></span> <span class='ocrx_word' id='word_1_555' title='bbox 1713 4047 1992 4117; x_wconf 76' lang='lat' dir='ltr'><strong>affectum,</strong></span> 
     </span>
    </p>
   </div>
   <div class='ocr_carea' id='block_1_72' title="bbox 407 4140 1996 4214">
    <p class='ocr_par' dir='ltr' id='par_1_72' title="bbox 407 4140 1996 4214">
     <span class='ocr_line' id='line_1_72' title="bbox 407 4140 1996 4214; baseline 0.002 -20"><span class='ocrx_word' id='word_1_556' title='bbox 407 4141 582 4214; x_wconf 86' lang='lat' dir='ltr'><strong>potuit</strong></span> <span class='ocrx_word' id='word_1_557' title='bbox 620 4141 742 4195; x_wconf 92' lang='lat' dir='ltr'><strong>inde</strong></span> <span class='ocrx_word' id='word_1_558' title='bbox 783 4141 996 4204; x_wconf 90' lang='lat' dir='ltr'><strong>terreri,</strong></span> <span class='ocrx_word' id='word_1_559' title='bbox 1029 4141 1115 4196; x_wconf 87' lang='lat' dir='ltr'><strong>vel</strong></span> <span class='ocrx_word' id='word_1_560' title='bbox 1143 4140 1457 4196; x_wconf 90' lang='lat' dir='ltr'><strong>contristari</strong></span> <span class='ocrx_word' id='word_1_561' title='bbox 1482 4141 1658 4206; x_wconf 88' lang='lat' dir='ltr'><strong>vivus,</strong></span> <span class='ocrx_word' id='word_1_562' title='bbox 1696 4142 1838 4211; x_wconf 89' lang='lat' dir='ltr'><strong>quod</strong></span> <span class='ocrx_word' id='word_1_563' title='bbox 1869 4157 1996 4198; x_wconf 76' lang='lat' dir='ltr'><strong>sen-</strong></span> 
     </span>
    </p>
   </div>
   <div class='ocr_carea' id='block_1_73' title="bbox 407 4231 1994 4302">
    <p class='ocr_par' dir='ltr' id='par_1_73' title="bbox 407 4231 1994 4302">
     <span class='ocr_line' id='line_1_73' title="bbox 407 4231 1994 4302; baseline -0.001 -12"><span class='ocrx_word' id='word_1_564' title='bbox 407 4248 567 4290; x_wconf 88' lang='lat' dir='ltr'><strong>surus</strong></span> <span class='ocrx_word' id='word_1_565' title='bbox 613 4247 720 4288; x_wconf 91' lang='lat' dir='ltr'><strong>non</strong></span> <span class='ocrx_word' id='word_1_566' title='bbox 768 4239 891 4286; x_wconf 89' lang='lat' dir='ltr'><strong>erat</strong></span> <span class='ocrx_word' id='word_1_567' title='bbox 919 4239 1186 4286; x_wconf 90' lang='lat' dir='ltr'><strong>mortuus.</strong></span> <span class='ocrx_word' id='word_1_568' title='bbox 1220 4231 1286 4285; x_wconf 88' lang='lat' dir='ltr'><strong>Et</strong></span> <span class='ocrx_word' id='word_1_569' title='bbox 1331 4232 1446 4286; x_wconf 77' lang='lat' dir='ltr'><strong>haec</strong></span> <span class='ocrx_word' id='word_1_570' title='bbox 1487 4239 1606 4286; x_wconf 91' lang='lat' dir='ltr'><strong>erat</strong></span> <span class='ocrx_word' id='word_1_571' title='bbox 1632 4246 1814 4301; x_wconf 71' lang='lat' dir='ltr'><strong>pmna,</strong></span> <span class='ocrx_word' id='word_1_572' title='bbox 1859 4247 1994 4302; x_wconf 90' lang='lat' dir='ltr'><strong>quo-</strong></span> 
     </span>
    </p>
   </div>
   <div class='ocr_carea' id='block_1_74' title="bbox 407 4323 1988 4397">
    <p class='ocr_par' dir='ltr' id='par_1_74' title="bbox 407 4323 1988 4397">
     <span class='ocr_line' id='line_1_74' title="bbox 407 4323 1988 4397; baseline -0.001 -15"><span class='ocrx_word' id='word_1_573' title='bbox 407 4327 556 4382; x_wconf 92' lang='lat' dir='ltr'><strong>niam</strong></span> <span class='ocrx_word' id='word_1_574' title='bbox 589 4325 804 4382; x_wconf 91' lang='lat' dir='ltr'><strong>dolebat</strong></span> <span class='ocrx_word' id='word_1_575' title='bbox 851 4323 1084 4389; x_wconf 91' lang='lat' dir='ltr'><strong>animus,</strong></span> <span class='ocrx_word' id='word_1_576' title='bbox 1122 4324 1176 4378; x_wconf 91' lang='lat' dir='ltr'><strong>id</strong></span> <span class='ocrx_word' id='word_1_577' title='bbox 1217 4323 1284 4378; x_wconf 89' lang='lat' dir='ltr'><strong>de</strong></span> <span class='ocrx_word' id='word_1_578' title='bbox 1321 4339 1418 4379; x_wconf 90' lang='lat' dir='ltr'><strong>suo</strong></span> <span class='ocrx_word' id='word_1_579' title='bbox 1456 4339 1682 4395; x_wconf 89' lang='lat' dir='ltr'><strong>corpore</strong></span> <span class='ocrx_word' id='word_1_580' title='bbox 1725 4323 1988 4397; x_wconf 90' lang='lat' dir='ltr'><strong>futurum,</strong></span> 
     </span>
    </p>
   </div>
   <div class='ocr_carea' id='block_1_75' title="bbox 407 4415 1990 4490">
    <p class='ocr_par' dir='ltr' id='par_1_75' title="bbox 407 4415 1990 4490">
     <span class='ocr_line' id='line_1_75' title="bbox 407 4415 1990 4490; baseline 0 -16"><span class='ocrx_word' id='word_1_581' title='bbox 407 4419 654 4490; x_wconf 83' lang='lat' dir='ltr'><strong>quamvis</strong></span> <span class='ocrx_word' id='word_1_582' title='bbox 695 4433 819 4473; x_wconf 90' lang='lat' dir='ltr'><strong>cum</strong></span> <span class='ocrx_word' id='word_1_583' title='bbox 861 4416 1037 4483; x_wconf 83' lang='lat' dir='ltr'><strong>fieret,</strong></span> <span class='ocrx_word' id='word_1_584' title='bbox 1085 4432 1192 4471; x_wconf 91' lang='lat' dir='ltr'><strong>non</strong></span> <span class='ocrx_word' id='word_1_585' title='bbox 1239 4415 1488 4472; x_wconf 82' lang='lat' dir='ltr'><strong>doleret:</strong></span> <span class='ocrx_word' id='word_1_586' title='bbox 1536 4417 1797 4474; x_wconf 89' lang='lat' dir='ltr'><strong>hactenus</strong></span> <span class='ocrx_word' id='word_1_587' title='bbox 1845 4419 1990 4474; x_wconf 92' lang='lat' dir='ltr'><strong>enim</strong></span> 
     </span>
    </p>
   </div>
   <div class='ocr_carea' id='block_1_76' title="bbox 2100 3303 3692 3376">
    <p class='ocr_par' dir='ltr' id='par_1_76' title="bbox 2100 3303 3692 3376">
     <span class='ocr_line' id='line_1_76' title="bbox 2100 3303 3692 3376; baseline 0.002 -19"><span class='ocrx_word' id='word_1_588' title='bbox 2100 3304 2193 3374; x_wconf 91' lang='lat' dir='ltr'><strong>qui</strong></span> <span class='ocrx_word' id='word_1_589' title='bbox 2235 3303 2448 3360; x_wconf 91' lang='lat' dir='ltr'><strong>leonem</strong></span> <span class='ocrx_word' id='word_1_590' title='bbox 2491 3304 2770 3375; x_wconf 73' lang='lat' dir='ltr'><strong>propheta:</strong></span> <span class='ocrx_word' id='word_1_591' title='bbox 2797 3319 3013 3374; x_wconf 91' lang='lat' dir='ltr'><strong>corpus,</strong></span> <span class='ocrx_word' id='word_1_592' title='bbox 3055 3304 3199 3376; x_wconf 87' lang='lat' dir='ltr'><strong>quod</strong></span> <span class='ocrx_word' id='word_1_593' title='bbox 3247 3305 3362 3375; x_wconf 90' lang='lat' dir='ltr'><strong>ipse</strong></span> <span class='ocrx_word' id='word_1_594' title='bbox 3390 3305 3692 3374; x_wconf 82' lang='lat' dir='ltr'><strong>occiderat,</strong></span> 
     </span>
    </p>
   </div>
   <div class='ocr_carea' id='block_1_77' title="bbox 2098 3393 3695 3468">
    <p class='ocr_par' dir='ltr' id='par_1_77' title="bbox 2098 3393 3695 3468">
     <span class='ocr_line' id='line_1_77' title="bbox 2098 3393 3695 3468; baseline 0.001 -18"><span class='ocrx_word' id='word_1_595' title='bbox 2098 3393 2326 3451; x_wconf 89' lang='lat' dir='ltr'><strong>ulterius</strong></span> <span class='ocrx_word' id='word_1_596' title='bbox 2368 3410 2475 3451; x_wconf 94' lang='lat' dir='ltr'><strong>non</strong></span> <span class='ocrx_word' id='word_1_597' title='bbox 2506 3395 2757 3466; x_wconf 90' lang='lat' dir='ltr'><strong>permisit</strong></span> <span class='ocrx_word' id='word_1_598' title='bbox 2800 3396 3084 3467; x_wconf 87' lang='lat' dir='ltr'><strong>attingere,</strong></span> <span class='ocrx_word' id='word_1_599' title='bbox 3117 3403 3172 3452; x_wconf 89' lang='lat' dir='ltr'><strong>et</strong></span> <span class='ocrx_word' id='word_1_600' title='bbox 3212 3394 3338 3451; x_wconf 89' lang='lat' dir='ltr'><strong>fecit</strong></span> <span class='ocrx_word' id='word_1_601' title='bbox 3377 3397 3443 3452; x_wconf 91' lang='lat' dir='ltr'><strong>de</strong></span> <span class='ocrx_word' id='word_1_602' title='bbox 3479 3411 3695 3468; x_wconf 83' lang='lat' dir='ltr'><strong>perem-</strong></span> 
     </span>
    </p>
   </div>
   <div class='ocr_carea' id='block_1_78' title="bbox 2097 3489 3694 3560">
    <p class='ocr_par' dir='ltr' id='par_1_78' title="bbox 2097 3489 3694 3560">
     <span class='ocr_line' id='line_1_78' title="bbox 2097 3489 3694 3560; baseline -0.001 -16"><span class='ocrx_word' id='word_1_603' title='bbox 2097 3495 2253 3558; x_wconf 89' lang='lat' dir='ltr'><strong>ptore</strong></span> <span class='ocrx_word' id='word_1_604' title='bbox 2274 3489 2552 3544; x_wconf 87' lang='lat' dir='ltr'><strong>custodem</strong></span> <span class='ocrx_word' id='word_1_605' title='bbox 2580 3506 2593 3542; x_wconf 91' lang='lat'><strong>:</strong></span> <span class='ocrx_word' id='word_1_606' title='bbox 2627 3495 2871 3560; x_wconf 87' lang='lat' dir='ltr'><strong>poterat,</strong></span> <span class='ocrx_word' id='word_1_607' title='bbox 2912 3489 3166 3558; x_wconf 91' lang='lat' dir='ltr'><strong>inquam,</strong></span> <span class='ocrx_word' id='word_1_608' title='bbox 3205 3504 3235 3542; x_wconf 90' lang='lat' dir='ltr'><strong>a</strong></span> <span class='ocrx_word' id='word_1_609' title='bbox 3267 3503 3492 3544; x_wconf 89' lang='lat' dir='ltr'><strong>suorum</strong></span> <span class='ocrx_word' id='word_1_610' title='bbox 3524 3489 3694 3544; x_wconf 89' lang='lat' dir='ltr'><strong>inter-</strong></span> 
     </span>
    </p>
   </div>
   <div class='ocr_carea' id='block_1_79' title="bbox 2097 3577 3691 3652">
    <p class='ocr_par' dir='ltr' id='par_1_79' title="bbox 2097 3577 3691 3652">
     <span class='ocr_line' id='line_1_79' title="bbox 2097 3577 3691 3652; baseline 0.001 -19"><span class='ocrx_word' id='word_1_611' title='bbox 2097 3577 2257 3635; x_wconf 86' lang='lat' dir='ltr'><strong>fectis</strong></span> <span class='ocrx_word' id='word_1_612' title='bbox 2301 3579 2639 3650; x_wconf 88' lang='lat' dir='ltr'><strong>corporibus,</strong></span> <span class='ocrx_word' id='word_1_613' title='bbox 2690 3595 2875 3646; x_wconf 87' lang='lat' dir='ltr'><strong>canes,</strong></span> <span class='ocrx_word' id='word_1_614' title='bbox 2923 3581 3120 3650; x_wconf 90' lang='lat' dir='ltr'><strong>quibus</strong></span> <span class='ocrx_word' id='word_1_615' title='bbox 3162 3579 3381 3636; x_wconf 85' lang='lat' dir='ltr'><strong>fuerant</strong></span> <span class='ocrx_word' id='word_1_616' title='bbox 3421 3581 3691 3652; x_wconf 87' lang='lat' dir='ltr'><strong>projecta,</strong></span> 
     </span>
    </p>
   </div>
   <div class='ocr_carea' id='block_1_80' title="bbox 2096 3673 3694 3744">
    <p class='ocr_par' dir='ltr' id='par_1_80' title="bbox 2096 3673 3694 3744">
     <span class='ocr_line' id='line_1_80' title="bbox 2096 3673 3694 3744; baseline 0.001 -16"><span class='ocrx_word' id='word_1_617' title='bbox 2096 3673 2385 3743; x_wconf 88' lang='lat' dir='ltr'><strong>prohibere</strong></span> <span class='ocrx_word' id='word_1_618' title='bbox 2415 3691 2427 3728; x_wconf 95' lang='lat'>:</span> <span class='ocrx_word' id='word_1_619' title='bbox 2461 3681 2707 3744; x_wconf 90' lang='lat' dir='ltr'><strong>poterat,</strong></span> <span class='ocrx_word' id='word_1_620' title='bbox 2748 3682 2804 3728; x_wconf 89' lang='lat' dir='ltr'><strong>et</strong></span> <span class='ocrx_word' id='word_1_621' title='bbox 2845 3673 3086 3744; x_wconf 89' lang='lat' dir='ltr'><strong>ipsorum</strong></span> <span class='ocrx_word' id='word_1_622' title='bbox 3124 3673 3408 3728; x_wconf 89' lang='lat' dir='ltr'><strong>hominum</strong></span> <span class='ocrx_word' id='word_1_623' title='bbox 3438 3673 3694 3730; x_wconf 85' lang='lat' dir='ltr'><strong>innume-</strong></span> 
     </span>
    </p>
   </div>
   <div class='ocr_carea' id='block_1_81' title="bbox 2097 3766 3694 3834">
    <p class='ocr_par' dir='ltr' id='par_1_81' title="bbox 2097 3766 3694 3834">
     <span class='ocr_line' id='line_1_81' title="bbox 2097 3766 3694 3834; baseline 0 -12"><span class='ocrx_word' id='word_1_624' title='bbox 2097 3766 2359 3824; x_wconf 89' lang='lat' dir='ltr'><strong>rabilibus</strong></span> <span class='ocrx_word' id='word_1_625' title='bbox 2387 3767 2563 3824; x_wconf 88' lang='lat' dir='ltr'><strong>modis</strong></span> <span class='ocrx_word' id='word_1_626' title='bbox 2585 3775 2770 3823; x_wconf 91' lang='lat' dir='ltr'><strong>tenere</strong></span> <span class='ocrx_word' id='word_1_627' title='bbox 2795 3767 3076 3834; x_wconf 85' lang='lat' dir='ltr'><strong>saevitiam,</strong></span> <span class='ocrx_word' id='word_1_628' title='bbox 3105 3781 3174 3822; x_wconf 91' lang='lat' dir='ltr'><strong>ne</strong></span> <span class='ocrx_word' id='word_1_629' title='bbox 3198 3768 3465 3824; x_wconf 83' lang='lat' dir='ltr'><strong>cadavera</strong></span> <span class='ocrx_word' id='word_1_630' title='bbox 3506 3767 3694 3822; x_wconf 83' lang='lat' dir='ltr'><strong>incen-</strong></span> 
     </span>
    </p>
   </div>
   <div class='ocr_carea' id='block_1_82' title="bbox 2097 3860 3692 3932">
    <p class='ocr_par' dir='ltr' id='par_1_82' title="bbox 2097 3860 3692 3932">
     <span class='ocr_line' id='line_1_82' title="bbox 2097 3860 3692 3932; baseline -0.001 -15"><span class='ocrx_word' id='word_1_631' title='bbox 2097 3861 2256 3928; x_wconf 90' lang='lat' dir='ltr'><strong>dere,</strong></span> <span class='ocrx_word' id='word_1_632' title='bbox 2299 3875 2398 3917; x_wconf 90' lang='lat' dir='ltr'><strong>nec</strong></span> <span class='ocrx_word' id='word_1_633' title='bbox 2430 3863 2446 3902; x_wconf 74' lang='grc' dir='ltr'><strong>ί</strong></span> <span class='ocrx_word' id='word_1_634' title='bbox 2481 3860 2538 3916; x_wconf 92' lang='lat' dir='ltr'><strong>in</strong></span> <span class='ocrx_word' id='word_1_635' title='bbox 2579 3876 2706 3916; x_wconf 88' lang='lat' dir='ltr'><strong>aera</strong></span> <span class='ocrx_word' id='word_1_636' title='bbox 2751 3861 3062 3932; x_wconf 87' lang='lat' dir='ltr'><strong>dispergere</strong></span> <span class='ocrx_word' id='word_1_637' title='bbox 3105 3861 3366 3916; x_wconf 84' lang='lat' dir='ltr'><strong>auderent</strong></span> <span class='ocrx_word' id='word_1_638' title='bbox 3398 3878 3413 3915; x_wconf 92' lang='lat'><strong>:</strong></span> <span class='ocrx_word' id='word_1_639' title='bbox 3447 3862 3547 3916; x_wconf 87' lang='lat' dir='ltr'><strong>sed</strong></span> <span class='ocrx_word' id='word_1_640' title='bbox 3589 3861 3692 3917; x_wconf 87' lang='lat' dir='ltr'><strong>hoc</strong></span> 
     </span>
    </p>
   </div>
   <div class='ocr_carea' id='block_1_83' title="bbox 2095 3954 3691 4027">
    <p class='ocr_par' dir='ltr' id='par_1_83' title="bbox 2095 3954 3691 4027">
     <span class='ocr_line' id='line_1_83' title="bbox 2095 3954 3691 4027; baseline -0.001 -16"><span class='ocrx_word' id='word_1_641' title='bbox 2095 3970 2311 4026; x_wconf 89' lang='lat' dir='ltr'><strong>quoque</strong></span> <span class='ocrx_word' id='word_1_642' title='bbox 2349 3955 2780 4027; x_wconf 82' lang='lat' dir='ltr'><strong>experimentum</strong></span> <span class='ocrx_word' id='word_1_643' title='bbox 2824 3954 3110 4025; x_wconf 89' lang='lat' dir='ltr'><strong>multiplici</strong></span> <span class='ocrx_word' id='word_1_644' title='bbox 3139 3955 3392 4009; x_wconf 90' lang='lat' dir='ltr'><strong>varietati</strong></span> <span class='ocrx_word' id='word_1_645' title='bbox 3434 3955 3691 4010; x_wconf 84' lang='lat' dir='ltr'><strong>tentatio-</strong></span> 
     </span>
    </p>
   </div>
   <div class='ocr_carea' id='block_1_84' title="bbox 2094 4046 3688 4115">
    <p class='ocr_par' dir='ltr' id='par_1_84' title="bbox 2094 4046 3688 4115">
     <span class='ocr_line' id='line_1_84' title="bbox 2094 4046 3688 4115; baseline -0.002 -9"><span class='ocrx_word' id='word_1_646' title='bbox 2094 4066 2224 4106; x_wconf 90' lang='lat' dir='ltr'><strong>num</strong></span> <span class='ocrx_word' id='word_1_647' title='bbox 2255 4050 2443 4106; x_wconf 90' lang='lat' dir='ltr'><strong>deesse</strong></span> <span class='ocrx_word' id='word_1_648' title='bbox 2488 4064 2597 4105; x_wconf 93' lang='lat' dir='ltr'><strong>non</strong></span> <span class='ocrx_word' id='word_1_649' title='bbox 2643 4049 2848 4114; x_wconf 89' lang='lat' dir='ltr'><strong>debuit,</strong></span> <span class='ocrx_word' id='word_1_650' title='bbox 2891 4065 2961 4104; x_wconf 89' lang='lat' dir='ltr'><strong>ne</strong></span> <span class='ocrx_word' id='word_1_651' title='bbox 3003 4047 3263 4104; x_wconf 90' lang='lat' dir='ltr'><strong>fortitudo</strong></span> <span class='ocrx_word' id='word_1_652' title='bbox 3302 4046 3688 4115; x_wconf 85' lang='lat' dir='ltr'><strong>confessionis,</strong></span> 
     </span>
    </p>
   </div>
   <div class='ocr_carea' id='block_1_85' title="bbox 2094 4139 3690 4214">
    <p class='ocr_par' dir='ltr' id='par_1_85' title="bbox 2094 4139 3690 4214">
     <span class='ocr_line' id='line_1_85' title="bbox 2094 4139 3690 4214; baseline -0.001 -17"><span class='ocrx_word' id='word_1_653' title='bbox 2094 4158 2215 4214; x_wconf 85' lang='lat' dir='ltr'><strong>quae</strong></span> <span class='ocrx_word' id='word_1_654' title='bbox 2257 4140 2583 4196; x_wconf 81' lang='lat' dir='ltr'><strong>immanitati</strong></span> <span class='ocrx_word' id='word_1_655' title='bbox 2632 4140 3026 4211; x_wconf 86' lang='lat' dir='ltr'><strong>persecutionis</strong></span> <span class='ocrx_word' id='word_1_656' title='bbox 3071 4156 3171 4212; x_wconf 87' lang='lat' dir='ltr'><strong>pro</strong></span> <span class='ocrx_word' id='word_1_657' title='bbox 3217 4140 3464 4212; x_wconf 89' lang='lat' dir='ltr'><strong>corporis</strong></span> <span class='ocrx_word' id='word_1_658' title='bbox 3514 4139 3690 4196; x_wconf 88' lang='lat' dir='ltr'><strong>salute</strong></span> 
     </span>
    </p>
   </div>
   <div class='ocr_carea' id='block_1_86' title="bbox 2095 4233 3687 4306">
    <p class='ocr_par' dir='ltr' id='par_1_86' title="bbox 2095 4233 3687 4306">
     <span class='ocr_line' id='line_1_86' title="bbox 2095 4233 3687 4306; baseline 0 -16"><span class='ocrx_word' id='word_1_659' title='bbox 2095 4250 2204 4291; x_wconf 93' lang='lat' dir='ltr'><strong>non</strong></span> <span class='ocrx_word' id='word_1_660' title='bbox 2234 4235 2481 4299; x_wconf 88' lang='lat' dir='ltr'><strong>cederet,</strong></span> <span class='ocrx_word' id='word_1_661' title='bbox 2519 4250 2619 4304; x_wconf 92' lang='lat' dir='ltr'><strong>pro</strong></span> <span class='ocrx_word' id='word_1_662' title='bbox 2684 4233 2917 4305; x_wconf 90' lang='lat' dir='ltr'><strong>sepulcri</strong></span> <span class='ocrx_word' id='word_1_663' title='bbox 2962 4235 3170 4291; x_wconf 87' lang='lat' dir='ltr'><strong>honore</strong></span> <span class='ocrx_word' id='word_1_664' title='bbox 3212 4234 3544 4306; x_wconf 90' lang='lat' dir='ltr'><strong>trepidaret;</strong></span> <span class='ocrx_word' id='word_1_665' title='bbox 3591 4249 3687 4306; x_wconf 86' lang='lat' dir='ltr'><strong>po-</strong></span> 
     </span>
    </p>
   </div>
   <div class='ocr_carea' id='block_1_87' title="bbox 2094 4324 3688 4398">
    <p class='ocr_par' dir='ltr' id='par_1_87' title="bbox 2094 4324 3688 4398">
     <span class='ocr_line' id='line_1_87' title="bbox 2094 4324 3688 4398; baseline 0.002 -16"><span class='ocrx_word' id='word_1_666' title='bbox 2094 4335 2298 4383; x_wconf 91' lang='lat' dir='ltr'><strong>stremo</strong></span> <span class='ocrx_word' id='word_1_667' title='bbox 2326 4341 2398 4382; x_wconf 91' lang='lat' dir='ltr'><strong>ne</strong></span> <span class='ocrx_word' id='word_1_668' title='bbox 2434 4324 2568 4381; x_wconf 84' lang='lat' dir='ltr'><strong>fides</strong></span> <span class='ocrx_word' id='word_1_669' title='bbox 2610 4326 3028 4383; x_wconf 90' lang='lat' dir='ltr'><strong>resurrectionis</strong></span> <span class='ocrx_word' id='word_1_670' title='bbox 3061 4328 3536 4398; x_wconf 90' lang='lat' dir='ltr'><strong>consumptionem</strong></span> <span class='ocrx_word' id='word_1_671' title='bbox 3567 4345 3688 4385; x_wconf 80' lang='lat' dir='ltr'><strong>cor-</strong></span> 
     </span>
    </p>
   </div>
   <div class='ocr_carea' id='block_1_88' title="bbox 2091 4417 3680 4491">
    <p class='ocr_par' dir='ltr' id='par_1_88' title="bbox 2091 4417 3680 4491">
     <span class='ocr_line' id='line_1_88' title="bbox 2091 4417 3680 4491; baseline 0.001 -18"><span class='ocrx_word' id='word_1_672' title='bbox 2091 4433 2285 4489; x_wconf 90' lang='lat' dir='ltr'><strong>porum</strong></span> <span class='ocrx_word' id='word_1_673' title='bbox 2321 4417 2657 4473; x_wconf 86' lang='lat' dir='ltr'><strong>formidaret.</strong></span> <span class='ocrx_word' id='word_1_674' title='bbox 2697 4419 3010 4474; x_wconf 90' lang='lat' dir='ltr'><strong>Debuerunt</strong></span> <span class='ocrx_word' id='word_1_675' title='bbox 3035 4434 3166 4489; x_wconf 85' lang='lat' dir='ltr'><strong>ergo</strong></span> <span class='ocrx_word' id='word_1_676' title='bbox 3190 4428 3247 4475; x_wconf 91' lang='lat' dir='ltr'><strong>et</strong></span> <span class='ocrx_word' id='word_1_677' title='bbox 3283 4419 3385 4474; x_wconf 91' lang='lat' dir='ltr'><strong>ista</strong></span> <span class='ocrx_word' id='word_1_678' title='bbox 3414 4421 3680 4491; x_wconf 88' lang='lat' dir='ltr'><strong>permitti,</strong></span> 
     </span>
    </p>
   </div>
   <div class='ocr_carea' id='block_1_89' title="bbox 405 4509 3684 4606">
    <p class='ocr_par' dir='ltr' id='par_1_89' title="bbox 405 4509 3684 4606">
     <span class='ocr_line' id='line_1_89' title="bbox 405 4509 3684 4606; baseline 0.001 -40"><span class='ocrx_word' id='word_1_679' title='bbox 405 4512 575 4568; x_wconf 89' lang='lat' dir='ltr'><strong>voluit</strong></span> <span class='ocrx_word' id='word_1_680' title='bbox 603 4511 862 4567; x_wconf 89' lang='lat' dir='ltr'><strong>Dominus</strong></span> <span class='ocrx_word' id='word_1_681' title='bbox 891 4525 1106 4565; x_wconf 90' lang='lat' dir='ltr'><strong>servum</strong></span> <span class='ocrx_word' id='word_1_682' title='bbox 1141 4525 1298 4565; x_wconf 90' lang='lat' dir='ltr'><strong>suum</strong></span> <span class='ocrx_word' id='word_1_683' title='bbox 1335 4509 1593 4580; x_wconf 89' lang='lat' dir='ltr'><strong>plectere,</strong></span> <span class='ocrx_word' id='word_1_684' title='bbox 1625 4510 1716 4580; x_wconf 90' lang='lat' dir='ltr'><strong>qui</strong></span> <span class='ocrx_word' id='word_1_685' title='bbox 1751 4527 1859 4566; x_wconf 89' lang='lat' dir='ltr'><strong>non</strong></span> <span class='ocrx_word' id='word_1_686' title='bbox 1891 4527 1987 4567; x_wconf 88' lang='lat' dir='ltr'><strong>sua</strong></span> <span class='ocrx_word' id='word_1_687' title='bbox 2013 4545 2067 4606; x_wconf 82' lang='lat' dir='ltr'><strong>D</strong></span> <span class='ocrx_word' id='word_1_688' title='bbox 2091 4517 2153 4564; x_wconf 91' lang='lat' dir='ltr'><strong>ut</strong></span> <span class='ocrx_word' id='word_1_689' title='bbox 2182 4511 2346 4566; x_wconf 91' lang='lat' dir='ltr'><strong>etiam</strong></span> <span class='ocrx_word' id='word_1_690' title='bbox 2377 4517 2501 4581; x_wconf 91' lang='lat' dir='ltr'><strong>post</strong></span> <span class='ocrx_word' id='word_1_691' title='bbox 2533 4510 2648 4566; x_wconf 61' lang='lat' dir='ltr'><strong>haec</strong></span> <span class='ocrx_word' id='word_1_692' title='bbox 2675 4511 2810 4565; x_wconf 88' lang='lat' dir='ltr'><strong>tanti</strong></span> <span class='ocrx_word' id='word_1_693' title='bbox 2840 4511 3084 4567; x_wconf 87' lang='lat' dir='ltr'><strong>horroris</strong></span> <span class='ocrx_word' id='word_1_694' title='bbox 3109 4511 3379 4582; x_wconf 80' lang='lat' dir='ltr'><strong>exempla,</strong></span> <span class='ocrx_word' id='word_1_695' title='bbox 3413 4522 3684 4585; x_wconf 80' lang='lat' dir='ltr'><strong>martyres</strong></span> 
     </span>
    </p>
   </div>
   <div class='ocr_carea' id='block_1_90' title="bbox 406 4603 1989 4674">
    <p class='ocr_par' dir='ltr' id='par_1_90' title="bbox 406 4603 1989 4674">
     <span class='ocr_line' id='line_1_90' title="bbox 406 4603 1989 4674; baseline 0 -13"><span class='ocrx_word' id='word_1_696' title='bbox 406 4604 745 4661; x_wconf 80' lang='lat' dir='ltr'><strong>contumacia</strong></span> <span class='ocrx_word' id='word_1_697' title='bbox 785 4612 1068 4674; x_wconf 87' lang='lat' dir='ltr'><strong>spreverat</strong></span> <span class='ocrx_word' id='word_1_698' title='bbox 1103 4611 1431 4674; x_wconf 80' lang='lat' dir='ltr'><strong>praeceptum</strong></span> <span class='ocrx_word' id='word_1_699' title='bbox 1469 4603 1584 4674; x_wconf 90' lang='lat' dir='ltr'><strong>ejus</strong></span> <span class='ocrx_word' id='word_1_700' title='bbox 1615 4603 1862 4674; x_wconf 91' lang='lat' dir='ltr'><strong>implere,</strong></span> <span class='ocrx_word' id='word_1_701' title='bbox 1893 4605 1989 4661; x_wconf 90' lang='lat' dir='ltr'><strong>sed</strong></span> 
     </span>
    </p>
   </div>
   <div class='ocr_carea' id='block_1_91' title="bbox 407 4697 1989 4769">
    <p class='ocr_par' dir='ltr' id='par_1_91' title="bbox 407 4697 1989 4769">
     <span class='ocr_line' id='line_1_91' title="bbox 407 4697 1989 4769; baseline 0.001 -15"><span class='ocrx_word' id='word_1_702' title='bbox 407 4697 582 4754; x_wconf 89' lang='lat' dir='ltr'><strong>aliena</strong></span> <span class='ocrx_word' id='word_1_703' title='bbox 607 4697 906 4769; x_wconf 89' lang='lat' dir='ltr'><strong>decipiente</strong></span> <span class='ocrx_word' id='word_1_704' title='bbox 934 4697 1146 4752; x_wconf 89' lang='lat' dir='ltr'><strong>fallacia</strong></span> <span class='ocrx_word' id='word_1_705' title='bbox 1168 4697 1388 4752; x_wconf 89' lang='lat' dir='ltr'><strong>obedire</strong></span> <span class='ocrx_word' id='word_1_706' title='bbox 1413 4711 1472 4752; x_wconf 90' lang='lat' dir='ltr'><strong>se</strong></span> <span class='ocrx_word' id='word_1_707' title='bbox 1497 4697 1746 4764; x_wconf 88' lang='lat' dir='ltr'><strong>credidit,</strong></span> <span class='ocrx_word' id='word_1_708' title='bbox 1773 4699 1989 4768; x_wconf 91' lang='lat' dir='ltr'><strong>quando</strong></span> 
     </span>
    </p>
   </div>
   <div class='ocr_carea' id='block_1_92' title="bbox 406 4789 1991 4862">
    <p class='ocr_par' dir='ltr' id='par_1_92' title="bbox 406 4789 1991 4862">
     <span class='ocr_line' id='line_1_92' title="bbox 406 4789 1991 4862; baseline 0 -14"><span class='ocrx_word' id='word_1_709' title='bbox 406 4807 514 4848; x_wconf 92' lang='lat' dir='ltr'><strong>non</strong></span> <span class='ocrx_word' id='word_1_710' title='bbox 552 4791 810 4848; x_wconf 85' lang='lat' dir='ltr'><strong>obedivit.</strong></span> <span class='ocrx_word' id='word_1_711' title='bbox 847 4790 1034 4862; x_wconf 83' lang='lat' dir='ltr'><strong>Neque</strong></span> <span class='ocrx_word' id='word_1_712' title='bbox 1066 4790 1208 4846; x_wconf 91' lang='lat' dir='ltr'><strong>enim</strong></span> <span class='ocrx_word' id='word_1_713' title='bbox 1238 4789 1534 4860; x_wconf 89' lang='lat' dir='ltr'><strong>putandum</strong></span> <span class='ocrx_word' id='word_1_714' title='bbox 1571 4799 1675 4857; x_wconf 89' lang='lat' dir='ltr'><strong>est,</strong></span> <span class='ocrx_word' id='word_1_715' title='bbox 1717 4791 1792 4845; x_wconf 90' lang='lat' dir='ltr'><strong>ita</strong></span> <span class='ocrx_word' id='word_1_716' title='bbox 1822 4790 1991 4848; x_wconf 89' lang='lat' dir='ltr'><strong>fuisse</strong></span> 
     </span>
    </p>
   </div>
   <div class='ocr_carea' id='block_1_93' title="bbox 407 4880 1991 4954">
    <p class='ocr_par' dir='ltr' id='par_1_93' title="bbox 407 4880 1991 4954">
     <span class='ocr_line' id='line_1_93' title="bbox 407 4880 1991 4954; baseline 0 -17"><span class='ocrx_word' id='word_1_717' title='bbox 407 4883 791 4954; x_wconf 90' lang='lat' dir='ltr'><strong>interemptum</strong></span> <span class='ocrx_word' id='word_1_718' title='bbox 826 4897 1011 4938; x_wconf 89' lang='lat' dir='ltr'><strong>morsu</strong></span> <span class='ocrx_word' id='word_1_719' title='bbox 1045 4881 1258 4948; x_wconf 63' lang='lat' dir='ltr'><strong>bestiae,</strong></span> <span class='ocrx_word' id='word_1_720' title='bbox 1288 4888 1348 4936; x_wconf 92' lang='lat' dir='ltr'><strong>ut</strong></span> <span class='ocrx_word' id='word_1_721' title='bbox 1377 4881 1444 4936; x_wconf 90' lang='lat' dir='ltr'><strong>ad</strong></span> <span class='ocrx_word' id='word_1_722' title='bbox 1472 4880 1792 4953; x_wconf 90' lang='lat' dir='ltr'><strong>supplicium</strong></span> <span class='ocrx_word' id='word_1_723' title='bbox 1822 4889 1991 4937; x_wconf 86' lang='lat' dir='ltr'><strong>tarta-</strong></span> 
     </span>
    </p>
   </div>
   <div class='ocr_carea' id='block_1_94' title="bbox 407 4960 1988 5044">
    <p class='ocr_par' dir='ltr' id='par_1_94' title="bbox 407 4960 1988 5044">
     <span class='ocr_line' id='line_1_94' title="bbox 407 4960 1988 5044; baseline 0 -16"><span class='ocrx_word' id='word_1_724' title='bbox 407 4988 578 5041; x_wconf 90' lang='lat' dir='ltr'><strong>reum,</strong></span> <span class='ocrx_word' id='word_1_725' title='bbox 611 4974 728 5043; x_wconf 89' lang='lat' dir='ltr'><strong>ejus</strong></span> <span class='ocrx_word' id='word_1_726' title='bbox 757 4975 948 5030; x_wconf 89' lang='lat' dir='ltr'><strong>deinde</strong></span> <span class='ocrx_word' id='word_1_727' title='bbox 975 4973 1156 5028; x_wconf 89' lang='lat' dir='ltr'><strong>anima</strong></span> <span class='ocrx_word' id='word_1_728' title='bbox 1185 4981 1486 5043; x_wconf 89' lang='lat' dir='ltr'><strong>raperetur,</strong></span> <span class='ocrx_word' id='word_1_729' title='bbox 1519 4974 1735 5042; x_wconf 90' lang='lat' dir='ltr'><strong>quando</strong></span> <span class='ocrx_word' id='word_1_730' title='bbox 1769 4960 1988 5044; x_wconf 88' lang='lat' dir='ltr'><strong>quidem</strong></span> 
     </span>
    </p>
   </div>
   <div class='ocr_carea' id='block_1_95' title="bbox 405 5064 1989 5137">
    <p class='ocr_par' dir='ltr' id='par_1_95' title="bbox 405 5064 1989 5137">
     <span class='ocr_line' id='line_1_95' title="bbox 405 5064 1989 5137; baseline -0.002 -16"><span class='ocrx_word' id='word_1_731' title='bbox 405 5066 582 5137; x_wconf 89' lang='lat' dir='ltr'><strong>ipsum</strong></span> <span class='ocrx_word' id='word_1_732' title='bbox 610 5066 726 5135; x_wconf 90' lang='lat' dir='ltr'><strong>ejus</strong></span> <span class='ocrx_word' id='word_1_733' title='bbox 751 5082 948 5136; x_wconf 88' lang='lat' dir='ltr'><strong>corpus</strong></span> <span class='ocrx_word' id='word_1_734' title='bbox 990 5066 1132 5121; x_wconf 90' lang='lat' dir='ltr'><strong>idem</strong></span> <span class='ocrx_word' id='word_1_735' title='bbox 1166 5064 1250 5120; x_wconf 91' lang='lat' dir='ltr'><strong>leo</strong></span> <span class='ocrx_word' id='word_1_736' title='bbox 1289 5064 1382 5136; x_wconf 90' lang='lat' dir='ltr'><strong>qui</strong></span> <span class='ocrx_word' id='word_1_737' title='bbox 1418 5065 1713 5130; x_wconf 87' lang='lat' dir='ltr'><strong>occiderat,</strong></span> <span class='ocrx_word' id='word_1_738' title='bbox 1749 5064 1989 5120; x_wconf 89' lang='lat' dir='ltr'><strong>custodi-</strong></span> 
     </span>
    </p>
   </div>
   <div class='ocr_carea' id='block_1_96' title="bbox 403 5157 1987 5231">
    <p class='ocr_par' dir='ltr' id='par_1_96' title="bbox 403 5157 1987 5231">
     <span class='ocr_line' id='line_1_96' title="bbox 403 5157 1987 5231; baseline 0.001 -19"><span class='ocrx_word' id='word_1_739' title='bbox 403 5161 502 5225; x_wconf 89' lang='lat' dir='ltr'><strong>vit,</strong></span> <span class='ocrx_word' id='word_1_740' title='bbox 537 5157 782 5229; x_wconf 92' lang='lat' dir='ltr'><strong>jumento</strong></span> <span class='ocrx_word' id='word_1_741' title='bbox 811 5161 994 5226; x_wconf 88' lang='lat' dir='ltr'><strong>etiam,</strong></span> <span class='ocrx_word' id='word_1_742' title='bbox 1026 5175 1134 5231; x_wconf 89' lang='lat' dir='ltr'><strong>quo</strong></span> <span class='ocrx_word' id='word_1_743' title='bbox 1162 5161 1482 5225; x_wconf 90' lang='lat' dir='ltr'><strong>vehebatur,</strong></span> <span class='ocrx_word' id='word_1_744' title='bbox 1511 5159 1696 5224; x_wconf 65' lang='lat' dir='ltr'><strong>illmso,</strong></span> <span class='ocrx_word' id='word_1_745' title='bbox 1737 5168 1794 5215; x_wconf 91' lang='lat' dir='ltr'><strong>et</strong></span> <span class='ocrx_word' id='word_1_746' title='bbox 1827 5159 1987 5214; x_wconf 90' lang='lat' dir='ltr'><strong>simul</strong></span> 
     </span>
    </p>
   </div>
   <div class='ocr_carea' id='block_1_97' title="bbox 403 5251 1988 5325">
    <p class='ocr_par' dir='ltr' id='par_1_97' title="bbox 403 5251 1988 5325">
     <span class='ocr_line' id='line_1_97' title="bbox 403 5251 1988 5325; baseline -0.001 -15"><span class='ocrx_word' id='word_1_747' title='bbox 403 5268 530 5310; x_wconf 89' lang='lat' dir='ltr'><strong>cum</strong></span> <span class='ocrx_word' id='word_1_748' title='bbox 580 5253 670 5308; x_wconf 87' lang='lat' dir='ltr'><strong>illa</strong></span> <span class='ocrx_word' id='word_1_749' title='bbox 713 5254 936 5308; x_wconf 91' lang='lat' dir='ltr'><strong>immani</strong></span> <span class='ocrx_word' id='word_1_750' title='bbox 985 5253 1100 5310; x_wconf 88' lang='lat' dir='ltr'><strong>fera</strong></span> <span class='ocrx_word' id='word_1_751' title='bbox 1146 5254 1420 5324; x_wconf 90' lang='lat' dir='ltr'><strong>intrepida</strong></span> <span class='ocrx_word' id='word_1_752' title='bbox 1463 5253 1748 5325; x_wconf 72' lang='lat' dir='ltr'><strong>praesentia</strong></span> <span class='ocrx_word' id='word_1_753' title='bbox 1790 5251 1858 5307; x_wconf 91' lang='lat' dir='ltr'><strong>ad</strong></span> <span class='ocrx_word' id='word_1_754' title='bbox 1903 5253 1988 5308; x_wconf 90' lang='lat' dir='ltr'><strong>sui</strong></span> 
     </span>
    </p>
   </div>
   <div class='ocr_carea' id='block_1_98' title="bbox 326 5344 1990 5419">
    <p class='ocr_par' dir='ltr' id='par_1_98' title="bbox 326 5344 1990 5419">
     <span class='ocr_line' id='line_1_98' title="bbox 326 5344 1990 5419; baseline 0.001 -17"><span class='ocrx_word' id='word_1_755' title='bbox 326 5365 328 5368; x_wconf 51' lang='grc' dir='ltr'><strong>ν</strong></span> <span class='ocrx_word' id='word_1_756' title='bbox 404 5345 618 5402; x_wconf 90' lang='lat' dir='ltr'><strong>Domini</strong></span> <span class='ocrx_word' id='word_1_757' title='bbox 660 5344 823 5403; x_wconf 90' lang='lat' dir='ltr'><strong>funus</strong></span> <span class='ocrx_word' id='word_1_758' title='bbox 854 5346 1122 5414; x_wconf 84' lang='lat' dir='ltr'><strong>adstante,</strong></span> <span class='ocrx_word' id='word_1_759' title='bbox 1170 5362 1278 5419; x_wconf 90' lang='lat' dir='ltr'><strong>quo</strong></span> <span class='ocrx_word' id='word_1_760' title='bbox 1305 5345 1538 5402; x_wconf 85' lang='lat' dir='ltr'><strong>mirabili</strong></span> <span class='ocrx_word' id='word_1_761' title='bbox 1581 5345 1735 5417; x_wconf 89' lang='lat' dir='ltr'><strong>signo</strong></span> <span class='ocrx_word' id='word_1_762' title='bbox 1766 5353 1990 5417; x_wconf 89' lang='lat' dir='ltr'><strong>apparet</strong></span> 
     </span>
    </p>
   </div>
   <div class='ocr_carea' id='block_1_99' title="bbox 473 5487 739 5547">
    <p class='ocr_par' dir='ltr' id='par_1_99' title="bbox 473 5487 739 5547">
     <span class='ocr_line' id='line_1_99' title="bbox 473 5487 739 5547; baseline 0.011 -4"><span class='ocrx_word' id='word_1_763' title='bbox 473 5503 500 5532; x_wconf 78' lang='grc' dir='ltr'>ι</span> <span class='ocrx_word' id='word_1_764' title='bbox 538 5487 739 5547; x_wconf 85' lang='lat' dir='ltr'><strong>Potest.</strong></span> 
     </span>
    </p>
   </div>
   <div class='ocr_carea' id='block_1_100' title="bbox 472 5560 894 5618">
    <p class='ocr_par' dir='ltr' id='par_1_100' title="bbox 472 5560 894 5618">
     <span class='ocr_line' id='line_1_100' title="bbox 472 5560 894 5618; baseline 0.002 -2"><span class='ocrx_word' id='word_1_765' title='bbox 472 5561 503 5604; x_wconf 65' lang='grc' dir='ltr'>δ</span> <span class='ocrx_word' id='word_1_766' title='bbox 540 5560 894 5618; x_wconf 86' lang='lat' dir='ltr'><strong>Gloriabatur.</strong></span> 
     </span>
    </p>
   </div>
   <div class='ocr_carea' id='block_1_101' title="bbox 475 5633 755 5707">
    <p class='ocr_par' dir='ltr' id='par_1_101' title="bbox 475 5633 755 5707">
     <span class='ocr_line' id='line_1_101' title="bbox 475 5633 755 5707; baseline 0 0"><span class='ocrx_word' id='word_1_767' title='bbox 475 5644 499 5707; x_wconf 67' lang='lat' dir='ltr'><strong>‘F</strong></span> <span class='ocrx_word' id='word_1_768' title='bbox 542 5633 755 5707; x_wconf 59' lang='lat' dir='ltr'><strong>ﬂiam:</strong></span> 
     </span>
    </p>
   </div>
   <div class='ocr_carea' id='block_1_102' title="bbox 472 5701 973 5760">
    <p class='ocr_par' dir='ltr' id='par_1_102' title="bbox 472 5701 973 5760">
     <span class='ocr_line' id='line_1_102' title="bbox 472 5701 973 5760; baseline -0.01 1"><span class='ocrx_word' id='word_1_769' title='bbox 472 5703 500 5747; x_wconf 73' lang='grc' dir='ltr'>ἀ</span> <span class='ocrx_word' id='word_1_770' title='bbox 541 5701 881 5760; x_wconf 74' lang='lat' dir='ltr'><strong>Gloriabatur</strong></span> <span class='ocrx_word' id='word_1_771' title='bbox 905 5702 973 5757; x_wconf 87' lang='lat' dir='ltr'><strong>ei.</strong></span> 
     </span>
    </p>
   </div>
   <div class='ocr_carea' id='block_1_103' title="bbox 478 5775 1985 5921">
    <p class='ocr_par' dir='ltr' id='par_1_103' title="bbox 478 5775 1985 5921">
     <span class='ocr_line' id='line_1_103' title="bbox 478 5775 1985 5921; baseline 0 -19"><span class='ocrx_word' id='word_1_772' title='bbox 478 5789 502 5892; x_wconf 56' lang='grc' dir='ltr'><strong><em>ἶ</em></strong></span> <span class='ocrx_word' id='word_1_773' title='bbox 542 5775 937 5918; x_wconf 54' lang='lat' dir='ltr'><strong>ggb’siefj&#39;i‘lentia</strong></span> <span class='ocrx_word' id='word_1_774' title='bbox 977 5839 1189 5896; x_wconf 74' lang='lat' dir='ltr'><strong>lineolis</strong></span> <span class='ocrx_word' id='word_1_775' title='bbox 1220 5854 1319 5921; x_wconf 87' lang='lat' dir='ltr'><strong>pro</strong></span> <span class='ocrx_word' id='word_1_776' title='bbox 1355 5856 1504 5899; x_wconf 83' lang='lat' dir='ltr'><strong>more</strong></span> <span class='ocrx_word' id='word_1_777' title='bbox 1543 5849 1724 5898; x_wconf 87' lang='lat' dir='ltr'><strong>notata</strong></span> <span class='ocrx_word' id='word_1_778' title='bbox 1763 5838 1985 5902; x_wconf 74' lang='lat' dir='ltr'><strong>tradidit</strong></span> 
     </span>
    </p>
   </div>
   <div class='ocr_carea' id='block_1_104' title="bbox 2094 4602 3684 4677">
    <p class='ocr_par' dir='ltr' id='par_1_104' title="bbox 2094 4602 3684 4677">
     <span class='ocr_line' id='line_1_104' title="bbox 2094 4602 3684 4677; baseline 0.003 -18"><span class='ocrx_word' id='word_1_779' title='bbox 2094 4603 2149 4659; x_wconf 94' lang='lat' dir='ltr'><strong>in</strong></span> <span class='ocrx_word' id='word_1_780' title='bbox 2175 4602 2376 4659; x_wconf 76' lang='lat' dir='ltr'><strong>Christi</strong></span> <span class='ocrx_word' id='word_1_781' title='bbox 2405 4602 2744 4660; x_wconf 90' lang='lat' dir='ltr'><strong>confessione</strong></span> <span class='ocrx_word' id='word_1_782' title='bbox 2769 4603 3059 4671; x_wconf 83' lang='lat' dir='ltr'><strong>ferventes,</strong></span> <span class='ocrx_word' id='word_1_783' title='bbox 3088 4605 3248 4677; x_wconf 90' lang='lat' dir='ltr'><strong>hujus</strong></span> <span class='ocrx_word' id='word_1_784' title='bbox 3274 4620 3490 4676; x_wconf 91' lang='lat' dir='ltr'><strong>quoque</strong></span> <span class='ocrx_word' id='word_1_785' title='bbox 3518 4615 3684 4663; x_wconf 80' lang='lat' dir='ltr'><strong>testes</strong></span> 
     </span>
    </p>
   </div>
   <div class='ocr_carea' id='block_1_105' title="bbox 2095 4695 3681 4768">
    <p class='ocr_par' dir='ltr' id='par_1_105' title="bbox 2095 4695 3681 4768">
     <span class='ocr_line' id='line_1_105' title="bbox 2095 4695 3681 4768; baseline 0.002 -17"><span class='ocrx_word' id='word_1_786' title='bbox 2095 4695 2288 4752; x_wconf 87' lang='lat' dir='ltr'><strong>fierent</strong></span> <span class='ocrx_word' id='word_1_787' title='bbox 2312 4697 2576 4762; x_wconf 89' lang='lat' dir='ltr'><strong>veritatis,</strong></span> <span class='ocrx_word' id='word_1_788' title='bbox 2603 4697 2656 4751; x_wconf 92' lang='lat' dir='ltr'><strong>in</strong></span> <span class='ocrx_word' id='word_1_789' title='bbox 2677 4712 2783 4768; x_wconf 89' lang='lat' dir='ltr'><strong>qua</strong></span> <span class='ocrx_word' id='word_1_790' title='bbox 2805 4697 3130 4764; x_wconf 83' lang='lat' dir='ltr'><strong>didicerant,</strong></span> <span class='ocrx_word' id='word_1_791' title='bbox 3159 4713 3276 4764; x_wconf 93' lang='lat' dir='ltr'><strong>eos,</strong></span> <span class='ocrx_word' id='word_1_792' title='bbox 3303 4712 3335 4752; x_wconf 89' lang='lat' dir='ltr'><strong>a</strong></span> <span class='ocrx_word' id='word_1_793' title='bbox 3357 4697 3558 4767; x_wconf 86' lang='lat' dir='ltr'><strong>quibus</strong></span> <span class='ocrx_word' id='word_1_794' title='bbox 3586 4715 3681 4754; x_wconf 89' lang='lat' dir='ltr'><strong>sua</strong></span> 
     </span>
    </p>
   </div>
   <div class='ocr_carea' id='block_1_106' title="bbox 2093 4788 3684 4862">
    <p class='ocr_par' dir='ltr' id='par_1_106' title="bbox 2093 4788 3684 4862">
     <span class='ocr_line' id='line_1_106' title="bbox 2093 4788 3684 4862; baseline 0.002 -18"><span class='ocrx_word' id='word_1_795' title='bbox 2093 4803 2320 4860; x_wconf 90' lang='lat' dir='ltr'><strong>corpora</strong></span> <span class='ocrx_word' id='word_1_796' title='bbox 2361 4788 2814 4856; x_wconf 84' lang='lat' dir='ltr'><strong>interﬁcerentur,</strong></span> <span class='ocrx_word' id='word_1_797' title='bbox 2860 4798 3048 4860; x_wconf 88' lang='lat' dir='ltr'><strong>postea</strong></span> <span class='ocrx_word' id='word_1_798' title='bbox 3090 4790 3226 4845; x_wconf 91' lang='lat' dir='ltr'><strong>nihil</strong></span> <span class='ocrx_word' id='word_1_799' title='bbox 3270 4789 3504 4857; x_wconf 81' lang='lat' dir='ltr'><strong>habere,</strong></span> <span class='ocrx_word' id='word_1_800' title='bbox 3539 4790 3684 4862; x_wconf 87' lang='lat' dir='ltr'><strong>quod</strong></span> 
     </span>
    </p>
   </div>
   <div class='ocr_carea' id='block_1_107' title="bbox 2093 4880 3684 4954">
    <p class='ocr_par' dir='ltr' id='par_1_107' title="bbox 2093 4880 3684 4954">
     <span class='ocr_line' id='line_1_107' title="bbox 2093 4880 3684 4954; baseline 0.001 -17"><span class='ocrx_word' id='word_1_801' title='bbox 2093 4880 2336 4937; x_wconf 87' lang='lat' dir='ltr'><strong>facerent</strong></span> <span class='ocrx_word' id='word_1_802' title='bbox 2368 4899 2381 4935; x_wconf 94' lang='lat'>:</span> <span class='ocrx_word' id='word_1_803' title='bbox 2415 4880 2669 4951; x_wconf 88' lang='lat' dir='ltr'><strong>quoniam</strong></span> <span class='ocrx_word' id='word_1_804' title='bbox 2696 4883 2956 4954; x_wconf 90' lang='lat' dir='ltr'><strong>quidquid</strong></span> <span class='ocrx_word' id='word_1_805' title='bbox 2987 4883 3214 4939; x_wconf 92' lang='lat' dir='ltr'><strong>mortuis</strong></span> <span class='ocrx_word' id='word_1_806' title='bbox 3244 4883 3569 4954; x_wconf 87' lang='lat' dir='ltr'><strong>corporibus</strong></span> <span class='ocrx_word' id='word_1_807' title='bbox 3606 4885 3684 4939; x_wconf 84' lang='lat' dir='ltr'><strong>fa-</strong></span> 
     </span>
    </p>
   </div>
   <div class='ocr_carea' id='block_1_108' title="bbox 2093 4973 3680 5046">
    <p class='ocr_par' dir='ltr' id='par_1_108' title="bbox 2093 4973 3680 5046">
     <span class='ocr_line' id='line_1_108' title="bbox 2093 4973 3680 5046; baseline 0.001 -16"><span class='ocrx_word' id='word_1_808' title='bbox 2093 4982 2299 5040; x_wconf 88' lang='lat' dir='ltr'><strong>cerent,</strong></span> <span class='ocrx_word' id='word_1_809' title='bbox 2332 4973 2518 5044; x_wconf 90' lang='lat' dir='ltr'><strong>utique</strong></span> <span class='ocrx_word' id='word_1_810' title='bbox 2547 4974 2682 5030; x_wconf 89' lang='lat' dir='ltr'><strong>nihil</strong></span> <span class='ocrx_word' id='word_1_811' title='bbox 2707 4974 2983 5041; x_wconf 91' lang='lat' dir='ltr'><strong>facerent,</strong></span> <span class='ocrx_word' id='word_1_812' title='bbox 3013 4977 3228 5046; x_wconf 89' lang='lat' dir='ltr'><strong>quando</strong></span> <span class='ocrx_word' id='word_1_813' title='bbox 3255 4977 3310 5030; x_wconf 90' lang='lat' dir='ltr'><strong>in</strong></span> <span class='ocrx_word' id='word_1_814' title='bbox 3338 4993 3505 5032; x_wconf 91' lang='lat' dir='ltr'><strong>carne</strong></span> <span class='ocrx_word' id='word_1_815' title='bbox 3532 4978 3680 5033; x_wconf 89' lang='lat' dir='ltr'><strong>omni</strong></span> 
     </span>
    </p>
   </div>
   <div class='ocr_carea' id='block_1_109' title="bbox 2091 5066 3679 5146">
    <p class='ocr_par' dir='ltr' id='par_1_109' title="bbox 2091 5066 3679 5146">
     <span class='ocr_line' id='line_1_109' title="bbox 2091 5066 3679 5146; baseline 0.001 -25"><span class='ocrx_word' id='word_1_816' title='bbox 2091 5067 2205 5121; x_wconf 91' lang='lat' dir='ltr'><strong>vita</strong></span> <span class='ocrx_word' id='word_1_817' title='bbox 2235 5074 2474 5132; x_wconf 89' lang='lat' dir='ltr'><strong>carente,</strong></span> <span class='ocrx_word' id='word_1_818' title='bbox 2501 5081 2601 5123; x_wconf 92' lang='lat' dir='ltr'><strong>nec</strong></span> <span class='ocrx_word' id='word_1_819' title='bbox 2627 5066 2830 5137; x_wconf 88' lang='lat' dir='ltr'><strong>aliquid</strong></span> <span class='ocrx_word' id='word_1_820' title='bbox 2859 5067 3060 5123; x_wconf 90' lang='lat' dir='ltr'><strong>sentire</strong></span> <span class='ocrx_word' id='word_1_821' title='bbox 3083 5077 3268 5138; x_wconf 91' lang='lat' dir='ltr'><strong>posset</strong></span> <span class='ocrx_word' id='word_1_822' title='bbox 3296 5069 3552 5146; x_wconf 60' lang='lat' dir='ltr'><strong>qui.inde</strong></span> <span class='ocrx_word' id='word_1_823' title='bbox 3577 5070 3679 5125; x_wconf 84' lang='lat' dir='ltr'><strong>mi-</strong></span> 
     </span>
    </p>
   </div>
   <div class='ocr_carea' id='block_1_110' title="bbox 2093 5158 3514 5232">
    <p class='ocr_par' dir='ltr' id='par_1_110' title="bbox 2093 5158 3514 5232">
     <span class='ocr_line' id='line_1_110' title="bbox 2093 5158 3514 5232; baseline 0.001 -20"><span class='ocrx_word' id='word_1_824' title='bbox 2093 5160 2289 5232; x_wconf 87' lang='lat' dir='ltr'><strong>gravit,</strong></span> <span class='ocrx_word' id='word_1_825' title='bbox 2320 5173 2420 5213; x_wconf 91' lang='lat' dir='ltr'><strong>nec</strong></span> <span class='ocrx_word' id='word_1_826' title='bbox 2445 5159 2649 5230; x_wconf 89' lang='lat' dir='ltr'><strong>aliquid</strong></span> <span class='ocrx_word' id='word_1_827' title='bbox 2678 5158 2802 5214; x_wconf 91' lang='lat' dir='ltr'><strong>inde</strong></span> <span class='ocrx_word' id='word_1_828' title='bbox 2829 5160 3076 5229; x_wconf 90' lang='lat' dir='ltr'><strong>perdere,</strong></span> <span class='ocrx_word' id='word_1_829' title='bbox 3113 5161 3206 5230; x_wconf 92' lang='lat' dir='ltr'><strong>qui</strong></span> <span class='ocrx_word' id='word_1_830' title='bbox 3233 5161 3457 5216; x_wconf 87' lang='lat' dir='ltr'><strong>creavit.</strong></span> <span class='ocrx_word' id='word_1_831' title='bbox 3493 5182 3514 5213; x_wconf 76' lang='grc' dir='ltr'><strong>ι</strong></span> 
     </span>
    </p>
   </div>
   <div class='ocr_carea' id='block_1_111' title="bbox 2162 5250 3680 5324">
    <p class='ocr_par' dir='ltr' id='par_1_111' title="bbox 2162 5250 3680 5324">
     <span class='ocr_line' id='line_1_111' title="bbox 2162 5250 3680 5324; baseline 0.003 -18"><span class='ocrx_word' id='word_1_832' title='bbox 2162 5250 2532 5307; x_wconf 68' lang='grc' dir='ltr'><strong>Ριίειειιιιὶεεε</strong></span> <span class='ocrx_word' id='word_1_833' title='bbox 2560 5251 2727 5307; x_wconf 90' lang='lat' dir='ltr'><strong>multa</strong></span> <span class='ocrx_word' id='word_1_834' title='bbox 2748 5251 2873 5306; x_wconf 90' lang='lat' dir='ltr'><strong>libri</strong></span> <span class='ocrx_word' id='word_1_835' title='bbox 2895 5252 3102 5324; x_wconf 83' lang='lat' dir='ltr'><strong>Regum</strong></span> <span class='ocrx_word' id='word_1_836' title='bbox 3127 5253 3374 5318; x_wconf 89' lang='lat' dir='ltr'><strong>historia,</strong></span> <span class='ocrx_word' id='word_1_837' title='bbox 3398 5252 3467 5307; x_wconf 90' lang='lat' dir='ltr'><strong>ad</strong></span> <span class='ocrx_word' id='word_1_838' title='bbox 3488 5251 3680 5310; x_wconf 81' lang='lat' dir='ltr'><strong>Achab</strong></span> 
     </span>
    </p>
   </div>
   <div class='ocr_carea' id='block_1_112' title="bbox 2093 5342 3680 5416">
    <p class='ocr_par' dir='ltr' id='par_1_112' title="bbox 2093 5342 3680 5416">
     <span class='ocr_line' id='line_1_112' title="bbox 2093 5342 3680 5416; baseline -0.001 -14"><span class='ocrx_word' id='word_1_839' title='bbox 2093 5342 2463 5402; x_wconf 88' lang='lat' dir='ltr'><strong>scelestissimi</strong></span> <span class='ocrx_word' id='word_1_840' title='bbox 2488 5342 2653 5414; x_wconf 88' lang='lat' dir='ltr'><strong>regis,</strong></span> <span class='ocrx_word' id='word_1_841' title='bbox 2681 5351 2736 5398; x_wconf 91' lang='lat' dir='ltr'><strong>et</strong></span> <span class='ocrx_word' id='word_1_842' title='bbox 2763 5343 3040 5416; x_wconf 81' lang='lat' dir='ltr'><strong>sacrilegae</strong></span> <span class='ocrx_word' id='word_1_843' title='bbox 3070 5345 3256 5400; x_wconf 74' lang='lat' dir='ltr'><strong>uxoris</strong></span> <span class='ocrx_word' id='word_1_844' title='bbox 3291 5343 3408 5414; x_wconf 88' lang='lat' dir='ltr'><strong>ejus</strong></span> <span class='ocrx_word' id='word_1_845' title='bbox 3457 5343 3680 5402; x_wconf 71' lang='lat' dir='ltr'><strong>Iezabel</strong></span> 
     </span>
    </p>
   </div>
   <div class='ocr_carea' id='block_1_113' title="bbox 2091 5475 3678 5548">
    <p class='ocr_par' dir='ltr' id='par_1_113' title="bbox 2091 5475 3678 5548">
     <span class='ocr_line' id='line_1_113' title="bbox 2091 5475 3678 5548; baseline -0.001 -14"><span class='ocrx_word' id='word_1_846' title='bbox 2091 5478 2425 5548; x_wconf 82' lang='lat' dir='ltr'><strong>Augustinus</strong></span> <span class='ocrx_word' id='word_1_847' title='bbox 2462 5492 2580 5548; x_wconf 91' lang='lat' dir='ltr'><strong>cap.</strong></span> <span class='ocrx_word' id='word_1_848' title='bbox 2618 5475 2670 5542; x_wconf 88' lang='lat'><strong>7,</strong></span> <span class='ocrx_word' id='word_1_849' title='bbox 2698 5475 2832 5533; x_wconf 89' lang='lat' dir='ltr'><strong>alias</strong></span> <span class='ocrx_word' id='word_1_850' title='bbox 2856 5493 3003 5533; x_wconf 90' lang='lat' dir='ltr'><strong>num.</strong></span> <span class='ocrx_word' id='word_1_851' title='bbox 3033 5478 3085 5544; x_wconf 89' lang='lat'><strong>9,</strong></span> <span class='ocrx_word' id='word_1_852' title='bbox 3116 5477 3239 5534; x_wconf 94' lang='lat' dir='ltr'><strong>libri</strong></span> <span class='ocrx_word' id='word_1_853' title='bbox 3268 5479 3331 5532; x_wconf 86' lang='lat' dir='ltr'><strong>de</strong></span> <span class='ocrx_word' id='word_1_854' title='bbox 3346 5475 3503 5548; x_wconf 76' lang='lat' dir='ltr'><strong>Cum</strong></span> <span class='ocrx_word' id='word_1_855' title='bbox 3530 5476 3678 5534; x_wconf 75' lang='lat' dir='ltr'><strong>Hor-</strong></span> 
     </span>
    </p>
   </div>
   <div class='ocr_carea' id='block_1_114' title="bbox 2091 5547 3387 5622">
    <p class='ocr_par' dir='ltr' id='par_1_114' title="bbox 2091 5547 3387 5622">
     <span class='ocr_line' id='line_1_114' title="bbox 2091 5547 3387 5622; baseline -0.001 -17"><span class='ocrx_word' id='word_1_856' title='bbox 2091 5547 2486 5622; x_wconf 49' lang='lat' dir='ltr'><strong>tuoruntjalias</strong></span> <span class='ocrx_word' id='word_1_857' title='bbox 2513 5547 2576 5622; x_wconf 78' lang='lat' dir='ltr'><strong>de</strong></span> <span class='ocrx_word' id='word_1_858' title='bbox 2602 5564 2729 5602; x_wconf 89' lang='lat' dir='ltr'><strong>cura</strong></span> <span class='ocrx_word' id='word_1_859' title='bbox 2748 5549 2977 5620; x_wconf 83' lang='lat' dir='ltr'><strong>gerenda</strong></span> <span class='ocrx_word' id='word_1_860' title='bbox 3001 5566 3098 5622; x_wconf 87' lang='lat' dir='ltr'><strong>pro</strong></span> <span class='ocrx_word' id='word_1_861' title='bbox 3125 5547 3387 5605; x_wconf 66' lang='lat' dir='ltr'><strong>mortuisl.</strong></span> 
     </span>
    </p>
   </div>
   <div class='ocr_carea' id='block_1_115' title="bbox 2160 5619 2660 5756">
    <p class='ocr_par' dir='ltr' id='par_1_115' title="bbox 2160 5619 2660 5756">
     <span class='ocr_line' id='line_1_115' title="bbox 2166 5619 2660 5676; baseline -0.006 1"><span class='ocrx_word' id='word_1_862' title='bbox 2166 5622 2192 5662; x_wconf 74' lang='grc'><strong>⁸</strong></span> <span class='ocrx_word' id='word_1_863' title='bbox 2230 5619 2370 5676; x_wconf 74' lang='lat' dir='ltr'><strong>Edii.</strong></span> <span class='ocrx_word' id='word_1_864' title='bbox 2399 5619 2660 5674; x_wconf 72' lang='lat' dir='ltr'><strong>exanima.</strong></span> 
     </span>
     <span class='ocr_line' id='line_1_116' title="bbox 2160 5689 2520 5756; baseline 0.003 -12"><span class='ocrx_word' id='word_1_865' title='bbox 2160 5691 2193 5733; x_wconf 78' lang='lat' dir='ltr'><strong>h</strong></span> <span class='ocrx_word' id='word_1_866' title='bbox 2229 5689 2520 5756; x_wconf 82' lang='lat' dir='ltr'><strong>Quasdam.</strong></span> 
     </span>
    </p>
   </div>
   <div class='ocr_carea' id='block_1_116' title="bbox 2134 5730 3676 5846">
    <p class='ocr_par' dir='ltr' id='par_1_116' title="bbox 2134 5730 3676 5846">
     <span class='ocr_line' id='line_1_117' title="bbox 2134 5730 3676 5846; baseline 0.008 -31"><span class='ocrx_word' id='word_1_867' title='bbox 2134 5834 2144 5846; x_wconf 81' lang='lat'><em>_</em></span> <span class='ocrx_word' id='word_1_868' title='bbox 2169 5763 2187 5804; x_wconf 70' lang='grc' dir='ltr'>ί</span> <span class='ocrx_word' id='word_1_869' title='bbox 2229 5730 2637 5821; x_wconf 62' lang='grc' dir='ltr'><strong>ἶιίέἁίι.</strong></span> <span class='ocrx_word' id='word_1_870' title='bbox 2666 5762 2721 5820; x_wconf 85' lang='lat' dir='ltr'><strong>in</strong></span> <span class='ocrx_word' id='word_1_871' title='bbox 2753 5781 2908 5834; x_wconf 87' lang='lat' dir='ltr'><strong>aera,</strong></span> <span class='ocrx_word' id='word_1_872' title='bbox 2945 5765 3042 5822; x_wconf 88' lang='lat' dir='ltr'><strong>sed</strong></span> <span class='ocrx_word' id='word_1_873' title='bbox 3067 5765 3348 5846; x_wconf 29' lang='lat' dir='ltr'><strong>habetur“:</strong></span> <span class='ocrx_word' id='word_1_874' title='bbox 3379 5785 3447 5829; x_wconf 71' lang='lat' dir='ltr'><strong>ne</strong></span> <span class='ocrx_word' id='word_1_875' title='bbox 3477 5783 3676 5829; x_wconf 70' lang='lat' dir='ltr'><strong>cmere‘</strong></span> 
     </span>
    </p>
   </div>
   <div class='ocr_carea' id='block_1_117' title="bbox 2089 5833 2401 5908">
    <p class='ocr_par' dir='ltr' id='par_1_117' title="bbox 2089 5833 2401 5908">
     <span class='ocr_line' id='line_1_118' title="bbox 2089 5833 2401 5908; baseline -0.019 -15"><span class='ocrx_word' id='word_1_876' title='bbox 2089 5833 2401 5908; x_wconf 82' lang='lat' dir='ltr'><strong>dispergere.</strong></span> 
     </span>
    </p>
   </div>
  </div>
