3940 6340
265 352 378 412 745

915 350 1374 420 QUESTIONES
1413 349 1563 409 XXX
1599 349 1827 409 SUPER

1962 349 2109 407 lROS
2147 349 2410 408 REGUM.
2450 381 2520 392 -ο
2555 352 2757 408 LIBER
2795 353 2885 409 IV.

3419 353 3523 410 ’146

268 479 517 538 tempora
559 466 764 522 cursim
802 468 1088 534 tendimus,
1120 475 1183 523 ut
1215 469 1281 523 de
1307 468 1600 524 virtutibus
1633 476 1849 525 sancto-
1875 486 1928 545 Α
1950 465 2060 519 boli
2085 465 2356 521 aemulatio
2399 465 2676 522 invexerat
2713 465 2834 521 orbi
2861 472 3147 521 terrarum.
3195 466 3356 524 Solus
3379 468 3526 524 enim

269 574 395 614 rum
423 558 817 630 Prophetarum
841 558 1027 627 Heliae,
1051 568 1213 632 atque
1241 559 1443 618 Helisei
1468 559 1651 617 saltim
1675 560 1852 618 tenui-

269 660 357 708 ter
383 651 584 723 aliquid
609 651 959 709 disseramus.

343 742 466 814 (III
494 742 623 814 Reg.
646 761 756 808 xvi,
785 746 903 817 28.)
935 746 1145 803 Interea
1170 745 1339 803 refert
1365 747 1643 818 Scriptura
1662 786 1677 812 ,
1710 745 1853 817 quod

268 835 451 890 Achab
475 835 621 904 ﬁlius
645 834 862 891 Zambri
883 848 1088 892 mortuo
1111 848 1258 910 patre
1286 855 1442 910 super
1469 837 1640 893 Israel
1669 853 1854 907 regna-

267 928 418 994 verit,
454 929 512 983 in
551 928 800 984 Samaria
827 930 1024 1000 viginti,
1053 939 1101 984 et
1127 930 1328 985 duobus
1366 931 1537 995 annis,
1577 928 1855 999 feceritque

266 1021 472 1076 malum
493 1023 549 1077 in
575 1032 850 1093 conspectu
879 1022 1090 1077 Domini
1117 1040 1273 1094 super
1296 1040 1493 1088 omnes,
1524 1023 1613 1094 qui
1641 1021 1855 1092 fuerunt

269 1125 394 1170 ante
423 1133 539 1170 eum
563 1135 582 1171 :
615 1133 707 1171 nec
734 1117 862 1172 satis
897 1116 998 1185 fuit
1034 1116 1102 1182 ei,
1128 1126 1187 1170 ut
1223 1116 1514 1171 ambularet
1541 1116 1599 1168 in
1629 1113 1854 1185 peccatis

269 1206 594 1261 Hieroboam
621 1207 721 1277 ﬁlii
751 1206 984 1272 Nabath,
1013 1208 1225 1278 insuper
1249 1209 1400 1262 duxit
1423 1223 1639 1262 uxorem
1667 1205 1857 1261 Hieza-

269 1301 352 1356 bel
376 1302 546 1371 ﬁliam
571 1315 601 1344 ι
631 1287 922 1357 ΜειΙιὸααΓ
940 1302 1074 1372 regis
1103 1301 1438 1357 Sidoniorum
1461 1342 1478 1368 ,
1516 1302 1764 1372 abiitque,
1805 1311 1854 1356 et

267 1397 477 1450 servivit
503 1394 641 1450 Baal
679 1396 736 1450 in
765 1393 974 1466 templo,
1006 1395 1146 1466 quod
1185 1395 1538 1464 aediﬁcaverat
1576 1397 1632 1450 in
1668 1394 1857 1450 Sama-

267 1488 376 1552 ria,
404 1495 451 1540 et
473 1486 726 1556 plantavit
747 1485 872 1540 illuc
895 1485 1105 1552 lucum;
1126 1495 1175 1540 et
1198 1485 1404 1539 addidit
1424 1485 1602 1540 Achab
1624 1487 1682 1540 in
1702 1502 1855 1557 apere

267 1575 604 1630 suoisritare
623 1575 903 1630 Dominum
929 1575 1099 1630 Deum
1127 1574 1300 1631 Israel
1324 1592 1482 1648 super
1507 1592 1681 1632 omnes
1708 1591 1853 1647 reges

267 1665 465 1733 Israel,
493 1667 583 1738 qui
611 1667 820 1736 fuerant
848 1677 969 1721 ante
993 1684 1132 1721 eum.

339 1758 542 1825 Lucus,
588 1758 740 1814 locus
783 1767 867 1815 est
905 1759 1154 1816 silvester
1193 1759 1423 1830 spissus,
1455 1759 1631 1816 dictus
1663 1760 1732 1815 ab
1763 1773 1850 1827 eo,

1950 554 2057 619 hic,
2088 555 2381 612 latentibus
2403 557 2634 623 caeteris,
2662 556 2810 612 velut
2846 557 3068 612 lucerna
3109 559 3309 614 ardens
3337 557 3530 615 offere-

1949 647 2044 700 bat
2067 660 2127 700 se
2150 647 2236 701 his
2260 662 2398 718 quos
2423 648 2638 703 videbat
2660 647 2940 719 profundae
2964 649 3139 705 noctis
3163 665 3374 709 mersos
3398 652 3531 708 cali-

1950 735 2092 807 gine,
2122 751 2266 792 nunc
2289 741 2580 806 monendo,
2607 755 2749 795 nunc
2775 740 3071 811 arguendo,
3097 757 3243 798 nunc
3261 746 3528 811 curando,

1951 842 2096 883 nunc
2119 829 2283 884 etiam
2307 833 2686 888 comminando
2717 832 2850 903 (Jer.
2877 850 2918 900 ι,
2944 833 3018 904 6).
3051 832 3159 890 Sed
3183 851 3328 892 nunc
3349 836 3532 892 lumen

1951 933 2114 985 caeco,
2147 934 2248 974 nec
2280 921 2445 976 surdo
2471 923 2908 992 prodestinferri
2936 938 3263 982 sermonem.
3303 926 3530 982 Cresce-

1951 1007 2046 1064 bat
2067 1009 2125 1064 in
2149 1009 2264 1064 dies
2288 1011 2526 1082 singulos
2553 1029 2707 1069 error
2732 1013 3023 1083 infaustus,
3051 1024 3105 1072 et
3134 1032 3350 1073 omnem
3379 1035 3537 1074 crea-

1951 1107 2130 1157 turam
2178 1104 2368 1159 mortis
2401 1107 2593 1161 umbra
2633 1115 2947 1164 contexerat
2993 1127 3006 1163 :
3055 1111 3124 1166 ad
3164 1125 3381 1168 omnem
3426 1112 3538 1168 for-

1952 1207 2120 1258 mam,
2145 1209 2469 1265 omnemque
2494 1197 2728 1266 speciem
2757 1199 3119 1256 inclinabatur
3142 1203 3400 1258 miserum
3432 1205 3535 1260 ho—

1951 1285 2159 1340 minum
2204 1283 2392 1356 genus.
2422 1287 2561 1354 Quid
2583 1289 2728 1343 enim
2757 1290 2824 1345 de
2856 1290 3004 1359 Sole,
3033 1292 3205 1360 Luna,
3239 1311 3304 1350 ac
3330 1294 3534 1363 Stellis,

1954 1377 2020 1432 de
2043 1386 2211 1445 terra,
2235 1394 2300 1434 ac
2320 1380 2488 1434 maris
2509 1381 2898 1452 principalibus
2921 1384 3114 1453 dicam,
3142 1395 3197 1441 et
3216 1387 3540 1445 clarissimis

1953 1468 2274 1525 elementis?
2301 1470 2522 1526 Cunctis
2549 1472 2914 1530 animantibus
2947 1476 3276 1545 volantibus,
3302 1481 3540 1549 quadru-
3587 1484 3593 1552 ξ

1951 1560 2200 1629 pedibus,
2235 1569 2291 1616 et
2328 1562 2630 1632 reptilibus,
2661 1567 2863 1621 muscis
2892 1583 3123 1637 quoque,
3162 1579 3217 1626 et
3241 1574 3537 1640 vermibus,
3586 1577 3590 1582 ’

1951 1651 2166 1718 εειεηιί,
2182 1660 2235 1708 et
2250 1653 2538 1723 singularis
2552 1656 2645 1711 Dei
2666 1659 3108 1728 prosternebatur
3125 1663 3322 1735 imago.
3342 1667 3542 1732 Quem-

1954 1745 2243 1800 admodum
2293 1747 2460 1818 igitur
2505 1750 2671 1804 ferret
2713 1750 2805 1805 illa
2843 1767 3017 1822 mens,
3050 1761 3164 1810 tota
3193 1756 3433 1825 pietatis,
3486 1766 3544 1813 et

267 1851 415 1920 quod
446 1866 640 1921 parum
678 1851 856 1906 luceat
899 1869 912 1906 :
956 1850 1108 1906 locus
1150 1851 1334 1906 multis
1372 1851 1601 1906 vestitus
1642 1850 1852 1906 arbori-

1962 1833 2101 1902 fidei,
2132 1837 2299 1893 Heliae
2324 1839 2444 1895 dico
2470 1838 2772 1912 Prophetas,
2819 1853 2874 1900 et
2902 1853 3107 1901 tantam
3150 1849 3382 1920 ruinam,
3417 1859 3539 1906 tan-

267 1944 374 1999 bus
405 1961 419 1998 :
448 1944 600 2000 locus
622 1959 890 2011 amamus,
920 1943 1014 2000 ubi
1038 1942 1220 1998 multm
1242 1942 1466 1998 arbores
1486 1951 1629 1999 sunt.
1663 1943 1850 1998 Dictus

266 2033 424 2090 lucus
446 2049 544 2104 per
577 2035 606 2075 b
637 2034 1006 2101 catachresin,
1035 2034 1162 2104 quia
1191 2040 1341 2089 caret
1375 2033 1493 2090 luce
1531 2049 1644 2104 prae
1683 2032 1852 2087 nimia

267 2140 554 2180 nemorum
591 2126 783 2180 umbra
822 2124 1003 2180 densis
1039 2125 1326 2180 arboribus
1361 2132 1567 2195 septus,
1605 2124 1735 2180 solis
1770 2124 1852 2178 Iu-

266 2231 390 2270 cem
422 2216 731 2271 detrahens.
762 2215 946 2270 Potest
967 2223 1023 2270 et
1045 2230 1075 2269 a
1097 2215 1428 2271 conlucendo
1459 2216 1665 2272 crebris
1692 2215 1853 2270 lumi-

265 2306 429 2361 nibus
477 2306 606 2373 dici,
652 2322 772 2377 qua:
814 2307 889 2361 ibi
928 2314 1150 2376 propter
1189 2306 1504 2376 religionem
1548 2306 1848 2377 gentilium,

267 2396 580 2467 cultumque
604 2397 823 2452 fiebant.
867 2395 1122 2454 Solebant
1162 2405 1341 2452 autem
1382 2396 1584 2468 Pagani
1623 2398 1681 2452 in
1716 2397 1854 2455 lucis

267 2489 357 2544 his
383 2490 654 2545 daemones
683 2488 985 2554 consulere,
1014 2498 1070 2544 et
1113 2504 1372 2560 responsa
1401 2490 1469 2544 ab
1501 2489 1629 2555 illis,
1678 2489 1735 2543 in
1773 2490 1850 2545 si-

270 2582 412 2651 gnis,
442 2590 499 2636 et
539 2581 762 2637 vocibus
791 2582 1154 2653 accipiebant,
1186 2584 1330 2638 unde
1370 2591 1425 2638 et
1459 2598 1491 2637 a
1535 2582 1699 2638 fando
1727 2582 1853 2639 fana

268 2681 399 2729 sunt
444 2675 713 2745 appellati.
752 2675 886 2730 Cum
927 2675 1073 2729 enim
1119 2675 1176 2730 in
1222 2675 1412 2731 diebus
1452 2673 1640 2742 Heliae,
1683 2675 1855 2732 scisso

268 2766 380 2834 jam
405 2768 548 2822 inter
573 2768 708 2822 duas
727 2777 912 2837 partes
931 2767 1130 2837 populo
1159 2764 1489 2833 Iudaeorum,
1513 2765 1703 2822 Achab
1725 2781 1853 2836 per-

269 2859 580 2914 cussionem
613 2859 894 2914 inveniens
917 2859 1071 2928 regni
1096 2857 1483 2924 lsraelitarum,
1517 2857 1727 2928 apicem
1754 2859 1855 2914 0b-

271 2949 494 3016 tineret,
531 2949 786 3007 Hiezabel
828 2960 1065 3006 externae
1104 2949 1358 3007 feminam
1397 2951 1593 3021 gentis,
1633 2959 1688 3007 et
1724 2966 1853 3023 pro-

271 3041 412 3100 fanae
457 3044 654 3098 mentis
696 3043 850 3098 duxit
874 3057 1099 3098 uxorem
1142 3060 1156 3096 :
1203 3041 1356 3112 cujus
1384 3058 1532 3107 cura,
1582 3050 1744 3112 atque
1773 3042 1858 3096 in-

271 3134 476 3189 stantia
511 3133 775 3189 idolorum
805 3135 882 3189 ita
914 3134 1218 3205 profecerat
1246 3134 1441 3199 cultus,
1486 3141 1549 3187 ut
1588 3133 1655 3188 ad
1683 3132 1854 3189 sacris

1952 1935 2173 1998 tamque
2203 1931 2499 2000 perniciem
2545 1933 2889 1990 animarum?
2921 1935 3141 2006 iacebat
3173 1942 3354 2013 populi
3399 1943 3543 1999 illius

1951 2032 2150 2088 corpus
2179 2021 2329 2092 regio
2352 2023 2544 2078 morbo
2573 2025 2946 2095 constrictum,
2975 2037 3032 2084 et
3058 2029 3206 2085 velut
3246 2048 3314 2087 ex
3358 2034 3543 2090 animo

1944 2105 2083 2178 jam,
2106 2119 2160 2164 et
2187 2111 2305 2167 sine
2336 2127 2500 2169 sensu
2526 2115 2813 2187 discerptis
2837 2121 3117 2187 membris,
3148 2129 3204 2176 et
3231 2139 3330 2193 per
3355 2141 3542 2196 rupes,

1951 2209 2007 2255 et
2033 2203 2303 2272 scopulos,
2327 2220 2426 2274 per
2452 2221 2695 2274 nemora,
2730 2207 2988 2279 lucosque
3011 2210 3248 2281 jactatis,
3280 2216 3456 2272 nullas
3485 2219 3542 2272 in

1951 2308 2012 2349 se
2033 2294 2226 2350 divina:
2255 2297 2507 2368 imaginis
2535 2299 2794 2371 reliquias
2812 2301 3142 2370 possidebat.
3175 2303 3394 2362 Nullum
3415 2308 3545 2364 huic

1951 2387 2225 2455 poculum,
2255 2389 2461 2444 nullum
2484 2393 2867 2450 medicamenti
2891 2410 3060 2466 genus
3080 2398 3360 2467 proderat,
3388 2400 3433 2454 si
3457 2401 3549 2454 da-

1954 2485 2124 2546 retur,
2148 2480 2276 2550 quia
2295 2483 2562 2550 membra,
2586 2485 2632 2539 si
2655 2485 2798 2555 quod
2819 2497 3115 2556 apponeret
3135 2490 3544 2560 propellebant;

1953 2568 2100 2626 ferro
2128 2580 2246 2627 erat
2271 2574 2533 2630 utendum
2553 2615 2569 2642 ,
2597 2589 2794 2632 vumus
2818 2592 3012 2634 cruore
3041 2581 3343 2636 sanandum
3374 2600 3387 2635 :
3421 2598 3550 2640 con-

1954 2675 2244 2734 sequenter
2276 2675 2457 2722 tamen
2485 2676 2548 2723 ut
2569 2679 2841 2739 creverat,
2873 2687 2904 2727 a
2930 2673 3119 2743 capite,
3151 2674 3328 2744 inquit
3355 2675 3545 2743 Isaias,

1954 2772 2118 2828 usque
2145 2757 2216 2811 ad
2241 2758 2395 2828 pedes
2432 2757 2584 2831 (Cap.
2615 2774 2727 2827 XVI,
2754 2761 2868 2834 54).

2029 2868 2051 2894 ο
2093 2855 2163 2910 1η
2183 2857 2365 2912 diebus
2396 2867 2570 2918 autem
2596 2861 2744 2932 regni
2766 2861 2970 2930 Achab,
3000 2863 3279 2932 ardiﬁcavit
3310 2863 3336 2904 ά
3366 2865 3550 2921 Achiel

1957 2949 2021 3002 de
2049 2948 2231 3004 Bethel
2261 2949 2475 3007 Hierico
2501 2965 2517 3004 :
2548 2953 2604 3006 in
2629 2951 2846 3008 Abiram
2875 2961 2903 2991 ⁸
2933 2954 3278 3026 primogenita
3305 2973 3402 3010 sua
3427 2957 3552 3027 fun-

1958 3041 2100 3097 davit
2134 3060 2272 3110 eam,
2302 3053 2350 3098 et
2393 3045 2450 3098 in
2488 3043 2660 3115 Segub
2705 3046 2983 3102 novissimo
3021 3064 3117 3101 suo
3155 3050 3328 3119 posuit
3368 3059 3550 3121 partas

1959 3132 2095 3201 ejus.
2133 3150 2152 3183 ι
2185 3133 2344 3189 Patet
2368 3149 2579 3201 sensus,
2609 3136 2734 3204 quia
2766 3151 2887 3190 cum
2910 3135 3150 3206 praefatae
3183 3140 3434 3196 conditor
3462 3157 3553 3195 ur-

271 3225 456 3297 legum
493 3225 658 3281 ritum
699 3241 796 3281 rex
836 3226 1043 3296 pariter
1069 3225 1464 3291 traduceretur,
1509 3233 1563 3279 et
1605 3224 1853 3295 populus.
1884 3239 1929 3302 ο
1959 3224 2064 3288 bis,
2089 3223 2440 3281 fundamenta
2466 3226 2608 3281 illius
2628 3241 2830 3296 ponere
2850 3228 3132 3299 inciperet,
3158 3232 3553 3305 primogenitus

270 3320 633 3375 Crassabatur
653 3321 711 3376 in
733 3319 985 3388 iniuriam
1006 3320 1103 3376 Dei
1125 3319 1368 3374 diabolus
1389 3319 1643 3388 antiquus
1663 3316 1859 3373 artifex

271 3410 613 3481 tyrannidis,
661 3410 1031 3467 multimodam
1074 3410 1172 3464 Dei
1216 3410 1532 3480 religionem
1582 3409 1862 3465 destruere

275 3513 547 3576 satagens.
592 3504 952 3561 Crassabatur
980 3504 1035 3558 in
1065 3503 1228 3559 corde
1271 3503 1536 3567 mulieris,
1584 3503 1737 3574 cujus
1779 3503 1862 3557 in-

273 3596 479 3652 stinctu
509 3596 689 3651 divina
717 3596 835 3663 lex,
867 3604 922 3651 et
946 3594 1063 3664 ejus
1089 3595 1450 3651 sacerdotium
1479 3595 1858 3664 spernebatur.

274 3685 673 3740 Occidebantur
702 3685 1007 3756 Prophetas,
1036 3693 1090 3741 et
1130 3685 1321 3740 altaria
1361 3686 1706 3752 tollebantur,
1750 3694 1864 3741 stu-

274 3779 477 3849 pebant
521 3780 720 3844 omnia,
756 3787 811 3834 et
848 3787 1060 3835 tantum
1099 3781 1450 3835 commissum
1492 3779 1702 3835 facinus
1742 3796 1867 3851 per-

277 3872 599 3937 horrebant,
627 3871 888 3927 mundum
918 3873 1038 3927 dico
1066 3873 1123 3926 in
1162 3871 1412 3928 omnibus
1457 3873 1862 3938 tabescentem;

275 3961 424 4032 quod
470 3963 728 4019 membris
773 3962 1162 4033 speciebusque
1205 3963 1318 4017 suis
1359 3977 1558 4018 nomen
1603 3963 1867 4019 creatoris

277 4051 582 4106 ascriberet
607 4067 760 4108 error
795 4051 1084 4107 humanus.
1126 4051 1235 4106 Sed
1259 4052 1458 4121 quaeris
1490 4051 1651 4117 forte,
1682 4061 1744 4107 ut
1769 4051 1868 4106 tibi

275 4143 542 4212 probetur
564 4151 748 4199 utrum
776 4144 1130 4214 peccantibus
1157 4143 1470 4200 hominibus
1490 4151 1738 4200 metuant
1761 4145 1870 4201 ele—

277 4244 496 4301 menta;
541 4236 668 4292 audi
716 4237 1045 4292 Hieremiam
1089 4235 1438 4308 magnificum
1482 4237 1868 4309 prophetarum

278 4327 464 4383 divino
492 4345 588 4385 ore
616 4328 938 4386 clamantem
963 4329 1096 4402 (Jer.
1129 4346 1192 4396 ιι,
1217 4311 1306 4400 12)
1335 4347 1347 4384 :
1382 4329 1628 4402 Expavit,
1671 4331 1868 4400 inquit,

277 4420 466 4474 calum
494 4421 548 4476 in
574 4421 754 4489 istum,
781 4432 830 4478 et
855 4432 996 4477 terra
1022 4432 1280 4477 commota
1304 4432 1401 4489 est,
1442 4425 1570 4494 quia
1595 4424 1701 4477 duo
1726 4423 1871 4478 mala

276 4513 403 4582 fecit
439 4514 662 4585 populus
697 4531 841 4570 meus
881 4530 898 4568 :
937 4531 1019 4570 me
1056 4513 1441 4586 dereliquerunt
1483 4515 1680 4585 fontem
1718 4531 1871 4586 aqua:

1960 3313 2098 3383 ejus,
2139 3317 2233 3386 qui
2272 3317 2569 3372 vocabatur
2606 3317 2842 3385 Abiram,
2887 3328 3135 3376 mortuus
3173 3330 3296 3379 est:
3330 3332 3387 3381 et
3425 3341 3552 3381 cum

1962 3405 2110 3462 Urbe
2132 3407 2397 3464 aedificata
2423 3418 2608 3480 portas
2642 3411 2855 3466 munire
2887 3419 3152 3480 tentaret,
3194 3415 3553 3474 novissimum

1963 3495 2198 3553 ﬁliorum
2227 3514 2470 3566 suorum,
2505 3511 2860 3572 cognomento
2897 3503 3089 3574 Segab,
3139 3507 3322 3563 amisit
3355 3526 3368 3562 :
3408 3509 3556 3580 quod

1962 3589 2039 3644 ita
2068 3590 2310 3646 futurum
2335 3589 2498 3648 Josue
2529 3592 2662 3665 (Ias.
2691 3610 2767 3658 v1,
2794 3593 2885 3666 26)
2913 3610 3037 3650 cum
3068 3610 3188 3652 eam
3219 3599 3554 3655 destructam

1964 3683 2295 3739 anathemati
2339 3685 2615 3752 traderet,
2655 3686 3003 3756 imprecando
3028 3689 3282 3757 praedixit
3328 3709 3341 3744 :
3389 3691 3558 3747 Male-

1965 3772 2158 3840 dictus,
2189 3774 2460 3845 inquiens,
2492 3777 2572 3830 vir
2605 3792 2782 3829 caram
2813 3776 3056 3842 Domino,
3085 3780 3176 3848 qui
3207 3781 3552 3849 suscitaverit,

1965 3873 2014 3918 et
2039 3864 2375 3932 wdiﬁcaverit
2404 3865 2668 3919 civitatem
2704 3865 2938 3920 Hierico.
2978 3867 3049 3922 In
3090 3870 3434 3940 primogenita
3459 3889 3556 3928 suo

1967 3953 2310 4023 fundamenta
2350 3955 2495 4010 illius
2526 3956 2546 3995 ί
2571 3958 2761 4026 jactet,
2787 3969 2833 4010 et
2876 3961 2933 4012 in
2968 3959 3243 4013 novissimo
3272 3961 3558 4018 liberarum

1965 4054 2126 4115 ponat
2167 4055 2346 4117 portas
2385 4048 2520 4118 ejus.
2570 4047 2710 4116 Quia
2741 4064 2868 4104 vero
2900 4049 3091 4107 Achiel
3120 4054 3146 4094 8
3173 4055 3356 4110 aniens
3397 4056 3508 4112 Dea
3537 4072 3556 4109 :

1966 4135 2155 4192 Bethel
2213 4139 2603 4210 interpretatur
2643 4140 2830 4196 domus
2865 4141 2984 4208 Dei,
3027 4143 3216 4200 Achiel
3259 4149 3325 4204 de
3367 4147 3560 4206 Bethel

1969 4227 2241 4285 destructa
2306 4246 2339 4285 a
2387 4229 2552 4288 Josue
2601 4240 2766 4304 atque
2833 4235 3289 4293 anathematizata
3342 4238 3559 4295 Hierico

1968 4323 2169 4377 moenia
2199 4331 2488 4379 restaurat.
2519 4325 2548 4365 ιι
2581 4325 2716 4381 Cum
2743 4325 2866 4398 quis
2894 4342 3115 4394 eorum,
3143 4331 3236 4402 qui
3273 4330 3328 4386 in
3371 4331 3562 4388 Eccle-

1969 4411 2048 4465 sia
2077 4413 2320 4468 habitum
2355 4415 2636 4487 religionis
2661 4428 3063 4489 assumpserat,
3092 4424 3162 4477 ad
3205 4423 3412 4497 agenda
3443 4440 3562 4481 sce-

1969 4502 2106 4570 lera,
2141 4520 2261 4575 quae
2307 4506 2358 4561 ei
2387 4506 2649 4565 Dominus
2685 4508 2843 4569 Jesus
2879 4512 2935 4566 in
2970 4513 3056 4568 die
3088 4513 3429 4584 baptismatis
3465 4517 3561 4572 do-

277 4606 428 4672 vivw,
452 4616 498 4660 et
531 4607 778 4677 foderunt
809 4608 906 4662 sibi
934 4607 1081 4662 lacus
1102 4609 1372 4674 contritas,
1398 4609 1487 4679 qui
1519 4625 1622 4663 non
1650 4617 1865 4680 possunt
1889 4590 1944 4650 D
1969 4601 2224 4660 ﬂaverat:
2260 4597 2276 4636 ί
2318 4598 2488 4663 md“,
2527 4614 2771 4670 quasque
2817 4601 2930 4672 ipse
2977 4603 3557 4672 anathemaﬁzavel'al.

276 4712 473 4766 aquam
503 4699 788 4754 continere.
829 4699 1068 4754 Turbata
1101 4713 1232 4770 ergo
1256 4707 1414 4755 erant
1437 4699 1725 4767 elementa,
1755 4709 1870 4755 tur-

276 4787 407 4840 bata
437 4803 544 4842 non
583 4787 781 4856 ofﬁcio,
812 4790 907 4846 sed
937 4786 1154 4855 affectu,
1193 4790 1337 4859 quod
1367 4790 1620 4858 unicum,
1647 4800 1706 4846 ut
1731 4791 1866 4857 dixi,

276 4878 512 4934 Deitatis
553 4895 774 4947 nomen,
801 4881 1081 4936 hominum
1122 4882 1203 4937 eis
1244 4898 1399 4938 error
1439 4883 1758 4953 imponeret,
1791 4884 1871 4938 fa-

277 4969 653 5040 mulatumque
679 4971 918 5027 debitum
942 4973 1212 5028 conditori
1253 4990 1397 5031 caeca
1423 4975 1706 5031 devotione
1733 4991 1871 5046 pra:-

275 5060 455 5115 beret.
479 5061 612 5116 Erat
631 5063 722 5120 hic
749 5064 896 5120 Elias
918 5066 1127 5121 medius
1153 5066 1206 5120 in
1238 5075 1389 5123 tanto
1413 5067 1729 5124 discrimine
1753 5069 1871 5122 ani-

277 5165 516 5217 marum,
547 5161 665 5208 erat
689 5154 899 5210 medius
925 5155 980 5209 in
1014 5155 1132 5225 ipso
1159 5158 1346 5212 mundi
1387 5157 1693 5228 naufragio,
1725 5157 1870 5228 quod

277 5254 390 5299 non
431 5257 695 5312 aquarum
735 5243 1039 5312 inundatio,
1079 5246 1176 5303 sed
1213 5247 1465 5318 ptenalis,
1504 5255 1559 5304 et
1585 5262 1730 5304 caeca
1755 5247 1871 5304 dia-

352 5405 380 5436 ι
415 5393 668 5454 Ethbaal.

351 5464 382 5505 δ
423 5464 756 5540 ᾼηείίταεὺη.

355 5536 818 5616 ξηδιιὺέςῳιθῐηίθ
845 5540 1086 5599 invenies
1113 5542 1168 5598 in
1188 5541 1346 5616 Beda:
1377 5543 1763 5616 quaestionibus
1796 5542 1866 5600 50

278 5607 337 5660 in
353 5606 771 5736 gib’qqglltegum
799 5629 813 5667 :
841 5616 1138 5684 quaestione
1169 5615 1253 5671 16.

358 5758 382 5788 θ
426 5748 722 5810 Primitivo.

360 5820 380 5858 ί
425 5821 564 5878 Edit.
587 5825 786 5894 jaceat.

688 5915 966 5980 Parnm"
1011 5917 1167 5981 CIV.

1971 4683 2170 4738 diaboli
2198 4700 2443 4757 pompas,
2472 4688 2750 4746 luxuriose
2783 4692 3010 4749 vivendo
3042 4695 3280 4763 repetit:
3313 4711 3436 4751 cum
3472 4713 3560 4752 er-

1971 4792 2157 4832 rorum
2186 4779 2458 4849 dogmata,
2481 4782 2567 4837 vel
2596 4783 2880 4854 gentilium
2910 4783 3118 4840 fabulas
3139 4801 3170 4839 a
3201 4786 3429 4842 veritate
3457 4788 3561 4844 Ec-

1971 4867 2305 4937 clesiastica,
2341 4887 2448 4942 qua
2491 4873 2730 4928 imbutus
2765 4883 2878 4939 est,
2908 4875 3064 4944 quasi
3090 4876 3156 4930 de
3186 4875 3374 4932 Bethel
3407 4891 3560 4950 egre-

1970 4961 2146 5031 diens,
2197 4964 2382 5020 ruinas
2427 4965 2645 5021 Hierico
2689 4968 2980 5023 resuscitat
3025 4987 3037 5024 :
3085 4971 3389 5043 meritoque
3434 4975 3560 5032 talis

1970 5072 2153 5112 coram
2195 5057 2424 5114 Domino
2469 5060 2811 5127 maledictus,
2858 5070 2915 5116 et
2957 5063 3194 5132 primum
3228 5064 3461 5123 ﬁliorum
3501 5068 3558 5124 in

1969 5146 2286 5204 fundatione
2314 5148 2538 5206 nefariae
2573 5151 2829 5219 civitatis,
2873 5161 2927 5208 et
2955 5154 3310 5211 novissimum
3339 5157 3396 5212 in
3431 5174 3558 5229 por-

1969 5249 2149 5299 tarum
2175 5244 2445 5314 positione
2473 5245 2708 5312 amittit;
2738 5247 2863 5316 quia
2889 5255 2945 5302 et
2975 5248 3326 5305 fundamenta
3353 5249 3497 5318 fidei,
3526 5267 3558 5306 a

2044 5405 2071 5444 ε
2167 5403 2178 5415 .

2045 5471 2080 5552 ιι·
2113 5400 2386 5530 ζέιξιῗείιίο
2408 5473 2692 5552 cornelius
2714 5492 2745 5531 a
2764 5476 2966 5549 Lapide
2989 5479 3204 5552 eadem,
3227 5497 3349 5552 quae
3371 5487 3560 5538 noster

1975 5545 2229 5628 scriptor,
2253 5561 2416 5628 quem
2441 5543 2734 5628 Eucherius
2757 5543 2934 5628 putat,
2956 5543 3317 5623 appellatque,
3345 5553 3558 5628 tradere

1973 5614 2349 5694 Angelornum.
2379 5615 2680 5694 Sedquam
2719 5614 2888 5674 multa
2921 5614 3045 5678 cuin
3080 5614 3266 5680 nostra
3291 5614 3560 5694 scriptore

1976 5686 2280 5760 communia
2308 5685 2470 5741 habet
2490 5685 2846 5760 Angelomus!

2052 5758 2070 5798 ί
2115 5753 2528 5813 Condonaverat.

3077 5919 3156 5978 215
