3940 6340
333 359 440 422 769

973 369 1434 439 ΩΙΙᾹΞΞΤΙΟΝΕΒ
1470 372 1618 430 XXX
1637 373 1886 431 SUPER

2024 375 2174 433 IROS
2212 375 2473 436 REGUM.
2495 379 2586 420 ‘—-
2621 380 2827 434 LIBER
2863 379 2953 436 IV.

3489 371 3595 441 750

400 476 553 551 (Cap.
575 482 778 550 ΜΠ,
799 483 851 549 8,
877 493 930 540 et
956 488 1185 560 subseq.)
1211 489 1504 560 Postquam
1531 504 1662 547 vero
1685 492 1918 547 exsicca—
1943 491 1998 552 A
2021 494 2248 563 con/ide,
2302 495 2476 564 inquit
2503 533 2517 560 ,
2567 503 2622 549 et
2675 482 2759 563 fac
2813 483 3098 549 secundum
3141 485 3348 550 verbum
3403 515 3597 559 meum.

331 581 419 626 tus
439 581 525 626 est
560 581 788 640 torrens,
823 575 1022 633 dicitur
1046 579 1212 636 Heliae
1240 597 1271 635 a
1306 582 1536 636 Domino
1581 601 1592 637 :
1626 583 1813 655 Surge,
1867 593 1916 638 et

328 661 459 716 vade
482 663 537 716 in
565 663 844 736 Sareptam
868 667 1228 738 Sidoniorum,
1252 680 1301 726 et
1317 673 1548 727 manebis
1573 673 1679 728 ibi:
1697 674 1918 745 praecepi

327 753 467 807 enim
486 754 556 807 ibi
571 755 779 810 mulieri
793 757 981 826 vidule,
997 768 1052 813 ut
1064 771 1246 831 pascat
1260 771 1328 815 te.
1349 761 1612 830 Surrexit,
1634 774 1682 819 et
1702 765 1832 819 abiit
1861 767 1918 819 in

327 845 625 918 Sareptum.
643 849 876 923 Cumque
889 854 1106 908 venisset
1124 855 1191 909 ad
1225 866 1429 926 portam
1463 859 1710 924 civitatis,
1751 874 1916 929 appa-

327 941 437 994 ruit
448 943 496 996 ei
511 944 701 999 mulier
712 947 869 1000 vidua
885 947 1131 1019 colligens
1147 949 1288 1020 ligna
1298 989 1312 1016 ,
1325 960 1376 1004 et
1387 952 1582 1005 vocavit
1597 967 1711 1005 eam
1727 967 1745 1006 :
1765 953 1919 1006 dixit-

327 1050 429 1104 que
438 1036 485 1089 ei
496 1049 515 1086 :
529 1037 600 1090 da
616 1037 744 1090 mihi
754 1038 1012 1108 paxillum
1025 1053 1176 1111 aqute
1189 1043 1244 1098 in
1256 1057 1396 1110 vase,
1410 1052 1469 1098 ut
1480 1044 1669 1098 bibam.
1686 1041 1918 1113 Cumque

325 1131 423 1186 illa
452 1144 704 1205 pergeret,
733 1145 789 1188 ut
840 1137 1073 1207 a/ferret,
1119 1137 1364 1194 clamavit
1407 1150 1522 1212 post
1567 1149 1767 1210 tergum
1802 1140 1916 1209 ejus

325 1228 541 1282 dicens:
575 1229 710 1298 aﬁ'er
752 1230 882 1283 milii
927 1240 976 1286 et
1025 1231 1311 1286 buccella’m
1361 1233 1544 1303 panis,
1584 1233 1817 1299 obsecro,
1861 1233 1918 1288 in

328 1339 491 1377 manu
509 1332 639 1388 tua;
673 1340 791 1394 qua:
842 1324 1148 1396 respondit:
1176 1327 1296 1380 vivit
1317 1326 1574 1381 Dominus
1604 1326 1745 1380 Deus
1769 1333 1914 1392 tuus,

324 1417 452 1490 quia
478 1429 582 1469 non
603 1416 768 1470 habeo
792 1431 1001 1487 panem,
1028 1416 1131 1472 nisi
1175 1427 1430 1488 quantum
1472 1417 1704 1489 pugillus
1728 1433 1914 1489 capere

323 1515 492 1578 potest
515 1507 710 1578 farinte
735 1506 790 1562 in
819 1508 1032 1580 hydria,
1058 1518 1104 1564 et
1128 1508 1424 1579 pauxillum
1465 1509 1568 1564 olei
1596 1509 1652 1563 in
1691 1508 1911 1579 fecytho.

326 1598 412 1653 En
439 1597 632 1669 colligo
661 1597 768 1652 duo
802 1598 968 1670 tig'na,
999 1606 1058 1652 ut
1111 1599 1402 1670 ingrediar,
1453 1608 1502 1654 et
1552 1599 1748 1670 faciam
1780 1597 1915 1651 illud

325 1692 456 1747 mihi
488 1691 538 1746 et
569 1690 682 1761 ﬁlio
710 1707 846 1758 meo,
874 1700 932 1745 ut
973 1692 1331 1758 comedamus,
1379 1699 1430 1745 et
1460 1693 1772 1744 moriamur.
1833 1689 1915 1743 Ad

2023 586 2127 641 Sed
2155 587 2302 657 prius
2335 587 2421 657 fac
2453 587 2580 640 mihi
2607 586 2728 639 inde
2749 585 3172 650 subcinericiam,
3207 587 3304 640 tibi
3333 597 3527 655 autem,
3551 595 3598 646 et

2020 681 2132 750 ﬁlio
2157 690 2247 735 tuo
2273 683 2434 752 facies
2467 689 2667 753 postea.
2693 690 2717 720 ο
2744 680 2790 736 0
2817 670 3162 749 magniﬁcum”
3189 673 3434 739 mulieris
3481 685 3601 739 ani-

2020 777 2199 829 mum!
2234 775 2278 830 0
2301 774 2546 830 mirabile
2560 773 2756 830 mentis
2777 774 3134 845 propositum.
3166 773 3349 830 Overe
3372 792 3600 832 venera-

2019 865 2127 921 bile
2149 882 2248 937 per
2275 867 2531 922 saeculum
2558 865 2794 922 factum!
2831 874 3017 935 potum
3068 866 3224 935 petit,
3262 879 3387 921 mox
3421 868 3597 924 offert.

2021 960 2088 1015 Et
2112 962 2256 1031 quod
2282 962 2498 1031 regibus
2523 959 2752 1017 forsitan
2799 960 2914 1030 jam
2966 962 3173 1027 deerat,
3215 964 3359 1032 quod
3408 964 3604 1021 divites

2020 1067 2130 1106 non
2157 1053 2450 1118 habebant,
2483 1054 2586 1108 hoc
2619 1053 2778 1108 vidua
2823 1067 2890 1109 ex
2941 1053 3271 1110 abundantia
3321 1059 3598 1128 erogabat.

2019 1145 2200 1201 Poscit
2217 1161 2412 1216 panem
2440 1145 2509 1199 ab
2540 1161 2624 1212 ea,
2653 1156 2775 1215 quae
2800 1160 2924 1200 cum
2949 1146 3060 1200 lilio
3081 1152 3202 1201 erat
3245 1148 3334 1204 die
3385 1150 3606 1218 posterb

2021 1237 2302 1292 moritora.
2330 1235 2442 1292 Nec
2463 1236 2663 1290 habere
2691 1252 2751 1291 se
2775 1240 2955 1307 negat,
2981 1252 3141 1307 quem
3165 1239 3366 1294 fatetur
3395 1239 3602 1312 simpl?-

2020 1329 2176 1409 citer,
2221 1343 2322 1383 nec
2354 1327 2550 1383 metuit
2601 1329 2832 1399 prodere
2862 1331 3172 1386 veritatem.
3218 1331 3286 1386 Et
3334 1347 3445 1388 non
3494 1339 3604 1388 tam

2017 1419 2334 1490 postulanti,
2395 1431 2557 1490 quam
2623 1421 3024 1490 quodammodo
3074 1423 3334 1493 exigenti,
3387 1427 3606 1481 omnem

2020 1527 2240 1568 causam
2273 1513 2462 1584 pandit
2484 1513 2540 1568 in
2574 1514 2848 1569 medium:
2902 1516 3262 1585 quantitatem
3306 1517 3508 1583 victus,
3552 1524 3610 1572 et

2019 1617 2302 1658 numerum
2323 1615 2698 1673 personarum,
2721 1612 2783 1660 ut
2806 1606 3076 1675 hospitem
3118 1622 3224 1662 non
3250 1608 3431 1664 minus
3474 1608 3607 1665 velit

2002 1697 2243 1764 "habere,
2281 1711 2445 1768 quam
2465 1697 2723 1768 judicem.
2758 1696 2877 1752 Non
2903 1698 3061 1764 dixit,
3087 1710 3193 1753 non
3223 1709 3446 1769 poesum
3459 1698 3606 1755 face-

325 1796 483 1857 quam
511 1784 696 1840 Helias
726 1787 826 1853 ait,
857 1785 965 1840 noli
994 1786 1172 1840 timere
1197 1801 1217 1840 :
1257 1785 1348 1840 sed
1382 1785 1533 1852 vade,
1562 1793 1612 1838 et
1663 1785 1748 1854 fac
1779 1784 1913 1837 sicut
1942 1848 1986 1860 _
2021 1805 2082 1845 re
2105 1790 2247 1860 quod
2270 1789 2449 1860 jubes,
2481 1799 2584 1845 nec
2617 1789 2694 1843 ait
2726 1807 2739 1842 :
2773 1782 3058 1846 considera
3079 1790 3318 1856 viduam,
3343 1807 3451 1847 non
3483 1799 3599 1848 tam

326 1848 526 1932 dixisti.
552 1848 925 1933 Verumtamen
946 1878 1172 1950 primum
1193 1878 1280 1948 {ac
1305 1877 1370 1933 de
1387 1879 1502 1949 ipsa
1520 1848 1766 1948 'farinula
1790 1876 1914 1932 sub-
1941 1848 1990 1908 Β
2018 1881 2085 1936 de
2122 1848 2200 1944 se,
2231 1848 2394 1950 quam
2430 1848 2498 1934 de
2528 1879 2638 1935 lilio
2678 1881 3068 1936 tabescentem.
3134 1848 3431 1939 Considera
3476 1894 3603 1954 par-

325 1972 628 2027 cinericium
648 1988 835 2043 panem
857 1971 1155 2044 parvulum,
1179 1981 1227 2027 et
1253 1973 1390 2042 aﬁ'er
1417 1972 1547 2025 mihi
1571 1971 1700 2035 ;tibi
1713 1980 1908 2038 autem,

324 2072 375 2120 et
414 2064 526 2135 ﬁlio
555 2074 644 2119 tuo
689 2065 852 2134 facies
875 2075 1076 2136 postea.
1127 2063 1257 2119 Hac
1279 2074 1457 2119 autem
1488 2064 1614 2118 dicit
1654 2062 1912 2118 Dominus

325 2158 467 2215 Deus
496 2156 669 2214 Israel
696 2175 714 2213 :
740 2158 932 2229 hydria
946 2158 1139 2230 [arince
1160 2173 1264 2213 non
1291 2158 1518 2228 deﬁciet,
1555 2175 1648 2212 nec
1679 2157 1912 2228 lecytlzus

325 2252 428 2308 olei
454 2251 739 2318 minuetur,
770 2261 931 2324 usque
953 2251 1023 2307 ad
1047 2253 1208 2319 diem,
1237 2270 1341 2325 qua
1370 2252 1590 2307 daturus
1625 2261 1701 2306 est
1727 2250 1914 2306 Domi-

325 2365 424 2404 nus
445 2346 676 2419 pluviam
698 2363 854 2418 super
881 2347 1068 2417 faciem
1098 2355 1270 2401 terrre.
1305 2345 1438 2411 Quae
1485 2345 1634 2410 abiit,
1693 2353 1741 2399 et
1794 2343 1915 2414 fecit

325 2438 476 2505 iuxta
503 2438 712 2493 verbum
746 2437 938 2504 Helice,
986 2447 1034 2493 et
1063 2437 1285 2493 comedit
1315 2447 1364 2493 et
1403 2438 1529 2509 ipse,
1560 2448 1606 2493 et
1659 2436 1756 2492 illa
1785 2445 1836 2491 et
1886 2439 1913 2477 δ

326 2531 470 2600 ﬁlius
488 2531 626 2602 ejus,
651 2539 700 2586 et
725 2547 789 2586 ea:
827 2531 922 2586 illa
967 2531 1052 2585 die
1096 2531 1286 2601 hydria
1332 2530 1524 2600 farinae
1580 2547 1683 2585 non
1705 2529 1912 2598 defecit,

325 2623 559 2694 lecythus
581 2623 685 2678 olei
706 2641 810 2679 non
831 2633 908 2679 est
929 2624 1254 2689 imminutus,
1277 2624 1436 2694 juxta
1457 2622 1664 2678 verbum
1679 2622 1913 2689 Domini,

326 2717 464 2789 quod
486 2717 690 2773 locutus
721 2719 901 2788 fuerat
922 2719 979 2773 in
1032 2734 1194 2772 manu
1249 2716 1440 2772 Heliae.
1475 2716 1505 2758 ι’
1565 2716 1636 2772 Ut
1696 2717 1916 2772 interim

326 2810 749 2882 emittam,quid
782 2812 1113 2868 intrinsecus
1140 2811 1308 2866 lateat
1361 2809 1722 2876 Sacramenti,
1774 2811 1918 2879 quod

326 2901 391 2959 de
413 2909 559 2959 terra
584 2901 753 2960 Israel
786 2906 854 2960 ad
881 2903 1158 2960 Sidoniam
1183 2903 1416 2958 mittitur
1453 2902 1753 2972 regionem,
1775 2901 1919 2958 unde

327 2999 489 3064 caput
515 2995 776 3062 omnium,
801 3004 856 3051 et
877 3011 1041 3051 causa
1076 2995 1346 3051 malorum
1374 2992 1593 3051 Iezabel
1614 3006 1735 3051 orta
1773 2992 1917 3049 fuit:

325 3083 458 3140 illud
484 3085 727 3141 breviter
757 3087 1178 3158 perstringatur,
1232 3086 1374 3157 quod
1400 3087 1579 3157 pergit
1608 3085 1675 3140 ad
1700 3084 1918 3140 viduam

323 3179 554 3248 penuria
573 3175 931 3244 laborantem,
964 3185 1020 3234 et
1040 3179 1093 3234 in
1111 3177 1227 3250 ipso
1255 3178 1401 3244 vitae,
1433 3179 1733 3248 mortisque
1785 3193 1916 3233 con-

2015 1974 2264 2029 vnlorum
2285 1974 2534 2038 chorum,
2563 1988 2664 2028 nec
2689 1987 2775 2028 me
2798 1973 2906 2027 illis
2942 1972 3183 2041 auferas,
3228 1989 3330 2032 nec
3376 1983 3607 2031 matrem

2014 2065 2244 2136 patiaris
2275 2073 2426 2119 tanta
2459 2067 2705 2120 orbatam
2732 2060 2886 2134 prole
2939 2066 3260 2137 derelinqui.
3315 2065 3436 2125 Non
3485 2069 3603 2122 ait:

2019 2165 2075 2211 tu
2119 2171 2178 2211 es
2223 2157 2428 2226 utique,
2480 2157 2573 2227 qui
2623 2155 2822 2211 Orbem
2887 2163 3069 2223 terrae,
3125 2156 3288 2213 famis
3336 2159 3607 2214 sententia

2019 2250 2414 2304 condemnasti.
2441 2249 2535 2315 Te,
2577 2263 2738 2304 omne
2773 2250 3055 2304 hominum
3094 2263 3265 2322 genus
3317 2251 3607 2319 irascente,

2018 2340 2268 2410 deperiit.
2295 2339 2500 2394 Deinde
2528 2340 2772 2394 transisti
2813 2339 3044 2409 patriam
3087 2356 3102 2392 :
3135 2346 3339 2394 terram
3390 2355 3609 2394 omnem

2016 2445 2156 2501 pene
2179 2430 2352 2500 gentis
2379 2439 2504 2496 tuas,
2527 2437 2586 2485 et
2607 2431 2940 2500 provinciam
2968 2432 3269 2502 peragrasti
3297 2448 3312 2485 :
3338 2443 3608 2504 nusquam

2019 2519 2260 2590 locuples
2284 2520 2544 2587 obviavit,
2577 2521 2669 2590 qui
2689 2521 3016 2576 esurientem
3039 2523 3362 2591 susciperet,
3391 2532 3448 2578 et
3475 2523 3604 2580 retia

2019 2619 2169 2670 ceret
2190 2612 2546 2684 jejunantem.
2587 2614 2700 2684 Ego
2755 2615 2853 2670 tibi
2910 2615 3024 2672 sola
3073 2617 3313 2681 occurri,
3365 2623 3459 2670 aut
3501 2629 3608 2688 ego

2015 2706 2133 2778 jam
2166 2705 2280 2762 sola
2321 2706 2579 2771 remansi,
2613 2719 2733 2775 qua:
2777 2713 2976 2776 praeter
3009 2708 3254 2777 pecuniae
3285 2707 3608 2779 egestatem,

2023 2797 2192 2852 etiam
2215 2795 2358 2852 mole
2380 2796 2657 2866 opprimor
2679 2796 2930 2860 filiorum,
2959 2811 3082 2866 qua:
3115 2805 3322 2852 tantum
3350 2805 3606 2853 natorum

2020 2889 2233 2960 plebem
2261 2889 2418 2960 plaga
2442 2889 2559 2960 ipsa
2586 2889 2764 2958 patior
2791 2889 3118 2960 graviorem.
3172 2889 3322 2944 Exeo
3365 2890 3608 2955 domum,

2022 2997 2129 3038 non
2168 2991 2230 3036 ut
2244 2982 2424 3052 spicas
2451 2982 2723 3052 colligam,
2755 2982 2851 3036 sed
2875 2980 3042 3050 ligna,
3073 2995 3182 3036 non
3219 2990 3280 3035 ut
3300 2981 3612 3037 alimoniam

2023 3073 2285 3141 deferam,
2313 3075 2406 3130 sed
2436 3073 2694 3130 fomenta.
2740 3073 2886 3142 Quos
2943 3090 2975 3129 a
3020 3074 3166 3130 fame
3218 3074 3454 3130 liberare
3503 3087 3612 3128 non

2023 3173 2265 3238 pessum,
2297 3181 2465 3222 conor
2481 3166 2660 3222 saltim
2693 3182 2725 3220 a
2753 3165 2958 3237 frigore
2985 3165 3292 3221 defensare.
3309 3163 3471 3220 Certe
3484 3164 3613 3233 quia

328 3229 460 3325 huic
501 3270 870 3336 constitutam,
921 3285 1042 3341 qum
1082 3229 1310 3333 exrierat,
1336 3277 1397 3323 ut
1430 3268 1575 3341 ligna
1613 3229 1912 3340 cblligeret,

2024 3229 2134 3311 iam
2166 3229 2400 3311 crudelis
2427 3271 2506 3321 es,
2533 3263 2594 3310 ut
2620 3271 2728 3311 non
2766 3229 3102 3321 consideres,
3163 3255 3310 3325 quod
3340 3229 3610 3327 iniungas,

330 3371 388 3420 et
409 3367 521 3418 tam
548 3361 672 3428 sibi,
713 3378 878 3434 quam
907 3363 1152 3433 parvulis
1205 3371 1507 3417 extremam
1555 3361 1730 3416 victus
1789 3361 1916 3415 sub-

329 3455 588 3511 stantiam
639 3463 982 3526 procuraret.
1033 3454 1106 3510 At
1157 3454 1341 3511 Helias
1389 3454 1580 3510 videns
1627 3453 1915 3508 mulierem

329 3545 580 3618 squalore
624 3546 953 3614 confectam,
984 3562 1092 3601 non
1131 3553 1400 3613 movetur,
1451 3549 1560 3602 non
1593 3552 1914 3611 cunctatur,

331 3652 438 3694 non
467 3645 689 3694 revocat
705 3639 919 3708 pedem,
951 3639 1044 3694 sed
1070 3639 1266 3708 ingerit
1293 3653 1373 3705 se,
1395 3645 1454 3696 et
1492 3638 1783 3707 immergit,
1827 3637 1914 3692 fit—

329 3744 436 3801 que
464 3731 514 3786 ei
535 3731 650 3802 ipse
671 3732 886 3800 gravior
915 3730 1092 3788 fame:
1121 3741 1177 3789 et
1211 3731 1344 3788 dicit
1366 3733 1434 3788 ad
1461 3745 1580 3788 eam
1610 3751 1623 3786 :
1663 3731 1746 3788 Da
1788 3732 1918 3787 milli

331 3839 517 3894 parum
543 3839 713 3894 aqum,
738 3831 795 3878 ut
819 3824 1009 3879 bibam.
1038 3823 1104 3891 Ο,
1132 3825 1177 3880 si
1203 3824 1322 3892 tibi,
1345 3825 1507 3881 beate
1533 3825 1714 3890 homo,
1757 3825 1919 3880 vidua

331 3916 702 3986 respondisset
734 3935 748 3970 :
780 3923 836 3971 et
859 3916 1007 3988 ju’sta
1054 3924 1108 3972 te
1161 3923 1296 3971 voce
1348 3916 1615 3987 repellens
1665 3916 1915 3972 diceret:

335 4005 477 4074 Quid
504 4007 646 4076 petis
675 4023 706 4062 a
754 4023 862 4075 me,
923 4010 1067 4078 quod
1118 4009 1369 4063 omnibus
1429 4007 1734 4063 abstulisti?
1780 4008 1920 4074 Quid

332 4098 538 4168 quaeris
568 4113 598 4152 a
622 4100 872 4165 muliere,
902 4100 1044 4170 quod
1069 4100 1270 4154 mundo
1285 4100 1529 4170 negasti?
1551 4100 1667 4155 haec.
1679 4101 1922 4154 Omnium

332 4190 654 4258 necessitas,
710 4199 767 4247 et
827 4193 945 4247 haec
990 4193 1240 4262 penuria,
1301 4193 1414 4248 oris
1467 4194 1542 4248 tui
1600 4194 1924 4250 auctoritate

332 4284 549 4352 prolata
577 4293 680 4340 est.
721 4286 833 4356 Ego
855 4303 886 4340 a
914 4295 965 4341 te
1006 4287 1178 4341 debeo
1209 4286 1434 4352 satiari;
1488 4289 1543 4340 et
1567 4293 1624 4340 tu
1672 4287 1827 4341 venis
1856 4287 1924 4342 ad

334 4364 458 4429 me?
497 4374 604 4431 Sed
635 4377 781 4431 nulla
825 4379 1023 4432 horum
1054 4378 1266 4443 mulier,
1310 4391 1411 4433 nec
1452 4378 1636 4445 corde,
1689 4393 1791 4434 nec
1829 4393 1926 4434 ore

332 4481 432 4520 usa
461 4481 715 4521 sermone
741 4475 844 4522 est.
877 4467 999 4523 Mox
1045 4469 1240 4523 devota
1281 4483 1460 4533 mens,
1490 4475 1546 4522 et
1599 4470 1926 4540 evangelicae

2011 3349 2114 3404 illo
2135 3363 2264 3404 sane
2289 3356 2576 3404 contentus
2596 3361 2718 3403 esse
2749 3347 3035 3414 debueras,
3067 3355 3128 3401 ut
3176 3347 3460 3402 nobiseum
3505 3359 3609 3415 pa«

2020 3441 2158 3497 riter
2195 3439 2386 3494 ederes
2418 3439 2563 3509 quod
2614 3437 2895 3503 remansit,
2928 3437 3014 3493 vel
3038 3438 3192 3508 prius
3240 3437 3449 3493 sineres
3485 3451 3612 3506 par-

2020 3532 2179 3587 vulos
2225 3530 2442 3596 satiari;
2493 3537 2623 3586 tunc
2665 3529 2762 3585 tibi
2810 3531 2958 3601 quod
3004 3530 3380 3596 remansisset,
3407 3527 3611 3595 otl'erri,

2021 3627 2118 3682 sed
2143 3624 2488 3695 singulariter
2506 3624 2607 3678 tibi
2633 3623 2886 3694 praecipis
2913 3623 3031 3679 fieri
3060 3624 3213 3679 cibos
3231 3663 3246 3688 ,
3269 3631 3328 3678 et
3373 3638 3480 3678 non
3525 3637 3613 3676 so-

2022 3720 2134 3774 lum
2162 3718 2526 3788 singulariter,
2557 3718 2652 3772 sed
2682 3725 2736 3771 te
2770 3717 2855 3770 vis
2875 3716 3128 3785 primitus
3164 3715 3394 3770 satiari:
3454 3713 3603 3768 nulla

2024 3824 2079 3868 te
2105 3813 2428 3868 miserorum
2452 3811 2705 3865 convenit
2728 3824 2876 3873 cura,
2911 3823 3012 3863 nec
3039 3809 3154 3878 ipsa
3189 3815 3399 3863 natura:
3421 3805 3613 3876 religio

2025 3903 2357 3974 interpellat.
2409 3901 2675 3965 Parvulis,
2723 3908 2779 3956 et
2823 3900 3153 3954 lactantibus
3191 3906 3497 3953 extremum
3545 3899 3614 3954 de

2026 3995 2415 4066 ipsisdentibus
2431 3993 2647 4048 auferre
2668 3993 2750 4047 vis
2771 3993 2950 4047 cibum
2985 4010 2997 4046 :
3028 3991 3124 4047 sed
3146 3990 3239 4045 illa
3268 3990 3465 4046 horum
3478 3989 3615 4046 nihil

2027 4095 2122 4144 aut
2156 4089 2288 4159 egit,
2340 4095 2432 4143 aut
2451 4085 2646 4160 idixit;
2711 4086 2957 4157 quinimo
3006 4084 3282 4155 intrepida.
3319 4083 3510 4151 currit,
3561 4090 3616 4139 et

2027 4182 2291 4252 imperata
2321 4188 2679 4236 consummat.
2715 4180 2844 4234 Erat
2870 4178 2924 4234 in
2966 4178 3058 4234 illo
3106 4186 3353 4248 tempore
3399 4185 3613 4247 specta-

2028 4273 2208 4331 culum
2239 4275 2442 4344 angelis
2483 4274 2898 4342 hominibusque
2945 4271 3316 4343 gratissimum
3347 4287 3361 4324 :
3412 4268 3441 4310 ά
3465 4268 3612 4338 quod

2028 4369 2171 4423 inter
2201 4376 2410 4438 gentes,
2444 4374 2498 4421 et
2519 4367 2573 4420 in
2598 4373 2742 4420 terra
2762 4365 3014 4436 profana,
3050 4363 3212 4418 vidua
3271 4361 3466 4416 mulier
3495 4359 3610 4430 jam

2033 4470 2159 4516 tunc
2182 4468 2328 4517 esset
2355 4460 2464 4515 lilia
2490 4460 2742 4524 Abrahae,
2782 4458 2955 4514 multo
2981 4456 3302 4526 hospitalior
3352 4454 3471 4524 ipso
3518 4467 3617 4524 pa-

333 4573 443 4612 non
473 4559 692 4628 indigna
735 4560 1023 4624 mercedis,
1081 4558 1290 4629 frigidae
1348 4560 1601 4628 poculum
1649 4562 1924 4630 prophetae
1948 4591 2004 4652 Β
2029 4561 2201 4616 reme,
2226 4552 2398 4605 multo
2418 4549 2857 4652 humaniorﬁdei
2907 4544 3328 4652 genitore-(03m
3359 4558 3515 4608 XVIII,
3556 4541 3613 4608 9,

335 4648 516 4704 defert
538 4651 762 4705 sitienti.
787 4650 952 4706 Addit
972 4665 1186 4720 quoque
1238 4650 1449 4715 Helias,
1480 4658 1534 4705 et
1560 4651 1730 4705 dicit:
1779 4638 1998 4720 Aﬁ'er"
2029 4661 2135 4700 etc.
2158 4645 2197 4714 ).
2242 4645 2372 4698 Erat
2429 4643 2644 4713 quidem
2690 4641 2966 4698 Abraham
3021 4638 3343 4709 hospitalis,
3384 4645 3440 4693 et
3487 4649 3617 4707 erga

334 4742 466 4793 mihi
488 4743 645 4796 etiam
675 4743 827 4812 panis
873 4739 1158 4796 buccellnm
1185 4743 1241 4796 in
1290 4758 1468 4796 manu.
1511 4742 1582 4796 At
1605 4741 1695 4795 illa
1736 4760 1747 4796 :
1789 4741 1928 4797 Vivit

336 4832 595 4887 Dominus
637 4833 778 4887 Dens
816 4842 958 4898 tuus,
983 4834 1028 4886 si
1081 4843 1154 4887 est
1195 4833 1324 4886 mihi
1372 4833 1549 4903 panis,
1587 4835 1690 4887 nisi
1738 4849 1926 4888 manus

335 4921 494 4991 plena
523 4922 716 4992 farinae
741 4923 797 4977 in
825 4923 1036 4993 hydria.
1067 4919 1151 4975 En
1181 4921 1371 4992 colligo
1408 4925 1513 4975 duo
1536 4921 1704 4992 ligna,
1731 4931 1789 4976 ut
1843 4924 1927 4977 in-

319 5011 570 5080 grediar,
599 5023 654 5068 et
679 5013 874 5084 faciam
893 5013 1028 5067 illud
1067 5013 1216 5080 mihi,
1255 5022 1302 5068 et
1326 5012 1439 5083 ﬁlio
1474 5029 1607 5077 meo,
1642 5016 1927 5069 etmandu-

337 5105 595 5174 cabimus,
639 5115 694 5161 et
742 5107 1050 5162 morientur.
1100 5106 1208 5162 Sed
1237 5106 1504 5177 quidiAd
1531 5107 1653 5180 haec
1699 5108 1917 5166 Helias:

413 5295 441 5354 ξ
467 5281 671 5354 Domus
697 5282 834 5354 ejus.

414 5353 443 5392 δ
471 5349 732 5421 Suspicor
759 5353 928 5408 multa
965 5368 1032 5408 ex
1062 5349 1367 5422 Augustino
1401 5350 1470 5405 ad
1497 5350 1656 5422 hujus
1693 5351 1800 5422 loci
1830 5367 1921 5422 eit-

341 5419 688 5494 plicationem
719 5434 997 5494 resumpta
1021 5419 1177 5494 esse}
1211 5419 1304 5477 sed
1349 5419 1526 5494 locum
1569 5419 1729 5492 quem
1787 5419 1925 5474 indi-

344 5491 484 5565 cem,
515 5495 752 5565 nondum
773 5491 972 5565 reperi.
1004 5493 1087 5548 An
1127 5504 1430 5565 sermonem
1462 5491 1695 5565 aliquem
1730 5505 1925 5565 consu-

345 5563 449 5620 luit
504 5563 792 5631 Claudius,
830 5562 939 5636 quo
973 5580 1118 5621 nunc
1168 5563 1545 5620 destituimnr?
1581 5563 1795 5619 Judicet
1848 5562 1924 5616 le—

343 5645 485 5692 ctor.

422 5718 444 5744 ε
481 5707 612 5775 Quae
628 5716 947 5778 sequuntur,
981 5721 1261 5778 compares
1283 5714 1408 5776 opto
1443 5722 1565 5760 cum
1588 5719 1859 5778 “numero
1891 5701 1924 5756 5

348 5774 773 5836 illius'homiliae
800 5795 920 5848 quae
964 5779 1018 5832 in
1213 5774 1432 5832 Petrum
1481 5787 1528 5848 et
1577 5776 1788 5831 Heliam
1846 5774 1926 5848 in-

351 5848 632 5917 scribitur,
663 5855 719 5907 et
756 5845 902 5906 inter
933 5848 1092 5906 dubia
1129 5847 1499 5919 Chrysostomi
1535 5863 1699 5918 Opera
1749 5845 1923 5914 posita

2031 4735 2346 4806 peregrinos
2369 4750 2568 4805 magno
2605 4735 2852 4790 detentus
2899 4730 3115 4796 affectu,
3172 4730 3265 4784 sed
3307 4735 3428 4784 erat
3489 4740 3617 4782 vere

2030 4830 2278 4901 cpulens,
2310 4837 2430 4883 erat
2455 4827 2628 4893 dives,
2655 4829 2844 4882 aderat
2865 4825 2914 4878 ei
2940 4837 3100 4891 posse
3113 4819 3256 4890 quod
3281 4818 3469 4896 vellet,
3487 4817 3615 4888 quia

2035 4923 2210 4977 minor
2239 4927 2360 4976 erat
2387 4920 2618 4982 animus,
2648 4932 2810 4987 quam
2844 4913 3094 4978 facultas,
3126 4925 3229 4966 nec
3271 4923 3463 4965 sensus
3499 4906 3618 4962 ani-

2034 5031 2182 5071 mum
2206 5014 2520 5084 superabat;
2551 5013 2668 5067 haec
2692 5023 2843 5073 vero,
2867 5022 2987 5077 quae
3024 5021 3132 5061 non
3162 5003 3336 5060 solum
3387 5003 3615 5066 marito;

2036 5109 2132 5164 sed
2187 5115 2243 5161 et
2267 5103 2612 5160 facultatibus
2665 5101 2909 5164 viduata,
2964 5112 3071 5152 non
3126 5095 3300 5152 solum
3345 5092 3620 5150 natalibus

2032 5288 2116 5336 est
2144 5295 2175 5332 a
2208 5275 2608 5332 Montfauconio
2633 5289 2756 5343 pag.
2818 5270 2921 5327 729
2971 5269 3105 5343 torni
3140 5268 3202 5324 ll.
3258 5268 3434 5343 Plura!
3473 5267 3616 5324 enim

2033 5350 2321 5420 desumpta
2340 5363 2406 5420 es
2439 5361 2502 5401 ea
2533 5339 2678 5420 sunt,
2704 5339 2797 5420 sed
2855 5357 2978 5398 cum
3014 5341 3192 5420 aliqua
3241 5339 3614 5420 diversitate“:

2031 5435 2098 5474 ex
2127 5407 2244 5489 qua.
2270 5418 2486 5489 quidem
2515 5431 2592 5489 re,
2619 5407 2820 5489 liquido
2847 5419 3078 5489 constat,
3103 5407 3229 5480 'jam
3256 5411 3454 5489 dudum
3486 5407 3620 5489 fuis-

2031 5506 2089 5545 se
2114 5479 2234 5544 eam
2261 5479 2541 5543 homiliam
2565 5479 2832 5540 latinitate
2869 5485 3146 5546 donatam,
3174 5488 3228 5536 et
3273 5481 3503 5536 fortasse
3563 5479 3618 5534 in

2031 5576 2218 5616 earum
2259 5572 2487 5613 numero
2515 5571 2655 5622 esse,
2681 5571 2816 5626 quas
2860 5552 3205 5610 transtulisse
3233 5551 3615 5608 Cassiodorum

2032 5632 2308 5687 discimus.
3459 5688 3488 5690 η
3575 5687 3580 5690 .

2098 5700 2124 5739 ἀ
2155 5699 2552 5770 Subsequentia
2576 5697 2924 5770 fere-omnia,
2949 5695 3044 5752 sed
3070 5709 3200 5770 cuni
3221 5692 3415 5770 aliqua
3439 5688 3620 5744 diver-

2026 5772 2190 5828 sitate
2215 5787 2284 5827 ex
2313 5761 2531 5826 homan
2562 5771 2616 5826 in
2647 5768 2748 5827 SS.
2793 5761 3008 5826 Petrum
3051 5774 3098 5821 et
3149 5761 3362 5819 Heliam
3401 5761 3456 5815 in
3495 5773 3610 5814 rem

2027 5857 2183 5898 suam
2209 5840 2494 5899 transtulit
2505 5841 2778 5900 Claudius.
