3940 6340
407 364 505 424 ΊΜ

1477 373 1755 432 CLAUDII
1791 374 2256 434 TAURINENSIS
2292 372 2598 432 EPISCOPI

3577 370 3685 424 752

402 478 608 545 tenuis,
636 479 734 534 sed
755 486 812 534 et
835 480 1095 551 temporis
1139 481 1282 538 malo
1313 486 1629 553 constricta,
1669 486 1738 541 ad
1781 494 1991 544 tantam
2018 490 2072 550 Α
2094 486 2330 542 nominis
2354 483 2690 558 provocavit,
2740 482 2834 539 sed
2862 480 3029 537 verbo
3071 478 3246 536 eidem
3300 481 3683 537 tantummodo

401 569 697 624 devenerat
713 578 1110 642 paupertatem,
1140 582 1201 627 ut
1232 574 1287 628 in
1315 576 1476 631 domo
1501 576 1656 644 nihil,
1690 577 1795 634 nisi
1844 581 1988 649 quod

401 669 625 734 augeret
652 660 874 730 famem,
918 663 1442 736 possiderepoterat,
1484 669 1834 739 parvulorum
1872 681 1988 726 tur-

398 758 468 814 ba
518 757 632 828 ipsa
694 757 874 814 inedia
933 760 1152 830 gravior
1196 768 1300 828 est,
1356 763 1451 818 sed
1498 763 1552 818 in
1605 764 1691 820 his
1737 766 1989 821 omnibus

397 840 559 904 malis
577 849 816 904 liberalis
837 849 1072 916 animus,
1117 860 1172 906 et
1221 868 1378 908 mens
1429 854 1623 910 devota
1673 845 1985 924 praestabat.

395 945 599 1017 Pergit,
626 953 681 1000 et
708 955 769 1000 ut
791 956 1125 1018 praeceperat
1144 948 1307 1005 homo
1329 951 1447 1016 Dei,
1476 951 1708 1008 ﬁdeliter
1729 955 1986 1024 complet,

397 1037 624 1106 suscipit
648 1037 999 1108 Prophetam,
1031 1047 1087 1093 et
1108 1042 1323 1112 recipit.
1351 1042 1470 1110 Quo
1497 1059 1627 1114 ergo
1654 1059 1769 1112 ore,
1792 1047 1990 1114 quibus

396 1129 620 1184 vocibus
659 1129 801 1184 hanc
832 1127 1085 1185 feminam
1115 1131 1364 1188 laudem?
1401 1153 1420 1186 (
1442 1134 1585 1190 Nihil
1619 1137 1751 1190 mihi
1768 1137 1988 1208 dignum

394 1217 655 1283 occurrit,
680 1219 823 1289 quod
851 1226 1012 1274 tanta:
1026 1219 1245 1277 virtutis
1269 1224 1511 1280 animum
1539 1225 1988 1298 valeatexaequa-

393 1331 475 1370 re.
506 1314 801 1372 Considero
825 1317 991 1379 enim,
1023 1319 1478 1386 quemadmodum
1501 1321 1682 1375 studio
1732 1321 1984 1376 humani-

393 1407 524 1462 tatis
553 1421 768 1462 omnem
797 1407 922 1463 inde
948 1408 1195 1480 despexit
1217 1411 1480 1466 naturalis
1505 1410 1755 1479 allectus,
1789 1413 1987 1470 nonde

394 1514 474 1564 se,
501 1513 610 1554 non
657 1497 726 1553 de
747 1499 987 1568 parvulis
1018 1519 1031 1553 :
1061 1500 1199 1556 nihil
1251 1516 1372 1556 eam
1392 1518 1424 1557 a
1461 1503 1659 1558 mentis
1708 1505 1988 1573 proposito

394 1591 758 1657 revocaverit,
785 1606 886 1646 nec
905 1593 1112 1662 proprii
1129 1609 1291 1650 sexus
1319 1594 1630 1662 inﬁrmitas,
1660 1611 1762 1652 nec
1786 1606 1986 1652 mater-

392 1702 462 1740 na
487 1700 617 1756 erga
651 1686 907 1757 parvulos
959 1686 1172 1742 viscera
1221 1689 1458 1758 pietatis.
1517 1687 1729 1744 Occidit
1779 1677 1988 1745 natura:

399 1775 575 1832 oﬁicia
607 1777 998 1848 hospitalitatis
1023 1778 1244 1844 intuitu,
1275 1788 1330 1833 et
1355 1779 1577 1835 effectus
1630 1789 1715 1834 est
1759 1782 1988 1837 devotus

391 1887 522 1943 erga
545 1873 815 1943 hospitem
861 1875 1056 1930 matris
1115 1875 1348 1940 animus,
1423 1875 1713 1930 ﬁlioruma
1767 1877 1988 1933 crudele

391 1963 722 2033 sepulcrum.
756 1965 1030 2033 Quantum
1047 1965 1194 2020 enim
1216 1966 1284 2021 ad
1307 1966 1454 2020 illam
1510 1975 1735 2037 spectat,
1785 1968 1986 2022 mortui

393 2064 521 2110 sunt
555 2056 788 2126 parvuli,
845 2064 902 2111 et
955 2057 1236 2128 genitricis
1287 2058 1684 2128 quodammodo
1739 2058 1987 2115 manibus

391 2149 736 2219 strangulati,
764 2158 929 2219 atque
951 2150 1171 2220 sepulti.
1204 2148 1480 2216 Quantum
1533 2160 1714 2206 autem
1764 2153 1832 2206 ad
1891 2152 1986 2206 Dei

387 2239 837 2307 misericordiam,
863 2255 972 2296 non
996 2240 1199 2296 mortui
1225 2248 1352 2296 sunt
1372 2256 1521 2306 vere,
1545 2258 1648 2298 nec
1691 2243 1851 2308 fame,
1901 2243 1987 2297 vel

389 2332 568 2387 inedia
605 2333 914 2403 consumpti
965 2333 1141 2404 :quia
1197 2333 1297 2390 soli
1343 2334 1558 2390 caeteris
1605 2334 1982 2405 pereuntibus,

387 2423 799 2478 convaluerunt.
859 2423 1158 2481 Confestim
1225 2426 1528 2496 siquidem,
1597 2434 1651 2482 et
1714 2425 1986 2497 Propheta

389 2521 596 2569 tantam
617 2515 780 2570 ﬁdem
815 2515 996 2571 divina
1040 2517 1292 2573 mercede
1333 2531 1690 2574 remunerans
1742 2519 1859 2573 ait:
1898 2517 1987 2572 Vi-

387 2609 458 2664 vit
484 2608 767 2678 Dominus,
788 2611 914 2682 quia
937 2611 1128 2681 hydria
1161 2611 1354 2681 farinae
1373 2620 1482 2668 tua:
1523 2629 1631 2668 non
1673 2611 1897 2681 deﬁciet,
1934 2620 1984 2667 et

387 2718 478 2756 vas
506 2700 608 2756 olei
627 2718 731 2757 non
751 2703 1112 2758 imminuetur.
1147 2702 1315 2760 Facta
1337 2711 1424 2760 est
1462 2704 1631 2776 igitur
1677 2719 1871 2760 manus
1897 2705 1983 2761 vi-

387 2791 508 2846 dua:
532 2806 776 2862 perenne
802 2793 1063 2860 torcular,
1090 2802 1146 2848 et
1171 2795 1316 2850 mola
1366 2793 1569 2866 iugiter
1597 2796 1870 2852 fundens:
1916 2797 1986 2851 Et

393 2883 527 2952 quid
591 2885 714 2940 dico
763 2886 1012 2941 mulieris
1064 2887 1318 2942 manum?
1364 2885 1426 2942 In
1477 2887 1643 2944 verbo
1696 2888 1983 2959 Propheta;

389 2982 505 3029 tota
530 2975 721 3032 domus
750 2977 926 3032 viduae
951 2978 1171 3048 piorum
1208 2979 1493 3036 cellarium
1518 2981 1662 3036 facta
1708 2991 1811 3049 est,
1873 2999 1982 3039 non

390 3067 465 3124 ibi
504 3083 615 3137 ros,
648 3085 760 3127 non
784 3070 983 3140 pluvia,
1021 3086 1129 3125 non
1156 3071 1302 3128 veris
1331 3087 1484 3138 aura,
1507 3089 1615 3130 non
1630 3073 1791 3129 calidi
1811 3074 1978 3141 soles,

388 3175 496 3215 non
523 3161 742 3217 nimbus
771 3162 1132 3229 necessarius,
1171 3178 1276 3218 non
1301 3173 1567 3232 aratrum,
1588 3181 1695 3221 non
1719 3167 1975 3240 agricola,

388 3269 495 3309 non
522 3253 765 3320 colonus,
795 3255 891 3310 sed
920 3254 1122 3322 omnia,
1156 3263 1211 3310 et
1235 3255 1288 3309 in
1319 3256 1573 3312 omnibus
1620 3272 1800 3313 sermo
1843 3258 1980 3316 Pro-

386 3347 566 3416 phetae
593 3346 796 3399 affatim
849 3347 1026 3401 viduae
1079 3346 1443 3403 ministrabat.
1479 3368 1498 3402 ι
1553 3347 1849 3405 Sciendum
1899 3359 1979 3407 ta-

387 3451 515 3492 men
541 3438 685 3507 quod
724 3436 778 3490 in
827 3436 972 3492 LXX
1008 3437 1395 3507 interpretibus
1445 3440 1560 3495 haec
1611 3441 1809 3506 vidua,
1868 3457 1976 3497 non

388 3545 560 3585 unum
587 3537 798 3585 tantum
834 3529 1026 3595 ﬁlium,
1059 3530 1153 3586 sed
1168 3529 1354 3600 plures
1370 3530 1628 3586 habuisse
1653 3542 1926 3588 narratur.
1946 3533 1975 3574 δ

390 3620 584 3676 Mulier
613 3635 764 3687 vero,
796 3636 917 3691 quat
947 3619 1116 3676 fuisse
1137 3621 1194 3675 in
1229 3620 1454 3692 Sarepta
1473 3623 1752 3690 scribitur,
1790 3623 1977 3680 Eccle-

388 3713 484 3768 sia:
518 3721 702 3784 typum
730 3713 998 3783 gestabat,
1031 3729 1152 3783 qua:
1201 3727 1231 3766 a
1283 3727 1382 3768 suo
1437 3713 1638 3769 diutius
1697 3715 1977 3771 conditore

388 3807 630 3873 deserta,
660 3806 916 3876 populum
946 3813 1109 3862 rectm
1139 3805 1264 3861 ﬁdei
1295 3805 1546 3871 nescivit,
1575 3809 1731 3878 quasi
1775 3825 1977 3880 paupe-

389 3916 504 3955 rem
559 3914 729 3971 egena
780 3899 920 3968 stipe
979 3898 1276 3963 nutriebat,
1305 3897 1359 3954 id
1388 3907 1472 3954 est
1522 3899 1690 3955 verbo
1739 3899 1975 3956 fructum

386 3999 670 4062 expertem
692 3990 941 4054 docebat,
975 3991 1149 4046 donec
1172 3990 1453 4045 adveniret
1484 4005 1665 4046 sermo
1697 3993 1977 4063 propheti-

387 4101 506 4150 cus,
535 4084 626 4153 qui
657 4097 727 4138 ex
743 4083 948 4140 siccato
983 4082 1182 4138 vellere
1216 4083 1450 4150 lsraelis,
1507 4092 1569 4137 ut
1598 4093 1728 4153 pote
1789 4085 1975 4141 clausa

388 4175 511 4232 coeli
538 4173 729 4244 janua,
756 4173 897 4228 fame
917 4173 1326 4242 periclitabatur
1366 4173 1423 4226 in
1451 4171 1675 4228 Judaea:
1733 4189 1852 4243 qua:
1903 4174 1975 4230 ob

387 4270 493 4326 hoc
531 4269 677 4326 dicta
700 4277 784 4324 est
814 4268 995 4333 vidua,
1027 4267 1155 4336 quia
1176 4274 1236 4322 ut
1263 4276 1389 4337 pote
1425 4267 1665 4338 gentilis,
1699 4283 1802 4323 nec
1847 4269 1974 4324 dum

388 4362 568 4418 fuerat
593 4361 777 4418 divino
806 4359 975 4416 cultui
1003 4359 1332 4429 mancipata,
1361 4374 1465 4415 nec
1491 4375 1660 4414 sacrae
1699 4359 1832 4431 legis
1878 4361 1975 4416 ha-

387 4453 550 4511 bebat
575 4453 857 4518 notitiam;
893 4450 1122 4521 Sarepta
1145 4461 1328 4507 autem
1355 4452 1574 4519 civitas,
1624 4469 1746 4526 quae
1799 4453 1972 4509 inter-

387 4557 638 4620 pretatur
669 4566 681 4602 :
718 4547 1016 4602 incendium
1056 4547 1168 4602 sive
1199 4547 1474 4603 tribulatio
1499 4551 1674 4620 panis,
1703 4551 1788 4606 vel
1822 4552 1974 4623 panis

387 4645 653 4714 angustia,
677 4657 917 4712 praesens
941 4641 1290 4712 accipiendus
1319 4651 1402 4698 est
1459 4641 1708 4708 Mundus,
1758 4644 1813 4698 in
1867 4661 1975 4716 quo

389 4736 698 4792 incendium
730 4737 978 4806 pessimae
1007 4734 1303 4806 conﬁagrat
1329 4735 1679 4805 cupiditatis:
1698 4735 1788 4790 ubi
1810 4738 1975 4793 rebus

387 4829 739 4896 supervacuis
766 4827 1115 4899 adquirendis
1139 4829 1292 4898 quasi
1337 4829 1639 4898 aucupandi
1692 4845 1822 4884 cura
1874 4831 1975 4886 im-

387 4921 740 4988 pendebatur.
777 4917 880 4975 Ubi
905 4920 1037 4974 dirae
1072 4919 1385 4989 cupiditatis
1417 4920 1747 4988 incendium,
1781 4923 1970 4992 panis-

388 5027 492 5081 que
520 5012 816 5082 spiritualis
858 5021 1018 5068 antea
1067 5010 1233 5067 ﬁebat
1285 5012 1554 5082 angustia.
1590 5013 1750 5084 Ergo,
1796 5023 1858 5069 ut
1903 5016 1971 5071 de

387 5102 542 5158 Helia
574 5102 854 5173 Scriptura
890 5105 1241 5173 pronuntiat,
1266 5105 1526 5160 Dominus
1555 5114 1740 5162 noster
1769 5109 1837 5163 ad
1871 5124 1970 5163 na-

387 5196 596 5250 tionum
628 5194 925 5251 Ecclesiam
973 5195 1214 5261 veniens,
1276 5203 1331 5250 et
1373 5209 1493 5250 eam
1538 5205 1692 5252 extra
1756 5207 1970 5268 portam

386 5288 643 5354 civitatis,
673 5288 909 5358 patrium
933 5288 1185 5344 videlicet
1214 5288 1462 5345 inclitum
1517 5306 1761 5347 errorem
1814 5307 1970 5362 repe-

386 5382 556 5448 riens,
580 5396 688 5436 non
715 5394 837 5435 eam
880 5379 1068 5447 signis,
1098 5387 1153 5433 et
1194 5379 1551 5445 mirabilibus,
1610 5382 1970 5454 maximisque

384 5473 674 5542 portentis,
702 5478 767 5526 ut
802 5468 992 5526 lsraeli
1040 5467 1259 5534 fecerat,
1313 5471 1382 5526 ad
1428 5470 1824 5529 confessionem
1886 5475 1969 5531 sui

459 5603 486 5631 α
500 5589 626 5646 Haec
646 5587 814 5644 habet
835 5585 1208 5646 interpretatio
1232 5584 1638 5640 Montfanconii.
1654 5585 1841 5641 Videre
1856 5598 1970 5642 erat

386 5663 585 5718 viscera
610 5659 863 5731 projecta,
879 5668 929 5731 et
948 5656 1571 5731 Prop/tetutnsusceplum
1595 5674 1615 5731 :_
1633 5666 1794 5731 totam
1827 5658 1970 5731 ﬁlio-

391 5680 585 5718 viscera
649 5680 863 5731 TOJCCta,
879 5680 929 5711 σι
948 5680 1263 5725 rrupueutm
1277 5680 1571 5726 susceptum
1595 5680 1612 5710 .'
1633 5680 1794 5711 wtant
1827 5680 1970 5726 [mo-

391 5749 506 5786 rum
519 5680 726 5787 turfam
740 5728 1036 5796 sepulcrum
1051 5726 1220 5794 e/I'ecit
1237 5743 1252 5787 ;
1269 5736 1520 5795 quantum
1534 5729 1670 5780 enim
1687 5729 1787 5796 fuit
1802 5730 1970 5783 vidua:

391 5803 444 5854 in
461 5804 746 5874 proposito,
771 5796 850 5874 illi
879 5799 1076 5850 mortui
1111 5805 1255 5874 sunt,
1295 5796 1385 5848 sed
1409 5796 1504 5848 Dei
1531 5797 1840 5866 benignitate
1863 5798 1972 5867 fac-

391 5863 499 5928 tum
522 5863 626 5940 est,
667 5863 995 5933 ut’t'iverent,
1027 5877 1073 5920 et
1105 5863 1388 5919 incolumes
1423 5877 1608 5919 essent.
1649 5863 1658 5866 V
1863 5863 1871 5867 ’
1921 5881 1925 5884 ·

2094 576 2381 646 imperavit
2408 577 2595 633 dicens
2635 574 2759 630 :Da
2776 573 2906 628 mihi
2936 572 3234 644 pauxillum
3269 588 3421 642 aqua:
3447 571 3504 626 in
3536 588 3682 640 vase,

2093 677 2150 722 ut
2175 668 2363 735 bibant,
2388 679 2438 724 et
2463 668 2750 724 buccellatn
2770 669 2924 740 panis
2953 667 3009 720 in
3031 683 3193 720 manu
3223 665 3516 736 tua.[Aqua
3533 668 3686 722 enim

2093 759 2148 813 in
2178 775 2326 826 vase,
2356 758 2492 815 ﬁdes
2522 759 2836 830 accipienda
2862 766 2948 813 est
2984 757 3166 812 cordis
3217 755 3396 829 (Rom.
3447 771 3508 823 x,
3567 758 3684 831 10),

2090 869 2194 922 qua
2223 853 2456 907 creditur
2479 854 2547 907 ad
2569 853 2856 923 justitiam.
2907 851 3214 907 Buccellam
3243 867 3376 907 vero
3419 851 3580 923 panis
3631 853 3687 907 in

2091 958 2274 1009 manu,
2299 944 2685 1000 misericordia:
2709 955 2792 998 est
2822 943 3232 1014 intelligendum
3244 958 3400 1012 opus,
3419 959 3529 1012 quo
3545 943 3686 999 ﬁdes

2092 1043 2150 1105 et
2171 1051 2334 1106 opera
2363 1037 2580 1092 vinculo
2610 1037 2714 1091 sibi
2746 1037 2980 1106 quodam
3026 1035 3384 1091 indissolubili
3447 1050 3686 1092 connec-

2091 1139 2298 1185 tuntur.
2330 1130 2432 1186 Ubi
2477 1131 2623 1185 cnim
2655 1147 2759 1184 una
2788 1129 3067 1196 defecerit,
3117 1129 3290 1184 altera
3320 1129 3540 1200 penitus
3588 1144 3685 1184 ne-

2090 1237 2364 1292 quaquam
2392 1224 2577 1278 stabit.
2612 1223 2766 1290 Quod
2793 1230 2953 1278 antea
2983 1218 3220 1278 Jacobus
3243 1221 3320 1276 ait
3343 1221 3638 1292 Apostolus
3667 1241 3680 1276 :

2091 1314 2178 1386 (ιι,
2200 1313 2294 1386 26)
2316 1314 2447 1384 ﬁdes
2475 1315 2588 1369 sine
2626 1315 2864 1386 operibus
2895 1323 3105 1369 mortua
3143 1322 3238 1369 est.
3267 1314 3337 1369 Et
3364 1330 3532 1385 opera
3563 1317 3686 1370 sine

2090 1402 2214 1470 ﬁde,
2240 1405 2420 1459 inania
2453 1404 2772 1471 redduntur,
2805 1414 2861 1460 et
2894 1405 3109 1462 frivola.
3138 1407 3384 1462 Ecclesia
3431 1424 3568 1479 ergo
3631 1411 3683 1463 in

2090 1503 2218 1567 typo
2243 1497 2388 1553 illius
2417 1497 2665 1553 mulieris
2686 1499 2880 1565 vidua),
2904 1497 3062 1567 juxta
3088 1498 3304 1555 Domini
3342 1509 3683 1570 praeceptum

2088 1588 2157 1642 ad
2186 1588 2516 1644 afferendum
2541 1589 2718 1644 eidem
2754 1605 2950 1660 aquam
2991 1591 3284 1662 pergendo,
3327 1592 3687 1661 quodammo-

2091 1681 2158 1736 do
2194 1680 2353 1737 ﬁdem
2397 1683 2481 1736 sui
2519 1683 2699 1738 cordis
2741 1690 3103 1752 pneparatam
3132 1683 3372 1739 ostendit
3424 1684 3682 1738 Domino.

2091 1772 2292 1827 Panem
2353 1773 2458 1828 sibi
2521 1774 2809 1829 conﬁtetur
2857 1777 3085 1830 necdum
3146 1774 3348 1840 fuisse,
3410 1776 3684 1847 condigna

2015 1854 2063 1914 B
2091 1865 2345 1920 videlicet
2375 1881 2541 1937 opera
2584 1867 2781 1922 divina:
2843 1869 3092 1934 culturae,
3144 1868 3240 1923 sed
3295 1869 3570 1923 modicum
3628 1885 3685 1922 se

2089 1968 2322 2015 testatur
2352 1961 2555 2015 habere
2587 1960 2774 2015 farinae
2800 1961 2855 2014 in
2899 1961 3112 2032 hydria,
3142 1969 3198 2015 et
3241 1960 3524 2030 paululum
3575 1960 3683 2015 olei

2088 2048 2144 2103 in
2174 2048 2409 2119 lecytho.
2441 2048 2707 2119 Pugillum
2759 2049 2951 2104 farina:
3003 2050 3059 2104 in
3113 2049 3326 2122 hydria,
3373 2050 3684 2105 naturalem

2087 2140 2293 2196 indicat
2321 2141 2513 2212 legem,
2545 2157 2664 2211 quae
2693 2142 2874 2197 divina
2904 2142 3193 2213 largitione
3235 2143 3489 2198 humana:
3517 2153 3681 2199 natu-

2087 2247 2162 2288 rae
2213 2232 2379 2288 insita
2427 2241 2530 2299 est,
2590 2247 2690 2304 per
2729 2249 2894 2305 quam
2943 2233 3274 2288 discernitur
3322 2234 3553 2300 bonum,
3599 2235 3684 2288 vel

2086 2323 2310 2390 malum,
2343 2333 2419 2390 et,
2454 2326 2671 2395 utquod
2705 2326 2809 2380 sibi
2859 2325 3146 2396 quisquam
3200 2325 3319 2381 ﬁeri
3377 2342 3488 2382 non
3545 2327 3682 2393 vult,

2085 2418 2113 2458 ά
2143 2419 2234 2474 alii
2265 2418 2378 2474 ullo
2405 2428 2650 2491 tempore
2675 2435 2782 2475 non
2804 2420 2989 2476 faciat.
3022 2422 3306 2477 Paululum
3337 2437 3472 2478 vero
3498 2423 3604 2478 olei
3630 2425 3682 2478 in

2085 2514 2320 2586 lecytho,
2356 2515 2700 2572 rationabilis
2723 2516 3070 2586 accipiendus
3095 2526 3180 2572 est
3208 2517 3541 2584 intellectus,
3586 2534 3683 2588 per

2087 2623 2250 2678 quem
2279 2616 2526 2663 creatura
2551 2608 2807 2680 intelligit
2835 2617 3171 2674 creatorem,
3202 2616 3257 2664 et
3285 2610 3391 2680 piis
3420 2611 3682 2680 Operibus

2085 2702 2261 2757 eidem
2289 2701 2505 2772 placere
2533 2703 2718 2758 studet
2749 2720 2760 2756 :
2794 2718 2914 2773 quae
2936 2703 3140 2758 idcirco
3179 2704 3318 2758 dixit
3349 2721 3363 2756 :
3398 2719 3456 2759 se
3485 2719 3681 2774 parum

2086 2791 2309 2860 habere,
2362 2793 2490 2864 quia
2529 2794 2760 2849 necdum
2804 2809 2903 2863 per
2955 2793 3208 2864 baptismi
3261 2793 3683 2850 Sacramentum

2085 2884 2382 2954 spiritualis
2404 2885 2593 2954 gratiae
2613 2893 2900 2955 acceperat
2923 2885 3146 2941 donum.
3169 2883 3248 2940 Ibi
3263 2895 3449 2942 tamen
3469 2886 3678 2953 farina,

2085 2975 2396 3046 oleumque,
2415 2992 2511 3031 ore
2520 2977 2846 3062 prophetico
2858 2976 3198 3032 benedicitur
3226 2995 3240 3030 :
3263 2976 3317 3031 id
3334 2985 3420 3032 est
3440 2977 3678 3043 fructus,

2083 3074 2140 3120 et
2165 3066 2413 3122 hilaritas
2442 3067 2746 3133 charitatis,
2773 3068 2889 3123 sive
2921 3068 3096 3139 gratia
3120 3069 3366 3139 corporis
3396 3070 3677 3134 dominici,

2085 3167 2142 3214 ct
2177 3159 2489 3215 chrismatis
2517 3161 2700 3216 unctio
2728 3160 3058 3217 indefectivo
3084 3161 3251 3217 verbo
3279 3161 3526 3218 caelestis
3552 3179 3674 3217 mu-

2084 3265 2216 3306 nere
2265 3248 2608 3305 fecundatur.
2665 3250 2831 3320 Cujus
2887 3253 3152 3307 hactenus
3195 3252 3252 3306 in
3299 3253 3449 3308 vasis
3496 3253 3676 3307 oleum

2083 3348 2262 3421 gaudii
2290 3348 2606 3419 spiritualis,
2630 3353 2687 3403 et
2706 3349 3099 3404 benedictionis
3121 3349 3298 3403 farina
3321 3363 3431 3404 non
3455 3349 3673 3413 defecit,

2082 3441 2321 3507 caeteris,
2360 3455 2482 3510 quae
2527 3455 2636 3494 non
2668 3441 2912 3506 credunt,
2963 3440 3234 3512 gentibus,
3271 3440 3456 3510 inopia
3522 3442 3677 3511 panis

2081 3533 2282 3598 divini,
2316 3540 2371 3587 et
2405 3533 2627 3588 venatui
2671 3533 2869 3587 deditis
2898 3533 3097 3588 inutili.
3127 3533 3281 3600 Quod
3335 3541 3523 3588 autem
3579 3535 3674 3596 ait,

2081 3625 2188 3679 duo
2213 3640 2272 3679 se
2297 3624 2441 3695 ligna
2471 3624 2744 3695 colligere,
2782 3641 2849 3679 ex
2904 3625 3100 3694 quibus
3155 3624 3428 3680 modicum
3483 3624 3676 3680 farina:

2079 3727 2339 3789 coqueret
2367 3718 2512 3789 quod
2529 3718 2783 3784 habebat,
2815 3728 3004 3773 etcum
3037 3719 3164 3774 ﬁliis
3213 3719 3326 3774 suis
3351 3719 3671 3782 comedens,

2080 3813 2270 3868 mortis
2283 3810 2396 3880 jam
2417 3811 2645 3866 exitium
2667 3818 3030 3881 exspectaret,
3057 3811 3133 3866 ita
3155 3809 3538 3881 accipiendum
3560 3819 3640 3866 est
3659 3829 3670 3863 :

2078 3904 2138 3960 in
2159 3905 2370 3961 duobus
2393 3904 2556 3974 lignis
2578 3920 2687 3959 non
2715 3904 2892 3960 solum
2945 3904 3078 3976 ligni
3110 3904 3349 3972 nomine,
3371 3905 3469 3960 sed
3508 3905 3672 3959 etiam

2079 4014 2306 4055 numero
2359 3999 2630 4068 lignorum
2680 3999 2864 4054 crucis
2927 3998 3248 4069 mysterium
3271 3997 3670 4068 praesignabat;

2079 4105 2179 4161 per
2198 4105 2360 4160 quam
2390 4091 2511 4154 sibi,
2537 4099 2593 4144 et
2615 4089 2738 4145 ﬁliis
2763 4090 2966 4156 suis,id
2987 4098 3070 4146 est
3094 4089 3312 4160 populo,
3337 4090 3671 4159 quiCbristo

2077 4181 2256 4237 fuerat
2275 4182 2604 4246 crediturus,
2628 4197 2824 4252 panem
2853 4182 2979 4237 vita:
3005 4191 3283 4252 perpetua:
3311 4181 3431 4236 dari
3482 4182 3672 4237 crede-

2077 4274 2192 4340 bat,
2216 4274 2508 4343 praateritis
2545 4274 2785 4344 peccatis
2796 4289 2896 4344 per
2921 4274 3198 4329 lavacrum
3216 4274 3475 4346 baptismi
3501 4276 3668 4330 mori:

2078 4364 2172 4419 illo
2197 4364 2450 4420 videlicet
2481 4379 2703 4436 genere,
2753 4368 2898 4436 quod
2949 4367 3210 4423 Dominus
3264 4366 3321 4421 in
3368 4365 3670 4440 Evangelio

2076 4459 2392 4528 praedicavit
2434 4458 2544 4532 (Jo.
2573 4474 2666 4525 xx,
2695 4458 2787 4530 29)
2815 4477 2827 4512 :
2861 4459 3012 4514 Beati
3056 4461 3146 4530 qui
3181 4477 3286 4514 non
3324 4460 3591 4527 viderunt,
3624 4472 3670 4516 et

2002 4592 2056 4652 Β
2083 4549 2436 4605 crediderunt.
2473 4550 2578 4606 Per
2600 4565 2798 4621 panem
2827 4566 2956 4607 vero
2979 4551 3423 4618 subcinericium,
3467 4569 3670 4622 parvu-

2081 4639 2193 4694 lum
2222 4641 2353 4696 illud
2376 4641 2490 4710 jam
2521 4641 2922 4712 praeﬁgurabat,
2956 4644 3100 4712 quod
3153 4644 3209 4698 in
3269 4645 3497 4700 exordio
3545 4645 3664 4701 ﬁdei

2077 4732 2369 4789 observare
2398 4742 2587 4803 gentes
2615 4750 2713 4803 per
2733 4734 3018 4803 epistolam
3058 4735 3301 4806 Apostoli
3356 4737 3667 4794 decrevisse

2076 4826 2358 4896 leguntur:
2377 4837 2398 4864 ε
2421 4824 2486 4878 Ut
2509 4826 2574 4878 ab
2597 4824 2914 4880 idololatria:
2933 4842 2988 4880 se
3011 4826 3371 4880 tantummodo
3385 4826 3559 4894 cultu,
3575 4837 3666 4883 eta

2076 4918 2446 4989 fornicatione,
2471 4934 2534 4972 ac
2548 4918 2822 4988 suffocatis
2847 4917 3187 4972 abstinerent.
3211 4918 3524 4985 Haecenim,
3549 4935 3665 4990 quae

2075 5011 2300 5068 rudibus
2327 5010 2525 5077 adhuc,
2558 5019 2615 5064 et
2638 5008 2769 5067 feris
2789 5010 3099 5066 hominibus
3123 5012 3192 5066 ab
3215 5011 3494 5081 Apostolis
3535 5028 3668 5068 con-

2079 5104 2200 5159 silio
2229 5103 2460 5172 sapienti
2480 5101 2692 5157 indulta
2713 5111 2860 5168 sunt,
2894 5103 2964 5157 ad
2992 5103 3457 5174 comparationem
3499 5120 3664 5159 evan-

2077 5196 2264 5268 gelica:
2295 5195 2715 5266 przedicationis,
2741 5196 2808 5251 ad
2835 5209 3000 5265 quam
3027 5197 3372 5266 postmodum
3387 5197 3665 5252 introduc-

2077 5289 2118 5344 ti
2148 5296 2292 5355 sunt,
2318 5287 2477 5342 valde
2531 5285 2746 5358 exigua,
2791 5295 2848 5342 et
2894 5302 3065 5357 parva
3117 5285 3288 5342 fuisse
3336 5299 3660 5342 noscuntur.

2083 5380 2237 5449 Quod
2261 5387 2444 5434 autem
2466 5378 2577 5433 ait:
2603 5376 2733 5431 mihi
2758 5376 3001 5448 primitus
3036 5377 3196 5446 facito
3216 5419 3230 5443 ,
3259 5378 3360 5433 hoc
3387 5377 3560 5432 voluit
3598 5374 3663 5429 ad

2077 5486 2264 5530 omnes
2285 5471 2569 5528 credentes
2602 5484 2671 5524 ex
2711 5468 2982 5540 gentibus,
3025 5476 3086 5523 ut
3138 5485 3248 5524 non
3285 5469 3396 5524 suis
3449 5467 3666 5524 meritis

2144 5588 2174 5629 b
2205 5586 2369 5641 Multa
2392 5585 2478 5641 his
2499 5583 2678 5638 aﬁinia
2730 5585 2888 5640 docet
2920 5581 3307 5653 Berengaudus
3346 5582 3400 5653 in
3451 5580 3664 5650 Apocao

2072 5659 2268 5731 lypsim
2293 5658 2359 5712 ad
2402 5671 2467 5711 ea
2496 5655 2678 5710 verba.
2704 5653 2774 5710 Et
2803 5670 2922 5708 cum
2950 5650 3238 5724 aperuisset
3250 5650 3482 5723 sigilt'um
3499 5667 3663 5724 quar-

2075 5742 2258 5852 “71'1"
2291 5797 2585 5867 exemplari
2608 5805 2689 5851 est
2726 5811 2737 5826 '
2777 5795 3117 5866 ttlt't'lempore
3139 5810 3243 5850 non
3265 5794 3451 5864 Ῑαοδαεο
