3940 6340
353 421 460 478 755

996 415 1468 492 QUIESTIONESX
1493 417 1642 474 XXX
1683 415 1908 473 SUPER
1946 414 2192 473 LIBROS
2231 415 2491 474 REGUM.
2532 447 2602 458 —
2641 415 2844 472 LIBER
2881 418 2973 475 IV.

3511 419 3614 477 754

351 540 708 606 ascriberent,
741 539 882 610 quod
925 539 1208 603 obdurato,
1258 546 1548 607 spretoque
1588 533 1788 590 lsraele
1831 533 1932 602 ipsi
1960 535 2014 598 Α
2063 536 2146 590 hri
2165 543 2252 592 sto
2270 534 2586 600 crediderit,
2622 534 2877 589 moritur.
2908 531 3062 588 Unde
3085 533 3331 591 sublatus
3361 536 3431 592 ad
3473 543 3614 597 sacri

351 635 542 691 salvati
567 644 723 698 sunt;
755 634 849 688 sed
878 633 979 688 sibi
1003 673 1022 699 ,
1044 633 1136 700 qui
1162 639 1221 684 ut
1241 631 1548 693 crederent,
1579 628 1784 704 eisdem
1832 626 1934 680 mi-

349 727 586 782 sericors
604 723 833 779 exstitit.
850 722 1004 789 Quod
1030 729 1212 775 autem
1233 721 1434 774 dictum
1459 724 1544 772 est
1555 717 1620 770 ad
1633 715 1767 771 Cain
1782 730 1890 769 non
1905 726 1932 755 α

349 824 485 871 recte
508 815 687 885 olfert,
718 813 808 885 qui
836 829 942 867 non
975 821 1111 866 recte
1130 811 1333 875 dividit,
1365 811 1469 864 hoc
1495 817 1580 864 est
1619 826 1631 860 :
1677 806 1771 876 qui
1826 820 1934 860 non

347 909 482 974 Deo,
508 908 604 963 sed
641 905 748 962 sibi
771 921 932 962 omne
957 906 1183 970 bonum,
1222 904 1366 974 quod
1422 901 1608 967 habet,
1666 900 1929 956 ascribit:

349 999 465 1054 sive
490 998 668 1065 aliter,
694 998 853 1068 panis
900 994 1293 1051 subcinericius
1343 993 1571 1048 historia
1619 993 1931 1062 accipienda

348 1099 435 1146 est
468 1089 621 1161 legis,
674 1104 796 1158 quae
851 1086 1185 1156 spiritualem
1230 1084 1642 1155 intelligentiam
1688 1092 1932 1154 opertam

346 1182 665 1239 continebat
705 1179 909 1234 littera.
955 1178 1060 1233 Per
1106 1177 1487 1233 fermentatum
1535 1191 1665 1231 vero
1712 1190 1931 1246 panem,

347 1269 626 1340 Evangelii
655 1269 1005 1340 intelligenda
1027 1277 1113 1324 est
1146 1268 1484 1338 prmdicatio,
1525 1265 1681 1336 cujus
1731 1268 1933 1322 veteris

348 1363 660 1418 testamenti
689 1369 950 1432 tanquam
989 1360 1314 1418 fermentum
1345 1361 1550 1415 inserta
1601 1369 1727 1415 sunt
1782 1359 1936 1415 testi-

345 1455 550 1509 monia.
584 1453 738 1522 Quod
765 1461 946 1510 autem
966 1462 1276 1533 pascentem
1299 1468 1357 1508 se
1395 1453 1546 1522 pavit
1584 1451 1805 1520 Helias,
1855 1453 1932 1506 ita

345 1546 756 1618 intelligendum
794 1557 878 1602 est
909 1566 921 1601 :
955 1547 1197 1602 universi
1220 1546 1366 1601 enim
1389 1560 1518 1600 vero
1549 1545 1753 1612 lideles,
1805 1544 1934 1600 licet

347 1653 444 1692 sua
466 1638 589 1701 ﬁde,
621 1647 677 1693 et
696 1639 802 1708 piis
829 1638 1084 1708 operibus
1124 1639 1295 1694 Deum
1323 1645 1570 1710 pascant,
1629 1645 1834 1703 tamen,
1870 1644 1933 1693 ut

345 1728 449 1782 hoc
481 1729 738 1794 habeant,
765 1728 834 1783 ab
863 1729 954 1783 illo
986 1728 1189 1784 eisdem
1218 1729 1574 1784 condonatur.
1605 1723 1771 1780 Omne
1791 1727 1930 1780 enim

344 1817 530 1872 datum
563 1819 834 1889 optimum,
867 1827 928 1873 ut
963 1820 1224 1888 scriptum
1261 1827 1345 1873 est
1374 1817 1581 1888 (Jacob.
1622 1833 1663 1883 ι,
1705 1815 1839 1888 17),
1881 1825 1929 1870 et

346 1925 498 1963 omne
525 1910 721 1964 donum
740 1912 1023 1980 perfectum
1051 1911 1328 1964 desursum
1373 1920 1468 1974 est,
1496 1927 1528 1963 a
1563 1909 1820 1991 luminum
1833 1925 1930 1980 pa—
1958 1898 2006 1958 B

345 2010 425 2054 tre
453 2001 785 2056 descendens.
845 2001 1033 2055 Divina
1087 2001 1230 2056 enim
1280 2015 1508 2055 munera
1557 1999 1928 2056 metuentibus

345 2099 517 2153 Deum
543 2111 882 2166 nequaquam
909 2095 1124 2164 penitus
1147 2095 1484 2150 minuentur.
1541 2095 1778 2150 Rursum
1829 2095 1929 2149 ali-

345 2200 465 2244 ter:
491 2203 589 2259 per
616 2203 808 2259 panem
835 2187 1276 2254 subcinericium,
1305 2203 1467 2257 quem
1489 2187 1593 2242 sibi
1617 2203 1781 2243 verus
1821 2187 1928 2243 lle-

341 2284 446 2338 lias
474 2281 733 2337 Dominus
762 2288 966 2346 noster,
1001 2296 1031 2334 a
1060 2281 1341 2336 nationum
1360 2270 1603 2336 Ecclesia
1619 2282 1688 2336 ad
1700 2296 1928 2338 vescen-

343 2375 474 2429 dum
498 2373 744 2444 przecipit
777 2373 1042 2439 exhiberi,
1068 2373 1211 2442 quod
1235 2372 1382 2427 aliud
1411 2373 1787 2442 accipiendum
1821 2383 1927 2442 est,

342 2469 450 2523 nisi
478 2469 859 2539 ptenitentium
878 2468 1214 2524 satisfactio?
1231 2468 1291 2524 ld
1317 2469 1493 2539 ipsum
1512 2469 1928 2542 psalmographo

343 2561 442 2614 sub
491 2561 1086 2631 persona.p(enitentis
1135 2569 1363 2616 canente
1403 2577 1524 2616 cum
1573 2562 1704 2616 dicit
1752 2562 1924 2634 (Psal.

343 2651 534 2725 (11,10)
580 2671 592 2707 :
637 2653 777 2719 Quia
827 2655 1051 2708 cinerem
1090 2655 1224 2707 sicut
1283 2669 1470 2724 panem
1517 2654 1925 2723 manducabam,

341 2753 388 2797 et
411 2752 590 2813 potum
626 2760 799 2798 meum
827 2760 945 2797 cum
967 2745 1095 2814 ﬂetu
1118 2744 1492 2814 temperabant.
1522 2743 1620 2799 llis
1644 2744 1788 2799 enim
1843 2759 1929 2800 sa-

343 2835 739 2892 tisfactionibus
763 2837 1022 2892 Dominus
1047 2851 1105 2892 se
1138 2837 1288 2909 pasci
1313 2838 1582 2892 hortatur.

413 2927 642 2983 Factum
671 2937 748 2984 est
769 2936 946 2984 autem
983 2938 1100 3000 post
1127 2929 1282 2984 verba
1305 2930 1416 2982 [uec
1443 2947 1456 2983 :
1484 2929 1754 2998 (egrotavit
1784 2928 1927 2998 ﬁlius

341 3019 575 3075 mulieris
605 3023 790 3076 matris
821 3021 1062 3090 familiw,
1085 3029 1133 3076 et
1168 3030 1281 3076 erat
1330 3021 1554 3093 languor
1609 3023 1926 3092 fortissimus

340 3116 416 3167 ita
444 3122 502 3167 ut
540 3131 645 3168 non
675 3123 960 3167 remaneret
981 3115 1037 3167 in
1066 3130 1124 3167 eo
1149 3113 1367 3167 halitus.
1404 3113 1535 3178 Qua:
1567 3112 1700 3167 dixit
1729 3113 1800 3167 ad
1816 3112 1925 3168 He-

339 3204 466 3257 liam
489 3217 508 3255 :
540 3202 680 3269 Quid
704 3202 833 3256 mihi
858 3212 906 3256 et
959 3204 1072 3268 tibi,
1147 3204 1229 3256 vir
1281 3203 1414 3256 Dei?
1463 3202 1744 3274 Ingressus
1771 3221 1823 3258 es
1855 3202 1925 3257 ad

2035 627 2236 681 Altaris
2256 626 2612 691 coenaeulum,
2664 640 2762 695 per
2813 626 3128 679 unctionem
3173 628 3518 696 chrismatis,
3560 642 3617 686 et

2035 716 2428 772 invocationem
2458 716 2658 782 Patris,
2703 731 2768 771 ac
2817 715 2964 782 Filii,
3007 723 3064 770 et
3112 715 3348 785 Spiritus
3403 720 3616 789 Sancti,
3689 744 3699 749 ·

2036 810 2580 880 communionemque
2626 808 2901 878 Corporis,
2924 816 2978 864 ct
3027 809 3317 881 Sanguinis
3379 812 3616 881 Domini,

2035 901 2298 959 viviﬁcari
2329 902 2672 958 manifestum
2694 911 2779 958 est
2809 921 2822 956 :
2855 911 2910 957 et
2935 911 3064 957 tunc
3085 903 3152 958 ab
3180 904 3328 958 omni
3350 904 3615 977 Ecclesia,

2035 994 2189 1065 cujus
2210 995 2364 1064 pueri
2398 994 2557 1063 hujus
2595 1001 2770 1050 mater
2808 995 3034 1066 ﬁguram
3063 997 3304 1067 gerebat,
3353 997 3444 1052 illa
3491 1014 3618 1068 pro-

2033 1085 2210 1142 fertur
2235 1085 2504 1143 confessio
2538 1106 2551 1141 :
2574 1088 2702 1159 quia
2730 1086 2990 1142 Dominus
3004 1088 3162 1143 Iesus
3176 1105 3326 1144 verus
3352 1089 3453 1144 Dei
3473 1090 3619 1160 ﬁlius

2033 1189 2129 1246 est,
2155 1190 2210 1236 et
2238 1183 2294 1236 in
2314 1181 2522 1253 gremio
2564 1181 2760 1246 Patris,
2793 1183 2879 1237 vel
2919 1183 3144 1239 dextera
3172 1185 3244 1240 sit
3271 1187 3616 1254 constitutus,

2034 1288 2357 1343 rursumque
2381 1272 2655 1340 depositus
2685 1273 2750 1327 de
2777 1273 2959 1340 altari,
2993 1276 3156 1331 οωιυί
3212 1275 3473 1343 fidelium,
3500 1287 3620 1332 tan-

2033 1380 2194 1434 quam
2225 1365 2406 1429 matri,
2434 1365 2680 1419 redditur
2719 1365 2892 1419 vivus.
2926 1364 3054 1421 Sive
3099 1367 3294 1423 aliter:
3328 1379 3619 1439 postquam

2033 1459 2177 1514 enim
2195 1458 2366 1513 ﬁdelis
2385 1457 2506 1528 quis
2534 1458 2782 1528 pristinis
2803 1459 2949 1514 vitiis
2973 1474 3074 1529 per
3117 1463 3518 1530 paenitentiam,
3565 1475 3621 1520 et

2032 1549 2479 1614 satisfactionem,
2504 1563 2601 1603 sua
2626 1550 3042 1605 mortiﬁcaverit
3065 1553 3333 1619 membra,
3371 1554 3617 1609 sublatus

2033 1658 2064 1696 a
2098 1642 2327 1697 terrenis
2345 1638 2749 1712 cupiditatibus,
2784 1651 2839 1697 et
2864 1643 3176 1700 carnalibus
3194 1646 3500 1711 desideriis,
3519 1662 3620 1717 per

2031 1735 2435 1790 meditationem
2463 1736 2616 1806 legis,
2643 1751 2706 1790 ac
2736 1737 3144 1806 prophetarum,
3201 1739 3619 1810 evangelicaque

2031 1826 2412 1898 praedicatione
2431 1825 2696 1880 viviﬁcari
2725 1827 3008 1892 meruerit,
3050 1827 3420 1898 templumque
3453 1827 3621 1883 fuerit

2034 1915 2276 1970 divinum
2305 1915 2551 1981 allectus,
2577 1916 2705 1971 illuc
2735 1916 3088 1972 intentionem
3120 1919 3286 1971 animi
3342 1919 3621 1973 contendit
3647 1938 3652 1940 τ

2029 2007 2288 2078 dirigere,
2317 2008 2410 2062 ubi
2445 2006 2695 2063 Christus
2723 2016 2806 2062 est
2827 2009 2895 2063 ad
2910 2010 3181 2063 dexteram
3212 2009 3394 2064 Patris
3407 2011 3615 2075 sedens,

2028 2105 2083 2152 et
2102 2098 2158 2152 in
2187 2112 2348 2152 carne
2367 2098 2543 2154 adhuc
2564 2097 2838 2164 habitans,
2869 2100 3334 2155 conversationem
3373 2104 3488 2171 jam
3536 2100 3620 2154 ni-

2029 2189 2163 2245 titur
2189 2190 2389 2244 habere
2420 2190 2474 2244 in
2504 2190 2680 2245 caelis.
2733 2190 2840 2246 Sed
2865 2192 3262 2260 quantumlibet
3305 2192 3426 2261 quis
3455 2193 3618 2247 homo

2029 2281 2097 2336 ad
2122 2281 2291 2336 Deum
2317 2283 2608 2336 contendat
2633 2282 2842 2352 erigere
2863 2292 3116 2348 mentem,
3135 2291 3192 2337 et
3209 2299 3310 2354 per
3327 2298 3614 2340 excessum

2030 2373 2338 2442 quemdam,
2367 2373 2592 2428 theorize
2631 2389 2690 2429 se
2735 2375 2968 2445 gaudeat
3016 2376 3071 2429 in
3103 2376 3353 2446 supernis
3394 2374 3616 2430 Christo

2028 2467 2258 2522 Domino
2281 2467 2581 2534 adhaerere,
2608 2468 2854 2538 corporis
2878 2478 3060 2523 tamen
3081 2468 3441 2538 compellente
3454 2476 3616 2522 natu-

2029 2574 2113 2625 ra,
2139 2560 2228 2613 cui
2257 2559 2438 2614 anima
2459 2560 2648 2630 juncta
2669 2568 2772 2626 est,
2805 2567 2866 2614 ut
2887 2560 2954 2616 de
2976 2561 3228 2630 supernis
3256 2560 3323 2614 ad
3357 2558 3618 2614 inferiora

2028 2667 2248 2707 rursum
2281 2652 2609 2717 retrahatur,
2643 2667 2866 2708 necesse
2892 2660 2994 2708 est.
3029 2652 3184 2720 Quod
3225 2659 3406 2707 autem
3459 2651 3617 2719 dicit,

2029 2744 2242 2799 Heliam
2268 2758 2327 2800 se
2362 2759 2526 2815 super
2545 2759 2780 2814 puerum
2805 2745 3153 2814 expandisse,
3181 2745 3464 2812 tribusque
3489 2742 3622 2798 vici-

2027 2836 2130 2891 bus
2154 2849 2401 2890 mensum
2428 2833 2614 2899 fuisse,
2649 2835 2753 2889 hoc
2795 2835 2977 2903 ipsum
3029 2834 3278 2905 explesse
3323 2831 3616 2887 Dominum

2027 2928 2375 2983 manifestum
2430 2936 2533 2993 est,
2582 2944 2705 2983 cum
2736 2943 2835 2998 per
2883 2928 3079 2999 legem,
3129 2935 3185 2982 et
3231 2926 3619 2997 prophetarum

2026 3019 2306 3084 vaticinia,
2329 3034 2425 3073 seu
2449 3017 2666 3089 pmpria
2695 3018 3080 3088 praedicatione
3113 3017 3345 3073 salutem
3395 3016 3621 3088 protulit

2026 3109 2265 3178 gentium
2303 3109 2520 3180 populo.
2573 3107 2866 3180 Superiora
2891 3109 3003 3177 jam
3033 3109 3333 3180 ﬁguraliter
3373 3109 3620 3179 exposita

2028 3199 2193 3253 verba
2221 3198 2386 3254 Helia:
2409 3201 2475 3253 de
2503 3199 2687 3265 vidua,
2730 3199 2899 3254 multo
2957 3199 3120 3254 aliter
3175 3200 3319 3269 apud
3365 3201 3620 3269 antiquas

341 3313 442 3360 me,
474 3303 528 3349 ut
590 3306 1062 3362 rememorarentu‘
1111 3296 1412 3367 iniquitates
1468 3313 1616 3360 mere,
1670 3305 1719 3350 et
1762 3298 1924 3352 inter-
1953 3269 1999 3332 Ο
2034 3291 2414 3346 translationes
2436 3293 2802 3361 reperiuntur,
2831 3292 2888 3346 in
2945 3293 3140 3364 quibus
3168 3291 3352 3348 Helias
3383 3292 3615 3348 Domino

341 3389 519 3457 ﬁceres
547 3386 715 3456 ﬁlium
739 3387 953 3440 meum?
985 3385 1084 3439 Cui
1117 3388 1190 3438 ait
1229 3385 1414 3440 Helias
1445 3399 1464 3438 :
1494 3387 1564 3440 da
1597 3387 1724 3440 mihi
1753 3386 1926 3456 ﬁlium

341 3490 509 3535 tuum.
535 3480 701 3547 Quem
732 3480 916 3536 tollens
941 3481 1004 3535 de
1027 3480 1147 3534 sinu
1176 3479 1288 3550 ejus
1311 3481 1536 3551 portavit
1570 3480 1627 3533 in
1653 3478 1924 3535 caenaculo

340 3593 443 3646 quo
471 3574 739 3643 manebat,
763 3583 811 3629 et
849 3575 1021 3645 posuit
1042 3591 1161 3628 eum
1183 3590 1342 3645 super
1391 3573 1578 3629 lectum
1618 3591 1794 3641 suum,
1835 3591 1925 3630 ea:-

343 3668 626 3740 panditque
659 3685 733 3734 se,
763 3685 824 3722 ac
844 3684 1055 3722 mensus
1079 3677 1153 3722 est
1199 3683 1354 3738 super
1387 3684 1608 3738 puerum
1649 3668 1814 3721 tribus
1851 3669 1926 3722 vi—

341 3761 503 3815 cibus.
538 3761 606 3815 Et
638 3778 884 3816 conversa
922 3771 998 3815 est
1019 3761 1199 3815 anima
1225 3762 1374 3832 pueri
1409 3761 1478 3815 ad
1513 3778 1652 3826 eum,
1697 3772 1745 3815 et
1792 3762 1926 3816 revi-

340 3856 438 3920 xit,
495 3855 886 3925 depositumque
921 3855 985 3908 de
1030 3853 1298 3908 caenaculo
1347 3853 1566 3907 tradidit
1604 3857 1764 3908 matri
1813 3871 1923 3908 sum

340 3954 388 3997 et
421 3945 492 3997 ait
522 3958 540 3995 :
571 3960 632 3997 en
653 3944 796 4013 ﬁlius
823 3953 945 3997 tuus
974 3944 1121 3997 vivit.
1165 3941 1296 4008 Quae
1342 3943 1608 4012 respondit
1662 3960 1675 3995 :
1719 3943 1774 3995 in
1823 3943 1924 3996 isto

341 4037 578 4105 cognovi,
604 4036 852 4107 quoniam
878 4037 958 4090 uir
983 4035 1083 4089 Dei
1104 4051 1158 4088 es
1186 4043 1264 4100 tu,
1295 4041 1344 4088 et
1372 4034 1583 4088 verbum
1621 4033 1719 4088 Dei
1745 4034 1802 4087 in
1834 4049 1924 4088 ora

341 4140 432 4184 tuo
463 4145 634 4184 verum
658 4139 754 4186 est.

413 4219 565 4286 Quod
592 4221 733 4274 enim
770 4218 901 4275 dicit
937 4217 1106 4273 lilium
1157 4217 1400 4273 mulieris
1442 4216 1610 4270 nimio
1663 4216 1924 4287 languore

341 4311 639 4375 detentum,
661 4313 729 4366 ad
754 4319 982 4366 mortem
1008 4326 1180 4381 usque
1202 4309 1368 4365 fuisse
1393 4310 1735 4380 perductum,
1781 4309 1924 4363 hanc

343 4401 750 4474 intelligentiam
778 4403 979 4458 habere
1024 4402 1374 4471 dignoscitur.
1421 4401 1554 4456 Post
1610 4406 1923 4469 perceptam

284 4549 287 4551 _
340 4495 486 4547 enim
515 4495 637 4563 quis
682 4494 920 4549 divinam
968 4494 1350 4564 cognitionem,
1411 4508 1505 4548 seu
1556 4492 1924 4562 evangelicam

2030 3383 2292 3454 supplicat
2320 3383 2525 3438 dicens.
2558 3394 2580 3421 ο
2619 3401 2637 3434 ‹
2668 3382 2713 3439 0
2754 3383 2978 3438 Domine
3018 3385 3161 3438 testis
3217 3384 3376 3454 hujus
3426 3384 3617 3450 viduae,

2029 3488 2146 3531 cum
2175 3494 2278 3547 qua
2311 3493 2403 3546 ego
2431 3477 2667 3531 inhabito
2709 3479 2851 3549 apud
2901 3479 3093 3548 ipsam,
3146 3487 3204 3532 tu
3250 3477 3389 3533 male
3427 3478 3618 3548 fecisti,

2027 3579 2086 3626 ut
2106 3571 2366 3626 occideres
2395 3571 2566 3641 ﬁlium
2596 3571 2734 3643 ejus.
2774 3570 2917 3626 Nihil
2947 3571 3002 3626 in
3061 3572 3164 3627 hoc
3185 3571 3330 3627 dicto
3375 3582 3621 3628 moveret

2028 3666 2289 3732 animum,
2328 3666 2372 3721 si
2416 3681 2547 3721 vera
2582 3666 2954 3737 pronuntiatio
2994 3674 3327 3720 servaretur.
3371 3664 3487 3720 Vox
3535 3673 3622 3721 est

2027 3760 2172 3815 enim
2195 3775 2304 3814 non
2327 3760 2633 3825 credentis,
2665 3761 2810 3830 quod
2867 3767 2976 3814 tam
3029 3757 3170 3813 male
3221 3757 3426 3813 faceret
3473 3758 3616 3814 Deus

2028 3865 2150 3905 cum
2174 3864 2238 3903 ea
2259 3850 2438 3912 vidua,
2472 3865 2591 3917 quae
2629 3857 2743 3903 tam
2789 3850 2879 3919 pie
2931 3849 3252 3919 prophetam
3274 3857 3614 3916 susceperat,

2027 3955 2092 3995 eo
2117 3940 2421 4009 praesertim
2470 3947 2732 4007 tempore,
2763 3953 2869 4008 quo
2897 3937 2970 3992 ibi
2998 3947 3136 4003 erat,
3168 3939 3255 3993 cui
3311 3938 3616 4009 protulerat

2028 4031 2118 4085 illa
2151 4039 2322 4086 t0tum
2349 4030 2550 4084 victum
2576 4045 2733 4084 suum
2763 4038 2870 4084 tam
2899 4029 3154 4100 exiguum
3178 4030 3232 4084 in
3260 4038 3372 4086 tam
3393 4046 3610 4102 magna,

2027 4131 2082 4180 et
2109 4139 2319 4178 summa
2348 4123 2547 4192 inopia.
2575 4122 2652 4176 Ita
2681 4136 2809 4192 ergo
2835 4122 3038 4176 dictum
3068 4129 3174 4189 est,
3207 4139 3272 4179 ac
3301 4124 3347 4179 si
3375 4125 3612 4181 diceret:

2029 4219 2073 4276 0
2101 4218 2324 4272 Domine
2380 4217 2522 4271 testis
2569 4216 2728 4287 hujus
2757 4216 2949 4281 vidum,
2976 4234 3094 4271 cum
3125 4234 3230 4289 qua
3259 4235 3352 4289 ego
3377 4217 3615 4274 inhabito

2027 4313 2166 4384 apud
2195 4313 2365 4383 ipsam
2395 4327 2414 4366 :
2444 4319 2499 4364 tu
2522 4328 2584 4365 ne
2612 4309 2748 4364 male
2771 4310 2960 4380 fecisti,
3015 4320 3072 4364 ut
3122 4311 3382 4364 occideres
3432 4310 3608 4379 ﬁlium

2027 4405 2180 4474 ejus?
2211 4404 2282 4458 Ut
2305 4402 2756 4472 subintelligatur,
2790 4403 2935 4472 quod
2956 4404 3141 4472 utique
3162 4403 3423 4457 Dominus
3455 4403 3614 4458 testis

2028 4495 2209 4552 cordis
2231 4495 2373 4549 illius
2404 4493 2668 4559 mulieris,
2713 4495 2931 4550 videbat
2965 4503 3168 4564 quanta
3218 4501 3363 4550 esset
3415 4493 3611 4563 pietas,

338 4583 797 4650 praedicationem.
819 4593 1182 4653 perceptoque
1202 4585 1463 4636 bonorum
1483 4596 1705 4651 operum
1735 4589 1915 4652 gustu,
1944 4615 1997 4674 Β
2026 4590 2168 4644 unde
2189 4589 2352 4643 etiam
2379 4585 2588 4641 Heliam
2622 4588 2796 4656 ipsum
2819 4591 2884 4643 ad
2911 4605 3030 4643 eam
3065 4589 3298 4650 miserit,
3327 4602 3434 4641 non
3464 4585 3613 4641 male

337 4688 439 4743 pro
471 4673 775 4729 commissis
794 4673 1146 4741 facinoribus,
1172 4674 1531 4744 etpmteritis
1541 4674 1844 4741 erroribus,
1859 4675 1914 4730 in
1946 4673 1975 4674 ί
2015 4681 2249 4742 faciendi
2272 4695 2436 4735 causa
2450 4679 3039 4734 mortiﬁcaveritﬁlium
3055 4678 3194 4748 ejus,
3210 4677 3304 4733 sed
3320 4675 3611 4732 exhibendi

338 4764 951 4836 gravissima-langueat
997 4763 1282 4819 afﬂictione
1331 4779 1553 4820 necesse
1603 4771 1720 4830 est;
1769 4765 1913 4834 quia,

337 4866 400 4912 ut
420 4857 684 4928 scriptum
717 4866 799 4913 est
827 4877 840 4911 :
865 4857 896 4898 h
925 4859 1014 4927 qui
1031 4859 1177 4912 addit
1198 4858 1489 4924 scientiam,
1541 4858 1690 4912 addit
1721 4856 1917 4930 (poeni-

341 4949 526 5002 tentiae
546 4947 838 5020 salubrem)
868 4947 1101 5003 dolorem
1129 4967 1142 5002 :
1167 4948 1520 5020 castigatione
1547 4949 1782 5014 assidua,
1809 4949 1919 5003 vim

338 5037 470 5092 facit
497 5038 788 5107 perditioni
811 5053 945 5103 suae,
992 5045 1053 5092 ut
1094 5040 1325 5093 evadere
1369 5039 1548 5095 valeat
1604 5048 1920 5110 perpetuam

341 5137 597 5197 mortem,
634 5139 689 5186 et
712 5131 882 5185 vitam
927 5139 1290 5199 consequatur
1317 5130 1670 5186 beatitudinis
1723 5131 1922 5199 sempi-

340 5229 513 5275 terna:
542 5235 558 5275 :
597 5221 704 5276 hoc
727 5221 903 5292 ipsum
920 5219 1087 5276 Paulo
1107 5220 1364 5289 Apostolo
1389 5221 1766 5284 conﬁrmante,
1799 5237 1923 5276 cum

341 5311 476 5366 dicit
501 5309 551 5383 (1
579 5307 700 5365 Cor.
729 5326 822 5377 xv,
853 5309 909 5382 9)
933 5326 948 5364 :
971 5326 1026 5365 se
1045 5328 1151 5364 non
1181 5328 1292 5365 esse
1333 5311 1548 5381 dignum
1577 5313 1755 5364 vocari
1788 5309 1927 5380 Apo-

339 5403 556 5469 stolum,
589 5419 648 5458 eo
671 5403 810 5475 quod
848 5411 1145 5474 persecutus
1173 5402 1331 5472 fuerit
1367 5401 1657 5456 Ecclesiam
1705 5401 1825 5467 Dei,
1877 5409 1926 5456 et

339 5495 712 5566 expugnaverit
740 5493 891 5548 illam
925 5507 944 5547 :
974 5493 1031 5548 in
1059 5493 1322 5548 descensu
1352 5491 1495 5547 enim
1535 5489 1716 5556 fontis,
1755 5490 1920 5560 origi-

341 5585 452 5640 nali
481 5593 729 5657 peccato,
757 5601 822 5642 ac
848 5586 1091 5659 pristinis
1113 5585 1257 5640 vitiis
1283 5598 1381 5654 per
1426 5583 1779 5653 baptismum,
1830 5583 1923 5652 qui

418 5713 446 5742 ει
474 5699 610 5757 Gen.
633 5717 709 5769 tv,
733 5701 784 5767 7,
810 5717 876 5755 ex
901 5699 1072 5754 veteri
1095 5700 1341 5754 versione
1372 5695 1918 5769 Septuaginta,quam

345 5772 595 5844 sequitur
624 5772 958 5844 Augustinus
983 5785 1053 5844 xv
1074 5770 1151 5844 De
1185 5769 1348 5844 Civit.‘
1365 5785 1482 5838 cap.
1521 5768 1606 5844 l_0_._

417 5834 448 5883 δ
478 5843 653 5899 Eccle.
683 5834 813 5909 1:18
835 5859 846 5896 :
871 5841 959 5913 qui
981 5840 1129 5909 addit
1169 5834 1458 5904 scientiam,
1483 5838 1630 5892 addit
1685 5844 1734 5890 et
1772 5834 1914 5888 labo-

349 5929 479 5970 rem.
884 5951 892 5958 ο

2018 4771 2266 4830 miraculi
2290 4771 2358 4825 ad
2382 4770 2608 4840 gloriam
2645 4770 2878 4825 nominis
2921 4771 3004 4825 sui
3035 4789 3047 4823 :
3081 4785 3189 4839 quo
3227 4776 3437 4824 tantum
3481 4784 3611 4839 pro-

2018 4867 2260 4935 phetam,
2287 4871 2343 4917 et
2383 4870 2511 4916 tunc
2541 4863 2867 4926 viventibus,
2897 4871 2952 4916 et
2979 4863 3212 4932 posteris
3263 4861 3610 4916 commenda-

2023 4963 2141 5021 ret,
2179 4954 2319 5008 sicut
2361 4953 2496 5007 dicit
2523 4953 2781 5007 Dominus
2805 4951 2986 5024 (Joan.
3019 4968 3101 5018 xi,
3129 4952 3208 5024 4),
3233 4967 3341 5008 non
3364 4953 3432 5007 ad
3460 4967 3609 5007 mor-

2021 5054 2135 5101 tem
2158 5053 2436 5099 mortuum
2481 5043 2650 5100 fuisse
2703 5043 2996 5109 Lazarum,
3044 5044 3141 5099 sed
3178 5050 3238 5096 ut
3277 5040 3613 5114 gloriﬁcetur

2024 5135 2168 5189 Deus
2205 5135 2259 5188 in
2288 5133 2397 5187 tilio
2430 5147 2547 5187 suo.
2577 5133 2645 5187 Et
2666 5133 2767 5186 hoc
2792 5132 3177 5201 consequentia
3223 5133 3487 5202 probant;
3540 5147 3612 5186 ex

2025 5227 2143 5296 ipsa
2165 5227 2328 5282 etiam
2373 5225 2592 5290 fiducia,
2631 5239 2736 5293 qua
2771 5223 3002 5279 credidit
3028 5221 3227 5287 Helias,
3246 5238 3354 5279 non
3383 5223 3450 5277 ad
3504 5223 3610 5278 hoc

2025 5318 2158 5374 illud
2187 5319 2498 5389 contigisse,
2524 5324 2586 5371 ut
2615 5317 2812 5372 acerbo
2840 5315 2988 5369 luctu
3018 5314 3233 5383 hospita
3267 5314 3385 5382 ejus
3406 5311 3608 5384 alllige-

2026 5416 2196 5475 retur,
2228 5410 2322 5464 sed
2342 5409 2522 5479 potius
2549 5407 2614 5461 ad
2640 5406 2744 5461 hoc
2770 5405 2995 5471 factum,
3024 5412 3084 5459 ut
3102 5405 3246 5460 Deus
3258 5403 3607 5475 magniﬁcen-

2030 5497 2138 5553 tius
2165 5498 2479 5554 ostenderet
2500 5498 2695 5561 viduae,
2725 5495 2937 5565 qualem
2962 5495 3060 5550 Dei
3108 5493 3370 5550 famulum
3416 5507 3603 5550 susce-

2028 5588 2214 5658 pisset.
2251 5587 2508 5659 Sequitur
2542 5586 2845 5659 Scriptura,
2873 5596 2928 5642 et
2973 5588 3105 5644 dicit
3149 5606 3161 5642 :
3208 5586 3278 5641 Et
3325 5586 3606 5657 insufﬂauit

2101 5710 2122 5737 ε
2161 5699 2291 5766 Quae
2313 5699 2568 5770 deinceps
2607 5699 2779 5770 posita
2816 5705 2958 5763 sunt,
2999 5698 3223 5753 tradidit
3271 5695 3602 5770 Augustinus

2029 5769 2096 5839 ad
2120 5764 2471 5839 quiestionem
2505 5764 2545 5826 Β
2578 5764 2701 5828 libri
2728 5788 2768 5827 ιι
2799 5771 2864 5826 de
2891 5770 3105 5826 diversis
3133 5764 3508 5839 quaestionibus
3531 5764 3600 5820 ad

2027 5838 2428 5910 Sim’plicianum
