3940 6340
285 312 390 381 757

923 296 1382 372 QUASSTIONES
1421 296 1568 350 XXX
1609 295 1831 367 SUPER
1871 295 2120 359 LIBROS
2152 294 2422 369 BEGUM.
2466 326 2535 335 —
2573 295 2777 352 LIBER
2814 295 2906 352 IV.

3460 293 3566 363 75.8

284 432 463 485 minus
498 425 609 498 ipse
634 431 710 479 est
738 421 881 477 Deus
906 434 923 471 :
963 420 1199 489 dixitque
1225 414 1413 471 Helias
1438 413 1507 468 ad
1554 429 1663 481 eos,
1692 429 1880 485 appre-
1904 415 1959 491 Α
1982 412 2251 485 significat
2278 412 2567 482 reprobum
2585 453 2600 478 ,
2642 426 2741 485 per
2766 412 3067 483 pharisagog
3084 452 3100 478 ,
3141 423 3303 483 atque
3334 414 3563 480 scribas,

284 518 505 575 [tendite
526 531 705 572 omnes
739 512 1030 582 Prophetas
1054 507 1301 577 infames,
1333 513 1382 561 et
1413 523 1479 562 ne
1508 522 1645 560 unus
1670 504 1879 577 quidem

284 612 509 684 effugiat
540 608 605 663 de
624 607 751 679 illis.
778 604 926 672 Quos
957 602 1401 675 apprehendentes
1441 599 1690 655 continuo
1723 596 1877 652 duxit

285 719 377 760 eos
414 700 601 757 Helias
628 698 697 754 ad
736 705 1021 753 torrentem
1065 690 1249 761 Cison,
1290 701 1339 748 et
1378 690 1582 769 ibileos
1613 689 1881 745 trucidare

286 793 558 868 praecepit.

362 879 834 941 Clementissimus
871 878 1020 936 enim
1043 878 1208 957 Deus,
1240 876 1334 953 qui
1376 890 1486 931 non
1540 871 1883 930 obliviscitur

288 974 567 1039 misereri,
595 987 698 1028 nec
732 971 790 1026 in
818 971 902 1026 ira
915 969 1159 1026 continet
1188 967 1569 1023 miserationes
1587 980 1735 1032 suas,
1754 980 1881 1020 rur-

291 1083 415 1126 sum
444 1067 512 1122 ad
540 1064 796 1121 lsraelem
835 1062 1007 1118 filium
1049 1077 1206 1117 suum
1242 1062 1491 1141 dignatus
1512 1066 1599 1115 est
1643 1058 1881 1125 mittere,

290 1169 353 1217 ut
376 1159 581 1215 eisdem
615 1155 857 1231 pluviam
897 1153 1222 1224 evangelica:
1249 1150 1654 1222 praedicationis
1678 1149 1885 1211 tribue-

290 1259 397 1306 ret.
430 1248 573 1303 ‘l'res
592 1248 740 1325 enim
771 1245 899 1315 anni
925 1245 1105 1311 famis,
1136 1244 1424 1305 scientiam
1449 1249 1654 1299 sanctae
1698 1240 1887 1297 Trini-

290 1343 425 1399 tatis
454 1340 654 1413 populo
678 1337 1007 1405 Judzeorum,
1039 1338 1125 1393 vel
1154 1338 1210 1393 in
1235 1345 1349 1392 toto
1381 1337 1607 1407 mundo,
1641 1333 1884 1393 defuisse

290 1432 719 1506 praesignabant.
749 1430 935 1486 Achab
964 1446 1118 1496 vero,
1147 1429 1304 1503 cujus
1327 1444 1525 1487 nomen
1552 1429 1885 1503 interpreta-

292 1536 389 1581 tur
416 1525 583 1593 frater
598 1522 786 1605 patris,
812 1537 844 1576 a
866 1537 975 1592 quo
1000 1522 1167 1577 etiam
1212 1520 1309 1576 Dei
1360 1521 1661 1605 prophetas
1714 1518 1888 1574 inter-

1981 521 2079 563 seu
2107 505 2413 583 haereticos,
2442 517 2551 559 non
2586 500 2718 570 Deo,
2755 503 2849 557 sed
2870 502 3095 559 Diabolo
3122 505 3328 558 auctori
3355 519 3566 573 eorum,

1983 598 2059 652 ab'
2098 596 2232 675 ipsis
2297 596 2557 668 oblatum.
2619 593 2983 649 Transactum
3037 595 3284 667 meridiei
3330 603 3566 669 tempus,

1981 687 2256 760 vergentis
2283 686 2473 742 mundi
2508 683 2847 758 signiﬁcabat
2890 698 3142 749 cursum,
3188 683 3245 739 in
3290 685 3445 757 cujus
3477 700 3571 741 ve-

1976 796 2200 855 sperum
2246 780 2508 841 Dominus
2551 776 2711 834 .lesus
2759 774 3009 832 Christus
3052 774 3109 829 in
3136 789 3329 837 verum
3363 776 3571 841 sacrifi-

1984 874 2148 945 cium,
2176 873 2321 944 quod
2365 873 2481 945 ipse
2514 878 2600 927 est
2620 912 2636 938 ,
2680 884 2739 925 se
2767 870 2942 959 ipsum
2980 867 3132 925 Patri
3157 867 3226 922 ad
3256 867 3571 959 deponenda

1982 966 2207 1024 humani
2237 964 2455 1038 generis
2476 963 2671 1035 delicta
2690 960 2906 1035 obtulit.
2944 959 3129 1015 Altare
3152 958 3297 1031 quod
3322 959 3391 1013 ab
3419 958 3572 1015 Helia

1942 1081 1950 1089 ·
1986 1070 2233 1119 curatum
2268 1067 2393 1131 est,
2448 1073 2515 1114 ex
2549 1054 2834 1111 duodecim
2872 1052 3141 1125 lapidibus
3182 1058 3571 1119 restauratum,

1982 1156 2201 1225 Sancta:
2243 1151 2526 1219 Trinitatis
2558 1146 2876 1223 accipienda
2921 1152 3004 1201 est
3047 1141 3340 1211 confessio,
3372 1158 3493 1215 quae
3518 1142 3576 1197 in

1985 1246 2188 1303 Iudaeis
2214 1244 2346 1299 olim
2372 1284 2387 1309 ,
2421 1226 2521 1295 'vel
2561 1240 2614 1295 in
2654 1236 2927 1294 haereticis
2954 1235 3230 1291 destructa
3260 1232 3383 1303 fuit,
3411 1248 3442 1289 a
3464 1231 3573 1293 Do-

1985 1342 2134 1411 mino
2154 1354 2257 1412 per
2277 1335 2563 1408 Apostolos
2587 1334 2642 1391 in
2658 1332 2915 1403 Ecclesia
2944 1330 3239 1389 reformata
3264 1335 3368 1385 est.
3401 1325 3577 1405 Ligna

1986 1416 2140 1501 vero,
2177 1446 2299 1503 qua:
2344 1442 2512 1500 super
2537 1425 2727 1482 Altare
2772 1423 3074 1501 composita
3101 1422 3350 1493 fuerant,
3396 1418 3579 1475 crucis

1984 1524 2286 1600 patibulum
2313 1521 2721 1595 praesignabant
2740 1558 2759 1587 ,
2792 1518 2850 1574 in
2871 1532 2979 1599 qua
3005 1515 3336 1573 dominicum
3360 1510 3580 1568 aﬂixum

298 1604 472 1671 festos
494 1602 815 1695 pronuntiat
844 1612 1147 1682 Scriptura,
1173 1599 1483 1681 principum
1527 1608 1887 1675 Sacerdotum
1982 1599 2075 1680 g5;
2100 1631 2299 1695 corpus
2321 1655 2338 1682 ,
2388 1613 2531 1685 quod
2558 1626 2748 1668 verum
2773 1650 2792 1678 ,
2836 1600 2900 1671 et
2930 1606 3266 1695 acceptabile
3300 1604 3408 1675 Deo
3428 1599 3579 1658 Patri

298 1692 752 1781 typum'gerebat.
771 1706 925 1774 Quod
951 1714 1131 1760 autem
1154 1704 1285 1760 dicit
1307 1704 1493 1759 Achab
1515 1704 1583 1765 ad
1607 1701 1816 1758 Heliam
1834 1712 1882 1755 ιτ

1988 1705 2093 1765 fuit
2131 1693 2506 1763 holocaustum
2532 1701 2581 1755 δ.
2627 1699 2872 1779 Quatuor
2907 1696 3113 1770 hydria:
3159 1693 3377 1767 repletae
3417 1706 3578 1763 aqua,

304 1799 386 1854 Tu
409 1815 471 1854 ne
491 1814 545 1853 es
570 1794 686 1864 ille,
709 1797 797 1868 qui
822 1795 1105 1850 conturbas
1144 1791 1359 1848 Israel?
1386 1795 1494 1849 hoc
1523 1794 1701 1864 ipsum
1731 1798 1789 1847 et
1821 1791 1889 1847 de
1990 1800 2215 1871 ωιίιιειρ
2245 1809 2473 1853 numero
2498 1791 2875 1867 significabant
2916 1787 3206 1862 Evangelia
3229 1828 3245 1865 ,
3292 1787 3348 1843 in
3384 1785 3582 1871 quibup

302 1892 557 1958 Domino,
584 1887 944 1946 Sacerdotum
970 1886 1246 1958 principes
1274 1885 1478 1940 dixisse
1500 1882 1680 1949 Pilato
1704 1882 1892 1955 legun—

303 1994 396 2039 tur
420 1983 569 2059 (_Luc.
592 1998 750 2049 nm,
772 1981 828 2055 2)
847 1980 1181 2036 :Invenimus
1203 1980 1343 2033 hunc
1369 1976 1745 2053 subvertentem
1766 1993 1890 2047 gen-

304 2082 406 2130 tem
439 2083 690 2139 nostram.
716 2071 816 2127 Hic
841 2072 1007 2149 enim,
1063 2078 1126 2125 ut
1158 2069 1421 2143 Dominus
1446 2069 1527 2145 eis
1546 2066 1751 2149 legitur
1796 2081 1891 2122 ex-

302 2168 617 2241 probrasse,
645 2164 745 2219 ﬁlii
772 2164 927 2241 fuere
956 2148 1132 2251 patris
1159 2164 1243 2219 sui
1267 2163 1471 2219 diaboli
1477 2203 1496 2251 ν
1546 2148 1701 2232 cuius
1727 2176 1892 2237 oper;

296 2239 486 2316 facere
512 2257 854 2325 studuerunt,
880 2239 1096 2312 ut'vitae
1123 2271 1235 2312 suae
1261 2239 1544 2331 auctorem
1572 2253 1891 2327 cruciﬁgen-

306 2354 435 2407 dum
468 2332 635 2427 impie
663 2349 1068 2423 proclamarem
1094 2367 1105 2402 :
1146 2347 1246 2427 Vos
1274 2348 1413 2423 enim
1444 2345 1544 2420 (ait
1601 2342 1889 2427 Dominus)

308 2424 499 2519 (ειοαιι.⁷
518 2458 640 2510 vut,
663 2441 755 2517 44)
778 2442 842 2496 de
870 2441 1080 2497 diabolo
1106 2424 1253 2513 patre
1282 2441 1425 2519 estis,
1460 2452 1512 2515 _et
1543 2456 1700 2513 opera
1725 2424 1890 2510 patris

306 2518 467 2611 uestri
494 2533 670 2611 facere
706 2531 880 2603 vultis.
918 2532 1011 2586 Ille
1039 2532 1184 2587 enim
1214 2518 1477 2591 homicida
1506 2538 1601 2597 est,
1634 2538 1682 2583 et
1708 2529 1771 2583 ab
1788 2528 1892 2583 ini-

306 2628 379 2681 tio
416 2625 646 2681 mendax
668 2622 861 2696 (Epist.
884 2622 975 2679 Jo.
1000 2640 1083 2690 ιιι,
1114 2622 1169 2694 8)
1195 2640 1210 2677 :
1243 2630 1292 2677 et
1312 2624 1369 2676 in
1388 2623 1602 2699 peritate
1625 2637 1890 2699 nunquam

304 2718 469 2787 stetit.
500 2714 704 2771 Abdias
730 2724 910 2769 autem
942 2715 1096 2785 cujus
1120 2729 1322 2769 nomen
1351 2698 1749 2783 interpretatur
1787 2729 1893 2768 ser-

303 2808 647 2875 mDomini,
674 2810 766 2901 qui
792 2810 979 2876 etiam,
1003 2823 1068 2864 eo
1093 2819 1359 2895 tempore,
1384 2825 1492 2895 quo
1520 2808 1707 2865 Achab
1753 2807 1891 2877 Pro-

305 2901 502 2972 phet‘as
528 2901 743 2956 Domini
756 2902 1386 2979 prmcepcrattrucidari,
1417 2910 1636 2957 centum
1650 2900 1893 2971 Prophe-

306 3004 395 3052 tas
424 2997 480 3051 in
517 2996 792 3066 speluncis
818 2998 1116 3063 celaverat,
1158 2997 1362 3073 victum
1418 2996 1621 3071 eisdem
1652 2994 1892 3071 quotidie

306 3085 719 3173 administrans,
750 3085 871 3142 illos
910 3085 1309 3177 quodammodo
1366 3085 1749 3158 prtesignabat,
1798 3083 1892 3167 qui

1988 1888 2248 1963 baptismi
2275 1888 2715 1953 Sacramentum,
2746 1882 2889 1963 quod
2908 1880 2964 1935 in
2984 1878 3203 1934 nomine
3229 1876 3443 1932 Sanctae
3461 1875 3582 1930 Tri-

1990 1984 2180 2057 uitatis
2205 1983 2383 2051 datur,
2408 1981 2642 2049 habetur
2662 1982 3014 2053 praeceptum.
3053 1972 3200 2047 Ignis
3226 1987 3463 2047 quoque,
3488 1969 3581 2047 qui

1988 2076 2201 2151 lapides
2227 2075 2418 2135 altaris
2443 2116 2458 2140 ,
2507 2080 2566 2137 et
2595 2085 2713 2143 quat
2746 2084 2909 2153 super
2926 2083 3051 2141 eum
3078 2066 3316 2139 fuerant,
3343 2080 3444 2120 nec
3470 2079 3580 2119 non

1990 2179 2270 2243 tamquam
2304 2166 2536 2239 vorarit.
2586 2161 2848 2243 Sancum
2886 2159 3253 2241 ρωὲεηδὺθι
3293 2156 3579 2231 Spiritum.

1995 2260 2087 2331 qui
2114 2274 2223 2315 non
2250 2257 2423 2333 solum
2448 2253 2759 2326 Apostolos,
2798 2250 2894 2308 sed
2926 2257 3155 2323 cunctos
3172 2248 3457 2319 credentes
3480 2260 3583 2320 per

1992 2355 2273 2431 iavacrum
2319 2347 2749 2425 regenerationis
2803 2346 2864 2403 in
2908 2343 3008 2431 Dei
3056 2341 3381 2431 sacrificium
3418 2356 3578 2431 assu-

1990 2427 2115 2521 lni‘:
2138 2452 2194 2500 ει
2222 2440 2542 2513 sanctiﬁcat.
2582 2436 2731 2499 FaISi
2756 2449 2887 2503 vero
2909 2428 3195 2509 Prophetas
3214 2473 3231 2503 ,
3263 2430 3356 2501 qui
3384 2429 3453 2485 ab
3476 2427 3583 2484 He.

1992 2536 2064 2601 lia
2111 2531 2364 2601 interfeci
2414 2530 2670 2605 leguntur
2691 2567 2708 2597 ,
2770 2526 3015 2601 [adversae
3074 2521 3403 2596 accipiendae
3456 2525 3584 2577 sunt

1988 2632 2315 2699 potestates,
2341 2622 2408 2687 de
2429 2619 2627 2692 quibus
2651 2616 2939 2689 Dominum
2974 2614 3031 2669 in
3068 2626 3231 2681 cruce
3264 2611 3585 2689 pronuntia.

1995 2724 2075 2781 rit
2100 2717 2393 2796 Apostolus
2418 2714 2809 2795 triumphasse,
2832 2712 2951 2779 sive
3104 2708 3583 2796 accipiendi-sunt,

1992 2815 2090 2889 qui
2110 2794 2401 2887 adrasum
2422 2794 2710 2865 Dominum
2743 2806 2907 2878 impie
2933 2794 3303 2877 proclamasse
3333 2802 3589 2885 leguntur

1998 2907 2216 2980 (Matth.
2241 2919 2420 2977 nam,
2446 2901 2544 2979 25)
2571 2920 2585 2956 :
2624 2899 2853 2980 Sangpis
2874 2900 2990 2975 eius
3012 2915 3169 2970 super
3192 2915 3285 2953 nos
3307 2938 3322 2964 ,
3347 2905 3397 2952 et
3432 2912 3588 2970 super

1994 2976 2135 3071 ﬁlios
2162 3006 2387 3059 nostros.
2419 2976 2575 3073 Quod
2598 2976 2788 3064 utique
2816 2992 3154 3065 temporibus
3168 2990 3508 3065 Vespasiani,
3532 2997 3589 3063 et

2001 3090 2111 3147 Titi
2130 3090 2428 3163 expletum,
2463 3087 2556 3158 qui
2585 3085 2718 3165 legit
2745 3084 3039 3158 Iosephum
3069 3083 3586 3159 historiographum,

306 3190 378 3231 cx
415 3160 751 3248 principibus
804 3160 1115 3232 Iudaeorum
1143 3175 1343 3232 occulti
1385 3175 1635 3245 discipuli
1680 3160 1896 3251 Dom-lui
1921 3174 1973 3261 ς
2001 3198 2109 3238 non
2134 3160 2359 3245 habebit

307 3276 470 3320 erant
505 3266 683 3338 (Ioan.
716 3282 830 3334 nx,
861 3267 978 3341 '58),
1008 3269 1114 3323 hoc
1141 3277 1225 3323 est
1264 3267 1621 3335 Nicodemus,
1650 3276 1707 3324 et
1738 3276 1898 3323 czcte-

308 3356 381 3424 ri,
414 3371 548 3429 quos
566 3356 914 3430 Evangelista
941 3358 1277 3430 pronuntiat.
1327 3359 1612 3432 Propheta:
1660 3359 1812 3427 Baal,
1842 3366 1899 3429 et

308 3438 589 3527 prophetae
609 3434 903 3527 Lucorum,
928 3452 1253 3516 scribarum,
1269 3457 1324 3507 et
1350 3450 1755 3525 Pharismorum
1810 3459 1898 3524 ty-

308 3526 441 3611 pum
459 3526 738 3617 gerebant,
767 3541 858 3611 qui
873 3526 1043 3596 sacra:
1063 3539 1226 3611 Legis
1251 3542 1585 3614 negligentes
1598 3547 1893 3612 praecepta,

309 3628 572 3706 pupulum
616 3630 851 3704 propriis
898 3635 1285 3691 traditionibus
1328 3636 1732 3706 pervertcbant,
1782 3634 1901 3706 qui-

306 3712 419 3777 bu's
449 3720 543 3777 Vc
567 3722 808 3778 futurum
829 3724 1093 3780 Dominus
1118 3725 1315 3796 legitur
1370 3726 1710 3795 praedixisse.
1766 3724 1899 3782 Car-

314 3813 492 3869 melus
508 3829 641 3870 vero
658 3830 816 3870 mons
837 3817 927 3885 qui
959 3817 1357 3887 interpretatur
1374 3818 1593 3873 scientia
1628 3820 1901 3895 circumci-

315 3908 499 3972 sionis,
528 3905 735 3962 Christi
770 3908 1154 3980 praeﬁgurabat
1184 3909 1507 3991 Ecclesiam,
1536 3911 1591 3965 in
1636 3927 1741 3982 qua
1792 3927 1902 3967 nou

312 3999 564 4071 przeputii
589 4001 933 4075 circumcisio
960 4001 1273 4072 accipienda
1320 4002 1407 4067 sit,
1462 4002 1602 4059 scire
1656 4001 1903 4075 praecipi-

314 4078 450 4146 mur
477 4108 489 4144 :
520 4106 617 4161 per
644 4076 1115 4147 circumcisioncm
1138 4092 1284 4147 enim
1314 4092 1586 4167 praeputii,
1624 4091 1806 4147 carnis
1832 4090 1902 4145 li-

312 4182 557 4238 bidinem
586 4183 833 4253 luxuria),
860 4191 1022 4253 atque
1047 4183 1317 4237 luxuriam
1364 4174 1644 4238 sciendum
1678 4192 1763 4238 est
1810 4182 1903 4237 ab-

316 4275 690 4330 scindendam.
720 4274 828 4330 Per
856 4275 1035 4331 cordis
1075 4290 1208 4331 vero
1257 4275 1748 4341 circumcisionem,
1804 4276 1907 4330 im-

320 4366 535 4420 munda:
562 4366 923 4437 cogitationes
976 4366 1339 4438 intelligendas
1365 4373 1493 4421 sunt
1540 4366 1901 4437 amputandae.

316 4458 520 4514 Bovem
549 4475 705 4537 vero,
734 4474 895 4531 quem
932 4459 1113 4514 Helias
1142 4460 1400 4514 mactavit
1416 4459 1471 4513 in
1506 4459 1903 4522 holocaustum,

2067 3274 2272 3337 Deinde
2292 3272 2525 3339 historia
2546 3270 2892 3349 seqrtimr,et
2917 3268 3047 3326 dicit
3082 3283 3097 3299 '
3136 3279 3159 3308 ο
3196 3266 3443 3337 Ascendit
3476 3262 3590 3321 He-

1996 3364 2102 3425 .lias
2132 3365 2195 3435 ip
2216 3365 2455 3431 uerticem
2482 3360 2715 3429 Canneli
2737 3400 2753 3431 ,
2800 3369 2849 3417 et
2870 3376 3073 3433 pronus
3114 3360 3170 3415 in
3192 3369 3387 3419 terram
3410 3355 3590 3430 possit

1998 3455 2191 3529 faciem
2213 3471 2364 3525 suam
2400 3455 2541 3525 inter
2580 3469 2785 3531 genua;
2824 3450 2852 3491 ἀ
2892 3459 2944 3513 et
2974 3449 3229 3513 exorabat
3260 3449 3547 3507 Dominum
3567 3461 3589 3504 :

1996 3547 2234 3619 dixitque
2264 3546 2333 3615 ad
2356 3561 2583 3621 puerum
2628 3560 2814 3615 suum,
2861 3543 3113 3617 ascende,
3156 3551 3205 3597 et
3252 3542 3593 3615 circumspice

2003 3645 2184 3697 contra
2212 3652 2356 3705 mare
2377 3643 2575 3715 septem
2602 3634 2818 3691 vicibus.
2852 3633 3007 3711 Quod
3030 3650 3148 3703 cum
3174 3633 3406 3704 fecisset,
3436 3632 3593 3705 septi-

1998 3745 2088 3799 ῃια
2118 3728 2226 3789 uice
2250 3727 2494 3801 apparuit
2538 3723 2794 3793 nubecula
2837 3741 3002 3796 parua
3050 3726 3200 3796 quasi
3239 3724 3462 3795 nominis
3507 3740 3592 3778 ue-

2000 3820 2215 3897 stigium
2257 3817 2543 3889 ascendens
2586 3816 2652 3871 de
2696 3831 2875 3883 mare,
2932 3824 2983 3885 et
3021 3815 3191 3869 subito
3236 3813 3592 3885 contenebroti

2003 3921 2124 3973 sunt
2147 3908 2280 3979 coeli,
2313 3917 2360 3964 et
2388 3910 2534 3981 facta
2559 3915 2634 3961 est
2657 3906 2837 3979 pluvia
2858 3905 3098 3983 grandis.
3130 3903 3283 3972 Quod
3307 3903 3455 3959 enim
3481 3901 3587 3958 He-

2004 4004 2106 4061 lias
2134 4010 2367 4079 exorat,
2418 4008 2479 4055 ut
2504 3998 2686 4079 pluvia
2722 3999 2993 4071 tribuatur
3016 4013 3048 4053 a
3076 4000 3186 4053 Deo
3205 4038 3222 4065 ,
3249 3998 3353 4057 hoc
3377 4011 3593 4073 quoque

2005 4098 2294 4161 Dominum
2323 4078 2521 4153 fecisse
2546 4109 2644 4166 pro
2672 4092 2787 4155 suis
2812 4092 3114 4165 discipulis,
3148 4100 3205 4148 et
3236 4092 3329 4165 qui
3354 4108 3453 4165 per
3470 4107 3594 4148 ver-

2005 4192 2133 4246 bum
2163 4187 2375 4243 illorum
2403 4185 2660 4241 credituri
2690 4171 3231 4261 erant,-Evangelista
3252 4184 3590 4258 pronuntiat.

2079 4279 2383 4347 Ministrum
2415 4276 2603 4344 Heliae,
2633 4278 2720 4333 cui
2736 4275 2950 4346 iussum
2967 4285 3051 4334 est
3079 4276 3437 4349 contemplari
3459 4291 3593 4333 con-

2009 4379 2093 4425 tra
2124 4384 2306 4434 mare,
2356 4370 2602 4427 omnium
2633 4370 3044 4442 pmphetarum,
3070 4370 3161 4441 qui
3192 4379 3319 4426 ante
3349 4368 3596 4425 Salvato-

2012 4464 2088 4535 ris
2113 4463 2403 4519 adventum
2440 4460 2675 4527 fuerunt,
2712 4470 2898 4535 typum
2941 4472 3185 4534 gestasse
3222 4477 3331 4518 non
3372 4461 3596 4518 dubium

317 4557 482 4619 atque
514 4550 568 4604 in
593 4529 768 4606 fruSta
781 4551 1036 4629 concidit,
1050 4559 1206 4619 vetus
1222 4550 1626 4622 intelligendum
1642 4559 1906 4607 esttesta-
1931 4529 1984 4593 Ῑ)
2009 4532 2113 4619 est,
2142 4552 2337 4631 quibus
2362 4552 2419 4606 in
2438 4552 2670 4627 gratiam
2695 4529 2928 4622 spiritus
2945 4529 3134 4609 'Sancti
3156 4567 3254 4623 per
3279 4568 3443 4608 omne
3466 4559 3598 4607 tem-

318 4651 585 4708 mentum,
617 4659 684 4699 ex
701 4659 807 4713 quo
821 4644 886 4699 ad
910 4643 1269 4709 confutandas
1291 4643 1547 4700 Judaicas
1561 4645 1905 4721 supcrstitio-

316 4748 439 4799 nes,
468 4749 532 4809 ea
550 4750 669 4807 qua:
686 4737 752 4790 de
769 4735 861 4791 illo
878 4737 1080 4807 scripta
1100 4736 1331 4800 fuerant,
1367 4736 1620 4791 multisin
1654 4735 1790 4792 locis
1815 4752 1908 4791 cx-

318 4825 852 4901 cussisseDominum
869 4825 1054 4883 Jesnm
1068 4830 1383 4901 evangelica
1397 4830 1780 4900 praedicatione
1795 4846 1909 4885 ma-

316 4916 579 4984 nifestat,
618 4931 742 4973 cum
782 4918 985 4975 dixisse
1030 4922 1286 4976 scribitur
1321 4921 1537 4994 (Matth.
1586 4940 1716 4990 χχι,
1760 4921 1851 4996 42)
1889 4940 1903 4977 :

323 5010 449 5064 Non
476 5011 698 5082 legistis,
722 5013 863 5085 quod
887 5013 1083 5067 dictum
1114 5024 1208 5080 est,
1240 5015 1467 5086 lapidem
1490 5033 1642 5088 quem
1667 5016 1911 5088 reproba-

321 5110 503 5154 verunt
534 5101 881 5171 (ediﬁcantes,
914 5103 997 5158 hic
1025 5104 1197 5173 factus
1219 5114 1294 5159 est
1321 5105 1373 5159 in
1399 5116 1555 5175 caput
1590 5106 1771 5177 anguli
1794 5107 1819 5161 .’
1844 5105 1913 5161 Et

322 5197 713 5266 intellexerunt,
743 5200 939 5270 inquit,
969 5200 1177 5265 scribae,
1207 5210 1253 5253 et
1280 5200 1532 5279 phariswi
1555 5200 1691 5275 quod
1724 5202 1787 5254 de
1809 5199 1914 5255 illis

322 5290 535 5357 diceret,
560 5301 693 5360 etc.,
721 5306 842 5365 qua:
876 5293 930 5346 in
963 5291 1253 5363 Evangelio
1290 5292 1652 5363 reperiuntur.
1716 5290 1915 5346 Bovem

321 5368 456 5441 vero
482 5381 714 5439 alterum
751 5400 782 5439 a
817 5382 968 5440 falsis
1012 5383 1296 5455 Prophetis
1335 5382 1569 5439 electum
1594 5424 1608 5450 ,
1658 5383 1915 5455 populum

397 5536 584 5663 adlatae
608 5539 813 5666 orpizssa
836 5548 962 5596 sunt
983 5540 1035 5595 in
1050 5540 1315 5611 superiori
1334 5538 1629 5610 Scriptura:
1650 5539 1789 5603 loco.
1807 5541 1904 5599 sed

398 5623 425 5664 s
486 5625 519 5665 n
575 5625 628 5665 v.
732 5650 746 5664 .

323 5623 547 5671 exstant
575 5625 628 5665 ν.
657 5623 746 5666 fl.

400 5679 430 5723 δ
468 5678 628 5739 Vers.
656 5679 746 5736 54.
790 5678 1010 5755 Implete
1031 5690 1259 5754 quatuor
1283 5682 1500 5754 hydrias
1527 5699 1687 5757 aqua.

2006 4660 2130 4721 pus,
2162 4644 2305 4714 quod
2343 4651 2469 4700 ante
2508 4644 2798 4701 adventum
2845 4644 3145 4700 Salvatoris
3171 4645 3480 4717 praecessit,
3513 4644 3598 4700 in-

2009 4735 2381 4793 carnationem
2423 4735 2568 4791 illius
2606 4736 2915 4807 pnestolare
2952 4736 3138 4791 datum
3168 4744 3271 4792 est.
3320 4734 3596 4795 Nubecula

2009 4844 2177 4900 parva
2202 4869 2218 4896 ,
2257 4843 2377 4900 quae
2405 4828 2555 4884 velut
2586 4829 2873 4901 vestigium
2917 4828 3152 4884 hominis
3190 4827 3499 4901 ascendisse
3528 4830 3597 4907 de

2012 4922 2147 4987 mari
2195 4921 2539 4986 describitur,
2592 4921 2883 4987 Dominus,
2933 4936 2996 4976 ac
3044 4919 3373 4991 Redemptor
3412 4929 3598 4977 noster

2010 5014 2357 5095 accipiendus
2405 5020 2527 5069 est:
2575 5013 2717 5068 sicut
2761 5013 2907 5079 enim
2959 5013 3247 5084 vestigium
3292 5021 3598 5091 extremum

2014 5106 2257 5177 corporis
2284 5104 2591 5159 membrum
2631 5113 2748 5172 est,
2796 5106 2868 5160 ita
2898 5121 3114 5177 quoque
3146 5105 3407 5171 Dominus
3438 5105 3599 5181 {esus

2015 5198 2268 5264 humilis,
2302 5205 2359 5251 et
2395 5212 2631 5269 parvus,
2687 5213 2752 5254 ac
2780 5213 2987 5271 pauper
3026 5201 3084 5255 in
3130 5201 3333 5273 mundo
3362 5201 3600 5257 existere

2017 5290 2208 5357 voluit,
2236 5290 2326 5361 qui
2356 5305 2456 5346 nos
2494 5305 2524 5344 a
2566 5300 2792 5364 peccato
2833 5291 3137 5348 mundaret.
3181 5288 3313 5367 lei
3342 5302 3601 5349 contene—

2020 5383 2163 5463 brati
2207 5391 2364 5449 sunt,
2416 5382 2542 5454 quia
2588 5383 2763 5461 sancti
2795 5385 3175 5459 praedicatores
3222 5384 3388 5463 divini
3436 5383 3602 5443 Verbi

2015 5540 2933 5633 ,_.°._Vf."i--f’_n§?!‘_f“_'}!filii"?
2973 5547 3285 5606 discrimine
3312 5546 3602 5620 ναιεειιω

2012 5612 2163 5684 inter:
2172 5619 2239 5684 _et
2253 5612 2403 5684 hanc
2431 5612 2955 5684 interpretationem.

2014 5679 2320 5809 exggnqrba
2352 5683 2467 5739 haec
2510 5679 2761 5740 exorabat
2794 5686 3104 5756 Dominum,
3142 5690 3197 5745 in
3234 5688 3463 5761 Vulgata
3486 5702 3599 5749 non
