4056 6350
496 370 565 416 7.";

542 370 601 427 59
1578 359 1853 418 CLAUDII
1891 360 2358 418 TAURINENSIS
2394 360 2706 420 EPISCOPI

3671 367 3777 425 760

495 482 695 541 occulti
751 479 1121 536 Sacramentis
1169 484 1295 532 sunt
1345 476 1573 546 repleti:
1606 475 1782 547 pluvia
1825 475 1967 544 facta
2012 483 2087 529 est
2113 480 2167 542 Α
2192 478 2396 533 tatibus
2439 480 2778 535 servabatur.
2809 498 2829 533 ι
2879 480 3008 537 Post
3052 472 3171 537 haec
3211 483 3461 552 sequitur
3495 501 3510 539 :
3551 483 3693 555 (xu,
3718 485 3776 559 5)

494 590 685 645 magna
710 596 743 639 ,-
776 571 904 642 quia
950 568 1297 638 evangelicus
1342 568 1520 622 imber
1558 581 1660 636 per
1704 565 2086 636 Apostolorum

491 663 937 737 praedicationem
985 659 1153 715 totius
1193 657 1382 713 mundi
1426 658 1626 729 rigavit
1656 656 1810 713 ﬁnes.
1878 656 2086 713 Currus

490 753 680 813 Achab
704 795 720 822 ,
749 767 913 825 quem
938 750 1123 806 Helias
1164 749 1425 806 accinctis
1446 748 1644 805 lumbis
1666 749 1915 819 praeibat,
1962 749 2087 804 Dia-

490 847 601 904 boli
629 843 947 916 accipienda
974 848 1219 912 potestas
1258 848 1382 907 est,
1424 841 1513 895 cui
1550 856 1580 894 a
1605 838 1837 895 Domino
1885 840 2084 895 dicitur

493 939 709 1014 (Matth.
737 953 814 1005 1v,
847 934 975 1007 10):
1006 933 1156 989 Vade
1196 941 1335 988 retro
1393 931 1660 999 Satanas;
1709 949 1815 987 non
1861 932 2082 988 tentabis

489 1028 776 1083 Dominum
804 1023 973 1079 Deum
998 1032 1168 1077 tuum.
1218 1019 1281 1076 In
1325 1025 1538 1075 tantum
1576 1020 1723 1075 enim
1747 1018 1958 1073 Diaboli
1983 1032 2084 1090 po-

490 1127 661 1175 testas
694 1117 751 1172 in
778 1116 1011 1171 adventu
1046 1110 1261 1167 Domini
1288 1110 1467 1166 inanis
1496 1109 1726 1175 exstitit,
1755 1116 1812 1164 et
1840 1106 2081 1176 inﬁrma,

489 1216 549 1263 ut
572 1221 676 1263 nec
710 1205 767 1260 in
792 1218 988 1276 porcos
1014 1200 1326 1258 dominandi
1358 1198 1588 1256 haberet
1624 1198 1900 1254 licentiam
1927 1216 1941 1252 :
1974 1197 2081 1255 nisi

488 1301 538 1357 ei
564 1300 761 1357 fuisset
782 1300 1131 1371 permissum.

560 1391 715 1472 (Cap.
745 1388 885 1459 xxx.)
918 1387 1183 1443 Nuntiata
1206 1394 1359 1451 sunt,
1391 1383 1590 1454 inquit,
1622 1380 1837 1437 Iezabel
1870 1390 2091 1454 cuncta,

487 1501 605 1557 qua:
628 1490 857 1555 gesserat
884 1478 1090 1546 Helias,
1120 1486 1167 1533 et
1192 1475 1633 1549 quemadmodum
1673 1473 1966 1544 Prophetas
1996 1490 2083 1527 oc-

487 1577 699 1632 cidisset
727 1573 918 1629 Bahal.
983 1572 1114 1641 Qua:
1154 1572 1335 1626 statim
1375 1570 1618 1625 nuntium
1653 1568 1796 1623 misit
1843 1568 1913 1622 ad
1962 1584 2081 1622 eum

486 1670 666 1725 dicens
686 1682 706 1721 :
734 1669 845 1723 haec
870 1666 999 1722 mihi
1023 1665 1224 1736 faciant
1248 1662 1360 1729 Dii,
1394 1670 1445 1717 et
1465 1662 1577 1717 hazc
1597 1660 1817 1727 addant,
1853 1660 1955 1714 nisi
1980 1659 2081 1713 hac

485 1762 617 1817 hora
638 1775 757 1815 cras
786 1774 979 1831 ponam
1010 1755 1243 1809 animam
1273 1762 1420 1808 tuam
1461 1752 1595 1806 sicut
1644 1752 1877 1805 animum
1922 1749 2080 1804 unius

2183 569 2507 644 projecitque
2528 590 2604 638 se,
2629 581 2679 627 et
2706 574 2952 629 dormivit
2978 575 3036 629 in
3070 575 3256 630 umbra
3267 576 3527 647 juniperi.
3556 577 3628 632 Et
3654 596 3773 636 ecce

2183 662 2412 734 Angelus
2451 664 2665 719 Domini
2693 665 2859 737 tetigit
2899 681 3017 720 eum
3039 705 3055 732 ,
3096 666 3332 738 dixitque
3358 665 3439 721 illi
3460 680 3480 720 .’
3510 684 3668 739 surge
3687 710 3703 736 ,
3729 679 3781 724 et

2186 756 2415 810 comede.
2453 755 2818 828 Respexitque,
2857 765 2906 811 et
2928 756 3055 811 vidit
3081 756 3152 811 ad
3171 766 3329 828 caput
3359 774 3515 813 suum
3543 760 3784 816 subcinc-

2186 847 2374 903 ricium
2394 864 2606 919 panem,
2634 856 2683 903 et
2704 864 2797 903 vas
2829 865 2999 919 aqum.
3040 846 3402 921 Comeditque,
3429 867 3494 904 ac
3519 850 3682 917 bibit,
3720 869 3783 906 ac

2185 953 2395 993 rursum
2440 938 2701 993 dormivit.
2773 937 3064 1011 Tetigitque
3104 956 3224 995 eum
3270 941 3498 996 secundo
3548 941 3783 1013 Angelus

2184 1039 2235 1083 et
2260 1029 2435 1086 dixit:
2476 1047 2659 1102 surge,
2697 1039 2745 1086 et
2771 1032 2981 1086 comede
3007 1048 3026 1087 :
3075 1033 3294 1103 grandis
3320 1034 3459 1089 enim
3501 1034 3600 1089 tibi
3623 1044 3784 1090 restat

2183 1120 2286 1174 via.
2328 1116 2761 1193 Consurgensque
2789 1122 3035 1188 comedit,
3062 1131 3111 1178 et
3133 1122 3259 1178 bibit
3276 1163 3292 1189 ,
3318 1133 3370 1179 et
3396 1123 3693 1179 ambulavit
3729 1127 3786 1180 in

2183 1210 2495 1283 fortitudine
2535 1212 2637 1267 cibi
2664 1212 2808 1268 illius
2838 1213 3194 1286 quadraginta
3224 1214 3407 1270 diebus
3425 1255 3442 1283 ,
3474 1224 3526 1270 et
3550 1216 3787 1288 quadra-

2182 1304 2329 1376 ginta
2356 1305 2595 1360 noctibus
2635 1322 2802 1378 usque
2842 1306 2912 1360 ad
2950 1317 3179 1362 montem
3202 1307 3303 1363 Dei
3333 1320 3358 1348 ο
3393 1308 3592 1381 Oreph.
3644 1309 3788 1377 Quid

2183 1394 2348 1467 igitur
2374 1393 2626 1451 Jezabel?
2652 1398 2763 1453 hcec
2790 1398 2992 1469 faciant
3012 1399 3143 1454 mihi
3169 1399 3284 1467 Dii,
3328 1409 3378 1456 et
3398 1402 3512 1457 lucc
3533 1404 3785 1473 addant;

2183 1487 2287 1542 nisi
2304 1504 2527 1558 posuero
2557 1489 2790 1544 animam
2830 1498 2996 1557 tuam,
3043 1491 3182 1547 sicut
3229 1492 3466 1548 animam
3505 1497 3669 1551 unius
3720 1516 3785 1555 ex

2182 1576 2310 1633 illis.
2340 1578 2411 1633 Et
2436 1578 2635 1633 audivit
2674 1578 2880 1646 Helias,
2912 1589 2959 1634 et
2986 1581 3121 1653 fugit
3148 1583 3287 1637 viam
3316 1583 3522 1638 dierum
3546 1588 3787 1657 quadra-

2183 1671 2331 1740 ginta
2367 1667 2389 1708 ί
2431 1668 2812 1726 Oviolentiam
2858 1671 3042 1728 verbi!
3094 1670 3138 1727 Ο
3181 1671 3494 1729 formidinis
3538 1677 3788 1747 eminen-

2185 1763 2347 1819 tiam!
2396 1763 2580 1820 audito
2623 1764 2869 1821 mulieris
2913 1766 3101 1831 verbo,
3142 1767 3280 1839 fugit
3319 1767 3522 1833 Helias,
3571 1779 3630 1825 et
3650 1746 3787 1844 fugit

485 1870 550 1908 ex
577 1850 703 1907 illis.
749 1849 905 1917 Quod
929 1847 1149 1904 audiens
1190 1843 1378 1900 Helias
1422 1844 1597 1897 timuit
1640 1841 1811 1908 valde,
1829 1848 1905 1932 -ει
1946 1840 2074 1932 abiit
2101 1852 2151 1915 B
2178 1870 2288 1912 non
2308 1870 2437 1923 una,
2476 1871 2586 1913 non
2616 1857 2846 1925 duabus,
2879 1873 2986 1913 ηοη
3010 1858 3187 1914 tribus
3211 1859 3422 1924 diebus,
3449 1858 3548 1914 sed
3576 1840 3785 1932 ίηειιέε,

481 1958 808 2014 quocumque
833 1956 951 1996 eum
978 1936 1176 2009 ferebat
1200 1934 1463 2000 voluntas,
1488 1933 1723 2005 venitque
1742 1933 1800 1985 in
1820 1929 2078 1985 Bersabee

483 2031 664 2100 Judce,
694 2039 743 2086 et
770 2029 881 2086 illic
911 2027 1121 2100 reliquit
1148 2042 1371 2097 puerum
1395 2040 1571 2079 suum.
1613 2021 1735 2094 Ipse
1754 2028 1931 2076 autem
1955 2036 2074 2092 per-

483 2126 618 2180 rexit
656 2124 716 2178 in
757 2122 1023 2177 desertum
1068 2119 1263 2185 locum,
1312 2118 1451 2173 viam
1486 2118 1643 2171 unius
1677 2115 1803 2170 diei.
1844 2112 2077 2185 Cumque

482 2214 703 2271 venisset
724 2212 874 2278 illuc,
902 2219 953 2266 et
984 2210 1201 2265 sedisset
1224 2208 1402 2264 subter
1421 2223 1581 2262 unam
1594 2207 1924 2278 juniperum,
1957 2204 2033 2260 ait
2055 2217 2075 2257 :

481 2306 666 2377 suﬂ'ici't
689 2304 819 2358 mihi
847 2302 1095 2368 Domine,
1126 2299 1252 2355 tolle
1288 2299 1522 2353 animam
1546 2314 1736 2352 meam.

553 2410 581 2439 α
616 2417 635 2450 ι
661 2396 850 2453 Sancti
874 2395 1000 2462 viri,
1032 2394 1128 2465 qui
1171 2393 1487 2451 sublevante
1517 2391 1715 2463 spiritu
1759 2389 1828 2444 ad
1865 2403 2076 2444 summa

481 2490 792 2561 rapiuntur,
823 2487 1080 2559 quamdiu
1119 2488 1175 2542 in
1202 2486 1307 2542 bac
1333 2486 1444 2541 vita
1471 2492 1598 2541 sunt
1610 2510 1636 2551 ,-
1666 2497 1737 2539 ne
1760 2482 1943 2553 aliqua
1971 2481 2079 2537 ela-

479 2584 628 2638 tione
651 2580 984 2653 superbiant,
1013 2579 1337 2652 quibusdam
1358 2574 1749 2633 tentationibus
1773 2573 2079 2645 reprimun-

477 2681 599 2741 tur;
633 2680 694 2727 ut
718 2685 1065 2743 nequaquam
1089 2675 1301 2723 tantum
1326 2666 1594 2738 proﬁcere
1622 2664 1871 2731 valeant,
1904 2678 2078 2734 quan-

479 2775 597 2822 tum
624 2764 846 2831 volunt;
880 2761 977 2819 sed
1002 2777 1073 2818 ne
1097 2750 1431 2817 extollantur
1464 2757 1721 2829 superbia
1744 2797 1762 2823 ,
1807 2755 1870 2811 ﬁt
1902 2755 1959 2810 in
1995 2755 2077 2811 eis

478 2859 725 2930 ipsarum
753 2856 1001 2926 quaedam
1034 2869 1290 2909 mensura
1316 2853 1597 2907 virtutum.
1662 2848 1801 2905 Hinc
1825 2855 1909 2904 est
1930 2848 2077 2903 enim

479 2951 626 3024 quod
661 2949 844 3005 Helias
870 2990 887 3015 ,
933 2948 1060 3003 dum
1092 2955 1174 3002 tot
1197 2944 1493 3000 virtutibus
1517 2944 1576 2999 in
1598 2942 1707 2998 alta
1732 2940 2072 3014 profecisset,

478 3043 719 3118 quadam
747 3057 1006 3097 mensura
1029 3052 1328 3110 suspensus
1351 3043 1467 3103 est,
1518 3034 1646 3090 dum
1674 3033 1895 3089 Iezabel
1922 3038 2075 3105 post-

476 3137 721 3201 modum,
747 3134 994 3205 quamvis
1022 3130 1309 3200 Reginam,
1360 3136 1547 3183 tamen
1586 3124 1962 3182 mulierculam
1994 3123 2078 3178 fu-

2181 1963 2276 2005 sus
2303 1956 2387 2004 est
2411 1947 2468 2003 in
2493 1962 2560 2004 eo
2582 1963 2762 2004 sermo
2787 1949 3031 2005 mulieris
3047 1992 3062 2017 ,
3098 1958 3152 2006 et
3178 1951 3309 2021 quid
3335 1957 3543 2022 ageret,
3573 1954 3785 2010 nescie-

2179 2040 2295 2107 bat,
2323 2039 2461 2095 tanti
2500 2039 2712 2096 itineris
2756 2042 2950 2112 spatio,
2982 2050 3129 2097 metu
3157 2044 3494 2113 exagitante,
3514 2045 3780 2116 iactatus,

2178 2131 2331 2187 velut
2357 2147 2484 2188 cum
2528 2131 2748 2202 Zephiri
2776 2129 2994 2187 ﬂatibus
3032 2148 3197 2189 cursu
3232 2134 3480 2204 impulsa:
3505 2135 3666 2191 navis
3694 2150 3783 2190 ar-

2177 2222 2369 2280 borem
2389 2223 2664 2280 violentus
2689 2240 2758 2280 ex
2789 2225 3016 2280 adverso
3055 2226 3214 2282 turbo
3242 2227 3543 2299 corripuit,
3590 2225 3781 2298 imple-

2180 2326 2406 2388 tumque
2436 2315 2670 2384 reﬂexit,
2700 2317 2777 2372 ita
2805 2316 3092 2389 Propheta:
3121 2319 3364 2374 animum
3398 2320 3667 2375 virtutum
3689 2332 3783 2374 ve-

2178 2407 2247 2464 lis
2290 2408 2639 2478 navigantem
2682 2407 2927 2463 mulieris
2972 2408 3205 2478 perculit
3250 2424 3464 2475 sermo,
3499 2416 3780 2478 totamque

2178 2498 2297 2569 ejus
2339 2513 2536 2553 navem
2590 2512 2691 2570 per
2742 2513 2932 2553 omnes
2994 2497 3345 2554 formidinum
3403 2497 3606 2554 ﬂuctus
3670 2506 3779 2552 tur-

2176 2590 2308 2646 bato
2337 2598 2550 2646 rectore
2582 2588 2811 2660 jactavit
2831 2630 2847 2656 ,
2897 2589 3026 2659 quid
3047 2604 3177 2661 ergo
3207 2599 3268 2645 tu
3301 2588 3519 2645 Helias?
3545 2595 3607 2645 tu
3635 2588 3780 2644 enim

2179 2703 2263 2755 es,
2291 2688 2385 2759 qui
2423 2686 2589 2744 verbo
2634 2687 2910 2743 clauseras
2932 2686 3130 2743 coelum
3158 2727 3174 2754 ,
3222 2695 3277 2741 et
3301 2685 3662 2742 fraudaveras
3687 2685 3780 2739 im-

2178 2777 2329 2847 bres,
2357 2778 2451 2850 qui
2482 2778 2845 2834 mandaveras
2865 2778 2979 2834 aeri
3004 2818 3018 2844 ,
3067 2784 3122 2833 et
3147 2777 3359 2833 divinos
3394 2777 3550 2849 ignes
3581 2775 3781 2832 eduxe-

2179 2880 2290 2932 ras,
2329 2867 2423 2936 qui
2450 2863 2616 2921 falsos
2659 2865 2953 2922 salubriter
2988 2864 3220 2920 interﬁci
3243 2865 3486 2937 iusseras
3524 2863 3782 2918 sacerdo-

2179 2966 2264 3014 tes
2290 2998 2308 3026 ,
2357 2958 2449 3029 qui
2490 2966 2806 3016 constanter
2835 2959 2893 3014 in
2931 2957 3126 3015 faciem
3161 2959 3597 3031 exprobraveras
3624 2957 3777 3028 Regi,

2178 3048 2325 3121 quod
2354 3050 2488 3120 ipse,
2522 3058 2578 3106 et
2624 3051 2815 3107 domus
2852 3068 2951 3106 sua
2986 3050 3521 3123 populum-everteret
3560 3047 3738 3106 Israel
3761 3064 3781 3103 :

2178 3140 2272 3211 qui
2300 3140 2517 3196 dixeras
2549 3160 2562 3197 :
2607 3142 2743 3197 vivit
2766 3142 3029 3200 Dominus
3062 3157 3077 3198 :
3115 3142 3177 3198 Si
3200 3144 3299 3198 erit
3331 3144 3545 3216 pluvia,
3575 3154 3673 3199 aut
3698 3160 3784 3199 ros

477 3228 596 3300 giit.
652 3225 936 3297 Perpendo
979 3222 1177 3294 quippe
1231 3221 1380 3275 hunc
1419 3216 1575 3272 mirae
1618 3213 1838 3271 virtutis
1870 3214 2072 3281 virum,

2181 3232 2285 3288 nisi
2306 3233 2361 3287 in
2386 3233 2537 3287 verba
2564 3233 2670 3288 oris
2692 3235 2796 3289 mei
2826 3248 2845 3287 :
2872 3235 2965 3305 qui
2995 3235 3216 3291 domum
3245 3213 3423 3292 vidua:
3440 3276 3456 3302 ,
3502 3224 3784 3308 spicarum

477 3322 657 3393 ignem
692 3319 761 3374 de
788 3317 927 3374 coelo
952 3316 1170 3371 trahere
1186 3353 1203 3380 ,
1240 3320 1298 3368 et
1321 3309 1558 3367 secundo
1578 3307 2074 3380 quinquagenarios

476 3412 625 3466 viros
651 3424 779 3465 cum
810 3407 927 3463 suis
953 3406 1206 3461 omnibus
1243 3402 1507 3474 petitione
1547 3399 1726 3456 subita
1760 3412 2076 3453 concrema-

476 3517 539 3558 re
570 3520 583 3555 :
620 3498 789 3555 verbo
820 3496 990 3554 caelos
1019 3512 1051 3550 a
1074 3493 1273 3567 pluviis
1299 3491 1591 3549 claudere:
1621 3488 1789 3544 verbo
1810 3488 1978 3544 ccelos
2005 3490 2075 3544 ad

476 3598 692 3671 pluvias
724 3595 959 3667 aperire,
989 3593 1347 3650 suscitantem
1367 3598 1643 3655 mortuos,
1671 3594 1903 3644 ventura
1928 3600 2077 3658 qua:—

477 3704 587 3763 que
632 3686 1020 3759 praavidentem
1058 3702 1073 3739 :
1121 3691 1178 3738 et
1204 3698 1333 3739 ecce
1372 3697 1567 3737 rursus
1609 3680 1790 3736 animo
1813 3678 2074 3744 occurrit,

475 3796 585 3852 quo
617 3793 822 3852 pavore
854 3787 982 3834 ante
1018 3791 1187 3832 unam
1222 3772 1598 3830 mulierculam
1626 3772 1657 3813 ιι
1682 3770 1839 3844 fugit.
1892 3768 2079 3826 Consi-

476 3874 610 3929 dero
645 3871 825 3927 virum
879 3870 1076 3926 timore
1122 3866 1434 3940 perculsum
1480 3866 1548 3921 de
1597 3879 1763 3920 manu
1802 3874 1825 3903 ο
1859 3862 2076 3919 Domini

474 3971 710 4022 mortem
757 3971 978 4036 petere,
1022 3976 1125 4017 nec
1171 3960 1418 4032 accipere
1457 3977 1471 4014 :
1514 3959 1582 4015 de
1630 3973 1795 4014 manu
1828 3955 2074 4012 mulieris

473 4066 711 4114 mortem
748 4056 1006 4129 fugiendo
1045 4056 1241 4112 vitare.
1303 4053 1592 4122 Quaerebat
1635 4052 1780 4108 enim
1820 4058 2072 4118 mortem,

476 4150 605 4205 dum
654 4148 905 4219 fugeret,
956 4147 1144 4203 dicens
1183 4161 1199 4200 :
1235 4145 1435 4217 Sufﬁcit
1470 4145 1637 4211 mihi,
1672 4142 1795 4198 tolle
1838 4143 2072 4197 animam

474 4258 673 4310 meam,
710 4256 874 4313 neque
901 4240 1038 4295 enim
1061 4238 1250 4294 melior
1270 4254 1387 4291 sum
1410 4252 1570 4307 quam
1593 4242 1770 4305 patres
1795 4234 1917 4287 mei.
1968 4231 2074 4288 Un-

474 4334 703 4404 de‘ergo
729 4332 808 4388 sic
832 4338 1045 4403 potens,
1079 4337 1140 4384 ut
1167 4337 1247 4385 tot
1268 4328 1393 4382 illas
1420 4326 1646 4381 virtutes
1675 4322 1871 4380 faciat?
1919 4322 2073 4379 Unde

474 4424 556 4481 sic
582 4424 868 4490 inﬁrmus,
899 4430 962 4478 ut
986 4423 1064 4477 ita
1090 4420 1350 4476 feminam
1379 4417 1766 4490 pertimescat?
1817 4417 1921 4472 nisi
1944 4417 2072 4486 quia

475 4517 884 4590 dispensatione
932 4515 1154 4587 superni
1202 4521 1368 4569 nutus
1395 4526 1651 4566 mensura
1691 4510 1889 4565 occulti
1913 4508 2072 4564 libra-

474 4580 638 4669 minis
664 4580 1062 4681 appenduntur,
1108 4614 1169 4662 ut
1204 4605 1308 4676 ipsi
1352 4605 1526 4660 sancti
1574 4602 1672 4659 Dei
1715 4602 1983 4669 homines,
2015 4580 2149 4657 etD

472 4702 708 4758 multum
729 4699 948 4757 valeant
983 4714 1079 4770 per
1100 4697 1403 4769 potentiam
1432 4696 1564 4762 Dei,
1605 4701 1661 4750 et
1691 4708 1910 4749 rursum
1935 4708 2069 4763 qua-

474 4794 600 4849 dam
630 4807 887 4849 mensura
919 4789 1187 4847 moderati
1215 4795 1452 4857 suntper
1480 4785 1852 4840 inﬁrmitatem
1880 4785 2068 4839 suam?

471 4885 535 4941 lu
560 4886 668 4942 illis
704 4883 1000 4941 virtutibus
1029 4875 1213 4937 Helias
1246 4879 1375 4950 quid
1408 4879 1475 4933 de
1503 4877 1530 4917 ἀ
1568 4877 1798 4932 Domino
1843 4890 2070 4948 accepe-

473 4984 561 5033 rat
584 5017 599 5042 ,
631 4977 689 5031 in
732 4976 854 5032 istis
883 4973 1292 5030 inﬁrmitatibus
1317 4972 1448 5042 quid
1471 4970 1539 5025 de
1583 4984 1643 5025 se
1685 4984 1805 5025 esse
1827 4977 2062 5040 poterat,

475 5068 825 5137 agnoscebat.
863 5067 959 5122 Illa
981 5066 1239 5139 potentia:
1265 5065 1441 5121 virtus
1469 5062 1572 5119 fuit
1606 5080 1620 5119 :
1655 5063 1757 5120 ista
1779 5062 2071 5121 inﬁrmitas

476 5168 662 5216 custos
694 5158 933 5214 virtutis.

557 5280 576 5311 ι
604 5259 662 5314 In
711 5259 819 5346 illis
864 5259 1160 5316 virtutibus
1189 5260 1512 5317 ostendebat
1556 5260 1686 5330 quid
1730 5267 2063 5329 acceperat:

478 5353 535 5407 in
561 5349 679 5407 istis
713 5349 1121 5408 inﬁrmitatibus
1149 5352 1255 5408 hoc
1283 5352 1427 5422 quod
1455 5359 1770 5423 acceperat,
1796 5350 2070 5407 custodie-

475 5444 591 5500 bat.
629 5442 690 5499 ln
715 5444 996 5501 miraculis
1035 5445 1445 5501 monstrabatur
1473 5444 1655 5501 Helias
1695 5462 1708 5499 :
1748 5444 1804 5500 in
1832 5443 2065 5501 inﬁrmi-

548 5594 574 5625 ι
614 5576 1015 5664 quseqpentia
1061 5578 1165 5664 tibi
1213 5580 1431 5664 ‘przebet
1465 5579 1734 5664 “Paterius
1757 5620 1773 5650 ,
1827 5580 2059 5651 ideoque

473 5650 767 5722 Gregorius
792 5649 886 5707 lib.
916 5667 1013 5709 xxx
1061 5649 1252 5709 Morall
1284 5666 1435 5707 num.
1463 5650 1499 5706 9
1519 5659 1576 5707 et
1598 5652 1684 5707 10.

545 5724 573 5764 b
620 5721 837 5764 Funus-it

545 5724 573 5764 δ
590 5721 597 5722 ⁷
614 5721 855 5805 Fugerit.

2177 3340 2386 3392 aream,
2422 3333 2477 3380 et
2507 3326 2749 3383 torcular
2776 3326 2991 3384 feceras
3018 3328 3155 3396 olei,
3197 3329 3291 3400 qui
3322 3328 3579 3385 omnibus
3604 3330 3780 3400 impe-

2179 3431 2403 3472 raveras
2437 3416 2723 3473 elementis
2745 3458 2761 3484 ,
2811 3433 3119 3474 sermonem
3160 3435 3308 3475 nunc
3347 3420 3663 3476 meretricis
3687 3434 3784 3474 au-

2179 3506 2361 3572 diens,
2393 3507 2683 3577 expavisti,
2736 3516 2794 3563 et
2823 3523 2932 3563 una
2959 3508 3280 3565 muliercula
3307 3508 3602 3582 profugum
3630 3508 3782 3579 fecit,

2178 3601 2505 3671 timorisque
2532 3603 2832 3673 captivum.
2860 3602 2905 3659 0
2931 3618 3047 3659 rem
3077 3604 3432 3675 stupendam!
3474 3604 3618 3660 Vide
3644 3604 3784 3659 duos

2178 3691 2334 3761 istos,
2366 3692 2589 3750 Petrum
2615 3703 2671 3751 et
2705 3694 2915 3750 Heliam
2936 3736 2951 3763 ,
2977 3695 3300 3767 magniﬁcos
3325 3696 3495 3763 viros,
3521 3704 3581 3752 et
3611 3704 3781 3751 caete-

2177 3784 2256 3840 ris
2285 3784 2568 3853 clariores,
2596 3786 2744 3841 velut
2775 3788 2911 3843 duas
2946 3788 3229 3843 civitatum
3260 3801 3417 3843 arces
3455 3787 3515 3843 in
3543 3786 3782 3843 sublime

2177 3887 2479 3948 porrectas,
2514 3895 2545 3934 a
2575 3879 2895 3937 mulieribus
2928 3880 3168 3951 fatigari.
3209 3879 3406 3936 Petrus
3432 3873 3781 3952 timet‘puel-

2176 3967 2331 4025 lam:
2369 3969 2589 4027 Iezabel
2633 3972 2873 4027 deterret
2919 3971 3150 4028 Heliam.
3226 3972 3295 4026 Et
3354 3971 3483 4041 quia
3531 3970 3779 4039 ejusdem

2178 4059 2352 4130 culpae
2395 4061 2533 4116 vitio
2561 4069 2793 4131 uterque
2825 4061 3097 4132 subiacuit
3116 4102 3132 4129 ,
3192 4063 3480 4118 amborum
3504 4062 3779 4118 naturalis

2177 4150 2471 4207 inﬁrmitas
2497 4168 2668 4207 unum
2707 4154 2902 4209 sortita
2932 4162 3018 4208 est
3041 4153 3397 4224 proditorem.
3455 4151 3622 4222 Fugit
3646 4167 3778 4224 ergo

2178 4241 2364 4299 Helias
2408 4245 2552 4299 viam
2602 4247 2964 4318 quadraginta
3012 4247 3241 4301 diorum.
3300 4244 3404 4301 Ubi
3444 4253 3532 4300 est
3560 4244 3667 4299 zeli
3698 4244 3779 4299 tui

2176 4333 2341 4389 ardor
2366 4335 2744 4401 incontinens,
2790 4338 2883 4391 ubi
2908 4336 3226 4392 constantia:
3259 4333 3514 4389 ﬂamma?
3551 4334 3658 4390 Ubi
3684 4349 3780 4389 au-

2177 4428 2405 4485 ctoritas
2436 4429 2706 4485 libertatis
2733 4471 2746 4494 ,
2800 4445 2926 4485 cum
2967 4430 3186 4486 dicebas
3212 4447 3225 4481 :
3256 4428 3378 4482 vivit
3408 4426 3698 4493 Dominus,
3730 4426 3777 4482 si

2176 4520 2276 4573 erit
2317 4521 2497 4593 pluvia
2543 4537 2703 4593 super
2736 4530 2931 4576 terram
2956 4560 2975 4587 ,
3020 4520 3104 4576 vel
3134 4533 3259 4574 cum
3294 4517 3497 4589 Regem
3523 4516 3778 4572 cominus

2174 4617 2467 4687 arguebas,
2495 4623 2756 4685 tantaque
2785 4611 3058 4668 mirabilia
3085 4610 3293 4667 faciens
3313 4625 3481 4667 unum
3507 4608 3776 4665 adulterat

2173 4725 2284 4767 non
2326 4710 2502 4766 tulisti
2550 4710 2902 4766 sermonem?
2938 4706 3046 4763 Sed
3071 4707 3389 4772 considera,
3435 4705 3571 4775 quid
3604 4705 3664 4761 in
3686 4705 3772 4761 bis

2173 4805 2512 4861 ostendatur.
2572 4802 2713 4870 Quid
2741 4802 2982 4867 scilicet,
3028 4800 3286 4872 quamdiu
3313 4797 3520 4854 homini
3551 4796 3774 4854 Domini

2173 4897 2349 4969 gratia
2376 4904 2724 4966 cooperatur,
2750 4894 2935 4949 omnia
2965 4892 3203 4949 secunda
3228 4899 3374 4958 sunt,
3403 4890 3590 4946 omnia
3615 4890 3768 4946 ﬁda:

2173 4987 2443 5044 elementa
2471 4985 2735 5050 serviunt,
2763 4984 3115 5055 et'principes
3140 4987 3581 5053 prosternuntur,
3610 4994 3770 5053 reges

2174 5078 2408 5134 adorant
2433 5118 2448 5144 ,
2490 5075 2673 5146 populi
2702 5082 3051 5130 venerantur.
3082 5072 3141 5127 Si
3168 5087 3299 5128 vero
3326 5086 3405 5138 se,
3437 5070 3607 5127 semel
3630 5085 3766 5141 per-

2170 5171 2429 5229 fectionis
2454 5211 2469 5236 ,
2518 5169 2605 5225 vel
2634 5167 2993 5237 correptionis
3023 5181 3191 5223 causa
3221 5177 3518 5235 supernum
3562 5160 3632 5215 ab
3662 5162 3764 5215 bo-

2170 5264 2322 5320 mine
2349 5261 2646 5334 suspendat
2676 5259 2940 5316 auxilium
2960 5299 2976 5325 ,
3008 5255 3295 5313 confestim
3314 5253 3580 5326 fragilitas
3605 5258 3767 5306 natu-

2170 5373 2247 5413 ra:
2272 5363 2642 5412 monstratur:
2677 5367 2805 5408 mox
2829 5351 3120 5419 insurgunt
3148 5362 3267 5418 qua:
3287 5346 3614 5402 videbantur
3638 5359 3764 5402 esse

2170 5447 2455 5519 subjecta:
2488 5458 2610 5516 qua:
2636 5442 2790 5517 prius
2824 5449 2885 5497 ut
2924 5439 3215 5496 Dominum
3258 5435 3574 5493 metuebant
3627 5433 3766 5491 inci-

2239 5595 2263 5623 ο

2239 5654 2281 5738 ί,
2304 5582 2760 5738 ξεέῗὲὲφιυξῑξτ
2793 5653 2962 5738 babes
2994 5662 3223 5738 numer?
3338 5646 3540 5738 creer
3558 5645 3759 5738 alliga-

2160 5735 2230 5781 tae
2266 5717 2504 5782 homilim
2534 5717 2589 5779 in
2639 5723 2746 5780 SS.
2790 5722 3007 5777 Petrum
3060 5729 3111 5775 et
3152 5718 3399 5783 Heliam,
3446 5717 3542 5771 sed
3570 5717 3757 5774 verbis

2160 5796 2449 5869 aliquando
2478 5794 2848 5868 transpositis,
2871 5801 2927 5849 et
2949 5807 3139 5850 eorum
3167 5790 3357 5848 ordine
3385 5790 3694 5846 immutata.
