4056 6350
298 318 401 380 ’161

945 309 1402 379 QUASTIONES
1439 309 1588 364 XXX
1628 305 1856 364 SUPER
1892 305 2137 370 LIBROS
2176 301 2550 367 REGUMa—
2580 309 2783 367 LIBER
2820 309 2908 367 IV.

3438 313 3543 369 762

293 440 457 513 piunt
481 445 601 490 esse
633 427 846 485 terrori.
884 424 1120 493 Iezabel,
1139 441 1258 495 qua:
1289 425 1676 493 interpretatur
1694 420 1870 490 [luxus
1899 418 1952 480 Α
1975 425 2029 472 et
2050 430 2253 490 septem
2314 425 2540 480 millium
2587 425 2828 482 virorum
2873 400 3166 482 electorum
3218 428 3541 486 electissima

292 547 486 595 smnus,
523 527 820 598 Synagogze
848 521 1078 594 gestavit
1099 528 1303 591 typum,
1342 532 1460 586 qum
1495 513 1648 569 vanis
1685 528 1874 582 super-

291 622 606 681 stitionibus
636 617 892 681 serviens,
925 614 980 669 in
1003 611 1324 682 Evangelica
1347 606 1726 679 praedicatione
1751 619 1871 659 cre-

292 720 426 775 dere
450 715 654 781 noluit,
700 721 758 768 et
799 718 1076 766 auctorem
1121 707 1248 762 vita:
1277 719 1616 776 persequens,
1649 700 1789 755 sicut
1815 706 1870 753 et

287 807 512 865 Iezabel
539 804 772 870 Heliam,
818 802 1160 870 exstinguere
1197 797 1402 868 magis,
1455 809 1618 865 quam
1646 793 1869 848 credere

290 903 508 959 maluit.
546 899 687 954 Puer
719 896 888 953 Heliae
911 937 926 963 ,
958 896 1050 966 qui
1080 896 1134 950 in
1164 892 1450 956 Bersabee,
1479 889 1571 959 qui
1597 889 1868 955 interpre-

288 1002 440 1055 tatur
485 999 670 1062 puteus
716 987 1028 1059 juramenti,
1060 985 1312 1041 dimissus
1356 989 1482 1046 est,
1523 976 1868 1033 Saccrdotale

287 1081 668 1152 accipiendum
701 1085 785 1134 est
812 1076 1167 1134 ministerium
1191 1115 1205 1139 ,
1257 1071 1399 1143 quod
1424 1070 1624 1140 templo
1653 1068 1867 1124 Domini

283 1179 343 1232 in
370 1172 707 1230 Hierusalem
725 1213 741 1240 ,
769 1170 934 1227 cultui
960 1167 1313 1224 exhibebatur
1342 1165 1540 1220 divino.
1583 1162 1867 1218 Desertum

283 1282 442 1331 vero,
489 1265 558 1318 ad
600 1263 745 1334 quod
774 1261 861 1316 via
899 1261 1059 1314 unius
1102 1258 1207 1314 diei
1231 1255 1413 1311 Helias
1440 1254 1638 1324 legitur
1676 1267 1867 1322 perve-

282 1361 467 1425 nisse,
517 1365 573 1411 et
606 1355 705 1410 sub
749 1354 941 1409 arbore
973 1350 1208 1422 iuniperi
1237 1348 1532 1420 quievisse,
1581 1345 1865 1400 universus

283 1449 636 1520 accipiendus
662 1453 747 1501 est
769 1444 1024 1508 mundus,
1055 1442 1145 1512 qui
1179 1448 1398 1511 propter
1424 1439 1724 1493 daemonum
1755 1435 1867 1491 cul-

283 1550 400 1596 tum
456 1541 512 1594 in
555 1538 792 1610 maligno
834 1534 1008 1590 fuerat
1034 1534 1274 1604 positus,
1321 1532 1389 1586 ad
1415 1545 1574 1601 quem
1604 1529 1864 1583 Dominus

280 1626 471 1691 relicta
503 1632 702 1695 Judzca,
728 1646 828 1702 per
858 1629 1243 1700 prmdicatores
1265 1643 1392 1683 suos
1417 1625 1652 1681 transire
1678 1623 1866 1692 digna-

281 1737 371 1782 tus
400 1734 507 1791 est,
544 1732 600 1780 et
633 1723 707 1777 ibi
736 1721 892 1793 quasi
923 1721 1142 1786 dormit,
1175 1721 1304 1774 dum
1335 1733 1435 1788 per
1459 1716 1620 1770 ﬁdem
1654 1715 1709 1768 in
1743 1728 1864 1770 cor-

1971 511 2162 578 virtus,
2193 529 2353 584 quam
2379 533 2478 573 nec
2503 519 2960 574 errorhumanus
2989 519 3269 588 inclinare,
3299 539 3399 578 nec
3425 524 3542 580 ina-

1969 601 2054 656 nis
2083 603 2266 673 glorite
2308 607 2561 677 cogitatio
2609 610 2783 679 potuit
2830 608 3043 665 elevare
3089 611 3269 682 (Vers.
3301 612 3416 686 18.)
3465 615 3541 672 Hi

1968 708 2145 748 omnes
2183 713 2287 750 non
2329 709 2668 753 curvaverant
2709 717 2876 770 genua
2921 708 3045 755 ante
3087 701 3299 769 Bahal;
3346 705 3441 759 sed
3485 705 3542 761 in

1969 785 2149 840 stabili
2180 787 2381 857 poplite
2409 787 2478 842 ad
2504 791 2675 844 instar
2705 791 2940 846 caelestis
2977 791 3249 847 exercitus
3282 809 3371 848 me
3401 809 3543 849 sem-

1967 890 2066 945 per
2095 877 2344 930 adorant.
2401 877 2610 950 Fugisti
2639 895 2797 951 ergo,
2849 895 2957 934 non
2982 882 3122 950 quod
3152 881 3208 936 in
3236 888 3291 935 te
3316 882 3431 938 solo
3462 882 3546 936 fu-

1969 980 2062 1018 ror
2090 965 2346 1021 adulterae
2373 968 2653 1023 desaeviret
2671 1011 2685 1035 ,
2739 970 2833 1023 sed
2856 971 2998 1040 quod
3024 970 3121 1025 tibi
3150 972 3292 1026 hanc
3316 971 3538 1026 electio-

1966 1071 2088 1112 nem
2117 1058 2362 1127 genucrit
2388 1060 2698 1130 magnitudo
2726 1061 2983 1115 virtutum
3001 1102 3016 1128 ,
3058 1071 3118 1117 ut
3149 1070 3261 1117 tam
3284 1079 3544 1134 arrogan-

1967 1155 2076 1202 tem
2099 1147 2269 1204 ferres
2297 1149 2362 1204 de
2387 1164 2582 1221 genere
2615 1151 2855 1220 humano
2899 1152 3223 1207 sententiam
3249 1195 3264 1218 ,
3311 1169 3543 1224 erasque

1965 1238 2238 1310 paulisper
2279 1255 2402 1294 mea
2449 1239 2625 1310 gratia
2654 1241 3004 1306 deserendus,
3036 1249 3092 1297 et
3116 1242 3220 1298 nisi
3249 1243 3346 1297 tibi
3378 1252 3543 1299 tantae

1967 1333 2216 1388 elationis
2246 1332 2398 1388 frena
2423 1333 2692 1390 laxassem
2717 1377 2732 1402 ,
2769 1335 2977 1405 lapsum
3003 1336 3309 1392 incurreres
3330 1340 3544 1409 gravio-

1965 1437 2102 1490 rem,
2132 1431 2186 1478 et
2215 1423 2453 1479 disceres
2487 1424 2626 1479 bona
2668 1424 2808 1480 facta
2845 1440 2952 1480 non
2988 1433 3095 1480 tua:
3138 1427 3326 1481 virtuti
3373 1428 3544 1482 ascri-

1963 1511 2092 1567 bere
2116 1554 2130 1581 ,
2176 1515 2271 1569 sed
2299 1514 2513 1569 divinze.
2573 1513 2688 1569 Non
2724 1515 2888 1585 igitur
2915 1515 3020 1570 alia
3054 1530 3120 1571 ex
3147 1531 3307 1570 causa
3339 1515 3543 1586 fugisti,

1964 1605 2069 1659 nisi
2091 1605 2233 1674 quod
2261 1645 2275 1672 ,
2312 1606 2598 1662 secedente
2637 1605 2812 1677 gratia
2849 1621 2971 1661 mea
3010 1607 3204 1661 mulier
3251 1615 3304 1661 te
3342 1608 3543 1664 minaci

1965 1712 2214 1754 sermone
2253 1699 2534 1753 deterruit.
2595 1697 3007 1755 Consideremns
3053 1715 3181 1770 ergo
3228 1708 3427 1770 quanta
3457 1702 3542 1756 vis

280 1819 441 1874 dibus
474 1815 711 1872 fidelium
734 1776 1045 1885 requiescit.
1086 1810 1262 1866 Arbor
1289 1776 1421 1865 vero
1447 1806 1685 1876 iuniperi
1708 1820 1864 1876 agrc-
1892 1776 1939 1836 Β
1967 1788 2130 1885 fuerit
2155 1789 2209 1842 ίη
2233 1789 2492 1844 adnue”?
2521 1804 2789 1855 sermone:
2818 1791 2991 1861 ενειίει
3019 1792 3320 1856 recedente»
3347 1802 3545 1863 (Imma

281 1911 409 1974 stis,
441 1917 603 1979 atque
641 1906 842 1964 inculta
864 1947 878 1972 ,
906 1903 1205 1960 Ecclesiam
1239 1901 1599 1972 praesignabat
1633 1913 1701 1952 ex
1729 1912 1860 1967 gen-

281 2000 450 2064 tibus,
482 2013 602 2068 quze
631 2011 908 2052 sacrarum
947 1993 1349 2064 Scripturarum
1379 2004 1719 2059 nequaquam
1750 1987 1865 2041 fue-

279 2099 368 2148 rat
392 2091 605 2147 exculta
627 2090 930 2161 praeceptis,
956 2090 1024 2143 ad
1046 2101 1209 2158 quam
1231 2084 1585 2140 lsraeliticum
1617 2082 1862 2152 Regnum

283 2183 641 2238 transiturum
671 2181 958 2236 Dominum
986 2178 1301 2250 praedixisse
1322 2218 1336 2243 ,
1376 2173 1713 2245 Evangelista
1739 2187 1864 2243 pro-

281 2276 498 2331 nuntiat
529 2273 742 2346 (Matth.
776 2289 888 2338 xxx,
913 2273 1000 2344 45)
1028 2290 1040 2326 :
1066 2271 1348 2341 Auferetur
1390 2286 1422 2322 a
1456 2269 1596 2323 vobis
1624 2262 1862 2339 (Iudaeis)

284 2370 546 2440 Regnum,
578 2367 782 2438 inquit,
814 2376 862 2422 et
898 2368 1110 2421 dabitur
1134 2367 1274 2436 genti
1305 2363 1520 2434 facienti
1546 2359 1865 2416 voluntatem

286 2459 403 2512 Dei.
443 2459 601 2514 Viam
625 2472 755 2513 vero
779 2458 938 2512 unius
965 2457 1100 2523 diei,
1133 2471 1294 2526 quam
1323 2453 1502 2508 Helias
1531 2451 1705 2520 egisse
1733 2448 1864 2518 legi-

285 2558 392 2615 tur,
420 2550 599 2604 unitas
622 2549 967 2620 intelligenda
991 2556 1077 2605 est
1109 2547 1414 2613 Trinitatis,
1443 2561 1605 2616 quam
1629 2557 1863 2610 evange-

284 2642 390 2697 lica
415 2641 730 2711 praedicatio
769 2641 979 2696 cunctis
1027 2640 1338 2696 nationibus
1386 2637 1700 2693 introduxit.
1763 2634 1867 2688 Pa-

285 2735 374 2789 nis
405 2734 816 2800 subcinericius,
861 2742 919 2789 et
948 2749 1046 2789 vas
1074 2749 1249 2804 aquae,
1283 2731 1409 2802 quid
1434 2730 1578 2784 aliud
1603 2729 1863 2795 indicant,

284 2825 393 2880 nisi
424 2825 665 2895 gentium
700 2825 1105 2895 paenitentiam,
1157 2831 1212 2879 et
1254 2824 1615 2894 lacrymarum
1643 2819 1864 2877 elTusio-

283 2933 428 2983 nem,
461 2917 656 2987 quibus
682 2915 940 2970 Dominus
966 2916 1124 2971 valde
1147 2914 1424 2972 reﬁcitur?

355 3009 537 3082 (Vers.
577 3009 631 3072 8,
661 3009 711 3074 9,
751 3007 896 3080 etc.).
937 3006 1067 3062 Post
1104 3007 1215 3062 haec
1250 3007 1494 3077 pervenit,
1528 3004 1723 3075 inquit,
1756 3002 1867 3059 He-

285 3104 385 3158 lias
411 3101 480 3157 ad
505 3109 732 3157 montem
777 3099 875 3154 Dei
898 3111 924 3140 α
951 3097 1144 3168 Oreph,
1195 3105 1242 3151 et
1286 3098 1477 3152 mansit
1515 3096 1571 3149 in
1595 3095 1860 3166 spelunca.

287 3196 359 3250 Et
391 3211 505 3249 ecce
527 3210 694 3249 sermo
715 3191 927 3247 Domini
955 3191 1024 3244 ad
1050 3206 1167 3244 eum
1205 3189 1438 3258 dixitque
1457 3186 1557 3240 illi.
1609 3185 1749 3251 Quid
1778 3187 1864 3240 hic

287 3287 404 3358 agis
426 3283 606 3339 Helias
633 3284 658 3338 1’
696 3292 752 3337 at
794 3281 883 3337 ille
907 3280 1170 3352 respondit
1197 3296 1215 3333 :
1261 3266 1460 3333 zelatus
1484 3294 1599 3331 sum
1629 3293 1722 3347 pro
1760 3277 1866 3330 Do-

285 3379 428 3432 mino
475 3376 586 3430 Deo
635 3374 996 3438 exercituum,
1047 3372 1173 3444 quia
1226 3368 1612 3440 dereliquerunt
1656 3376 1865 3438 pactum

287 3471 520 3536 Domini,
551 3467 651 3538 ﬁlii
674 3466 867 3532 Israel,
893 3464 1089 3520 altaria
1117 3472 1209 3517 tua
1232 3463 1630 3527 destruxerunt,
1676 3468 1726 3514 et
1748 3475 1868 3530 pro-

286 3565 468 3636 phetas
490 3572 606 3617 tuos
633 3559 932 3616 occiderunt
952 3556 1175 3629 gladio:
1221 3547 1273 3609 el
1312 3553 1590 3609 derelictus
1632 3568 1749 3607 sum
1774 3567 1868 3622 ego

287 3659 453 3724 solus,
475 3667 527 3712 et
553 3659 798 3729 quierunt
825 3652 1058 3708 animam
1081 3665 1274 3716 meam,
1311 3659 1369 3701 ut
1401 3647 1647 3716 auferant
1673 3660 1807 3699 eam.

362 3751 391 3791 δ
420 3769 438 3800 ι
465 3748 702 3820 Fugiens
727 3761 854 3816 ergo
883 3742 1064 3800 Helias
1085 3741 1235 3798 venit
1270 3741 1337 3796 ad
1355 3739 1643 3810 quemdam
1664 3737 1870 3806 locum,

287 3850 344 3898 et
373 3838 706 3896 obdormivit
735 3837 832 3903 ibi,
861 3843 918 3891 et
949 3835 1098 3890 venit
1119 3833 1186 3888 ad
1213 3847 1338 3888 eum
1367 3829 1648 3886 Dominus.
1693 3827 1873 3884 Domi~

287 3948 390 3988 nus
420 3931 629 3988 scilicet
648 3929 717 3984 ad
730 3943 942 3984 servum
966 3934 1022 3981 et
1049 3925 1125 3980 ait
1145 3923 1264 3996 (111
1288 3922 1413 3993 Reg.
1433 3938 1548 3986 xxx,
1577 3921 1662 3992 15)
1692 3941 1703 3974 :
1733 3920 1873 3985 Quid

290 4036 350 4080 tu
385 4025 469 4078 hic
497 4021 715 4077 Helias?
748 4019 884 4076 velut
921 4028 1108 4073 notans
1149 4032 1266 4070 eum
1315 4013 1518 4068 timoris
1549 4052 1565 4078 ,
1610 4021 1657 4065 et
1712 4011 1869 4081 fugit.

292 4116 437 4184 Quid
464 4123 542 4181 tu,
570 4113 763 4184 inquit,
787 4113 878 4168 hic
900 4099 1116 4166 Helias?
1136 4114 1365 4177 putasne
1387 4103 1606 4174 fugisti?
1639 4110 1694 4156 et
1722 4101 1876 4157 furor

293 4218 346 4263 te
373 4206 535 4283 unius
569 4203 897 4260 mulierculae
958 4199 1241 4272 profugum
1303 4196 1468 4254 fecit?
1517 4194 1619 4250 Ubi
1660 4201 1744 4249 est
1784 4193 1876 4248 illa

293 4298 632 4356 constantia?
680 4297 771 4352 ubi
800 4294 1053 4350 libertas?
1098 4293 1255 4348 Disce
1299 4289 1366 4345 de
1408 4294 1605 4342 caetero
1643 4300 1750 4340 non
1779 4284 1877 4339 tibi

294 4395 397 4465 ipsi
427 4391 718 4457 conﬁdere,
765 4404 867 4445 nec
891 4387 1149 4458 propriae,
1184 4398 1308 4440 cum
1337 4396 1428 4437 res
1451 4379 1687 4436 secundo
1715 4392 1879 4434 cursu

293 4487 568 4550 feruntur,
598 4482 869 4552 imputare
898 4478 1107 4532 virtuti.
1147 4475 1534 4530 Verumtamen
1565 4469 1746 4524 Helias
1791 4481 1880 4523 re-

295 4579 543 4649 spondet,
593 4581 649 4632 et
701 4573 874 4630 dicit:
924 4570 1070 4626 aliud
1121 4568 1340 4638 quidem
1395 4571 1579 4619 mente
1615 4561 1875 4626 retinens,

297 4669 444 4726 aliud
471 4682 566 4724 ore
590 4667 908 4735 depromens
951 4657 1130 4732 (Vera.
1161 4655 1250 4727 14)
1287 4675 1300 4711 :
1336 4655 1557 4710 Domine
1587 4651 1881 4722 Prophetas

299 4772 418 4816 tuos
445 4758 746 4813 occiderunt
771 4770 790 4808 :
834 4751 1029 4807 altaria
1053 4761 1144 4804 tua
1171 4745 1550 4810 demolierunt;
1597 4751 1647 4798 et
1679 4758 1771 4813 ego
1796 4757 1879 4795 re-

299 4853 457 4905 lictus
483 4865 600 4904 sum
626 4845 789 4910 solus,
815 4853 862 4898 et
887 4849 1131 4914 qutrrunt
1157 4839 1390 4893 animam
1414 4852 1603 4890 meam.
1639 4833 1752 4888 Hoc
1774 4838 1880 4897 est,

303 4945 423 4999 haec
449 4940 726 5014 cogitatio,
757 4952 875 5007 quae
914 4942 1123 4989 tantum
1151 4931 1477 5000 Prophetam
1502 4928 1568 4983 de
1591 4928 1708 4998 ipso
1737 4925 1883 4995 deje-

304 5035 382 5090 cit
428 5031 642 5103 fastigio
686 5027 1006 5084 meritorum
1033 5063 1047 5089 ,
1113 5033 1562 5088 communemque
1609 5016 1884 5073 hominem

306 5121 720 5184 demonstravit.
757 5118 1000 5186 Denique
1025 5130 1152 5170 mox
1182 5128 1304 5168 eum
1335 5109 1559 5179 corripit
1594 5121 1772 5162 sermo
1807 5105 1888 5160 di-

306 5221 484 5275 vinus.
513 5215 630 5271 Non
657 5213 754 5279 ita,
785 5209 979 5280 inquit,
1012 5214 1096 5262 est
1119 5203 1301 5259 Helias
1325 5220 1338 5256 :
1365 5200 1582 5260 falleris.
1616 5206 1670 5252 et
1695 5198 1890 5251 huma-

308 5327 395 5368 nae
425 5305 769 5379 cogitationis
787 5299 996 5371 laqueis
1019 5295 1270 5352 irretiris.
1308 5291 1427 5346 Non
1448 5290 1653 5344 idcirco
1682 5286 1886 5356 fugisti,

310 5419 414 5461 nec
463 5410 519 5458 te
561 5401 706 5467 ideo,
753 5394 897 5468 quod
923 5391 1067 5448 solus
1093 5402 1278 5453 esses,
1323 5383 1529 5452 Regina
1576 5379 1889 5451 perterruit.

308 5495 426 5553 Nec
468 5494 610 5550 enim
663 5499 722 5547 tu
764 5504 824 5545 es
869 5479 1274 5550 tantummodo,
1319 5475 1412 5547 qui
1442 5489 1548 5529 non
1580 5471 1894 5528 adoraveris

312 5589 520 5646 Bahal:
553 5593 684 5645 sunt
725 5581 860 5639 mihi
889 5575 1075 5634 fideles
1095 5570 1280 5628 famuli
1303 5610 1319 5638 ,
1366 5575 1492 5625 sunt
1521 5565 1674 5622 multi
1710 5562 1890 5630 amici,

392 5713 418 5741 ει
460 5696 657 5752 Horeb.

1965 1882 2298 1937 fortitudinis
2325 1883 2659 1954 magnitudo.
2708 1882 3074 1953 Quadraginta
3104 1883 3292 1938 diebus
3325 1886 3548 1940 oberrat

1963 1974 2178 2045 fugiens
2208 1975 2391 2030 Helias
2415 1991 2515 2046 per
2541 1975 2704 2042 invia,
2732 1983 2788 2030 et
2808 1975 3041 2040 deserta,
3071 1977 3313 2046 tantique
3338 1976 3541 2044 ingenii

1966 2069 2052 2122 vir
2081 2074 2226 2122 metu
2252 2075 2630 2123 consternatus
2658 2083 2764 2122 non
2787 2068 2951 2123 sentit
2981 2070 3233 2124 esuriem.
3271 2068 3407 2136 Quid
3428 2069 3544 2139 agis

1966 2159 2182 2215 Helias?
2228 2160 2320 2214 ubi
2353 2168 2439 2215 est
2462 2200 2476 2226 ,
2510 2167 2573 2214 ut
2613 2175 2752 2229 saepe
2769 2161 2883 2230 jam
2909 2161 3147 2226 memini,
3178 2161 3267 2216 illa
3297 2149 3550 2217 omnibus

1966 2251 2233 2320 stupenda
2254 2251 2488 2306 fiducia?
2531 2251 2623 2305 ubi
2653 2266 2715 2305 os
2740 2250 2871 2305 illud
2909 2251 3288 2306 metuendum?
3326 2251 3415 2306 ubi
3444 2251 3549 2304 lin-

1965 2357 2069 2412 gua
2095 2341 2353 2398 terribilis
2380 2341 2603 2396 alternis
2630 2341 2905 2412 imperans
2926 2341 3246 2396 elementis?
3287 2340 3393 2396 Sed
3430 2343 3548 2396 haec

1969 2431 2088 2498 tibi,
2120 2439 2180 2484 ut
2219 2431 2367 2496 dixi,
2420 2433 2742 2486 constabant
2787 2433 2964 2502 gratia
3010 2433 3371 2488 ministrante.
3412 2433 3546 2488 Vide

1967 2539 2095 2595 ergo
2127 2525 2579 2594 quemadmodum
2623 2524 2840 2580 levitate
2891 2525 3442 2596 culpae'permittitur
3463 2524 3547 2594 ja-

1968 2628 2090 2669 cere
2118 2621 2301 2669 tantus
2338 2613 2635 2685 Pr0pheta,
2671 2623 2731 2668 ut
2766 2615 3083 2669 emendatus
3109 2615 3360 2669 elationis
3389 2615 3544 2680 vitio,

1968 2715 2133 2776 atque
2162 2716 2443 2778 correptus
2467 2747 2482 2773 ,
2513 2707 2724 2779 integro
2757 2708 3020 2763 vestiatur
3058 2707 3466 2774 moderationis,
3492 2715 3548 2763 et

1967 2798 2270 2855 clementiae
2292 2800 2624 2855 indumento.
2659 2819 2678 2853 ι

2045 2910 2064 2943 ‹
2091 2889 2214 2946 Iam
2240 2905 2368 2962 ergo
2391 2893 2588 2947 eruditi
2618 2907 2826 2958 sumus,
2857 2898 2914 2946 et
2939 2891 3084 2947 docti
3110 2891 3166 2945 in
3198 2888 3362 2946 Petro
3390 2898 3551 2960 atque

1967 2978 2152 3046 Helia,
2183 2980 2642 3051 quemadmodum
2666 2995 2760 3035 eos
2786 2980 3045 3035 Dominus
3069 2979 3242 3035 nostri
3272 2993 3432 3033 causa
3461 2995 3552 3048 pa-

1971 3069 2104 3124 titur
2147 3070 2523 3125 circumscribi
2579 3070 2811 3125 delicto:
2860 3069 3306 3138 quemadmodum
3339 3068 3460 3123 illos
3489 3067 3552 3122 ﬁ-

1894 3152 1938 3215 C
1971 3164 2079 3229 dei,
2104 3163 2431 3234 pietatisque
2471 3161 2780 3232 signiferos,
2822 3168 2877 3215 et
2920 3161 3135 3231 generis
3157 3158 3377 3212 humani
3405 3157 3552 3211 colu-

1968 3271 2123 3312 mnas
2149 3295 2164 3320 ,
2214 3254 2524 3324 permiserit
2552 3261 2700 3307 metu
2735 3252 3048 3306 dominante
3071 3249 3334 3320 quassari,
3366 3255 3428 3302 ut
3457 3263 3553 3317 po-

1967 3347 2220 3418 pulorum
2245 3352 2429 3401 essent
2449 3344 2779 3414 exemplum,
2818 3358 2850 3397 a
2881 3343 2991 3397 Deo
3026 3327 3133 3396 sibi
3158 3355 3264 3395 non
3293 3339 3550 3412 peccandi

1970 3435 2202 3508 gratiam
2249 3434 2472 3490 minime
2510 3433 2891 3498 condonatam,
2940 3446 3010 3488 ne
3033 3447 3155 3488 eum
3187 3431 3290 3502 ipsi
3323 3447 3353 3485 a
3381 3429 3550 3500 culpis

1969 3535 2174 3593 essent,
2203 3542 2268 3582 ac
2291 3527 2437 3585 vitiis
2465 3526 2663 3594 alieni,
2694 3525 3073 3597 peceatoribus
3102 3524 3204 3579 diri
3234 3522 3550 3589 existerent,

1971 3630 2026 3677 et
2055 3621 2332 3688 crudeles;
2387 3619 2482 3675 sed
2508 3634 2630 3675 cum
2671 3618 2811 3674 forte
2848 3618 2971 3688 quis
3000 3616 3163 3671 fuerit
3196 3615 3392 3671 delicto
3417 3629 3556 3685 prae-

1970 3722 2185 3780 ventus,
2208 3729 2320 3768 non
2341 3714 2526 3768 statim
2549 3712 2829 3782 abjiciant,
2856 3724 2965 3763 non
2992 3707 3352 3763 condemnem
3370 3704 3556 3775 jacen-

1973 3806 2044 3863 tis
2093 3805 2382 3860 aﬂ‘ectum:
2432 3803 2527 3858 sed
2575 3801 2956 3870 impartiantur
2990 3797 3204 3850 viscera
3250 3793 3553 3858 charitatis,

1973 3899 2256 3970 porrigant
2275 3910 2519 3960 manum,
2545 3902 2599 3948 et
2623 3893 2837 3963 erigant
2859 3891 3090 3958 lapsum,
3115 3902 3264 3958 spem
3288 3887 3338 3941 ei
3364 3886 3557 3940 divinae

1979 3987 2280 4045 clementiae
2339 3985 2719 4056 promittentes
2745 4023 2760 4049 ,
2815 3982 3000 4050 sicque
3049 3980 3211 4035 etiam
3279 3992 3337 4033 se
3375 3979 3558 4034 vivere

1979 4079 2226 4150 exemplo
2262 4079 2502 4150 ipsorum
2548 4074 2926 4131 commendent
2970 4073 3372 4144 magistrorum.
3431 4069 3559 4127 Hec

1981 4183 2163 4230 autem
2204 4173 2408 4228 ideirco
2447 4170 2681 4227 diximus
2707 4208 2722 4234 ,
2771 4181 2880 4221 non
2928 4164 3105 4236 justos
3153 4163 3438 4234 culpando,
3465 4161 3558 4217 sed

1979 4273 2296 4338 peccatores
2323 4265 2390 4318 ad
2421 4277 2571 4333 spem
2594 4259 2880 4331 erigendos
2903 4257 3246 4328 protulimus.
3288 4256 3354 4309 Et
3382 4255 3558 4324 primo

1981 4359 2200 4429 quidem
2217 4357 2448 4412 virtutes
2474 4368 2665 4409 eorum
2711 4350 3045 4407 extulimus:
3088 4363 3231 4402 nunc
3269 4345 3452 4415 culpas
3478 4344 3558 4399 in-

1980 4449 2203 4503 tulimus
2226 4489 2241 4515 ,
2287 4455 2348 4502 ut
2389 4453 2444 4500 et
2461 4444 2624 4514 justis
2658 4442 2889 4497 formam
2917 4439 3160 4505 cautelae,
3185 4446 3239 4494 et
3271 4433 3563 4508 peccatori-

1903 4507 1957 4567 D
1982 4541 2084 4596 bus
2115 4507 2305 4594 salutis
2328 4507 2545 4606 portum
2567 4534 2940 4590 fidelissimum
2970 4507 3416 4588 monstraremus.
3451 4545 3471 4579 ι

2057 4630 2248 4686 Merito
2277 4628 2538 4698 quaeritur
2562 4625 2834 4696 quomodo
2869 4623 3014 4678 licite
3050 4616 3435 4676 sacrificaverit
3459 4613 3565 4671 He-

1985 4722 2086 4776 lias
2121 4728 2276 4775 extra
2304 4718 2565 4788 templum
2591 4716 2719 4782 Dei,
2763 4712 2978 4785 quando
3013 4719 3068 4766 et
3097 4711 3273 4780 ignem
3316 4708 3382 4762 de
3427 4705 3564 4761 coelo

1986 4813 2318 4884 inpetravit,
2344 4819 2399 4866 et
2424 4810 2716 4880 prophetas
2735 4806 3120 4861 daemoniorum
3133 4800 3384 4857 convicit.
3412 4799 3560 4866 Quod

1987 4907 2121 4961 mihi
2153 4921 2259 4960 non
2281 4905 2494 4959 videtur
2514 4901 2617 4956 alia
2648 4900 2856 4954 ratione
2878 4895 3109 4960 defendi,
3138 4909 3300 4964 quam
3315 4891 3422 4957 illa,
3457 4905 3563 4961 qua

1989 4997 2297 5054 defenditur
2324 5003 2380 5051 et
2406 4994 2641 5048 Abrahae
2677 4991 2880 5046 factum
2904 5029 2920 5056 ,
2981 4986 3195 5057 quando
3240 4983 3407 5039 filium
3453 4981 3566 5037 Deo

1984 5090 2172 5162 jussus
2195 5088 2368 5143 voluit
2414 5084 2718 5140 immolare.
2778 5079 2914 5134 Cum
2953 5077 3098 5132 enim
3130 5074 3281 5144 jubet
3303 5073 3429 5138 ille,
3471 5069 3566 5141 qui

1991 5190 2166 5259 legem
2201 5183 2481 5242 constituit
2507 5180 2707 5249 aliquid
2735 5176 2872 5241 fieri,
2897 5174 3040 5246 quod
3059 5174 3113 5228 in
3129 5173 3244 5244 lege
3271 5168 3565 5242 prohibuit,

1989 5281 2165 5354 jussio
2200 5281 2318 5350 ipsa
2358 5291 2456 5347 pro
2503 5274 2622 5344 lege
2666 5271 2912 5336 habetur,
2959 5266 3217 5342 quoniam
3259 5271 3447 5319 auctor
3487 5271 3570 5316 est

1994 5375 2150 5448 legis.
2191 5372 2310 5429 Non
2328 5371 2473 5426 enim
2503 5369 2692 5424 deesse
2718 5370 2938 5436 possent
2962 5357 3218 5416 miracula
3243 5357 3345 5411 alia
3372 5362 3571 5424 praeter

2000 5467 2348 5532 sacrificium,
2381 5463 2576 5534 quibus
2595 5463 2998 5530 superarentur,
3037 5462 3092 5508 et
3124 5449 3575 5507 convincerentur

2001 5561 2279 5634 prophetae
2317 5557 2602 5612 lucorum:
2636 5551 2732 5608 sed
2759 5548 2992 5622 Spiritus
3030 5545 3148 5613 Dei,
3192 5541 3287 5614 qui
3319 5539 3498 5597 fuerat
3517 5535 3575 5590 in

393 5721 422 5810 ἒ
460 5721 828 5838 ἓὲῗέυοίιιιθ
867 5759 1038 5818 habes
1082 5769 1309 5814 numero
1336 5751 1370 5806 4
1412 5749 1605 5806 crebro
1637 5745 1878 5816 allegata:
1911 5735 2148 5800 bomiliae
2170 5733 2238 5792 de
2263 5729 2366 5790 SS.
2395 5726 2565 5782 Petro
2591 5733 2639 5781 et
2665 5721 2844 5781 Helia.
