4056 6350
906 303 1370 376 QUESTIONES
1405 301 1558 360 xxx
1595 297 1822 360 suum
1866 281 2113 360 Lissus
2147 297 2411 360 timum.
2451 319 2515 340 -ι-
2557 297 2758 355 LIBER
2794 299 2880 356 Iv.

3417 298 3520 356 766

247 425 396 486 nulli
416 425 618 498 poterit
641 413 766 480 esse
788 423 1030 480 dubium.
1070 421 1224 488 Nam,
1248 430 1308 476 ut
1337 421 1394 476 in
1413 420 1602 484 Iacob,
1629 427 1686 472 et
1703 417 1846 472 Esau
1871 417 1926 474 Α
1947 425 2068 468 rum
2099 412 2346 472 doctores
2363 453 2376 478 ,
2421 413 2514 482 qui
2547 413 2650 468 hoc
2683 411 3000 484 mysterium
3021 413 3234 482 populis
3267 415 3512 471 occulta-

249 523 438 596 ﬁgura
459 527 812 592 praecesserat
835 517 1056 587 majoris
1081 517 1355 589 quondam
1393 513 1524 580 ﬁlii,
1553 513 1840 584 primatus,

249 605 332 670 ac'
369 612 678 670 benedictio
721 611 790 666 ad
827 609 1100 679 iuniorem
1147 607 1374 663 fratrem
1421 606 1718 671 translata,
1767 606 1858 659 ita

249 705 428 760 etiam
453 704 508 759 in
539 703 680 769 istis,
709 701 946 756 Azahele
971 700 1246 764 videlicet,
1268 705 1322 752 et
1343 697 1500 763 Hieu,
1527 697 1708 750 divina
1735 696 1844 750 dis-

247 793 578 867 pensatione
625 793 976 863 intelligimus
1017 791 1165 864 geri,
1209 799 1268 844 ut
1309 790 1550 861 gentium
1591 787 1862 857 populus,-

247 887 354 956 qui
379 885 555 940 fuerat
576 882 782 952 iunior,
809 899 907 954 per
937 883 1228 938 Azahelem
1251 889 1594 951 praeponatur
1633 881 1687 934 in
1721 895 1844 949 pere

247 993 392 1034 sona
423 967 978 1048 Hieu'primogenito,
1023 969 1082 1030 ut
1123 977 1384 1047 scriptum
1407 983 1518 1039 est,
1551 973 1758 1040 lsraeli,
1787 983 1845 1030 et

241 1069 409 1138 juxta
441 1061 740 1139 Scriptum
773 1069 1142 1123 testimonium
1171 1109 1185 1136 ,
1233 1067 1490 1138 papulas,
1537 1067 1764 1137 quierat
1787 1067 1844 1123 in

249 1160 450 1230 capite,
477 1167 689 1230 propter
709 1159 1166 1228 pravaricationes
1187 1157 1448 1224 assiduas,
1477 1168 1526 1212 et
1549 1157 1840 1228 piaculum,

247 1251 396 1321 quod
425 1249 604 1304 intulit
633 1249 856 1304 Domino
876 1289 890 1314 ,
929 1247 1102 1319 factus
1147 1247 1201 1304 in
1231 1250 1402 1303 cauda
1429 1259 1524 1314 est,
1557 1250 1845 1305 translato-

247 1355 364 1410 que
393 1337 682 1396 ab'eodem
728 1355 896 1411 regno
921 1381 935 1406 ,
983 1349 1042 1396 ut
1077 1342 1337 1396 Dominus
1371 1343 1548 1396 fuerat
1575 1349 1846 1412 protesta-

248 1439 364 1496 tus,
407 1433 594 1486 datum
639 1441 724 1486 est
771 1433 1010 1502 gentium
1035 1433 1252 1503 populo,
1285 1431 1382 1487 Dei
1407 1434 1740 1488 voluntatem
1761 1434 1844 1488 vi—

249 1521 455 1578 delicet
475 1523 811 1592 exsequenti.
849 1523 956 1578 Sed
994 1525 1121 1593 quia
1149 1523 1343 1579 divinae
1376 1525 1596 1594 pietatis
1621 1533 1704 1580 est
1725 1541 1842 1580 om-

247 1629 353 1668 nes
400 1615 636 1669 homines
681 1615 850 1670 salvos
879 1617 1018 1685 ﬁeri,
1071 1617 1232 1672 sicuti
1259 1618 1439 1684 Esau,
1489 1618 1615 1674 licet
1637 1615 1840 1686 iuniori

247 1703 410 1760 fratri
433 1705 732 1774 subjectum
754 1747 768 1772 ,
815 1721 1157 1777 nequaquam
1186 1709 1560 1765 benedictione
1582 1712 1838 1781 privavit,

247 1799 328 1854 ita
354 1815 570 1871 quoque
591 1811 648 1856 et
681 1801 768 1857 hic
789 1802 954 1858 Helia:
973 1819 1004 1857 ξι
1027 1803 1140 1858 Deo
1163 1805 1480 1874 prtedicitur
1508 1821 1522 1859 :
1549 1806 1840 1878 relinquam

246 1892 380 1946 mihi
401 1902 593 1962 septem
621 1893 793 1947 millia
813 1895 1042 1950 uirorum
1064 1935 1078 1959 ,
1129 1907 1354 1966 quorum
1380 1913 1550 1967 genua
1585 1913 1692 1952 non
1717 1905 1842 1954 sunt

249 1991 474 2036 curuata
517 1991 639 2038 ante
683 1984 874 2038 Bahal.
929 1983 1250 2054 Relinquam
1295 1987 1460 2052 enim,
1501 1989 1570 2042 ad
1599 1987 1840 2043 futurum

247 2079 464 2142 tempus
503 2076 780 2144 pertinere
805 2117 820 2142 ,
855 2077 1079 2148 intelligi
1119 2078 1304 2144 voluit,
1337 2081 1482 2151 quod
1532 2081 1586 2134 in
1625 2081 1843 2136 Domini

249 2163 558 2222 adventum
592 2171 808 2224 censtat
849 2167 1014 2227 fuisse
1055 2174 1352 2243 expletum.
1399 2174 1536 2232 Illud
1563 2187 1662 2246 pro
1687 2182 1840 2230 certo

247 2261 526 2316 exstitisse
547 2257 953 2333 intelligendum
969 2273 1081 2332 est,
1097 2267 1242 2337 quod
1271 2268 1364 2337 qui
1385 2281 1456 2322 ex
1477 2267 1625 2322 omni
1652 2265 1840 2322 lsraeli

247 2367 350 2424 per
371 2354 645 2423 apostolos
673 2354 876 2410 Christi
911 2355 1070 2410 ﬁdem
1101 2367 1486 2428 susceperunt,
1537 2357 1837 2428 septiformi

248 2445 446 2514 spiritu
473 2445 676 2500 Christi
721 2447 868 2501 uncti
919 2455 1065 2502 sunt.
1121 2448 1255 2505 Hieu
1311 2453 1464 2515 vero,
1495 2447 1649 2518 cujus
1677 2463 1840 2506 voca-

249 2531 438 2588 bulum
497 2535 890 2606 interpretatur
920 2539 1064 2608 ipse,
1115 2539 1203 2593 vel
1249 2549 1352 2604 est,
1399 2535 1544 2594 ﬁlius
1585 2539 1840 2595 videlicet

247 2626 468 2694 Namsi,
522 2631 614 2699 qui
660 2631 1052 2702 interpretatur
1087 2633 1386 2688 adtreelans
1411 2673 1426 2700 ,
1463 2632 1548 2692 vel
1589 2633 1834 2704 palpans,

247 2721 630 2792 Apostolorum
683 2725 994 2794 specialiter
1057 2726 1443 2798 praeﬁgurabat
1496 2739 1832 2796 personam:

249 2810 356 2866 illis
407 2812 608 2883 quippe
647 2814 846 2869 horum
875 2816 1158 2870 nominum
1197 2815 1352 2870 valde
1383 2816 1634 2886 congruit
1667 2816 1840 2871 inter-6

248 2904 502 2972 pretatio.
541 2904 692 2959 Beati
717 2907 864 2960 enim
893 2907 1137 2977 Apostoli
1169 2921 1382 2978 semper
1415 2920 1536 2962 esse
1559 2921 1659 2977 pro
1683 2915 1838 2962 certo

251 3005 352 3063 est,
384 2998 476 3067 qui
501 3013 604 3069 pro
635 3000 918 3057 Trinitatis
956 3003 1295 3058 confessione
1311 3031 1334 3070 ,-
1353 3013 1410 3058 et
1431 3001 1670 3058 veridica
1697 3017 1836 3074 prae-

251 3087 522 3146 dicatione
543 3133 558 3158 ,
609 3093 720 3148 Deo
763 3101 823 3148 et
861 3095 1116 3151 universo
1153 3096 1286 3152 Orbi
1325 3103 1588 3167 perpetuo
1625 3097 1832 3151 vivunt;

251 3173 490 3238 Joannes
516 3197 728 3253 quoque
754 3185 810 3238 in
841 3186 1070 3256 epistola
1107 3201 1204 3242 sua
1239 3202 1362 3242 cum
1387 3188 1455 3242 de
1480 3187 1648 3242 verbo
1683 3186 1828 3254 vitae,

251 3271 356 3326 hoc
383 3279 467 3326 est
501 3276 565 3328 de
591 3275 686 3329 Dei
714 3275 854 3342 ﬁlio,
887 3278 980 3346 qui
1009 3293 1232 3332 carnem
1265 3279 1588 3348 assumpsit,
1625 3280 1832 3335 scribe-

249 3371 354 3429 ret,
383 3364 456 3418 ita
483 3364 678 3422 eﬂ'atus
713 3375 798 3422 est
831 3367 1011 3440 (Joan.
1057 3369 1224 3440 Epist.
1257 3367 1306 3437 Ι,
1334 3387 1375 3436 ι,
1399 3363 1512 3446 5);
1547 3387 1702 3443 quem
1739 3389 1834 3428 no-

249 3453 374 3508 stris
397 3456 562 3512 oculis
583 3459 810 3514 uidimus
833 3499 848 3526 ,
877 3471 925 3516 et
954 3463 1170 3517 auribus
1199 3457 1392 3518 nostris
1419 3465 1716 3524 audiuimus
1734 3507 1748 3531 ,
1785 3474 1836 3521 et

251 3559 440 3601 manus
463 3556 656 3602 nostra:
685 3557 1057 3606 tractaverunt.
1087 3553 1240 3620 Quod
1281 3563 1462 3612 autem
1495 3555 1698 3610 dicitur
1723 3555 1834 3612 He-

249 3634 336 3692 lia:
361 3677 375 3702 ,
419 3637 691 3695 Heliseum
740 3640 911 3698 ﬁlium
963 3642 1172 3714 Saphat
1205 3647 1274 3702 de
1313 3645 1627 3704 Ahelmeula
1665 3663 1836 3721 unges

249 3731 574 3802 prophetam
605 3745 706 3804 pro
741 3741 795 3789 te
823 3752 834 3788 :
875 3735 948 3790 ita
985 3735 1392 3809 intelligendum
1433 3747 1554 3795 est:
1589 3741 1836 3798 Heliseus

247 3819 392 3878 enim
419 3825 809 3895 interpretatur
831 3826 932 3882 Dei
960 3831 1062 3883 mei
1083 3830 1247 3896 salus,
1293 3829 1498 3902 Saphat
1533 3843 1714 3890 autem
1743 3835 1838 3904 ju-

249 3916 457 3970 dicans.
497 3917 810 3974 Abelmeula
837 3933 968 3976 vero
995 3921 1165 3976 luctus
1187 3925 1485 3992 parturiens
1511 3943 1528 3978 :
1568 3925 1666 3980 Dei
1687 3925 1836 3980 enim

249 4006 396 4062 ﬁlius
421 4037 444 4074 ,ι
477 4008 570 4078 qui
612 4019 696 4064 est
729 4025 862 4064 vera
903 4011 1140 4066 ﬁdelium
1169 4013 1315 4068 salus
1341 4013 1522 4085 (Joau.
1551 4031 1604 4079 v,
1635 4015 1750 4087 22),
1783 4021 1838 4070 et

247 4101 336 4156 cui
361 4107 522 4157 omne
541 4101 806 4171 judicium
831 4105 1052 4160 tradidit
1073 4099 1268 4176 pater,
1289 4108 1342 4162 in
1373 4123 1482 4178 quo
1511 4106 1716 4175 iudicio
1743 4107 1838 4162 im-

247 4193 376 4265 piis,
406 4203 460 4249 et
491 4195 785 4252 incredulis
838 4198 945 4251 erit
987 4198 1164 4254 luctus
1195 4201 1504 4271 parturiens
1523 4243 1536 4266 ,
1565 4201 1838 4258 Gebennas

249 4285 500 4341 videlicet
520 4287 812 4354 cruciatus,
839 4290 932 4358 qui
956 4290 1010 4343 in
1043 4293 1358 4348 substantiae
1386 4309 1498 4349 sum
1529 4295 1833 4365 splendore,

249 4387 411 4448 atque
437 4379 640 4434 virtute
665 4395 778 4436 non
817 4389 1036 4450 poterat
1084 4385 1152 4436 ab
1183 4383 1434 4440 omnibus
1459 4387 1835 4456 contemplari,

1862 3135 1910 3202 C

1943 501 2090 564 bant.
2131 501 2354 560 Gladius
2393 511 2524 560 vero
2571 504 2706 570 Hieu
2731 543 2748 572 ,
2799 503 2893 574 qui
2937 519 3098 574 super
3125 504 3288 562 Israel
3321 517 3520 572 unctus

1943 603 2044 660 est,
2077 597 2390 664 praedicatio
2419 596 2762 668 intelligenda
2785 604 2870 652 est
2895 592 3118 650 Joannis
3143 595 3354 668 Domini
3383 615 3521 670 prte-

1943 686 2182 748 cursoris
2207 728 2222 752 ,
2267 689 2358 756 qui
2403 687 2721 755 Saduczeos,
2753 696 2810 744 et
2831 686 3120 752 Phariscos
3148 688 3425 772 venientes
3451 690 3523 746 ad

1941 776 2271 847 baptismum
2297 793 2452 832 suum
2474 817 2489 844 ,
2515 778 2798 847 increpans
2836 777 3037 832 dixisse
3070 777 3325 850 scribitur
3365 779 3517 849 (Luc.

1941 886 2026 936 ut,
2055 869 2108 939 ἵ)
2133 883 2152 924 :
2173 865 2454 938 Genimina
2497 871 2792 940 viperarum
2813 882 2833 922 .'
2855 869 2972 940 quis
3003 868 3144 924 vobis
3181 869 3404 944 ostendit
3435 870 3523 940 fu-

1942 984 2062 1040 gere
2092 987 2126 1030 α
2147 978 2368 1028 uentura
2391 971 2510 1026 ira?
2537 969 2761 1028 Gladius
2789 978 3050 1040 praeterea
3073 967 3309 1034 Helisei,
3349 983 3520 1024 evan-

1943 1061 2112 1132 gelica
2155 1063 2468 1132 accipienda
2515 1071 2599 1118 est
2631 1063 2974 1134 praedicatio,
3015 1063 3082 1118 de
3131 1077 3236 1134 qua
3261 1062 3525 1120 Dominus

1944 1151 2144 1210 (ﬁxisse
2187 1153 2448 1212 scribitur
2485 1153 2709 1223 (Matth.
2733 1170 2790 1220 ι,
2817 1152 2922 1224 54.)
2953 1170 2967 1208 :
3017 1151 3142 1218 Non
3189 1154 3301 1210 veni
3339 1169 3525 1223 pacem

1942 1242 2142 1296 mittere
2170 1245 2225 1298 in
2252 1253 2468 1309 terram,
2493 1244 2582 1298 sed
2603 1243 2838 1313 gladium
2864 1261 2882 1298 :
2903 1244 3030 1314 quia
3051 1242 3256 1312 ﬁdeles,
3274 1254 3329 1300 et
3343 1242 3525 1314 iustos

1943 1335 2343 1404 quodammodo
2387 1336 2578 1396 dividit
2603 1375 2618 1402 .
2659 1351 2722 1392 ac
2760 1345 2976 1406 separat
3010 1337 3084 1392 ab
3127 1337 3432 1398 inﬁdelibus
3467 1345 3525 1392 et

1943 1425 2186 1494 iniustis,
2231 1435 2288 1486 et
2312 1428 2438 1498 quia
2467 1427 2522 1484 in
2552 1427 2806 1486 cordibus
2831 1428 3171 1488 credentium
3201 1429 3526 1499 cupiditates

1943 1520 2220 1580 interemit
2242 1523 2452 1588 noxias,
2479 1530 2536 1576 et
2556 1523 2686 1576 vitia
2712 1523 2992 1590 universa,
3015 1531 3178 1593 atque
3208 1534 3448 1595 peccata.

2011 1609 2223 1670 Interea
2249 1613 2325 1668 ait
2351 1613 2612 1676 Dominus
2631 1613 2700 1672 ad
2723 1613 2932 1672 Heliam
2969 1633 2983 1670 :
3017 1613 3222 1684 Reliqui
3253 1616 3382 1674 mihi
3409 1632 3524 1688 δερ-
3577 1607 3591 1612 ”

1944 1710 2046 1760 tem
2075 1702 2244 1760 millia
2277 1705 2540 1770 uirorum,
2583 1705 2676 1772 qui
2701 1721 2804 1760 non
2827 1717 3168 1762 curvaverant
3193 1723 3366 1778 genua
3403 1717 3525 1764 ante

1867 1779 1916 1840 Β
1943 1793 2116 1860 Bahal
2143 1837 2158 1862 ,
2207 1805 2256 1852 et
2281 1813 2433 1853 autne
2481 1813 2537 1854 os
2563 1797 2702 1868 quod
2727 1814 2836 1854 non
2861 1800 3158 1864 adoraverit
3201 1817 3345 1868 eum,
3371 1815 3526 1856 oscu-

1943 1883 2059 1958 lans
2085 1902 2321 1944 manum.

2013 1990 2041 2042 ρ
2071 1979 2329 2048 rﬂertum
2357 1987 2464 2048 est,
2487 1981 2633 2051 quod
2659 1979 2838 2040 cordis
2861 1981 2946 2038 sui
2967 1981 3184 2040 oculum
3211 1996 3309 2052 per
3333 1981 3526 2038 elatio-

1943 2070 2030 2136 nis
2057 2069 2312 2136 tenebras
2332 2071 2652 2143 exstinguit,
2677 2072 2769 2142 qui
2787 2088 2912 2130 cum
2935 2081 3082 2130 recte
3111 2073 3244 2143 agit,
3271 2074 3522 2130 conside-

1941 2178 2064 2222 rare
2091 2163 2374 2232 meliorum
2400 2163 2594 2220 merita
2624 2164 2863 2236 negligit.
2887 2165 2960 2222 At
2983 2172 3172 2228 contra
3203 2181 3397 2238 magno
3425 2165 3526 2222 hu-

1941 2255 2188 2324 militatis
2237 2256 2392 2318 radio
2443 2257 2796 2328 semetipsum
2847 2256 3115 2330 illuminat
3155 2258 3250 2327 qui
3293 2257 3524 2322 aliorum

1939 2345 2080 2416 bona
2107 2345 2378 2408 subtiliter
2403 2355 2614 2417 pensat,
2641 2347 2768 2416 quia
2795 2347 2924 2408 dum
2959 2363 3022 2402 ea
3041 2387 3055 2414 ,
3087 2362 3208 2420 quae
3239 2348 3354 2418 ipse
3383 2346 3524 2404 lece-

1941 2441 2034 2508 rit,
2081 2437 2230 2500 facta
2275 2440 2427 2506 foris,
2481 2447 2538 2496 et
2578 2440 2646 2496 ab
2675 2441 2795 2496 aliis
2837 2441 3121 2510 conspicit,
3159 2455 3308 2508 eum,
3341 2440 3433 2510 qui
3461 2441 3527 2498 de

1939 2531 2316 2606 singularitate
2363 2531 2512 2588 intus
2551 2545 2838 2601 erumpere
2859 2531 3070 2598 nititur,
3119 2531 3388 2602 superbia:
3440 2539 3528 2586 tu-

1940 2641 2148 2690 morem
2191 2626 2408 2696 premit.
2449 2623 2588 2680 Hinc
2629 2633 2747 2691 est,
2797 2623 2942 2694 quod
2980 2639 3172 2686 vocem
3205 2623 3418 2680 Domini
3453 2624 3522 2678 ad

1940 2717 2152 2778 Heliam
2185 2719 2359 2780 solum
2389 2733 2449 2776 se
2472 2718 2834 2780 mstimantem
2879 2717 3115 2780 dicitur:
3149 2716 3360 2790 Reliqui
3394 2717 3524 2772 mihi

1936 2819 2130 2879 septem
2179 2809 2348 2866 millia
2396 2810 2660 2875 uirorum,
2705 2811 2796 2880 qui
2837 2826 2944 2864 non
2973 2819 3316 2874 curvaveruut
3345 2825 3518 2881 genua

1941 2912 2066 2964 ante
2095 2903 2288 2966 Bahal.
2353 2905 2423 2962 Ut
2451 2905 2581 2962 dum
2619 2920 2724 2964 non
2771 2905 2944 2962 solum
2983 2920 3044 2960 se
3071 2905 3402 2968 remansisse
3423 2920 3519 2962 co-

1939 3007 2250 3068 gnosceret,
2274 3000 2341 3062 de
2365 3001 2620 3056 elationis
2643 3000 2833 3070 gloria,
2853 3015 2973 3070 qua:
2991 3001 3042 3056 ei
3063 3001 3131 3062 de
3143 2999 3524 3072 Singularium

1939 3091 1969 3132 1°
1993 3093 2264 3162 surgebat,
2291 3093 2611 3150 declinaret.
2635 3095 2905 3165 Propheta
2925 3109 3120 3166 nempe
3139 3104 3278 3163 erat,
3301 3104 3357 3152 et
3375 3109 3524 3166 sape

1937 3182 2200 3253 mysteria
2247 3198 2484 3252 superna
2532 3194 2880 3255 cognoverat.
2955 3183 3094 3251 Quid
3131 3200 3264 3256 ergo
3309 3184 3525 3250 diﬁicile

1935 3273 2040 3330 fuit
2067 3290 2364 3346 agnoscere
2399 3275 2454 3330 in
2483 3275 2588 3332 hoc
2615 3277 2816 3332 mundo
2846 3287 2868 3316 ε
2897 3275 3128 3340 ﬁdeliter
3155 3277 3268 3338 Deo
3291 3276 3525 3336 famulos

1935 3373 2020 3422 et»
2041 3366 2176 3422 alios
2207 3368 2581 3424 remansisse?
2627 3368 2734 3424 Sed
2775 3368 2905 3424 hinc
2933 3367 3164 3424 solerter
3199 3368 3524 3426 intuendum

1937 3467 2022 3518 est
2047 3499 2062 3526 ,
2095 3461 2314 3518 oculum
2357 3461 2542 3518 cordis
2585 3461 2752 3516 elatio
2798 3477 2963 3533 quam
3003 3463 3254 3532 nequiter
3287 3462 3524 3530 claudat,

1937 3551 2068 3622 quia,
2095 3551 2187 3621 qui
2215 3551 2242 3590 ἀ
2270 3552 2548 3608 humiliter
2591 3561 2647 3608 et
2697 3552 2910 3612 occulta
2947 3552 3046 3610 Dei
3081 3565 3105 3596 ο
3131 3563 3384 3622 noverat,
3413 3554 3526 3612 ela-

1937 3648 2026 3700 tus.
2055 3651 2110 3698 et
2133 3651 2322 3713 aperta
2355 3644 2650 3710 nesciebat.
2675 3663 2696 3696 ι

2009 3733 2138 3788 Post
2181 3735 2298 3790 haec
2345 3736 2493 3794 enim
2527 3735 2702 3804 inquit
2749 3734 2891 3808 (xxx,
2919 3733 3008 3806 i9)
3045 3752 3058 3789 :
3099 3732 3284 3790 Helias
3335 3735 3526 3804 reperit

1939 3827 2210 3890 Heliseum
2233 3827 2408 3897 ﬁlium
2431 3827 2659 3896 Saphat,
2705 3837 2944 3892 arentem
2987 3827 3042 3882 in
3075 3827 3350 3890 duodecim
3376 3827 3524 3896 jugis

1939 3921 2115 3978 boum.
2176 3919 2247 3974 Et
2283 3921 2394 3989 ipse
2440 3920 2494 3974 in
2535 3920 2818 3980 duodecim
2861 3921 3008 3989 jugis
3054 3920 3205 3974 boum
3249 3920 3520 3988 orantibus

1937 4029 2076 4068 unus
2103 4019 2236 4066 erat.
2265 4009 2498 4082 Cumque
2519 4012 2738 4066 sciuisset
2777 4010 2928 4066 Elius
2947 4011 3017 4066 ad
3045 4027 3162 4066 eum
3187 4051 3202 4078 ,
3239 4010 3383 4068 misit
3405 4009 3524 4082 pal—

1939 4105 2068 4162 lium
2102 4121 2256 4161 suum
2303 4121 2458 4176 super
2507 4119 2653 4169 eum,
2687 4103 2776 4174 qui
2809 4101 3004 4164 relictis
3029 4103 3209 4162 statim
3239 4102 3400 4164 bobus
3425 4117 3522 4158 cu-

1937 4199 2106 4256 currit
2145 4199 2214 4254 ad
2272 4196 2504 4262 Heliam,
2555 4207 2604 4252 et
2653 4196 2766 4252 ait:
2797 4195 3038 4260 Osculer,
3089 4212 3182 4250 ora
3239 4204 3286 4256 te
3317 4205 3523 4264 patrem

1939 4307 2134 4357 meum,
2165 4301 2214 4364 et
2237 4299 2462 4350 matrem
2505 4305 2676 4346 meam
2695 4329 2710 4356 ,
2755 4297 2806 4346 et
2833 4289 2909 4350 sic
2937 4303 3131 4359 sequar
3157 4298 3223 4342 te.
3252 4286 3352 4350 Cui
3387 4286 3522 4346 dixit

1941 4385 2128 4440 Helias
2165 4399 2184 4438 .'
2245 4393 2518 4448 revertere,
2563 4383 2703 4453 quod
2745 4383 2883 4444 enini
2913 4399 3086 4440 meum
3111 4389 3246 4446 erat,
3276 4379 3376 4449 feci
3405 4379 3518 4432 tibi.

245 4483 318 4523 ex
345 4470 568 4536 deitate,
596 4477 658 4526 'ut
688 4471 978 4541 Apostolus
1005 4475 1078 4528 ait
1105 4475 1327 4546 (Philip.
1367 4491 1427 4542 il,
1461 4477 1513 4549 7)
1539 4493 1690 4536 suam
1715 4480 1836 4534 ina-
1861 4507 1914 4568 Β
1943 4476 2200 4533 Reuersus
2225 4477 2400 4546 itaque
2425 4473 2671 4530 Heliseus
2693 4475 2815 4530 tulit
2849 4491 2950 4545 per
2977 4475 3134 4530 boum
3151 4513 3166 4540 ,
3191 4481 3238 4528 et
3277 4472 3522 4568 mactavit

243 4559 406 4612 niens
431 4559 773 4628 maiestatem
795 4603 808 4627 ,
845 4563 900 4616 in
941 4563 1140 4618 Helisei
1171 4563 1642 4635 praeﬁguratione,
1677 4566 1832 4624 Servi

247 4649 502 4721 dignatus
535 4661 620 4708 est
655 4656 930 4724 suscipere
977 4647 1236 4722 formam,
1267 4659 1360 4727 qui
1389 4673 1549 4714 verus
1577 4663 1740 4717 homo
1763 4677 1831 4718 ex

247 4742 477 4813 virginis
525 4753 684 4800 utero
723 4757 1040 4816 procreatus
1063 4787 1078 4814 ,
1113 4746 1426 4820 Sancteque
1473 4751 1678 4823 Spiritu
1723 4771 1831 4810 un—

249 4841 386 4888 ctus.
427 4835 580 4902 Quod
605 4847 788 4892 autem
815 4840 892 4893 ait
915 4840 1172 4906 historia,
1203 4842 1292 4910 qui
1313 4841 1552 4913 eﬁ'ugerit
1595 4845 1830 4914 gladium

247 4923 468 4992 Azaltel,
511 4923 712 4982 occidet
745 4945 864 4984 eum
898 4929 1059 4996 Hieu,
1105 4941 1151 4986 et
1187 4929 1277 5002 qui
1313 4934 1556 5004 eﬁugerit
1593 4936 1830 5006 gladium

251 5017 411 5082 Hieu,
441 5021 640 5075 occidet
671 5037 790 5076 eum
836 5021 1082 5078 Heliseus
1101 5065 1115 5090 ,
1157 5025 1264 5080 hoc
1283 5027 1445 5080 modo
1479 5027 1702 5100 intelligi
1733 5046 1828 5100 pm

245 5119 372 5166 test.
417 5110 640 5169 Gladius
663 5115 812 5170 enim
837 5115 1204 5187 Azahel'Syri,
1237 5113 1452 5176 illarum
1469 5121 1716 5176 doctrina
1737 5137 1830 5177 ac-

247 5201 492 5270 cipienda
522 5212 606 5258 est
631 5246 646 5270 ,
677 5208 770 5276 qui
802 5222 868 5260 ex
897 5207 1147 5276 gentibus
1168 5207 1452 5270 dominica:
1491 5208 1828 5266 Incarnatio-

247 5294 351 5358 nis,
403 5303 456 5348 et
498 5295 792 5364 Passionis,
825 5313 890 5352 ac
920 5299 1353 5358 Resurrectionis
1389 5309 1540 5356 vates
1579 5301 1828 5373 inspirati

239 5383 506 5441 divinitus
527 5391 876 5457 exstiterunt,
893 5390 960 5445 ad
985 5389 1144 5444 contu
1153 5389 1343 5447 laudes
1359 5391 1612 5449 videlicet
1617 5392 1824 5464 iudico-

315 5583 344 5650 ξ
383 5569 518 5650 Vide
540 5569 744 5650 Patet-ii
770 5585 931 5650 caput
963 5573 1067 5650 12ι
1113 5575 1166 5631 in
1207 5575 1300 5650 lib.
1328 5573 1394 5634 Ill
1422 5577 1670 5650 Regum:
1712 5577 1830 5650 haec

307 5617 415 5738 ῖιςςρτ
432 5617 1300 5738 saeuissime
1325 5617 1680 5716 rerum
1713 5617 1828 5728 tu;

317 5657 407 5696 rro
449 5657 552 5698 lue.
582 5657 620 5700 (ιι

246 5657 425 5788 Ριῗῃιῐιἐ
465 5711 620 5788 107].’

315 5785 344 5828 δ
385 5783 615 5862 Surgere
637 5797 860 5860 poterat,
889 5789 1192 5846 declinaret.

1937 4568 2079 4633 illos,
2109 4576 2158 4624 et
2181 4569 2236 4622 in
2263 4575 2442 4622 aratro
2469 4567 2623 4622 boum
2651 4569 2791 4622 coxit
2833 4583 3016 4622 carnes
3055 4581 3254 4630 eorum,
3279 4564 3522 4634 deditque

1935 4659 2131 4731 populo
2161 4659 2230 4712 ad
2269 4658 2665 4714 comedendum.

2009 4749 2452 4820 Duodecimjuga
2481 4751 2644 4808 boum
2663 4789 2679 4816 ,
2725 4749 2916 4821 viginti
2950 4756 3184 4818 quatuor
3215 4745 3416 4804 veteris
3439 4753 3522 4802 te-

1933 4845 2196 4899 stamenti
2223 4843 2524 4916 ﬁguraliter
2545 4842 2844 4912 accipiendi
2879 4850 3008 4896 sunt
3035 4839 3179 4896 libri.
3225 4840 3518 4896 Duodecim

1939 4949 2068 4990 vero
2097 4927 2342 4990 aratores
2377 4934 2662 4990 duodecim
2694 4933 3028 5004 intelligendi
3071 4941 3198 4988 sunt
3229 4933 3514 5002 Apostoli:

1931 5025 2030 5081 sed
2073 5027 2130 5080 in
2175 5025 2426 5081 omnibus
2455 5025 2564 5082 illis
2591 5024 2851 5080 Dominus
2897 5023 3134 5080 existere
3161 5023 3408 5094 dignatus
3430 5029 3518 5080 est

1931 5129 2205 5190 operator,
2233 5120 2328 5189 qui
2351 5118 2489 5174 dixit
2517 5117 2627 5188 (Io.
2673 5133 2760 5182 xv,
2789 5115 2845 5188 5)
2876 5134 2888 5169 :
2945 5115 3068 5180 Sine
3095 5133 3178 5172 me
3213 5115 3346 5172 nihil
3373 5125 3518 5185 pote.-

1929 5213 2025 5267 stis
2049 5212 2238 5282 facere.
2263 5211 2516 5280 osculum
2544 5210 2737 5280 patris,
2757 5207 3219 5268 reconciliationis
3248 5207 3516 5278 dignosci-

1935 5309 2026 5362 tur
2053 5303 2283 5374 signum.
2327 5301 2384 5376 In
2431 5301 2641 5366 duobus
2676 5299 2818 5364 enim
2866 5299 3039 5356 bobus
3077 5297 3161 5354 lex
3203 5287 3516 5372 accipienda

1933 5405 2037 5464 est,
2071 5404 2126 5450 et
2148 5394 2461 5466 prophetia,
2513 5408 2742 5465 quarum
2767 5393 3008 5461 umbras,
3043 5402 3099 5450 et
3125 5393 3389 5466 imagines
3419 5390 3518 5446 Do-

2009 5585 2032 5614 °
2074 5575 2306 5631 Fideles.

2005 5645 2032 5685 ἆ
2073 5645 2325 5701 Humilis.

2011 5729 2034 5757 θ
2073 5719 2305 5776 Additur
2321 5718 2564 5802 judieiq,
