4056 6350
547 357 652 415 767

1613 353 1890 415 CLAUDII
1923 350 2387 413 TAURINENSIS
2425 352 2734 413 EPISCOPI

3721 363 3839 421 768

541 476 725 534 minus
767 470 972 542 noster,
1007 487 1108 544 per
1157 469 1707 536 incamationiS‘suze,
1753 486 1816 526 ac
1855 467 2122 539 passionis
2148 465 2203 527 A
2225 463 2446 520 dubium
2466 474 2586 520 est:
2611 467 2702 535 qui
2729 481 2852 521 eum
2876 469 2901 507 ε
2931 467 3182 539 triginta,
3232 477 3288 524 et
3321 469 3528 527 duobus
3549 470 3836 546 Regibus,

542 570 862 642 mysterium
887 569 1088 624 occidit
1109 567 1163 622 in
1191 567 1369 622 littera
1395 606 1410 632 ,
1452 572 1507 620 et
1537 565 1591 618 in
1632 554 1811 618 chJcis
1838 579 1949 618 suae
1980 563 2130 619 coxit

546 669 757 725 aratro,
804 674 907 714 nec
933 673 1042 714 non
1078 657 1146 712 ad
1191 657 1583 712 comedendum
1611 653 1855 710 fidelibus
1878 656 2128 726 praebuit,

542 763 606 808 ut
647 753 760 824 jam
806 766 914 806 non
954 750 1141 804 vivant
1186 747 1479 804 secundum
1515 747 1783 813 litteram,
1812 745 1906 801 sed
1937 761 2130 803 secun-

549 847 677 902 dum
697 845 967 916 spiritum.

618 938 730 1010 (xx,
760 935 876 1007 10.)
914 935 1043 991 Post
1082 936 1199 990 hzec
1232 933 1402 988 refert
1432 932 1734 1002 Scriptura,
1778 931 1924 1001 quod
1952 931 2128 987 Bene-

549 1033 656 1089 dad
684 1047 780 1087 rex
808 1031 980 1103 Syriae
1007 1029 1281 1094 obsidens,
1312 1035 1368 1083 et
1393 1028 1708 1098 impugnare
1735 1026 2002 1095 incipiens
2028 1024 2129 1082 Sa-

545 1125 779 1181 mariam
810 1124 886 1177 ait
920 1142 932 1176 :
969 1122 1099 1176 Haec
1137 1120 1338 1190 faciant
1361 1119 1489 1174 mihi
1513 1117 1626 1183 Dii,
1663 1126 1713 1171 et
1741 1117 1850 1172 lucc
1875 1117 2076 1172 addant
2108 1133 2127 1172 :

543 1214 591 1269 si
615 1215 877 1284 suffecerit
903 1211 1071 1284 pulvis
1099 1209 1358 1265 Samaria:
1381 1207 1594 1280 pugillis
1622 1209 1791 1264 omnis
1816 1207 2014 1280 populi,
2038 1208 2130 1280 qui

549 1287 786 1377 sequitur
813 1322 916 1360 me.

616 1396 772 1451 Hunc
816 1397 980 1452 habet
1026 1410 1267 1451 sensum.
1300 1407 1327 1434 α
1374 1413 1393 1445 ‹
1425 1392 1673 1448 Samaria
1718 1393 1873 1462 juxta
1920 1406 2131 1450 morem

492 1485 499 1503 ’
543 1488 824 1543 civitatum
851 1487 1088 1542 habebat
1135 1496 1340 1540 terram
1381 1484 1609 1539 interius
1640 1484 1670 1523 b
1695 1491 1915 1554 propter
1944 1499 2131 1541 muros

543 1594 682 1650 pene
724 1581 854 1650 ipsis
906 1580 1078 1634 muris
1127 1577 1408 1647 aequalem,
1475 1592 1545 1632 ne
1597 1575 1848 1631 videlicet
1891 1591 1987 1633 eos
2012 1577 2131 1633 sine

495 1731 498 1734 ,
544 1670 799 1726 subsidiis
823 1679 983 1726 terrte
1007 1670 1306 1739 adjacentis
1335 1679 1578 1738 erectos,
1621 1672 1812 1727 creber
1846 1672 2131 1728 insistente

543 1778 707 1818 manu
727 1763 943 1831 hostili,
990 1760 1246 1832 dejiceret
1295 1765 1435 1821 ictus
1463 1766 1648 1821 arietis
1679 1776 1725 1820 ε.
1778 1765 2130 1822 Extrinsecus

2232 556 2337 612 hoc
2363 563 2446 614 est
2476 558 2726 613 omnibus
2746 559 2894 614 vitiis
2923 560 3033 615 suis
3064 562 3350 618 adversum
3391 565 3688 623 humanum
3725 585 3836 642 ge-

2233 664 2334 704 nus
2352 665 2590 721 pugnare
2630 666 2738 705 non
2763 651 2975 706 desistit
2999 651 3232 709 :‘Acha‘b
3261 669 3391 711 vero
3423 657 3514 726 qui
3548 659 3839 732 interpre-

2232 749 2378 796 tatur
2421 743 2587 813 frater
2624 745 2789 816 patris
2812 786 2827 811 ,
2862 745 2965 802 hoc
3008 746 3062 800 in
3104 747 3222 803 loco
3264 764 3552 818 personam
3583 760 3838 825 gestavit

2230 831 2538 889 Iudaeorum
2563 876 2580 903 ,
2622 851 2747 891 cum
2790 836 2986 906 quibus
3033 837 3276 894 diabolus
3313 841 3464 912 prius
3507 844 3838 903 conflictum

2233 925 2442 982 habuit.
2477 948 2495 980 ι

2302 1019 2460 1093 (xm,
2495 1021 2607 1095 19.)
2633 1021 2843 1077 Interea
2878 1023 3124 1093 sequitur
3167 1022 3444 1095 Scriptura
3489 1027 3555 1084 de
3605 1030 3838 1088 visione

2231 1108 2450 1166 Micheze
2477 1112 2774 1182 prephetaa,
2803 1113 2894 1168 ubi
2917 1113 2992 1167 ait
3015 1115 3082 1168 ad
3107 1113 3296 1170 Achab
3327 1131 3343 1170 :
3382 1115 3506 1172 Vidi
3531 1118 3838 1176 Dominum

2229 1203 2489 1257 sedentem
2528 1221 2684 1273 super
2723 1203 2912 1258 solium
2957 1222 3141 1272 suum,
3192 1215 3241 1260 et
3281 1224 3483 1262 omnem
3527 1214 3838 1266 exercitum

2232 1295 2346 1350 cteli
2376 1314 2408 1350 a
2433 1296 2662 1364 dextris,
2690 1307 2740 1352 et
2771 1315 2804 1351 a
2835 1299 3065 1352 sinistris
3097 1300 3212 1372 ejus
3233 1341 3248 1365 ,
3288 1311 3337 1355 et
3372 1301 3566 1356 dictum
3606 1315 3682 1358 est
3704 1323 3726 1358 :
3755 1305 3840 1361 In

2231 1406 2334 1460 quo
2357 1390 2613 1444 decipiam
2641 1389 2839 1456 Achab,
2873 1400 2930 1444 ut
2959 1392 3226 1457 ascendat,
3249 1401 3299 1446 et
3323 1394 3478 1447 cadat
3505 1395 3559 1448 in
3592 1393 3836 1451 Ramoth

2235 1478 2486 1536 Galaad?
2513 1479 2585 1535 Et
2613 1482 2748 1535 dixit
2774 1498 2910 1536 unus
2942 1482 3095 1538 verba
3116 1484 3423 1555 hujusmodi
3445 1504 3465 1550 ;
3495 1497 3542 1540 et
3563 1487 3704 1541 alius
3731 1489 3840 1542 ali-

2233 1582 2328 1626 ter.
2363 1571 2433 1626 Et
2453 1589 2689 1642 egressus
2724 1590 2860 1628 unus
2885 1574 3020 1628 dixit
3054 1591 3072 1628 :
3102 1591 3196 1645 ego
3230 1575 3486 1646 decipiam
3519 1578 3718 1632 Achab.
3756 1579 3834 1633 Et

2231 1663 2428 1718 dictum
2465 1674 2538 1718 est
2562 1665 2611 1719 ei
2636 1681 2653 1719 :
2682 1665 2736 1718 in
2763 1681 2865 1735 quo
2891 1666 3114 1735 decipies
3133 1667 3158 1719 ?
3184 1667 3276 1736 qui
3311 1668 3576 1736 respondit
3605 1670 3795 1724 dicens
3812 1687 3834 1724 :

2233 1755 2494 1826 egrediar,
2532 1765 2582 1810 et
2614 1773 2704 1810 ero
2729 1757 2955 1810 mendax
2982 1756 3194 1827 spiritus
3219 1759 3277 1812 in
3304 1774 3391 1812 ore
3421 1760 3659 1812 omnium
3700 1776 3832 1829 pro-

542 1861 724 1909 autem
769 1870 1051 1910 murorum
1093 1855 1319 1911 altitudo
1349 1856 1506 1926 longe
1541 1871 1704 1927 super
1743 1857 1940 1913 faciem
1968 1866 2128 1915 terrae

2239 1823 2506 1917 piratarum
2531 1850 2663 1919 ejus.
2694 1850 2724 1890 ιι
2759 1867 2778 1901 ι
2815 1849 2953 1916 Quid
2981 1823 3077 1922 per
3107 1851 3300 1907 solium
3331 1853 3563 1918 Domini,
3587 1823 3833 1909 nisi'an-

546 1947 993 2012 transcenderat,
1043 1948 1278 2003 maxime
1324 1964 1444 2003 cum
1489 1950 1545 2003 in
1578 1950 1780 2004 montis
1812 1951 2041 2018 vertice,
2067 1959 2132 2007 ut

546 2036 827 2108 Scriptura
854 2039 1041 2104 refert,
1068 2038 1232 2094 fuerit
1260 2043 1393 2097 urbs
1421 2043 1611 2098 eadem
1634 2043 1838 2113 posita.
1886 2045 1979 2100 Ait
2002 2059 2133 2119 ergo

544 2131 660 2185 Rex
691 2132 956 2201 superbus
977 2132 1257 2188 obsessam
1293 2143 1505 2191 terrens
1528 2137 1824 2205 civitatem,
1851 2139 1998 2209 quod
2017 2147 2134 2194 tan-

545 2234 658 2281 tam
698 2226 925 2282 haberet
969 2243 1152 2282 secum
1193 2229 1466 2284 exercitus
1504 2231 1906 2287 multitudinem
1930 2274 1945 2300 ,
1979 2241 2044 2288 ut
2085 2234 2132 2290 si

545 2317 776 2386 quisque
798 2316 1032 2371 militum
1056 2317 1209 2386 ejus,
1254 2319 1591 2376 solummodo
1625 2321 1877 2391 lapidem,
1919 2323 2006 2378 vel
2045 2338 2135 2380 ce-

548 2405 764 2474 spitem,
782 2406 867 2461 vel
899 2408 1140 2478 stipitem
1168 2409 1236 2465 ad
1258 2413 1680 2466 construendum
1703 2421 1893 2468 contra
1919 2415 2131 2482 urbem,

545 2510 798 2566 aggerem
828 2507 1186 2568 apportasset,
1218 2509 1330 2556 tam
1369 2503 1614 2558 sublimis
1641 2519 1708 2558 ex
1739 2520 1805 2560 eo
1825 2515 2012 2576 posset
2041 2521 2135 2578 ag-

547 2600 643 2656 ger
670 2601 987 2658 exsurgere,
1017 2591 1108 2660 qui
1146 2592 1454 2662 superficiei
1492 2594 1729 2650 civitatis
1771 2595 1972 2666 ipsius,
2013 2611 2136 2666 quae

542 2684 661 2731 erat
689 2677 834 2733 intra
861 2696 1068 2749 muros,
1101 2697 1224 2740 esse
1244 2685 1524 2741 videretur
1556 2687 1778 2758 aequalis
1805 2705 1818 2741 :
1869 2688 1947 2744 ita
1972 2695 2033 2743 ut
2065 2703 2132 2744 ex

542 2782 684 2838 equo
711 2782 1016 2853 pugnantes
1041 2784 1230 2831 contra
1261 2777 1559 2845 civitatem,
1585 2779 1690 2834 tela
1713 2779 1797 2834 vel
1826 2779 1973 2835 faces
2000 2780 2133 2836 mit-

541 2868 662 2918 tere
683 2873 929 2934 possent.
991 2865 1158 2936 Cujus
1186 2870 1552 2925 temeritatem
1580 2871 1904 2940 arrogantiae
1948 2871 2134 2926 mode—

545 2960 630 3009 sto
653 2969 904 3012 sermone
939 2973 1290 3028 compescens
1327 2961 1444 3017 Rex
1473 2962 1638 3017 Israel
1679 2964 1754 3017 ait
1780 2962 1956 3035 (Vers.
1985 2964 2076 3037 11)
2113 2981 2127 3018 :

545 3045 720 3102 Dicite
759 3050 827 3104 ei.
872 3051 957 3106 Ne
1001 3053 1255 3123 glorietur
1276 3057 1540 3112 accinctus
1564 3076 1708 3130 teque
1737 3067 1793 3114 ut
1823 3060 2127 3118 discinctus.

547 3137 576 3178 ει
613 3138 768 3196 Alius
793 3150 877 3197 est
907 3151 1089 3200 autem
1133 3147 1440 3215 accinctus,
1476 3134 1614 3204 alius
1639 3149 1961 3218 discinctus,
1996 3143 2131 3209 alius
2162 3184 2206 3247 ρ

550 3250 657 3292 non
709 3236 1008 3294 accinctus.
1062 3239 1355 3298 Accinctus
1385 3258 1620 3314 namque
1668 3253 1753 3300 est
1789 3246 1881 3315 qui
1917 3246 2135 3318 cingulo

546 3328 919 3384 circumdatus
955 3329 1176 3397 incedit,
1207 3334 1501 3390 discinctus
1534 3336 1626 3406 qui
1657 3337 1933 3408 cingulum
1963 3354 2138 3410 nuper

547 3416 834 3488 deposuit:
862 3420 1014 3475 verbi
1042 3424 1234 3493 gratia,
1281 3426 1366 3480 vel
1409 3425 1661 3482 balneum
1687 3431 2010 3496 intraturus,
2049 3429 2138 3486 vel

547 3509 750 3566 lectum
773 3526 1104 3569 ascensurus
1125 3557 1140 3581 ,
1167 3517 1254 3571 vel
1288 3517 1514 3573 alteram
1540 3520 1680 3576 forte
1709 3523 1951 3578 tunicam
1980 3523 2138 3578 indu-

548 3611 720 3659 turus.
763 3602 884 3659 Non
907 3607 1204 3674 accinctus,
1238 3609 1331 3679 qui
1357 3625 1530 3680 nuper
1561 3613 1744 3667 tunica
1771 3613 2014 3683 indutus,
2037 3630 2138 3693 nec

547 3693 674 3749 dum
701 3709 760 3750 se
802 3697 984 3752 addita
1029 3711 1180 3753 zonae
1219 3700 1696 3773 circumpositione
1740 3705 1990 3760 munivit.
2044 3705 2138 3763 Sic

547 3801 696 3858 ergo,
729 3790 873 3858 etgin
902 3792 1243 3861 expeditione
1273 3796 1539 3851 castrensi
1568 3797 1660 3866 qui
1682 3798 1888 3867 positus
1917 3807 2021 3865 est,
2053 3814 2138 3855 re-

549 3889 636 3935 cte
671 3882 938 3938 accinctus
984 3884 1315 3952 nominatur,
1361 3887 1416 3942 id
1440 3896 1524 3942 est
1555 3888 1721 3944 armis
1750 3889 1990 3945 indutus.
2033 3890 2136 3958 Qui

548 3985 729 4042 pugna
753 3971 1001 4027 confecta
1024 3974 1199 4029 victor
1229 3976 1448 4032 domum
1473 3977 1664 4044 rediit,
1701 3979 1824 4048 jure
1849 3980 2137 4035 discinctus

545 4069 790 4126 vocatur,
821 4061 948 4132 quia
978 4062 1238 4119 nimirum
1279 4065 1538 4136 depositis
1565 4067 1731 4122 armis
1759 4076 1956 4138 optatae
1985 4070 2136 4138 pacis

546 4151 715 4205 otium
743 4153 902 4223 gerit.
941 4153 1044 4222 Qui
1072 4171 1202 4213 vero
1224 4158 1455 4212 necdum
1484 4175 1745 4230 pugnare,
1778 4176 1956 4232 neque
1978 4178 2037 4216 se
2066 4164 2136 4218 ad

2235 1939 2436 2010 gelicas
2460 1949 2757 2011 potestates
2782 1942 3098 2010 accipimus,
3125 1959 3354 2013 quarum
3383 1945 3483 1999 alis
3517 1948 3828 2014 praesidens

2236 2027 2462 2085 inferius
2505 2038 2700 2087 cuncta
2735 2031 3009 2101 disponit?
3058 2033 3126 2086 Et
3174 2034 3303 2104 quid
3349 2037 3628 2090 exercitus
3679 2038 3827 2102 cmli,

2236 2122 2343 2177 nisi
2369 2121 2798 2178 ministrantium
2823 2123 3135 2192 angelorum
3158 2125 3445 2180 multitudo
3466 2126 3831 2183 describitur?

2238 2216 2377 2285 Quid
2401 2226 2484 2272 est
2506 2232 2634 2288 ergo
2657 2218 2800 2288 quod
2825 2217 3100 2272 exercitus
3129 2217 3253 2272 coeli
3280 2235 3310 2272 a
3340 2219 3565 2284 dextris,
3601 2229 3661 2274 et
3683 2237 3716 2274 a
3745 2222 3831 2276 si-

2237 2312 2424 2367 nistris
2456 2311 2571 2380 ejus
2601 2319 2746 2366 stare
2772 2310 3125 2381 perhibetur?
3156 2311 3298 2366 Deus
3321 2313 3487 2378 enim,
3515 2314 3611 2383 qui
3638 2315 3714 2367 ita
3743 2322 3829 2369 est

2238 2402 2378 2456 intra
2423 2402 2624 2467 omnia,
2677 2408 2739 2456 ut
2766 2402 2929 2455 etiam
2962 2402 3033 2456 sit
3074 2409 3230 2456 extra
3272 2402 3482 2467 omnia,
3533 2401 3829 2457 incircum-

2238 2496 2472 2565 scriptus
2499 2501 2583 2550 est
2617 2512 2629 2548 :
2660 2501 2716 2548 et
2740 2495 2942 2549 veritas
2981 2493 3093 2560 illa,
3135 2502 3338 2550 aeterna
3368 2494 3676 2558 beatitudo,
3711 2510 3829 2564 quae

2238 2589 2458 2643 dextera
2483 2586 2600 2658 ejus
2621 2586 2840 2654 dicitur,
2871 2586 3147 2641 sinistram
3177 2601 3286 2642 non
3309 2588 3506 2652 habet,
3541 2588 3672 2656 quia
3694 2588 3828 2642 nihil

2238 2688 2322 2735 est
2354 2680 2498 2749 quod
2517 2679 2828 2750 displiceat,
2858 2678 2984 2747 quia
3006 2677 3165 2732 simul
3192 2677 3373 2733 omnia
3397 2679 3726 2742 contuetur",
3758 2681 3828 2734 si-

2237 2770 2350 2825 mul
2387 2778 2581 2826 cuncta
2612 2770 2835 2839 aspicit;
2869 2784 2934 2824 ea
2976 2777 3189 2836 autem,
3235 2769 3291 2823 in
3327 2769 3524 2838 quibus
3567 2777 3625 2822 et
3653 2770 3829 2824 bonus

2238 2861 2458 2932 spiritus
2485 2860 2642 2928 vivit,
2663 2869 2720 2916 et
2743 2861 2916 2916 malus
2938 2901 2954 2927 ,
2979 2861 3280 2916 exercitum
3304 2861 3428 2916 coeli
3454 2877 3486 2917 a
3514 2861 3752 2927 dextris,
3779 2872 3831 2917 et

2239 2966 2269 3006 a
2296 2934 2532 3007 sinistris
2563 2951 2679 3020 ejus
2703 2953 2907 3008 habere
2936 2952 3281 3009 describitur.
3325 2952 3479 3009 Unde
3506 2967 3610 3022 per
3639 2955 3826 3008 dexte-

2237 3057 2354 3097 ram
2403 3043 2752 3114 intelligimus
2804 3044 3023 3115 angelos
3067 3044 3269 3101 electos
3328 3059 3343 3097 :
3395 3059 3495 3114 per
3543 3045 3827 3099 sinistram
3880 3069 3892 3084 -

2238 3151 2368 3192 vero
2411 3136 2636 3206 spiritus
2682 3138 2962 3209 reprobos.
3014 3135 3133 3193 Non
3178 3138 3323 3193 enim
3361 3139 3680 3194 ministrant
3720 3141 3830 3195 Deo

2241 3228 2577 3284 solummodo
2606 3228 2754 3293 boni,
2787 3229 2879 3299 qui
2909 3229 3195 3299 adjuvant,
3233 3229 3325 3284 sed
3364 3229 3529 3284 etiam
3570 3229 3702 3283 mali
3737 3231 3829 3300 qui

2236 3321 2485 3392 probant,
2509 3337 2615 3377 non
2639 3321 2810 3376 solum
2829 3321 2954 3391 quia
2976 3337 3005 3375 a
3029 3321 3186 3391 culpa
3204 3322 3489 3376 redeuntes
3511 3322 3827 3389 sublevant,

2239 3416 2333 3470 sed
2369 3415 2534 3469 etiam
2559 3414 2684 3485 quia
2721 3413 2897 3469 redire
2929 3413 3173 3469 nolentes
3194 3421 3438 3484 gravant.
3465 3413 3580 3469 Nec
3609 3430 3830 3470 movere

2239 3510 2398 3566 debet
2436 3498 2588 3579 quod
2611 3508 2884 3563 exercitus
2930 3507 3053 3563 coeli
3087 3507 3252 3562 etiam
3295 3506 3494 3576 repulsi
3522 3506 3705 3576 angeli
3741 3522 3831 3561 vo-

2239 3609 2454 3668 cantur,
2487 3600 2613 3672 quia
2657 3607 2712 3655 et
2750 3600 2852 3671 ipsi
2887 3600 3133 3670 quamvis
3175 3601 3242 3654 ab
3282 3601 3519 3655 aethereo
3564 3599 3709 3654 coelo
3737 3616 3832 3654 ex—

2241 3693 2383 3763 pulsi
2415 3698 2560 3758 sunt,
2597 3692 2774 3748 adhuc
2797 3700 2974 3747 tamen
3005 3692 3060 3746 in
3083 3707 3246 3747 aereo
3267 3691 3405 3747 etelo
3434 3691 3828 3747 demorantur:

2240 3797 2377 3852 quas
2412 3781 2559 3836 enim
2591 3781 2847 3851 suspendi
2882 3780 2937 3834 in
2971 3794 3096 3835 aere
3120 3779 3389 3842 novimus,
3415 3794 3543 3834 aves
3579 3780 3709 3835 caeli
3739 3797 3834 3836 no-

2239 3873 2532 3928 minamus.
2591 3871 2660 3925 Et
2734 3871 2799 3925 de
2851 3871 3057 3925 eisdem
3124 3869 3403 3940 spiritibus
3450 3869 3657 3924 Paulus
3707 3873 3836 3927 dicit

2241 3966 2400 4040 (Eph.
2416 3983 2496 4032 vt,
2513 3965 2625 4036 1‘2):
2643 3963 2840 4019 Contra
2860 3963 3158 4034 spiritualia
3175 3965 3418 4035 nequititc
3436 3965 3494 4018 in
3513 3963 3830 4019 ctelestibus.

2239 4060 2480 4128 Quorum
2513 4066 2674 4129 caput
2699 4056 2987 4112 enuntians
3016 4057 3094 4111 ait
3124 4056 3285 4128 (Eph.
3310 4073 3371 4120 ιι,
3396 4056 3453 4125 2)
3485 4071 3501 4111 :
3527 4053 3832 4112 Secundum

2237 4154 2524 4225 principem
2567 4152 2838 4222 potestatis
2882 4151 3020 4205 aeris
3046 4151 3224 4220 hujus.
3267 4149 3350 4204 Ad
3380 4149 3669 4205 dexteram
3699 4166 3829 4221 ergo

547 4251 827 4299 certamen
849 4260 1042 4315 parare
1063 4246 1174 4317 jam
1197 4255 1467 4318 coeperat,
1504 4250 1701 4304 merito
1730 4268 1831 4304 non
1869 4252 2135 4307 accinctus
2237 4254 2292 4300 et
2324 4245 2603 4300 sinistram
2635 4243 2908 4297 exercitus
2936 4249 3064 4307 stat,
3095 4241 3222 4311 quia
3243 4241 3495 4296 voluntas
3526 4241 3831 4297 electorum

547 4351 669 4392 esse
715 4337 932 4392 dicitur.
994 4339 1088 4394 Ait
1125 4356 1254 4412 ergo
1285 4340 1404 4396 Rex
1448 4341 1617 4396 Israel
1663 4343 1798 4414 Regi
1827 4343 1997 4416 Syriae
2022 4345 2137 4416 glo-
2237 4337 2524 4407 spirituum
2565 4335 2756 4390 divinae
2781 4335 2970 4404 pietati
3013 4333 3326 4400 concordat,
3371 4342 3424 4388 et
3471 4335 3833 4402 reproborum

547 4429 730 4496 rianti,
774 4441 797 4470 ε
821 4433 978 4501 quasi
1000 4431 1115 4500 jam
1165 4434 1398 4505 cepisset
1427 4435 1728 4491 Samariam
1748 4478 1762 4504 ,
1805 4453 1967 4508 quam
1991 4439 2138 4494 obsi-
2239 4445 2431 4488 sensus
2454 4443 2564 4484 suae
2586 4426 2807 4482 malitiae
2831 4425 3092 4492 serviens,
3101 4423 3306 4494 judicio
3329 4423 3692 4479 districtionis
3714 4423 3831 4492 ejus

547 4521 674 4575 dere
702 4531 944 4592 coeperat
972 4541 985 4577 :
1025 4523 1044 4562 ί
1078 4524 1390 4597 Negligetur
1417 4528 1716 4605 accinctus,
1747 4545 1902 4600 teque
1931 4538 1992 4584 ut
2019 4531 2133 4588 dis-
2159 4546 2213 4606 D
2239 4525 2578 4592 obtemperat
2611 4535 2626 4574 :
2654 4521 2796 4574 unde
2825 4527 3034 4574 et°mox
3070 4519 3290 4588 spiritus
3317 4517 3482 4572 fallax
3512 4517 3565 4570 in
3598 4519 3615 4556 ί
3657 4517 3832 4570 medio

547 4612 761 4667 cinctus
786 4629 800 4679 ;
830 4629 894 4668 ac
934 4614 980 4668 si
1011 4623 1198 4686 aperte
1227 4617 1372 4672 dicat
1416 4636 1428 4671 :
1462 4617 1580 4673 Noli
1603 4620 1822 4689 gloriari
1855 4621 2137 4690 quasijam
2231 4615 2509 4693 prosilisse
2535 4611 2891 4675 describitur,
2925 4624 3024 4680 per
3045 4623 3204 4678 quem
3232 4607 3419 4662 Achab
3442 4621 3538 4660 rex
3567 4606 3833 4673 exigenti-

550 4705 726 4760 victor
745 4705 927 4762 bellici
962 4708 1327 4775 discriminis,
1367 4711 1459 4779 qui
1486 4712 1664 4767 adhuc
1685 4713 1739 4768 in
1766 4714 1882 4770 acie
1905 4716 2135 4784 positus,
2235 4711 2336 4766 bus
2365 4707 2479 4763 suis
2514 4703 2725 4758 meritis
2760 4701 3059 4771 decipiatur
3091 4718 3103 4754 ε
3134 4713 3308 4768 neque
3330 4698 3470 4754 enim
3496 4696 3582 4751 fas
3609 4705 3696 4751 est
3719 4711 3830 4750 cre-

547 4809 703 4876 quem
726 4795 956 4852 victoria
979 4807 1259 4870 sequatur,
1287 4799 1522 4871 ignoras.
1579 4802 1648 4856 Et
1676 4818 1865 4858 verum
1889 4805 2136 4874 profecto
2235 4809 2366 4862 dere
2396 4805 2594 4859 bonum
2615 4800 2888 4870 spiritum,
2914 4797 3141 4852 fallaciae
3165 4796 3440 4852 deservire
3475 4795 3740 4858 voluisse,
3771 4801 3829 4847 ut

546 4884 760 4941 ticebat
785 4903 800 4942 :
830 4903 959 4944 nam
1005 4905 1130 4944 mox
1177 4890 1313 4947 inito
1361 4894 1663 4948 certamine
1690 4933 1704 4959 ,
1746 4893 2000 4950 Benadab
2030 4911 2138 4952 non
2238 4899 2444 4954 diceret
2476 4912 2488 4947 :
2526 4891 2788 4963 Egredior
2813 4899 2863 4944 et
2893 4906 2980 4944 ero
3013 4889 3244 4943 mendax
3265 4889 3480 4958 spiritus
3508 4888 3562 4940 in
3591 4902 3683 4939 ore
3710 4901 3826 4939 om-

547 4975 708 5032 vietis
729 4979 1055 5036 adversariis
1078 4982 1440 5054 triumphans,
1478 4986 1574 5040 sed
1601 5000 1742 5040 caeso
1772 5001 1869 5040 suo
1895 4989 2140 5043 exercitu
2238 4990 2383 5043 nium
2405 4986 2775 5058 praphetarum
2800 4981 2950 5052 ejus;
2981 4981 3074 5036 sed
3101 4981 3226 5051 quia
3253 4978 3440 5034 Achab
3469 4993 3566 5033 rex
3591 4974 3830 5046 peccatis

548 5063 760 5137 fugiens
780 5071 999 5127 domum
1030 5074 1212 5140 rediit,
1251 5074 1506 5130 Benadab
1533 5075 1733 5146 Regem
1760 5075 1930 5148 Syriae
1951 5085 2136 5148 typum
2237 5076 2670 5151 pmcedentibus
2713 5075 2910 5144 dignus
2953 5083 3100 5138 erat,
3140 5079 3198 5126 ut
3232 5069 3326 5125 tali
3363 5068 3641 5125 debuisset
3675 5067 3831 5120 dece-

548 5159 804 5218 habuisse
835 5165 1054 5231 diaboli,
1080 5168 1171 5238 qui
1193 5169 1445 5238 princeps
1472 5176 1556 5223 est
1581 5167 1740 5238 hujus
1763 5170 1948 5224 mundi
1977 5211 1990 5236 ,
2029 5187 2137 5226 non
2243 5171 2426 5242 ptione
2455 5165 2724 5231 damnari,
2754 5173 3020 5235 quatenus
3053 5162 3146 5232 qui
3173 5175 3314 5231 saepe
3345 5159 3531 5216 volens
3558 5158 3830 5214 ceciderat

2315 5303 2335 5344 ί
2365 5304 2450 5360 Ne
2474 5301 2744 5374 glorietyr.

2313 5377 2340 5455 ἕ
2370 5371 2524 5455 Yers.
2559 5373 2611 5427 6.
2642 5371 2803 5455 Reges
2835 5371 3175 5455 triginta‘dup
3204 5383 3428 5455 cum‘eo.
3532 5437 3569 5455 η
3749 5437 3762 5449 ⁸

2307 5447 2336 5486 h
2373 5437 2770 5512 Subsequentia
2789 5437 2953 5496 habet
2977 5441 3244 5502 Paterius,
3269 5439 3504 5512 ideoque
3529 5437 3831 5512 Gregorius

623 5311 653 5373 ἦ
685 5299 814 5356 Loci
861 5300 1021 5370 hujus
1070 5301 1485 5373 explicationem
1535 5303 1749 5372 excepit
1800 5301 2056 5373 Claudius
2097 5319 2128 5358 a

545 5367 689 5424 Beda
727 5367 1016 5442 quaestfl?
1048 5367 1169 5428 libri
1200 5389 1306 5426 xxx
1337 5367 1697 5443 quaestionum
1740 5373 1796 5429 in
1830 5372 1995 5429 libros
2025 5373 2131 5430 Re‘

549 5454 677 5514 gum
696 5458 819 5514 eam
839 5452 1196 5514 proponente.

620 5511 649 5551 δ
685 5511 878 5584 Prope.

618 5582 985 5668 ﬁgurarum.
1005 5583 1143 5668 enim
1182 5583 1404 5639 altitudo
1431 5583 1602 5657 longe,
1628 5593 1729 5643 etc.
1768 5585 1876 5644 Sed
1904 5594 2129 5661 praestat

546 5656 718 5711 nostri
740 5656 946 5712 codicis
971 5654 1154 5709 lectio.

616 5724 644 5764 ει
684 5721 869 5796 Aliud,
898 5733 954 5781 et
986 5725 1064 5780 sic
1092 5725 1348 5796 deinceps

625 5808 648 5834 ο
681 5766 842 5864 δ’ἐὅᾶ
853 5766 875 5852 ἒ
898 5766 1366 5869 ᾗὶεέὲῖαΐῖῗᾶῗῖ
1379 5795 1556 5852 lectio.

2237 5515 2402 5589 [libro
2445 5532 2486 5569 ιι
2516 5509 2822 5589 Moralium,
2850 5513 3043 5589 _n._5_8,
3076 5525 3212 5589 .cap.
3258 5509 3350 5576 20,
3398 5511 3525 5564 olim
3568 5509 3702 5589 2_l_]:
3737 5509 3829 5589 sed

2233 5580 2466 5642 inultum
2515 5585 2658 5639 inest
2699 5583 3028 5640 discriminis
3074 5581 3217 5635 inter
3279 5596 3342 5635 ea
3401 5596 3536 5651 quae
3567 5580 3828 5651 allegatus

2235 5657 2482 5738 pregorii
2516 5655 2652 5709 liber
2678 5653 2928 5738 exhibet,
2958 5660 3014 5738 et
3041 5660 3226 5709 noster
3250 5649 3625 5738 h‘abeti'codex,
3675 5649 3827 5719 cujus

2231 5722 2521 5849 lecti’titlie‘tin
2548 5740 2762 5796 sequor.
2795 5722 3078 5796 Vulgatam
3106 5723 3356 5779 consulat
3377 5723 3569 5778 lector.

2309 5811 2326 5838 ι
2435 5812 2461 5849 e
2501 5812 2629 5849 tum.

2309 5811 2326 5838 ι
2373 5811 2629 5850 meatum.
