4056 6350
245 360 362 417 769
900 347 1357 421 QUIESTIONES
1386 344 1537 403 XXX
1575 341 1806 402 SUPER
1840 341 1851 400 1

1951 340 2086 400 ROS
2125 338 2388 398 REGUM.
2427 364 2498 380 -—
2527 333 2732 392 LIBER
2765 331 2854 389 IV.
3390 321 3495 378 770

245 481 311 534 in
342 472 576 545 culpam,
614 470 933 543 quandoque
955 468 1142 525 nolens
1164 471 1446 538 caperetur
1473 462 1543 518 ad
1575 475 1822 533 poenam;
1853 461 1907 521 Α
1929 460 2145 516 homine
2178 463 2437 528 peccante
2465 452 2734 524 prolatum
2766 452 2879 512 est,
2917 457 3041 498 cum
3095 438 3300 495 audivit
3338 435 3493 511 (Gen.

245 568 470 627 occulta
497 565 737 636 justitia,
778 563 993 618 licentia
1031 529 1282 632 malignis
1331 529 1606 628 spiritibus
1646 555 1824 618 datur,
1927 569 2010 618 ni,
2038 552 2126 621 Π)
2152 568 2167 605 :
2190 535 2471 604 Maledicta
2500 555 2638 600 terra
2663 543 2721 596 in
2748 554 2897 611 opere
2923 546 3033 590 tuo.
3057 529 3496 600 Maledictumju—

245 675 316 722 ut
350 679 487 736 quos
525 661 766 717 volentes
808 658 862 712 in
899 655 1105 728 peccati
1146 655 1340 725 laqueo
1378 647 1734 720 strangulant,
1773 644 1828 699 in

245 757 464 830 peccati
488 770 705 825 poenam
730 751 892 807 etiam
915 749 1157 804 nolentes
1184 747 1422 801 trahant.
1455 763 1474 797 ›
1509 755 1536 784 ι
1568 740 1676 796 Sed
1698 752 1830 808 quo-

250 850 420 907 modo
444 848 588 902 Deus
616 847 731 901 haec
761 850 883 916 agat
910 842 1107 912 ubique
1133 854 1398 912 praesens,
1433 844 1489 893 et
1524 834 1724 903 ubique
1751 839 1832 886 to-

251 954 366 1011 tus,
393 958 459 998 ac
483 954 694 1010 semper
711 952 950 1008 praesens
965 977 979 1002 ,
1008 943 1062 991 et
1079 933 1347 1006 quomodo
1373 932 1490 1003 ejus
1510 927 1830 999 simplicem,

251 1046 315 1092 et
357 1029 880 1094 incommutabilem,
925 1035 1287 1094 :eternamque
1318 1021 1602 1078 veritatem
1641 1032 1835 1073 consu-

252 1129 374 1184 lant
399 1125 573 1182 sancti
597 1122 785 1193 Angeli
803 1160 818 1185 ,
850 1131 1142 1188 omnesque
1165 1116 1233 1170 ab
1257 1114 1448 1170 eodem
1477 1108 1644 1166 creati
1669 1105 1834 1162 subli-

252 1237 408 1285 mes,
450 1227 506 1273 et
543 1214 881 1272 mundissimi
924 1213 1177 1283 spiritus,
1211 1218 1374 1279 atque
1414 1207 1469 1262 id
1504 1205 1643 1276 quod
1679 1203 1734 1256 in
1769 1215 1836 1256 eo

253 1312 590 1382 sempiterne
623 1307 830 1377 justum
855 1305 1073 1370 vident,
1117 1317 1217 1374 pro
1265 1297 1616 1370 congruentia
1652 1307 1835 1349 rerum

254 1402 580 1466 inferarum,
625 1395 995 1468 temporaliter
1032 1400 1294 1465 peragant
1329 1410 1342 1445 :
1373 1388 1641 1461 quomodo
1670 1386 1835 1440 etiam

255 1495 400 1566 lapsi
427 1493 678 1564 spiritus,
714 1491 806 1560 qui
840 1490 896 1544 in
918 1489 1146 1544 veritate
1186 1502 1295 1542 non
1323 1489 1592 1541 steterunt
1615 1485 1838 1551 propter

258 1583 697 1648 immunditiam,
736 1589 791 1637 et
835 1579 1203 1635 inﬁrmitatem
1243 1571 1832 1644 concupiscentiarum,

258 1685 319 1732 et
350 1689 632 1746 pmnarum
658 1687 876 1728 suarum
895 1686 1003 1725 non
1037 1669 1278 1723 valentes
1299 1672 1620 1737 praesentem
1643 1659 1836 1716 intrin-

260 1781 424 1822 secus
451 1764 713 1831 contueri,
755 1771 810 1818 et
842 1759 1122 1818 consulere
1150 1758 1455 1821 veritatem,
1487 1755 1641 1824 signa
1671 1749 1838 1806 forin-

261 1874 424 1914 secus
443 1874 542 1930 per
565 1864 872 1912 creaturam
905 1857 1238 1921 exspectent,
1282 1848 1468 1916 eisque
1497 1848 1836 1907 moveantur,

265 1951 382 2006 sive
420 1950 488 2006 ad
516 1948 819 2005 faciendum
847 1943 1070 2015 aliquid,
1105 1941 1218 1997 sive
1245 1939 1314 1994 ad
1342 1952 1450 1993 non
1485 1931 1792 1989 faciendum
1821 1948 1834 1984 :

265 2057 444 2114 quove
480 2041 640 2097 modo
667 2045 926 2111 cogantur
953 2042 1154 2092 aeterna
1179 2032 1298 2102 lege
1321 2071 1335 2097 ,
1380 2043 1487 2100 qua
1519 2022 1841 2080 universitas

264 2134 494 2207 regitur,
516 2129 705 2196 vincti,
735 2138 897 2199 atque
912 2124 1217 2191 constricti,
1244 2122 1332 2176 vel
1353 2121 1562 2176 sinente
1584 2115 1843 2187 Deogope-

264 2227 398 2288 rari,
430 2224 516 2279 vel
540 2223 732 2279 cedere
753 2219 984 2290 iubenti,
1009 2227 1065 2275 et
1088 2213 1370 2286 complecti
1395 2210 1647 2275 arduum,
1668 2213 1723 2262 et
1750 2219 1840 2261 exc

265 2319 474 2390 plicare
505 2315 881 2386 longissimum
902 2320 1009 2369 est.

312 2403 497 2484 ’(ιχιι,
526 2409 617 2476 40,
649 2408 736 2475 52,
764 2415 812 2462 et
837 2404 969 2478 seq.)
995 2405 1124 2460 Post
1145 2407 1373 2457 mortem
1400 2392 1584 2451 Achab
1619 2402 1846 2460 regnare

270 2481 437 2573 coepit
477 2501 738 2558 Ochosias
774 2499 918 2554 ﬁlius
961 2495 1078 2566 ejus
1121 2511 1220 2566 pro
1256 2508 1357 2557 eo,
1416 2492 1482 2546 de
1529 2501 1635 2557 quo
1678 2481 1847 2538 refert

273 2595 553 2666 Scriptura
579 2587 686 2663 (IV
730 2588 859 2661 Reg.
903 2605 944 2654 ι,
975 2586 1056 2659 2.)
1083 2605 1096 2640 :
1128 2585 1279 2652 Quod
1308 2583 1493 2638 cecidit
1521 2598 1613 2652 per
1636 2576 1845 2635 cancel-

272 2685 353 2739 los
382 2682 634 2740 ctenaculi
659 2680 772 2747 sui,
807 2678 946 2752 quod
973 2677 1190 2734 habebat
1215 2678 1272 2732 in
1300 2673 1568 2740 Samaria,
1597 2680 1646 2727 et
1680 2688 1848 2744 (egro-

273 2778 422 2832 tavit.

347 2864 608 2923 Ochosias
625 2877 722 2919 rex
749 2861 1028 2927 Samariae,
1056 2859 1147 2930 qui
1171 2873 1230 2914 se
1254 2874 1287 2914 a
1313 2859 1473 2915 domo
1499 2858 1670 2914 David
1695 2872 1851 2928 sepa-

275 2963 440 3029 ravit,
476 2969 530 3016 et
547 2975 646 3031 per
679 2956 943 3014 cancellos
965 2954 1192 3018 decidit,
1226 2954 1330 3006 hoc
1360 2951 1666 3021 signiﬁcare
1697 2950 1851 3005 vide-

281 3067 391 3122 tur,
435 3055 576 3126 quod
603 3050 864 3116 haeretici,
901 3049 1013 3104 sive
1039 3046 1392 3111 schismatici,
1441 3053 1497 3100 et
1546 3045 1592 3100 si
1618 3045 1852 3114 aliquam

275 3146 434 3201 bona:
459 3143 686 3199 actionis
710 3156 890 3196 arcem
916 3138 1279 3194 conscendere
1314 3137 1584 3202 videntur,
1617 3137 1743 3207 quia
1766 3145 1849 3189 ta-

277 3253 408 3292 men
437 3248 749 3305 compagem
773 3230 1027 3286 Ecclesiae
1054 3229 1276 3284 unitatis
1307 3244 1415 3282 non
1446 3227 1664 3293 habent,
1695 3225 1851 3296 quasi

279 3325 617 3399 patentibus,
653 3330 710 3379 et
742 3337 850 3376 non
882 3318 1064 3376 solidis
1098 3319 1328 3374 laterum
1366 3317 1636 3389 praesidiis
1673 3317 1742 3372 ad
1775 3316 1854 3371 vi-

283 3421 482 3474 tiorum
532 3429 746 3486 semper
783 3411 965 3468 inﬁma
1007 3411 1347 3474 relabuntur,
1386 3409 1514 3464 dum
1545 3407 1725 3462 divino
1759 3406 1852 3462 de-

281 3509 458 3565 stituti
487 3506 703 3570 auxilio,
743 3503 857 3560 sive
879 3501 1190 3572 pertinaciae
1219 3499 1359 3554 fastu
1394 3499 1686 3553 intereunt.

359 3599 466 3673 (IV
513 3600 644 3669 Reg.
677 3614 717 3664 ι,
757 3596 836 3668 9.)
876 3595 1079 3651 Deinde
1131 3591 1298 3648 refert
1327 3591 1606 3661 Scriptura
1643 3590 1856 3656 eadem,

287 3693 429 3764 quod
459 3691 601 3746 idem
625 3689 886 3745 Ochosias
904 3686 1114 3743 miserit
1141 3687 1273 3740 duos
1301 3685 1572 3755 principes
1593 3684 1858 3753 quinqua-

285 3785 539 3857 genarios
573 3783 642 3838 ad
668 3781 896 3847 Heliam,
930 3796 1088 3850 quem
1125 3779 1252 3849 quia
1277 3779 1579 3848 procaciter
1615 3793 1738 3833 eum
1768 3777 1865 3832 ho-

287 3878 491 3932 minem
510 3872 607 3929 Dei
630 3880 978 3936 vocaverunt,
1009 3870 1098 3925 illo
1114 3878 1325 3933 orante,
1358 3869 1566 3924 caelesti
1595 3869 1717 3939 igne
1736 3883 1865 3923 con«

288 3967 492 4036 sumpti
514 3973 666 4021 sunt:
700 3965 891 4020 tertius
915 3970 1096 4017 autem
1120 3961 1318 4016 missus
1339 3959 1576 4015 salvatus
1602 3967 1704 4014 est.
1733 3978 1750 4009 ‹
1777 3957 1869 4013 Fi—

290 4059 553 4133 guraliter
578 4053 1300 4127 autembquinquagenarius
1323 4066 1579 4106 numerus
1604 4049 1868 4104 confessio

288 4149 624 4222 poenitentiae
649 4155 754 4214 est,
778 4159 800 4187 ο
831 4161 928 4216 per
961 4159 1124 4215 quam
1145 4141 1448 4198 declaratur
1471 4139 1719 4194 remissio
1739 4153 1868 4208 pec-

1929 646 2090 701 stitiae
2112 643 2312 712 judicio
2341 640 2640 711 profertur,
2683 649 2804 690 cum
2842 630 2910 686 ad
2934 627 3210 683 Abraham
3253 624 3492 680 dicitur:

1931 734 2081 808 (Gen.
2105 733 2303 805 xu,3):
2331 731 2644 786 Maledicam
2663 721 3087 780 maledicentibus
3115 717 3228 772 tibi.
3261 717 3498 773 Rursum

1931 806 2056 897 quia
2077 825 2424 880 maledictum
2447 837 2555 877 non
2578 818 2781 888 judicio
2803 813 3044 883 iustitiae,
3076 808 3173 864 sed
3191 808 3358 862 livore
3381 806 3473 860 vin
3493 831 3500 846 -

1931 918 2088 974 dicta:
2112 916 2378 989 promitur
2395 954 2411 981 ,
2434 927 2566 968 voce
2590 909 2740 966 Pauli
2759 903 3101 978 pmdicantis
3125 901 3496 962 admonemur,

1932 1003 2518 1081 quiait(Rom.xn,li)
2551 999 2898 1063 :Benedicite,
2922 1007 2970 1052 et
2994 994 3150 1050 nolite
3168 991 3496 1047 maledicere.

1932 1101 2001 1158 Et
2020 1117 2234 1158 rursum
2246 1100 2385 1156 idem
2402 1097 2452 1169 (Ι
2467 1095 2702 1150 Corinth.
2724 1108 2800 1159 v1,
2816 1090 2904 1161 10)
2921 1108 2934 1143 :
2963 1087 3143 1157 Neque
3156 1081 3398 1139 maledici
3423 1097 3504 1135 re-

1934 1211 2091 1267 gnum
2119 1193 2218 1248 Dei
2235 1190 2588 1264 possidebunt.
2623 1185 2765 1240 Deus
2795 1196 2923 1253 ergo
2942 1177 3262 1234 maledicere
3282 1172 3502 1236 dicitur,

1936 1260 1990 1339 et
2015 1291 2195 1337 tamen
2227 1260 2552 1335 maledicere
2578 1273 2853 1330 hominem
2871 1267 3154 1341 prohibet,
3202 1264 3329 1334 quia
3358 1260 3502 1332 quod

1935 1375 2098 1430 homo
2126 1373 2236 1444 agit
2264 1370 2471 1426 malitia
2492 1367 2763 1430 vindictae,
2804 1363 2945 1416 Deus
2969 1373 3076 1414 non
3105 1354 3254 1419 facit,
3280 1352 3384 1407 nisi
3413 1366 3506 1405 ex-

1938 1466 2132 1532 amine,
2171 1472 2226 1518 et
2252 1464 2450 1517 virtute
2473 1459 2715 1531 justitiaa.
2745 1453 2774 1492 ιι
2795 1454 2928 1509 Nam
2956 1459 3012 1506 et
3047 1447 3219 1504 sancti
3243 1445 3346 1500 viri
3384 1458 3506 1498 cum

1938 1557 2330 1614 maledictionis
2354 1552 2678 1610 sententiam
2703 1547 3013 1620 proferunt,
3048 1556 3160 1597 non
3185 1539 3252 1594 ad
3279 1539 3421 1592 hanc
3440 1550 3509 1589 ex

1937 1662 2063 1710 voto
2090 1650 2336 1716 ultionis,
2375 1647 2469 1703 sed
2500 1643 2725 1714 iustitiae
2749 1639 2996 1697 examine
3027 1639 3336 1703 erumpunt.
3361 1628 3510 1683 Intus

1939 1743 2312 1802 enimosubtile
2339 1739 2437 1795 Dei
2459 1736 2720 1806 judicium
2749 1730 3034 1803 aspiciunt,
3072 1732 3126 1781 et
3152 1725 3170 1765 ί
3195 1721 3336 1777 male
3363 1718 3512 1773 foras

1864 1826 1913 1886 Β
1938 1834 2300 1905 exsurgentia,
2329 1830 2457 1902 quia
2486 1826 2770 1882 maledicto
2810 1821 3040 1876 debeant
3076 1815 3260 1879 ferire,
3308 1823 3512 1881 cogno-

1940 1900 2128 1991 scunt,
2156 1931 2213 1978 et
2235 1937 2299 1978 eo
2332 1900 2388 1976 in
2425 1917 2709 1973 maledicto
2730 1930 2837 1969 non
2859 1916 3124 1983 peccant,
3160 1904 3304 1975 quod
3334 1903 3401 1956 ab
3435 1900 3512 1954 in-

1940 2022 2095 2071 terno
2118 2013 2319 2084 judicio
2343 2027 2450 2067 non
2487 2007 2818 2064 discordant.
2867 2002 3004 2057 Hinc
3029 2006 3114 2055 est
3145 1994 3290 2068 quod
3320 1991 3514 2048 Petrus

1941 2114 1998 2169 in
2042 2112 2354 2168 offerentem
2404 2105 2505 2162 sibi
2555 2102 2813 2174 pecunias
2857 2097 3134 2153 Simonem
3188 2085 3514 2145 sententiam

1943 2199 2332 2257 maledictionis
2360 2173 2578 2252 intorsit
2599 2193 2784 2248 dicens
2811 2188 2948 2260 (Act.
2974 2199 3093 2250 VIII,
3121 2179 3213 2252 20)
3241 2197 3256 2234 ι
3283 2173 3517 2232 Pecunia

1944 2302 2038 2346 tua
2081 2299 2245 2345 tecum
2275 2291 2341 2344 sit
2376 2289 2433 2341 in
2461 2283 2803 2358 perditionem
2828 2296 2847 2344 ;
2887 2275 2981 2347 qui
3004 2273 3151 2330 enim
3186 2283 3295 2325 non
3318 2267 3394 2321 ait
3419 2272 3516 2329 est,

1945 2384 2041 2442 sed
2080 2384 2177 2448 sit,
2211 2397 2316 2436 non
2364 2356 2686 2441 indicativo,
2724 2370 2819 2428 sed
2861 2365 3103 2438 optativa
3129 2359 3290 2418 modo
3320 2372 3380 2413 se
3417 2356 3521 2409 hoc

1947 2475 2151 2531 dixisse
2178 2461 2504 2543 signiﬁcavit
2540 2484 2552 2520 :
2587 2465 2715 2520 hinc
2742 2460 2923 2543 Helias
2945 2455 3155 2511 duobus
3182 2451 3519 2522 quinquage-

1948 2565 2114 2621 nariis
2153 2563 2219 2618 ad
2248 2577 2306 2616 se
2342 2556 2681 2614 venientibus
2727 2540 2862 2607 dixit
2897 2562 2912 2602 :
2954 2546 3012 2602 Si
3047 2546 3201 2599 homo
3245 2538 3346 2593 Dei
3379 2550 3521 2598 sum,

1949 2655 2227 2712 descendat
2256 2653 2391 2724 ignis
2428 2649 2492 2704 de
2535 2646 2684 2712 mlo,
2731 2651 2780 2696 et
2826 2643 3098 2694 consumat
3139 2647 3247 2688 vos.
3282 2628 3520 2696 Quorum

1949 2749 2134 2817 utique
2172 2717 2435 2800 sententia
2462 2744 2660 2809 quanta
2690 2730 2934 2788 veritatis
2967 2726 3178 2781 ratione
3217 2717 3522 2781 convaluit,

1952 2815 2214 2897 terminus
2245 2847 2420 2891 causae
2465 2825 2809 2886 monstravit.
2839 2821 2979 2876 Nam
3011 2825 3068 2872 et
3103 2815 3291 2870 Simon
3323 2817 3523 2865 aeterna

1950 2932 2252 3006 perditione
2278 2925 2515 2989 interiit,
2547 2929 2601 2976 et
2625 2921 2756 2975 duos
2781 2906 3268 2987 quinquagenarius
3296 2902 3527 2968 desuper

1953 3025 2178 3082 veniens
2204 3021 2422 3076 ﬂamma
2447 3011 2799 3082 consumpsit.
2831 3007 3017 3063 Virtus
3043 3015 3173 3071 ergo
3195 2997 3527 3063 subsequens

1962 3117 2297 3180 testiﬁcatur,
2331 3127 2435 3182 qua
2464 3115 2644 3164 mente
2676 3095 3076 3159 maledictionis
3104 3089 3371 3149 sententia
3399 3100 3528 3154 pro-

1953 3215 2140 3279 mitur,
2169 3226 2291 3267 cum
2316 3216 2371 3264 et
2395 3198 2765 3262 maledicentis
2798 3189 3104 3250 innocentia
3135 3186 3448 3256 permanet,
3476 3183 3531 3230 et

1954 3316 2134 3363 tamen
2156 3319 2299 3370 eum,
2329 3302 2419 3371 qui
2444 3293 2802 3357 maledicitur,
2826 3299 2997 3356 usque
3023 3283 3092 3337 ad
3119 3274 3397 3334 interitum
3417 3284 3532 3324 ma-

1955 3361 2169 3454 ledictio
2212 3361 2480 3449 absorbet.
2531 3385 2718 3455 Itaque
2757 3395 2827 3435 ex
2871 3375 3156 3442 utriusque
3200 3364 3374 3437 partis
3427 3361 3534 3414 ﬁne

1957 3489 2249 3562 colligitur,
2277 3485 2402 3555 quia
2431 3482 2499 3536 ab
2521 3493 2647 3543 uno,
2667 3484 2721 3530 et
2751 3471 2940 3528 intimo
2963 3466 3143 3540 judice
3160 3462 3218 3517 in
3235 3470 3390 3515 reum
3413 3467 3534 3510 sen-

1960 3579 2129 3636 tentia
2155 3583 2366 3647 sumpta
2388 3569 2678 3642 jaculatur.
2717 3584 2737 3618 ι

2033 3667 2184 3740 (Cap.
2210 3633 2432 3732 11,.ver's.
2460 3660 2515 3726 2,
2544 3658 2598 3724 4,
2624 3653 2755 3726 etc.)
2787 3648 2945 3718 Quod.
2967 3645 3114 3701 enim
3142 3633 3537 3698 abstrahendus

1963 3728 2166 3824 Helias,
2197 3728 2356 3825 atque
2393 3749 2682 3808 elevandus
2709 3745 2778 3798 ad
2799 3741 3020 3803 caelum,
3050 3732 3275 3806 jusserit
3301 3728 3536 3788 Heliseo,

1965 3860 2025 3906 ut
2052 3817 2314 3904 resideret
2341 3846 2396 3898 in
2419 3838 2654 3910 Galgalis
2686 3853 2698 3888 :
2731 3840 2822 3888 aut
2843 3832 2897 3885 in
2923 3825 3104 3883 Bethel
3129 3837 3149 3876 :
3176 3832 3268 3876 aut
3285 3817 3496 3873 Hierico
3517 3826 3537 3865 :

1966 3944 2080 3998 sive
2093 3938 2326 3994 Jordane
2357 3952 2369 3987 :
2398 3942 2452 3988 et
2476 3907 2564 3985 ille
2587 3938 2800 3995 semper
2818 3917 3083 3989 iuraverit
3111 3928 3210 3984 per
3230 3907 3538 3970 Dominum,

1968 4033 2114 4106 quod
2155 4044 2262 4085 non
2301 4027 2630 4094 relinqueret
2667 4030 2810 4080 eum,
2847 4013 2951 4066 hoc
2993 4009 3258 4081 ﬁgurasse
3302 4001 3537 4062 videtur,

1969 4091 2115 4196 quod
2140 4091 2506 4192 apostolorum
2538 4113 2594 4168 in
2617 4125 2675 4166 se
2705 4102 2955 4162 habuerit
2978 4100 3149 4172 ﬁgura
3173 4137 3188 4164 ,
3213 4094 3306 4196 qui
3335 4093 3404 4196 ab
3425 4091 3540 4196 ipsa
3626 4159 3628 4161 b

1970 4179 2300 4273 revelatione
2342 4209 2468 4265 ﬁdei
2502 4205 2603 4278 (sic
2634 4203 2779 4259 enim
2829 4197 3217 4265 interpretatur
3262 4179 3502 4278 Galgala)
3527 4217 3542 4244 ,

1973 4310 2192 4368 Christo
2213 4303 2442 4361 Domino
2471 4297 2744 4354 individue
2773 4290 3109 4347 adhaerentes
3133 4291 3304 4348 usque
3322 4275 3376 4329 in
3402 4270 3542 4324 diem

299 4449 346 4484 BI
361 4449 410 4500 μ
420 4449 662 4491 οαη.γιιι,
678 4449 768 4496 οι)
790 4449 1194 4494 :quluquuguuu
1211 4449 1374 4474 αιυιυο
1391 4449 1527 4472 uuuu
1537 4449 1621 4471 uno
1635 4449 1812 4482 riuvco,
1825 4449 1873 4470 ω
1976 4449 2184 4457 τ-νν--ν
2198 4449 2210 4451 -
2360 4449 2379 4460 σ
3451 4451 3460 4462 ,

299 4521 564 4575 Abraham
585 4532 608 4560 ε
626 4517 838 4574 vidisti?
858 4516 924 4570 Hi
944 4513 1078 4569 tales
1093 4513 1276 4567 futuro
1289 4510 1457 4566 divini
1478 4511 1615 4580 ignis
1629 4509 1875 4564 incendio
1899 4527 1953 4587 ι)
1978 4496 2275 4550 cesserunt.
2327 4484 2568 4550 Cumque
2620 4477 2940 4532 transissem
3003 4465 3292 4523 “manem
3343 4449 3546 4587 “AM”

1648 4578 1653 4584 .
2146 4583 2180 4587 __
2263 4581 2298 4587 --
2342 4579 2353 4587 .
2408 4575 2453 4587 ..ς
2489 4575 2521 4587 ι.
2662 4572 2678 4587 1
2701 4569 2746 4587 π
2780 4569 2967 4587 τμηφ.
2999 4577 3014 4587 .
3057 4554 3268 4587 numb-
3291 4565 3390 4587 mm
3446 4547 3543 4587 nis-

299 4612 735 4681 exstinguuntur,
752 4607 944 4663 tertius
969 4612 1148 4659 autem
1183 4605 1202 4642 ί
1233 4600 1740 4672 quinquagenarius,
1771 4613 1878 4668 qua

301 4720 596 4763 conversus
625 4703 694 4758 ad
723 4701 883 4757 ﬁdem
919 4696 1222 4760 Trinitatis,
1248 4695 1583 4749 demonstrat
1609 4692 1880 4761 pmniten-

303 4800 394 4853 tia:
419 4802 775 4860 sacramenta,
809 4791 1010 4846 idcirco
1036 4787 1104 4842 ad
1132 4784 1518 4856 indulgentiam
1541 4783 1740 4838 meruit
1758 4798 1880 4853 per-

306 4889 509 4943 venire.
543 4889 569 4927 8
612 4883 900 4940 Sciendum
937 4887 1020 4934 est
1055 4877 1198 4947 quod
1229 4875 1506 4945 Scriptura
1551 4889 1707 4929 sacra
1755 4874 1882 4930 duo-

303 4983 406 5038 bus
429 4979 603 5036 modis
621 4975 950 5031 maledictum
972 4975 1236 5027 memorat
1260 4985 1274 5024 :
1303 4968 1446 5023 aliud
1465 4967 1716 5022 videlicet
1734 4963 1878 5037 quod

307 5073 598 5146 approbat,
647 5067 793 5123 aliud
830 5065 973 5135 quod
1001 5063 1220 5118 damnat
1259 5078 1272 5114 :
1302 5060 1458 5114 aliter
1486 5059 1632 5114 enim
1659 5057 1880 5112 maledi-

307 5174 457 5221 ctum
488 5159 760 5232 profertur
787 5155 991 5227 judicio
1025 5151 1279 5223 iustitiae,
1319 5151 1481 5205 aliter
1508 5149 1678 5203 livore
1706 5146 1881 5202 vindi-

309 5265 430 5311 ctae.
460 5252 803 5308 Maledictum
836 5246 1035 5319 quippe
1058 5239 1262 5315 judicio
1295 5239 1523 5310 iustitiae
1551 5239 1668 5310 ipso
1705 5237 1884 5308 primo

382 5401 409 5428 ι
441 5385 712 5440 Hactenus
742 5375 1034 5447 Gregorius
1073 5390 1086 5426 :
1121 5369 1501 5447 subsequentia
1527 5381 1692 5447 porro
1710 5364 1884 5447 verba

311 5436 668 5516 Claudii-esse
693 5436 966 5511 videnlur,
994 5460 1100 5516 non
1139 5436 1449 5516 vetust'ioris
1475 5436 1774 5516 scriptoris.

385 5507 685 5583 B'i‘éidai-Hs
712 5507 832 5592 cap.
867 5521 892 5574 1
1028 5515 1130 5592 _lib.
1160 5514 1226 5592 [ν
1267 5513 1499 5592 Regum,
1525 5524 1644 5579 quae
1667 5507 1756 5564 hic
1774 5514 1886 5561 tra-

313 5602 395 5658 dit
422 5598 696 5661 Claudius,
726 5585 1131 5663 eipressissime
1156 5585 1332 5640 docet.

390 5683 412 5711 ο
458 5668 598 5734 Qua.

389 5743 416 5780 ά
460 5733 784 5795 Pwnitentiw
805 5733 1003 5798 dicunt,
1031 5737 1135 5785 etc.

398 5823 418 5851 ο
454 5809 634 5868 Nosti?

2137 4583 2214 4656 9),
2247 4579 2384 4636 dixit
2408 4546 2589 4631 Helias
2614 4572 2681 4627 ad
2701 4569 2972 4626 Heliseum
2999 4577 3014 4615 :
3047 4554 3271 4656 Postulo
3289 4546 3544 4656 quoivis,

1978 4685 2034 4732 ut
2060 4635 2253 4746 faciam
2280 4670 2406 4736 tibi,
2439 4675 2718 4736 antequam
2745 4658 2904 4715 tollar
2932 4673 2965 4708 a
3000 4661 3070 4706 te.
3107 4646 3355 4744 Dixitque
3399 4635 3548 4693 Heli-

1978 4733 2096 4823 seus
2125 4779 2144 4818 :
2173 4733 2402 4826 obsecro,
2433 4766 2490 4812 ut
2516 4733 2610 4826 ﬁat
2642 4751 2836 4823 duplex
2858 4743 3066 4817 spiritus
3103 4748 3222 4791 tuus
3247 4733 3303 4786 in
3332 4745 3436 4826 me:

2053 4816 2363 4914 Secundum
2389 4816 2642 4904 historiae
2679 4816 2841 4897 ﬁdem
2883 4833 3078 4905 duplex
3122 4825 3345 4897 spiritus
3386 4816 3550 4914 Helia

1981 4947 2197 5005 Heliseo
2226 4942 2451 4999 collatus
2477 4945 2559 4994 est
2577 4975 2592 5002 ,
2627 4932 2754 5004 quia
2778 4927 2948 4984 multo
2987 4922 3170 4994 plures
3193 4915 3420 4971 virtutes
3445 4906 3550 4963 He-

1983 5043 2179 5106 liseus,
2211 5051 2374 5108 quam
2413 5031 2594 5087 Helias
2626 5031 2879 5097 operatus
2906 5024 3006 5076 est.
3041 5007 3388 5083 Tropologice
3421 5016 3552 5108 vero

1987 5096 2182 5207 dupler
2209 5096 2430 5200 spiritus
2466 5122 2632 5179 Helia:
2673 5096 2920 5172 Heliseo
2957 5107 3248 5165 attributus
3277 5107 3382 5166 est,
3425 5096 3552 5169 quia

1985 5191 2110 5299 post
2160 5222 2532 5279 ascensionem
2578 5209 2792 5270 Domini
2835 5219 2934 5279 per
2983 5203 3270 5258 adventum
3316 5191 3552 5265 Spiritus

2065 5357 2086 5400 ι
2313 5356 2343 5394 η.

2062 5431 2088 5472 s
2115 5356 2578 5496 Ostettiuuntur
2613 5414 2796 5496 omnia
2824 5411 2892 5468 ad
2919 5407 3022 5465 loci
3057 5401 3217 5496 huqu
3245 5395 3554 5496 explicati:-

1991 5465 3005 5564 ηεωᾜὲξιιῖιῖξῖξίἶ”ξῇξιυξιῆἐ“ὲξτωρ.
3052 5479 3106 5545 l,
3127 5465 3275 5531 'alias
3309 5465 3460 5528 num.
3496 5465 3557 5534 2,

1991 5555 2115 5626 libri
2143 5585 2194 5624 IV
2221 5555 2498 5621 Moralium
2524 5561 2580 5617 S.
2606 5555 2868 5629 Gregorii.

2063 5638 2090 5677 ³³
2119 5640 2249 5694 Cum
2280 5652 2416 5691 vero.

2072 5712 2087 5750 ί
2125 5707 2293 5764 Mala.
