4056 6350
253 349 371 410 773

911 345 1374 417 QUIESTIONES
1411 342 1562 403 xxx
1599 338 1826 400 SUPER
1859 328 2112 396 Ltsaos
2149 321 2414 394 REGUM.
2451 365 2521 378 --
2560 335 2764 392 LIBER
2796 334 2887 391 1v.

3426 323 3538 392 7⁸14

250 467 423 525 nibus
443 463 706 530 cernitur,
729 462 932 533 optima
952 471 1034 519 est
1058 482 1070 518 :
1098 479 1250 535 aquae
1269 477 1400 519 vero
1415 460 1558 516 illius
1576 459 1846 530 pessimae,
1876 459 1929 520 Α
1953 450 2186 522 gratiam
2207 452 2533 522 evangelicae
2568 450 2972 521 prtedicationis
2992 449 3135 506 intra
3171 449 3410 507 litteram
3451 451 3533 508 le-

251 561 508 618 doctrina
531 567 613 614 est
633 557 942 628 accipienda
968 557 1434 629 philosophorum,
1458 563 1512 610 et
1533 563 1840 626 poetarum,
1876 580 1878 582 τ

252 652 544 709 hominum
589 649 842 705 videlicet
881 657 1089 704 mentes
1124 650 1190 705 ad
1228 650 1536 706 dzemonum
1561 647 1759 712 cultus,
1793 651 1849 701 et

253 740 543 798 libidinem
567 781 581 806 ,
620 745 780 810 atque
817 740 1085 793 luxuriam
1130 754 1449 810 provocans.
1505 738 1676 792 Terra
1716 751 1847 790 vero

252 833 466 893 sterilis
509 847 670 888 omne
703 829 908 886 indicat
955 831 1236 887 hominum
1276 846 1445 902 genus
1477 848 1490 885 :
1523 830 1616 899 qui
1657 828 1848 882 relicto

255 935 511 984 creatore
536 925 672 992 Deo,
710 924 1014 980 obscuratis
1045 923 1293 980 sensibus
1329 921 1711 979 deserviebant
1735 935 1849 975 om-

255 1024 425 1079 nibus
460 1021 747 1077 creaturis.
780 1021 948 1087 Quem
986 1021 1130 1074 enim’
1160 1020 1214 1074 in
1245 1021 1348 1075 hoc
1380 1019 1526 1075 facto
1558 1013 1846 1080 miraculo,

254 1114 368 1170 nisi
397 1112 684 1167 Dominum
713 1112 897 1167 Jesum
936 1112 1209 1167 Christum
1239 1111 1708 1183 praefiguraverat,
1753 1108 1847 1178 qui

253 1214 550 1278 postquam
583 1207 820 1261 Verbum
847 1221 976 1259 caro
1010 1205 1212 1260 factum
1239 1213 1342 1272 est,
1375 1211 1538 1275 atque
1567 1219 1665 1275 per
1695 1200 1852 1257 mini-

256 1305 438 1353 strum
465 1299 516 1351 in
541 1295 774 1353 Jordane
802 1296 962 1350 ﬂuvio
984 1297 1250 1367 baptizari
1279 1296 1529 1366 dignatus
1551 1305 1651 1362 est,
1681 1307 1850 1364 aquas

257 1389 482 1444 Hierico
521 1388 759 1453 steriles,
805 1391 906 1444 hoc
945 1397 1027 1443 est
1057 1389 1216 1458 hujus
1241 1389 1458 1452 mundi,
1504 1387 1768 1442 convertit
1795 1386 1849 1440 in

256 1481 466 1536 lavacri
506 1469 930 1536 fecunditatem?
957 1487 1016 1534 ut
1037 1471 1299 1548 quidquid
1337 1493 1403 1532 ex
1448 1479 1528 1534 eis
1555 1491 1846 1548 regenera-

259 1583 378 1628 tum
406 1573 614 1638 fuisset,
652 1573 811 1627 talcm
835 1571 1108 1641 acciperet
1135 1571 1405 1641 spiritum.
1431 1571 1487 1625 In
1519 1571 1631 1625 sale
1651 1570 1849 1640 quippe

259 1665 531 1734 sapientia
573 1682 586 1719 :
619 1664 673 1718 in
703 1679 831 1719 vase
865 1679 993 1719 vero
1035 1661 1186 1728 rudi,
1219 1677 1348 1718 caro
1389 1653 1602 1716 Domini
1650 1659 1848 1715 intelli-

258 1758 429 1830 gitur.

339 1849 434 1919 (ιι,
485 1848 617 1918 25.)
669 1845 915 1902 Ascendit
975 1844 1216 1902 Heliseus
1257 1847 1314 1901 in
1362 1846 1562 1901 Bel/cel.
1616 1835 1925 1918 CumqueB

260 1939 570 1998 ascenderet
612 1957 704 2010 per
736 1941 894 2007 ciant,
924 1941 1074 2010 pueri
1110 1941 1258 2011 parvi
1295 1940 1490 2010 egressi
1527 1947 1646 1993 sunt
1674 1938 1737 1992 de
1775 1939 1852 1992 ci-

257 2033 443 2098 vitate,
470 2040 516 2086 et
545 2025 829 2086 illudebant
845 2032 891 2085 ei
901 2031 1130 2086 dicentes
1152 2045 1170 2082 .°
1193 2029 1428 2084 Ascende
1443 2029 1602 2094 calve,
1629 2029 1851 2082 ascende

260 2120 439 2184 calve;
467 2120 657 2192 quibus
686 2119 1000 2173 maledicens
1025 2119 1080 2173 in
1107 2120 1314 2174 nomine
1336 2111 1569 2184 Domini,
1605 2118 1852 2171 continua

259 2215 456 2283 egressi
485 2223 608 2267 sunt
642 2213 746 2267 duo
775 2213 886 2266 ursi
916 2212 979 2266 de
1010 2212 1149 2266 saltu
1168 2255 1181 2279 ,
1221 2221 1270 2273 et
1295 2209 1653 2266 laceraverunt
1685 2227 1748 2264 ea:
1777 2210 1853 2264 eis

259 2304 614 2376 quadraginta
632 2314 679 2359 et
703 2295 834 2360 duos
859 2315 1065 2376 pueros.
1090 2305 1163 2360 Et
1184 2303 1315 2360 abiit
1336 2304 1523 2360 exinde
1546 2304 1604 2359 in
1625 2313 1853 2359 montem

263 2390 515 2448 Carmeli.

340 2498 367 2528 α
402 2484 681 2553 Heliseus,
712 2487 804 2557 qui
829 2488 1216 2558 interpretatur
1243 2487 1340 2543 Dei
1365 2486 1530 2554 salus,
1560 2499 1852 2557 personam

267 2577 572 2637 Salvatoris
612 2585 851 2655 gestaSSe
881 2598 987 2636 non
1039 2577 1261 2638 dubium
1298 2590 1409 2648 est,
1463 2580 1555 2651 qui
1603 2579 1855 2635 Salvator

268 2677 571 2733 ascendens
611 2675 666 2731 in
696 2675 913 2742 Bethel,
957 2677 1060 2731 hoc
1087 2684 1170 2732 est
1201 2677 1267 2732 ad
1298 2677 1517 2731 domum
1566 2675 1659 2729 Dei
1690 2673 1853 2729 caele-

271 2775 431 2833 stem,
459 2786 490 2824 a
511 2766 732 2837 Iudaeis,
763 2769 914 2840 quasi
943 2786 972 2824 a
995 2769 1176 2840 pueris
1200 2769 1600 2838 insipientibus,
1628 2769 1855 2823 subsan-

269 2869 430 2918 natns
458 2867 572 2928 est;
606 2861 963 2916 clamantibus
994 2861 1182 2916 iisdem
1208 2859 1408 2915 Iudaeis
1441 2874 1456 2914 :
1488 2859 1721 2914 Ascende
1745 2858 1854 2913 cal-

267 2971 358 3020 ve,
392 2952 612 3008 ascende
641 2951 803 3020 calve,
853 2952 1143 3023 Cruci/iga,
1191 2951 1438 3022 cruciﬁge
1485 2949 1541 3005 in
1588 2949 1852 3006 Calvarite

263 3045 405 3110 loco,
446 3037 516 3100 ob
548 3043 702 3113 cujus
739 3043 935 3115 piaculi
968 3043 1177 3098 facinus
1216 3043 1366 3113 plebs
1405 3040 1713 3096 Judaeorum
1759 3042 1855 3096 dc-

265 3138 442 3194 cursis
467 3138 696 3202 duobus,
727 3143 781 3190 et
804 3133 1164 3206 quadraginta
1177 3134 1333 3189 annis
1350 3142 1472 3205 post
1496 3133 1849 3188 resurrectio-

1947 549 2068 620 gis,’
2080 547 2136 603 et
2160 547 2500 618 prophetiam
2522 545 2724 600 veteris
2759 543 3069 600 testamenti
3096 560 3205 598 non
3235 544 3534 600 revelatam

1947 637 2088 708 apud
2123 651 2182 691 se
2211 636 2544 691 continebat.
2577 633 2870 703 Postquam
2899 643 3032 688 vero
3070 633 3138 687 ad
3172 634 3534 703 cognitionem

1947 727 2065 781 veri
2110 724 2334 791 Helisei,
2384 727 2487 780 hoc
2530 731 2615 780 est
2656 722 2954 778 Salvatoris
3001 723 3196 788 nostri,
3249 725 3536 793 pervenire

1945 819 2276 890 promeruit,
2308 817 2425 888 ejus
2449 818 2678 873 cansilio
2701 833 2733 872 a
2761 817 2956 872 vicinis
2992 817 3106 872 suis
3143 816 3376 886 plurima
3403 832 3534 872 vasa
3567 875 3572 884 ,

1947 927 2117 968 vacua
2155 912 2333 982 petiit,
2373 913 2498 982 quia
2527 915 2649 983 post
2685 910 3052 982 apostolorum
3093 910 3538 981 praedicationem

1948 1005 2349 1060 multitudinem
2379 1006 2717 1060 credentium
2741 1021 2808 1061 ex
2845 1005 3084 1062 diversis
3112 1006 3366 1076 gentibus
3391 1007 3538 1064 intra

1951 1097 2168 1152 domum
2197 1094 2322 1152 lidei
2347 1098 2414 1152 ad
2441 1111 2502 1152 se
2533 1097 2768 1168 collegit.

2022 1190 2097 1244 De
2122 1189 2242 1244 oleo
2266 1204 2505 1259 quoque,
2541 1189 2683 1259 quod
2705 1190 2846 1261 apud
2882 1207 2942 1247 se
2968 1190 3226 1258 habebat,
3257 1191 3314 1246 in
3341 1198 3540 1247 cetera

1948 1282 2170 1336 vascula
2214 1280 2541 1348 transfudit,
2603 1282 2729 1352 quia
2777 1283 3006 1352 gratiam
3061 1282 3397 1352 Spiritualem
3441 1297 3541 1352 per

1950 1387 2045 1426 ora
2082 1371 2496 1442 praedicatorum:
2535 1372 2593 1426 iii
2630 1374 2841 1429 eunetis
2879 1374 3132 1445 gentibus
3169 1375 3415 1430 mutavit.
3459 1375 3539 1429 De

1951 1479 2058 1533 quo
2089 1464 2238 1529 oleo,
2287 1464 2342 1518 id
2370 1471 2457 1519 est
2497 1464 2678 1519 divina
2710 1466 2909 1536 gratia,
2940 1466 3080 1522 ﬁlios
3119 1479 3246 1522 suos
3286 1465 3538 1532 redemit,

1951 1556 2079 1624 quia
2101 1571 2201 1626 per
2233 1555 2434 1609 donum
2457 1556 2691 1625 Spiritus
2715 1558 2912 1624 sancti,
2943 1566 3108 1628 atque
3131 1559 3414 1614 charitatis
3442 1573 3546 1614 un-

1952 1647 2188 1703 ctionem
2236 1662 2268 1700 a
2321 1655 2586 1717 perpetua
2635 1649 2902 1704 servitute
2936 1651 3146 1721 peccati
3196 1650 3542 1720 Sometipsam

1952 1753 2077 1792 cum
2104 1737 2322 1793 cunctis
2353 1737 2603 1794 fidelibus
2632 1738 2903 1796 liberavit.

2027 1827 2045 1900 (
2064 1827 2207 1882 Vera.
2257 1827 2338 1900 8.)
2376 1827 2606 1884 Factum
2640 1838 2716 1884 est
2747 1837 2954 1897 autem,
2987 1842 3046 1888 ut
3085 1832 3331 1889 Heliseus
3362 1842 3539 1888 trans-

1951 1919 2073 1982 iret,
2102 1926 2149 1972 et
2191 1927 2308 1971 erat
2347 1918 2420 1971 ibi
2448 1920 2640 1973 mulier
2668 1937 2888 1992 magna,
2930 1939 3050 1993 qua:
3091 1923 3256 1978 tenuit
3298 1940 3437 1988 cum,
3481 1933 3545 1977 ut

1954 2009 2242 2062 comederet
2269 2025 2479 2078 panem.
2514 2008 2750 2081 Cumque
2779 2010 3080 2082 frequenter
3112 2011 3234 2066 inde
3265 2013 3541 2078 transiret,-

1952 2101 2232 2155 diuertebat
2259 2101 2328 2155 ad
2357 2111 2494 2168 eam,
2525 2112 2582 2156 ut
2609 2103 2899 2159 comederet
2927 2113 3137 2175 panem,
3161 2122 3278 2176 qua:
3303 2105 3439 2159 dixit
3469 2103 3544 2160 ad

1953 2193 2122 2248 virum
2141 2211 2297 2249 suum
2329 2208 2346 2247 :
2375 2195 2805 2251 Animadvertere
2833 2197 2974 2267 quod
3001 2199 3080 2251 vir
3102 2196 3202 2269 Dei
3227 2206 3442 2251 sanctus
3465 2203 3546 2252 est

1952 2283 2083 2351 iste,
2123 2287 2213 2356 qui
2248 2287 2438 2341 transit
2465 2304 2560 2358 per
2593 2305 2689 2342 nos
2729 2289 3050 2359 frequenter.
3095 2288 3386 2343 Faciamus
3420 2292 3546 2358 ergo

1951 2378 2278 2433 ctenaculum
2300 2397 2542 2452 parvum,
2565 2392 2614 2436 et
2641 2397 2900 2453 ponamus
2922 2384 2979 2438 in
3005 2400 3066 2438 eo
3089 2383 3304 2449 lectum,
3333 2391 3385 2437 et
3406 2397 3549 2437 men-

1951 2485 2088 2536 sam,
2116 2470 2322 2538 sellam,
2357 2482 2405 2528 et
2437 2473 2835 2544 candelabrum,
2864 2485 2924 2530 ut
2953 2492 3073 2530 cum
3101 2477 3300 2532 venerit
3324 2477 3392 2531 ad
3425 2489 3545 2543 nos,

1952 2571 2162 2618 maneat
2182 2564 2274 2631 ibi,
2304 2574 2412 2621 etc.

2023 2659 2216 2716 Mulier
2249 2660 2354 2716 ista
2385 2657 2687 2717 Sunamitis
2721 2673 2910 2734 typum
2957 2660 3220 2717 ECclesize
3247 2672 3547 2732 repraesen-

1953 2754 2123 2820 tabat,
2149 2768 2268 2823 quze
2294 2754 2612 2824 priusquam
2639 2769 2830 2810 verum
2852 2754 3151 2820 Heliseum,
3183 2754 3286 2809 hoc
3315 2761 3403 2808 est
3424 2752 3543 2808 Sal-

1951 2855 2194 2902 vatorem
2220 2854 2488 2913 nostrum,
2518 2860 2615 2916 per
2643 2847 2802 2902 fidem
2824 2847 3145 2916 susciperet,
3185 2845 3388 2901 sterilis
3412 2843 3539 2902 fuit.

1951 2937 2246 3008 Postquam
2274 2953 2406 2995 vero
2449 2940 2700 2996 eumdem
2745 2939 3034 2994 Dominum
3074 2939 3130 2993 in
3160 2937 3396 3008 hospitio
3425 2950 3547 2992 cor-

1953 3029 2037 3085 dis
2061 3030 2145 3084 sui
2178 3029 2458 3101 suscipere
2485 3032 2810 3102 promeruit,
2845 3032 3105 3106 populum
3129 3029 3364 3096 ﬁdelem,
3390 3029 3548 3100 quasi

1925 3123 2172 3192 unicum
2209 3124 2381 3179 tilium
2417 3127 2624 3196 genuit.
2661 3125 2721 3181 In
2763 3127 3066 3192 caenaculo,
3109 3124 3337 3179 altitudo
3369 3122 3496 3178 ﬁdei
3526 3137 3542 3176 :

267 3245 394 3284 nem
425 3223 740 3294 Saluatoris,
775 3234 830 3282 et
861 3226 1238 3282 ascensionem
1273 3225 1329 3279 in
1357 3225 1570 3290 calum,
1600 3239 1629 3278 ε
1659 3223 1858 3296 princ}.
1883 3201 1928 3265 Ο
1959 3215 2016 3270 in
2046 3215 2246 3272 lectulo
2286 3233 2438 3283 vero,
2465 3217 2622 3288 quies
2661 3219 2976 3289 spiritualis,
3015 3225 3177 3288 atque
3206 3216 3544 3287 contempla-

262 3321 425 3392 pibus
466 3318 863 3384 Romanorum,
912 3317 1243 3388 Vespasiano
1281 3315 1563 3383 videlicet,
1605 3324 1661 3372 et
1709 3316 1852 3384 Tito,

267 3405 484 3482 quasiil
501 3409 707 3467 duobus
732 3410 873 3465 ursis
895 3417 1210 3479 consumpta
1236 3417 1353 3474 est;
1379 3421 1536 3463 mons
1565 3423 1695 3464 vero
1719 3408 1854 3463 Car-

266 3503 463 3568 melus,
498 3499 739 3556 Ecclesia
774 3499 1119 3571 intelligenda
1165 3507 1267 3566 est,
1314 3500 1381 3555 ad
1425 3507 1618 3570 quam,
1669 3506 1854 3572 spreto

265 3589 489 3654 lsraele,
522 3603 678 3644 suum
709 3587 968 3644 Dominus
1005 3586 1279 3642 transtulit
1304 3593 1554 3659 regnum.-

340 3681 493 3754 (Cap.
515 3681 615 3752 tvo
640 3680 838 3735 Mulier
855 3681 1118 3752 quwdam,
1148 3681 1343 3751 inquit,
1369 3681 1435 3735 de
1461 3683 1714 3737 uxoribus
1735 3699 1855 3753 pro-

265 3777 548 3847 phetarum
579 3775 714 3829 venit
746 3773 814 3827 ad
853 3771 1144 3839 Heliseum,
1182 3783 1231 3827 et
1254 3774 1329 3827 ait
1357 3787 1376 3826 :
1407 3773 1600 3828 Servus
1631 3783 1752 3829 tuus
1775 3774 1856 3828 vir

265 3883 433 3931 meus,
455 3875 692 3920 mortuus
719 3875 818 3930 est,
847 3875 895 3919 et
923 3875 978 3918 tu
1000 3866 1135 3919 nosti
1160 3867 1285 3936 quia
1314 3866 1500 3920 timens
1525 3876 1638 3920 erat
1659 3867 1848 3920 Deum.

266 3957 338 4011 Et
376 3974 490 4011 ecce
527 3973 663 4011 nunc
693 3957 900 4011 veniens
942 3957 1169 4010 creditor
1201 3973 1345 4010 meus
1371 3956 1504 4010 duos
1537 3957 1676 4025 filios
1710 3973 1852 4012 meos

264 4049 381 4105 vult
412 4049 588 4104 tollere
610 4052 666 4105 in
688 4051 958 4105 aemilium
979 4049 1098 4104 sibi.
1123 4048 1222 4103 Cui
1251 4049 1386 4104 dixit
1418 4048 1681 4104 Heliseus.
1711 4050 1850 4115 Quid

266 4142 430 4196 habes
461 4143 516 4197 in
557 4143 710 4198 demo
743 4144 874 4198 tua?
899 4142 1088 4196 Indica
1117 4141 1247 4195 mihi
1275 4154 1293 4191 :
1317 4144 1366 4195 et
1402 4141 1519 4208 illa,
1563 4142 1848 4209 modicum,

267 4234 468 4306 inquit,
511 4235 632 4301 olei,
674 4248 778 4307 quo
805 4249 976 4306 ungar
999 4248 1018 4286 :
1050 4234 1119 4287 ad
1161 4250 1318 4305 quam
1357 4231 1620 4299 Heliseus,
1651 4233 1778 4287 vade
1804 4241 1852 4287 et

268 4336 384 4397 pete
409 4327 502 4381 tibi
529 4335 658 4383 vasa
688 4341 794 4382 non
825 4337 996 4398 pauca
1021 4344 1039 4382 :
1068 4336 1116 4381 et
1141 4327 1376 4398 ingressa
1405 4326 1700 4381 cubiculum
1730 4326 1852 4382 tolle

268 4421 334 4474 de
357 4422 469 4491 ipso
492 4420 603 4476 oleo
625 4462 641 4487 ,
671 4431 720 4476 et
759 4422 902 4476 mitte
933 4421 986 4475 in
1018 4421 1194 4475 vasis:
1221 4429 1278 4474 tu
1304 4421 1543 4490 infunde,
1571 4430 1619 4476 et
1647 4421 1749 4490 filii
1772 4422 1850 4475 tui

269 4512 493 4581 aferant
522 4527 668 4568 vasa.
693 4512 926 4584 Cumque
952 4512 1163 4582 impleta
1192 4512 1411 4581 fuerint,
1441 4513 1619 4577 vende,
1654 4521 1702 4565 et
1726 4512 1847 4566 red-

267 4604 336 4657 de
376 4604 622 4658 creditori
650 4613 739 4658 tuo
773 4618 792 4655 :
819 4615 875 4658 tu
901 4613 1076 4658 autem
1095 4643 1110 4669 ,
1144 4611 1192 4656 et
1226 4601 1326 4670 ﬁlii
1356 4601 1434 4655 tui
1461 4602 1614 4656 vivite
1642 4603 1706 4656 de
1730 4602 1851 4656 reli-

266 4710 392 4766 quo.
424 4695 556 4761 Quae
581 4696 730 4761 abiit,
771 4705 820 4750 et
840 4696 960 4768 fecit
985 4696 1119 4749 sicut
1146 4695 1194 4748 ei
1216 4695 1296 4748 vir
1322 4693 1420 4747 Dei
1443 4704 1780 4765 praeceperat.

343 4788 372 4826 δ
400 4787 590 4842 Mulier
612 4788 728 4843 haec
748 4787 909 4843 vidua
926 4827 941 4854 ,
973 4787 1252 4856 antiquam
1273 4793 1587 4841 sanctorum
1608 4784 1854 4852 Patrum,

268 4879 364 4948 qui
393 4880 492 4934 sub
521 4880 638 4950 lege
664 4879 917 4945 fuerunt,
951 4877 1275 4950 signiﬁcavit
1297 4877 1616 4944 Ecclesiam,
1649 4872 1768 4946 quae
1799 4879 1855 4933 in

270 4971 505 5025 adventu
537 4970 856 5037 Salvatoris,
899 4987 930 5025 a
974 4971 1238 5043 legalibus
1277 4972 1584 5042 praeceptis,
1621 4972 1777 5041 quasi
1821 4985 1852 5026 a

268 5059 512 5131 legitimo
539 5062 662 5118 viro
692 5061 970 5128 destituta,
995 5077 1116 5117 eum
1147 5063 1355 5117 duobus
1376 5062 1757 5132 superstitibus
1793 5061 1854 5116 ti-

268 5151 376 5218 liis,
410 5153 466 5208 id
494 5161 578 5209 est
600 5153 816 5225 gemino
837 5154 1038 5224 papqu
1062 5152 1319 5208 derelicta
1346 5161 1450 5208 est.
1473 5153 1727 5209 Creditor
1747 5154 1851 5208 bu-

263 5242 356 5314 jus
367 5244 647 5312 Ecclesiae,
671 5246 916 5302 diabolus
937 5245 1308 5316 intelligendus
1322 5253 1425 5310 est,
1443 5245 1534 5315 qui
1558 5245 1852 5300 humanum

269 5352 442 5407 genus
485 5348 613 5394 ante
655 5339 947 5397 adventum
978 5337 1279 5392 Salvatoris
1306 5350 1406 5406 per
1423 5336 1687 5407 originale
1720 5337 1853 5392 deii-

267 5439 440 5498 ctum,
465 5441 522 5488 et
547 5433 864 5504 quotidiana
885 5438 1109 5504 peccata
1134 5429 1428 5485 obnoxium
1457 5429 1694 5496 tenebat,
1721 5431 1849 5501 quia

345 5615 559 5698 anllanc
581 5631 795 5688 quoque
823 5615 1241 5698 explicationem
1261 5613 1561 5698 desumpsit
1592 5616 1660 5671 ab
1691 5614 1856 5671 Isido-

272 5699 335 5742 ro
361 5685 647 5751 Claudius,
676 5685 948 5742 nonnullis
975 5695 1153 5741 tamen
1195 5685 1511 5740 immutatis.

345 5759 376 5799 δ
423 5757 666 5813 Similem
716 5756 875 5824 hujus
920 5757 1330 5826 explicationem
1371 5756 1534 5814 habet
1574 5757 1852 5824 Paterius,

276 5827 505 5886 ideooue
528 5829 844 5900 Gregorius,
867 5843 1027 5899 quem
1051 5826 1292 5883 consule.

1957 3311 2120 3365 tionis
2160 3311 2332 3366 otium
2363 3312 2756 3382 praefiguntur.
2787 3312 2847 3368 in
2889 3321 3076 3368 mensa
3119 3319 3332 3377 autem,
3364 3310 3548 3365 unitas

1957 3401 2118 3468 fidei,
2148 3410 2202 3458 et
2240 3404 2529 3458 concordia
2568 3403 2970 3474 praedicationis
3017 3403 3277 3459 inanitur.
3321 3400 3381 3457 In
3416 3399 3548 3457 sella

1956 3505 2106 3560 vero,
2140 3494 2371 3550 docendi
2399 3502 2640 3567 poteStas
2675 3513 2689 3548 :
2732 3495 2786 3550 in
2812 3495 3198 3563 candelabro;
3218 3490 3549 3550 illuminatio

1956 3585 2103 3653 ﬁdei,
2131 3587 2247 3642 sive
2273 3587 2498 3643 claritas
2525 3589 2788 3643 virtdtum
2814 3588 3155 3658 exprimitur.

2025 3676 2157 3734 Post
2177 3679 2295 3735 hzec
2315 3679 2484 3735 refert
2508 3678 2789 3750 Scriptura
2809 3677 2988 3752 (Vera.
3004 3679 3092 3742 20,
3109 3686 3155 3733 et
3179 3676 3312 3749 seq.)
3341 3677 3408 3730 de
3435 3675 3547 3730 tilio

1956 3766 2276 3836 Sunamitis,
2296 3785 2456 3839 quem
2477 3783 2613 3840 puer
2625 3769 2824 3825 Helisei
2852 3772 3052 3825 m’is‘sus
3075 3785 3198 3823 cum
3222 3768 3416 3822 baculo
3435 3780 3545 3821 non

1957 3862 2246 3915 resuscitat
2283 3879 2295 3913 :
2334 3877 2433 3932 per
2478 3862 2826 3932 semetipsum
2858 3877 2988 3918 vero
3011 3861 3254 3924 veniens,
3283 3866 3447 3928 atque
3478 3856 3547 3912 ad

1954 3952 2072 4022 ejus
2104 3953 2347 4007 membra
2377 3965 2435 4007 se
2455 3953 2738 4024 colligens,
2767 3954 2876 4007 huc
2913 3953 3144 4021 illucque
3165 3947 3545 4018 deambulans,

1955 4051 2012 4097 et
2030 4043 2084 4098 in
2111 4057 2207 4098 ore
2235 4045 2434 4098 mortui
2461 4045 2662 4114 septies
2697 4045 2963 4114 aspirans,
2981 4045 3125 4099 hunc
3152 4044 3218 4098 ad
3244 4044 3545 4100 redivivam

1955 4135 2130 4192 lucem
2156 4136 2401 4207 protinus
2432 4151 2530 4207 per
2557 4137 2876 4208 mysterium
2907 4135 3298 4207 compassionis
3326 4137 3544 4192 anima-

1953 4227 2052 4282 vit.
2097 4243 2115 4279 ι
2166 4227 2304 4295 Quia
2332 4228 2584 4283 videlicet
2613 4239 2634 4268 ο
2669 4235 2860 4284 auctor
2888 4229 3108 4283 humani
3139 4229 3356 4299 generis
3399 4229 3545 4284 Deus

1955 4321 2110 4389 quasi
2158 4330 2432 4376 mortuum
2470 4335 2699 4390 puerum
2731 4320 2920 4385 doluit,
2955 4329 3077 4374 enm
3105 4321 3406 4375 exstinctos
3445 4334 3546 4374 nos

1954 4411 2259 4480 iniquitatis
2296 4412 2484 4467 aculeo
2536 4412 2828 4468 miseratus
2880 4412 3110 4481 aspexit.
3161 4411 3228 4465 Et
3269 4410 3397 4480 quia
3444 4424 3544 4481 per

1955 4503 2170 4576 Moysen
2190 4547 2204 4572 ,
2238 4515 2503 4562 terrorem
2534 4503 2668 4575 legis
2693 4505 2962 4577 protulit,
2992 4505 3146 4576 quasi
3178 4519 3277 4574 per
3318 4519 3547 4575 puerum

1959 4597 2165 4667 virgam
2209 4599 2356 4654 misit
2389 4617 2402 4654 :
2431 4616 2529 4671 per
2566 4601 2742 4672 legem
2769 4600 2966 4670 quippe
2987 4640 3002 4665 ,
3036 4598 3245 4669 virgam
3289 4599 3429 4652 Deus
3469 4605 3548 4654 te-

1959 4697 2155 4744 nuerat
2199 4707 2323 4746 cum
2358 4691 2574 4748 dicebat
2604 4711 2617 4746 :
2648 4694 2692 4747 si
2728 4693 2850 4762 quis
2889 4692 3007 4746 hzec
3064 4690 3148 4745 vel
3196 4689 3284 4744 illa
3332 4688 3542 4756 fecerit,

1957 4788 2132 4836 morte
2181 4781 2463 4837 moriatur.
2494 4781 2536 4836 A
2573 4783 2785 4853 peccati
2830 4781 2995 4853 igitur
3027 4788 3203 4836 morte
3244 4781 3405 4835 timor
3445 4796 3546 4837 nos

1957 4871 2220 4928 suscitare
2275 4888 2382 4928 non
2444 4873 2646 4941 valuit,
2706 4873 2802 4930 sed
2855 4873 2882 4913 ά
2937 4877 3146 4928 tantum
3212 4873 3335 4928 vitae
3397 4873 3542 4944 aspi-

1956 4968 2072 5016 rata
2133 4965 2566 5021 mansuetudinis
2617 4965 2790 5037 gratia
2834 4965 3028 5020 erexit.
3073 4963 3178 5020 Sed
3227 4979 3363 5034 puer
3419 4980 3541 5020 cum

1956 5053 2151 5111 baculo
2178 5066 2450 5113 mortuum
2478 5059 2742 5114 suscitare
2765 5074 2870 5112 non
2899 5057 3088 5122 valuit,
3116 5058 3242 5127 quia
3269 5055 3438 5112 Paulo
3463 5063 3542 5112 at-

1955 5149 2190 5202 testante
2215 5147 2400 5220 (Hebr.
2425 5165 2523 5215 vn,
2545 5149 2627 5222 19)
2654 5149 2785 5204 nihil
2807 5149 2877 5204 ad
2896 5152 3183 5222 perfectum
3203 5151 3418 5207 adducit
3438 5151 3541 5206 lex.

1954 5238 2074 5309 ipse
2101 5235 2281 5294 autem
2304 5255 2402 5309 per
2430 5241 2778 5312 semetipsum
2798 5244 3044 5309 veniens,
3067 5250 3121 5298 et
3145 5249 3306 5315 super
3319 5245 3547 5300 cadaver

1956 5344 2017 5386 se
2045 5330 2327 5388 humiliter
2360 5341 2636 5401 sternens,
2680 5335 2748 5389 ad
2775 5337 3111 5406 exaequanda
3143 5338 3344 5391 mortui
3374 5339 3547 5391 meni-

1956 5428 2055 5484 bra
2084 5441 2144 5484 se
2170 5428 2407 5501 collegit,
2436 5430 2562 5500 quia
2589 5427 2810 5502 (Philip.
2838 5443 2898 5498 n,
2934 5427 2988 5503 6)
3022 5447 3140 5485 cum
3167 5431 3222 5485 in
3246 5431 3419 5501 {arma
3447 5427 3547 5485 Dei

2034 5622 2055 5648 ο
2073 5609 2482 5681 Subsequentia
2507 5612 2786 5681 desumpta
2809 5620 2938 5667 sunt
2964 5628 3032 5668 ex
3057 5611 3297 5678 Paterio,
3317 5611 3547 5681 ideoque

1959 5697 2044 5808 eis"):l
2054 5680 2318 5752 Gregorio
2351 5683 2469 5738 inec
2495 5680 2742 5740 tradente
2768 5702 2824 5740 n.
2860 5683 2930 5740 65
2971 5700 3093 5754 cap.
3125 5683 3198 5738 40
3218 5683 3311 5739 lib.
3343 5697 3398 5738 ιι
3431 5680 3545 5735 Mo-

1965 5771 1989 5808 l‘
2047 5794 2061 5807 .

1965 5771 2061 5809 rat.
2184 5811 2190 5822 ,
2259 5813 2264 5821 _

2035 5824 2060 5865 ά
2110 5823 2190 5877 Ad
2221 5837 2434 5880 stutum.
