4056 6350
499 325 608 384 ’175

1561 305 1840 369 CLAUDII
1877 299 2346 363 TAURINENSIS
2385 295 2693 356 EPlSCOPl

3655 287 3762 342 776

501 451 633 502 esset
654 455 761 496 non
779 437 1022 508 rapinam
1047 412 1435 490 arbitratus’est
1461 445 1571 485 esse
1594 446 1649 483 se
1673 427 1926 500 (aqualem
1947 425 2076 490 Deo,
2108 422 2163 484 A
2186 427 2281 474 aut
2306 417 2619 490 baptizavit,
2654 417 2757 470 hoc
2777 411 3141 508 signiﬁcatum
3175 414 3277 474 est,
3309 406 3454 508 quod
3486 403 3764 508 Christus,

503 537 592 593 sed
627 531 960 602 semetipsum
1003 527 1322 592 exinanivit,
1361 525 1586 596 formam
1619 523 1753 578 servi
1797 520 2077 591 accipiens,

504 631 560 683 in
584 622 979 681 similitudinem
1009 619 1280 674 hominum
1311 617 1482 687 {actus
1502 656 1517 681 ,
1549 622 1596 668 et
1635 612 1816 668 habitu
1845 613 2081 665 inventus

506 727 562 772 ut
593 717 765 770 homo.
802 712 919 768 Huc
949 710 1182 780 illucque
1218 707 1544 773 deambulat,
1577 704 1705 775 quia
1753 711 1807 758 et
1844 701 2085 756 Iudaeam

501 807 677 878 juxta,
702 812 758 859 et
781 805 940 875 longe
961 802 1169 872 positas
1194 807 1379 872 gentes
1408 806 1587 853 vocat.
1619 795 1793 864 Super
1812 800 2084 848 mortuum

508 900 709 971 septies
738 910 764 939 α
790 896 1033 965 inspirat,
1061 895 1187 964 quia
1212 908 1312 963 per
1334 891 1690 962 aperitionem
1717 885 1887 942 divini
1915 883 2089 939 numi-

509 991 595 1046 nis
621 990 794 1061 gratia
813 985 1142 1056 septiformis
1164 984 1384 1054 spiritus
1405 983 1460 1038 in
1479 980 1688 1053 peccati
1714 985 1889 1032 morte
1906 975 2092 1048 jacen-

509 1081 657 1137 tibus
678 1080 911 1151 aSpirat;
950 1092 1182 1148 moxque
1205 1077 1396 1131 vivens
1419 1074 1666 1144 erigitur,
1703 1069 1830 1141 quia
1856 1069 1904 1124 is
1927 1083 2090 1139 quem

510 1177 740 1234 terroris
764 1175 916 1245 virga
953 1173 1218 1230 suscitare
1262 1186 1371 1226 non
1402 1168 1602 1239 potuit,
1631 1181 1728 1237 per
1754 1163 1956 1220 amoris
1984 1162 2095 1233 spi-

511 1271 677 1328 ritum
706 1282 850 1341 puer_
863 1268 931 1323 ad
956 1267 1123 1321 vitam
1147 1265 1327 1320 rediit.
1362 1281 1384 1317 ι

585 1361 736 1434 (Cap.
771 1359 852 1432 v.)
884 1359 1005 1415 Iam
1027 1373 1172 1412 nunc
1195 1355 1427 1412 historia
1465 1351 1711 1408 Naaman
1740 1349 1866 1421 Syri
1906 1361 2095 1419 perse-

512 1453 730 1525 quenda
777 1459 879 1507 est.
923 1449 1183 1520 Superius
1225 1447 1566 1504 ostendimus
1603 1443 1879 1499 Heliseum
1907 1448 2097 1512 typum

512 1543 770 1599 habuisse
796 1541 1010 1597 Domini
1042 1539 1359 1595 Salvatoris.
1401 1535 1648 1590 Naaman
1679 1549 1815 1589 vero
1841 1532 2098 1603 princeps

513 1634 721 1689 militia:
748 1631 948 1704 Syriae,
978 1633 1070 1703 qui
1105 1631 1350 1701 leprosus
1389 1636 1529 1694 erat,
1568 1634 1623 1683 et
1651 1632 1977 1696 suggerente
2003 1638 2101 1676 an—

518 1725 641 1780 cilla
679 1727 747 1780 ad
773 1726 992 1782 beatum
1031 1725 1303 1781 Heliseum
1347 1723 1620 1778 sanandus
1647 1720 1886 1784 advenit,
1928 1732 2098 1788 popu—

2181 529 2291 569 non
2311 527 2409 582 per
2439 511 2677 581 seipsum
2711 508 2859 563 venit
2889 507 2957 561 ad
2982 504 3237 576 p0pulum
3261 499 3525 573 gentium,
3550 497 3647 553 sed
3672 511 3768 568 per

2182 603 2453 676 apostolos
2476 618 2622 669 suos,
2641 601 2765 672 quia
2788 599 2893 654 illis
2909 597 3045 652 dixit
3067 594 3282 668 (Matth.
3307 607 3502 655 xxviii,
3523 588 3615 658 19)
3635 607 3648 642 ;
3666 587 3769 655 Ite,

2183 707 2230 752 et
2261 697 2518 767 baptizate
2548 709 2726 748 omnes
2761 692 2817 745 in
2848 689 3054 744 nomine
3082 685 3281 750 Patris,
3315 692 3365 736 et
3393 679 3544 745 Filii,
3571 689 3622 732 et
3651 676 3774 748 Spi-

2185 791 2316 844 ritus
2361 788 2530 842 sancti
2557 803 2574 841 :
2604 794 2660 841 et
2689 786 2794 840 hoc
2815 781 3200 837 attendendum
3225 786 3330 842 est,
3352 774 3479 846 quia
3501 772 3768 834 Naaman,

2186 880 2278 950 qui
2300 879 2554 950 populum
2582 877 2818 949 gentium
2855 873 3151 944 ﬁgurabat,
3184 870 3240 924 in
3271 868 3362 922 illo
3386 866 3550 920 ﬂuvio
3575 863 3778 918 sanita-

2189 981 2298 1026 tem
2337 971 2570 1040 recepit,
2617 982 2778 1038 quem
2811 973 3001 1035 postea
3035 962 3285 1018 Christus
3323 973 3419 1014 suo
3446 956 3777 1026 baptismate

2189 1064 2546 1122 consecravit.
2596 1061 2750 1128 Quod
2785 1058 3010 1114 audiens
3058 1054 3323 1118 Naaman,
3382 1059 3442 1105 ut
3501 1049 3779 1102 lavaretur

2192 1158 2393 1227 septies
2428 1156 2484 1208 in
2516 1152 2752 1207 Iordane
2780 1149 3089 1218 indignatus
3131 1154 3216 1200 est
3241 1145 3424 1198 dicens
3456 1139 3475 1213 (
3501 1158 3636 1195 vers.
3696 1140 3782 1203 11,

2193 1257 2241 1302 et
2272 1245 2360 1317 12)
2390 1263 2404 1299 :
2439 1242 2694 1314 Nunquid
2737 1258 2840 1294 non
2881 1239 3098 1294 meliora
3137 1246 3257 1290 sunt
3284 1235 3509 1305 ﬂumina
3557 1233 3784 1302 regionis

2193 1352 2340 1401 mete,
2396 1334 2617 1404 ﬂumina
2664 1332 2915 1386 Damasci
2971 1329 3156 1382 Abana
3193 1337 3241 1382 et
3285 1324 3591 1396 Pharphar,
3639 1337 3695 1376 ut
3735 1324 3787 1378 in

2197 1428 2322 1498 ipsis
2364 1425 2526 1491 laver,
2576 1433 2625 1477 et
2671 1423 2930 1477 munder?
2960 1420 3090 1474 Htcc
3135 1417 3228 1473 illo
3267 1418 3466 1472 dicente
3505 1417 3787 1472 consilium

2199 1518 2452 1572 dederunt
2477 1516 2609 1571 servi
2636 1515 2718 1570 sui
2741 1554 2756 1582 ,
2790 1524 2847 1568 ut
2877 1514 3222 1584 acquiesceret
3254 1512 3518 1582 propheta’
3545 1510 3787 1564 consilio.

2274 1609 2414 1676 Quid
2443 1614 2625 1662 autem
2652 1607 2758 1661 hoc
2789 1604 3077 1676 signiﬁcet,
3115 1603 3433 1658 intuendum
3459 1611 3565 1657 est.
3593 1601 3625 1642 δ
3663 1601 3792 1656 San-

2204 1709 2324 1756 ctus
2354 1699 2618 1764 Heliseus,
2649 1699 2791 1753 sicut
2824 1698 3082 1764 diximus,
3107 1706 3290 1768 typum
3310 1697 3548 1751 habebat
3576 1695 3790 1750 Domini

515 1779 629 1871 inm
655 1779 896 1887 gentium
918 1779 1191 1887 ﬁguravit.
1218 1815 1404 1870 Puella
1431 1827 1558 1868 vero
1583 1811 1819 1883 iparvula
1837 1851 1852 1876 ,
1875 1779 2016 1880 quae
2034 1809 2100 1863 de

2211 1791 2506 1847 Salvatoris
2552 1805 2566 1843 :
2609 1789 2853 1844 Naaman
2895 1789 3165 1860 ﬁgurabat
3199 1787 3456 1858 populum
3500 1788 3790 1859 gentium;

518 1915 666 1962 terra
694 1906 854 1962 Israel
897 1907 965 1962 ab
993 1907 1232 1978 Assyriis
1275 1913 1453 1975 capta,
1499 1911 1554 1958 et
1584 1903 1639 1957 in
1667 1900 1881 1971 Syriam
1909 1899 2100 1963 ducta,

527 1998 685 2053 uxori
713 1997 958 2052 Naaman
987 1998 1269 2054 servitium
1296 1997 1614 2060 exhibebat,
1645 2003 1699 2048 et
1729 1992 1958 2049 domina:
1995 2005 2107 2045 suae

518 2099 897 2162 suggesserat,
928 2092 1070 2160 quod
1099 2093 1144 2144 si
1176 2091 1246 2145 ad
1269 2089 1487 2144 beatum
1527 2086 1797 2142 Heliseum
1829 2091 2104 2155 pergeret,

518 2181 808 2236 sanitatem
837 2187 1276 2249 consequeretur,
1305 2179 1442 2249 legis
1471 2176 1783 2246 accipienda
1809 2182 1891 2230 est
1914 2174 2056 2228 fama
2088 2191 2100 2226 :

519 2270 725 2326 idcirco
753 2271 1003 2326 videlicet
1041 2270 1266 2339 parvula
1302 2276 1640 2337 nuncupata,
1691 2267 1818 2336 quia
1865 2273 1924 2320 ut
1963 2265 2108 2335 Apo-

521 2363 692 2418 stolus
742 2364 818 2416 ait
859 2380 872 2416 ε
909 2360 1132 2415 Nullum
1178 2362 1247 2415 ad
1280 2361 1568 2431 perfectum
1613 2358 1896 2429 perducere
1944 2356 2108 2411 valuit

524 2455 712 2528 (Hebr.
743 2471 840 2522 vn,
877 2455 998 2527 i9);
1049 2454 1226 2509 omnis
1273 2455 1418 2508 enim
1463 2452 1724 2524 perfectio
1774 2451 1830 2506 in
1879 2449 2109 2504 Domino

519 2546 648 2603 Iesu
677 2547 893 2603 Christo
917 2557 1001 2602 est
1033 2566 1044 2601 :
1081 2547 1223 2602 fama
1255 2548 1455 2618 quippe
1494 2561 1680 2601 eorum
1701 2587 1716 2611 ,
1745 2560 1865 2614 qua:
1902 2545 1961 2599 in
1987 2543 2109 2611 lege

521 2639 881 2706 decastitate,
919 2647 973 2693 et
995 2639 1310 2704 sobrietate,
1339 2638 1622 2707 patientia,
1660 2635 1891 2704 iustitia,
1922 2635 2110 2704 hospi-

523 2732 764 2799 talitate,
817 2733 1050 2801 pietate,
1109 2732 1429 2801 caeterisque
1490 2729 1782 2784 virtutibus
1835 2727 2112 2783 habebant

525 2822 843 2894 Scripturae,
879 2826 947 2879 ad
980 2823 1266 2878 universas
1302 2829 1629 2892 pervenerat
1662 2819 1910 2874 nationes
1940 2837 1952 2872 :
1983 2817 2111 2888 quia

525 2913 734 2969 licet-in
759 2923 1001 2984 tempore
1025 2914 1115 2968 illo
1141 2916 1196 2969 in
1231 2915 1344 2969 sola
1374 2912 1560 2968 Iudaea
1591 2911 1882 2983 prophetia
1912 2909 2112 2964 ﬂorue—

527 3007 631 3073 rit,
681 3006 798 3061 ﬁeri
835 3015 1018 3062 tamen
1053 3021 1162 3060 non
1195 3014 1439 3076 poterat,
1471 3005 1575 3059 nisi
1600 3013 1661 3059 ut
1687 3003 1854 3058 etiam
1887 3003 1955 3058 ad
1977 3001 2114 3056 alias

526 3099 735 3154 vicinas
756 3106 942 3170 gentes
963 3098 1122 3152 beata
1145 3097 1262 3168 ejus
1284 3097 1474 3152 notitia
1495 3095 1822 3166 perveniret.
1847 3092 1914 3148 Et
1948 3108 2114 3164 quan-

526 3204 688 3259 quam
715 3189 959 3244 eamdem
989 3186 1265 3243 custodire
1301 3185 1719 3252 contenderent,
1752 3192 1936 3240 tamen
1965 3185 2115 3238 velut

527 3281 741 3349 captiva
787 3280 991 3335 eisdem
1028 3279 1315 3344 serviebat,
1342 3278 1469 3348 quia
1493 3277 1759 3334 idolatria:
1802 3277 1971 3332 cultui
2017 3277 2116 3332 de-

532 3373 658 3427 ditm
682 3382 855 3425 erant.
887 3371 1088 3426 Tamen
1118 3370 1324 3425 audivit
1359 3369 1602 3424 Naaman
1635 3369 1904 3440 puellam,
1937 3376 1995 3424 et
2018 3383 2114 3422 ve-

533 3463 617 3517 nit
654 3463 722 3518 ad
755 3461 1029 3516 Heliseum
1059 3463 1334 3518 sanandus
1359 3477 1390 3516 a
1412 3462 1563 3532 lepra
1599 3479 1612 3515 :
1651 3472 1705 3517 et
1736 3463 1966 3533 populus
1988 3477 2118 3533 gen-

534 3550 700 3618 tium,
733 3554 825 3623 qui
855 3553 1059 3607 audivit
1098 3552 1298 3607 famam
1330 3551 1496 3622 legis,
1529 3560 1584 3606 et
1616 3553 1994 3623 prophetiam,
2020 3568 2116 3608 ve-

533 3645 690 3704 niens
724 3646 790 3700 ad
833 3643 1131 3711 Christum,
1178 3645 1244 3698 ab
1293 3643 1533 3698 omnium
1572 3651 1924 3712 peccatorum
1970 3644 2120 3713 lepra

533 3735 864 3806 purgandus.
905 3733 1046 3802 Quid
1091 3743 1270 3790 tamen
1314 3734 1449 3790 dixit
1491 3734 1681 3789 beatus
1732 3733 1978 3789 Heliseus
2023 3749 2123 3803 per

534 3829 785 3883 nuntium
820 3828 889 3883 ad
913 3827 1173 3891 Naaman,
1204 3827 1503 3883 videamus.
1543 3825 1635 3880 Ait
1687 3826 1831 3881 enim
1861 3827 1910 3880 ei
1963 3826 2118 3897 (vers.

539 3920 628 3992 10)
664 3936 679 3973 :
725 3918 892 3986 Vade,
927 3919 1131 3990 inquit,
1173 3917 1348 3973 lavare
1383 3919 1567 3989 septies
1597 3918 1652 3971 in
1677 3916 1933 3971 Iordane.
1971 3915 2125 3982 Quod

537 4029 663 4068 cum
699 4012 937 4067 audisset
963 4010 1234 4077 Naaman,
1274 4019 1484 4066 tantum
1527 4019 1589 4065 ut
1623 4010 1896 4066 lavaretur
1926 4010 2125 4080 septies

537 4104 596 4159 in
624 4103 861 4160 Iordane
898 4103 1052 4175 (vers.
1078 4105 1166 4169 11,
1199 4113 1247 4158 et
1283 4103 1414 4178 seq.)
1435 4143 1449 4170 ,
1479 4103 1791 4172 indignatus
1825 4112 1930 4169 est,
1957 4110 2011 4158 et
2033 4119 2127 4158 vo-

539 4196 685 4251 lebat
733 4211 982 4262 renuere,
1026 4195 1120 4251 sed
1155 4195 1224 4248 ab
1261 4195 1450 4249 amicis
1480 4195 1592 4248 suis
1631 4193 1860 4249 consilio
1905 4201 2127 4264 accepto

539 4287 810 4357 acquievit
835 4293 895 4341 ut
927 4285 1224 4351 lavaretur,
1257 4293 1314 4340 et
1341 4293 1600 4356 purgatus
1646 4291 1748 4339 est.
1781 4283 1895 4338 Hoc
1923 4282 2129 4353 signiﬁ-

542 4380 713 4445 cavit,
756 4378 884 4448 quia
937 4376 1166 4448 populus
1217 4375 1474 4446 gentium,
1534 4384 1824 4445 antequam
1877 4373 2128 4429 Christus

2206 1885 2350 1956 quod
2377 1899 2508 1938 vero
2536 1882 2603 1938 de
2642 1882 2754 1937 suis
2779 1881 3091 1936 ﬂuminibus
3131 1881 3415 1941 sanitatem
3448 1894 3510 1934 se
3547 1888 3794 1948 receptu-

2205 1992 2328 2030 rum
2371 1989 2492 2030 esse
2525 1973 2810 2038 credebat;
2843 1973 2947 2028 hoc
2988 1972 3291 2038 indicabat,
3320 1971 3462 2041 quod
3493 1987 3670 2041 genus
3704 1972 3796 2025 hu-

2207 2083 2426 2123 manum
2473 2068 2539 2123 de
2581 2065 2752 2121 libero
2800 2065 3049 2132 arbitrio,
3093 2073 3149 2118 et
3185 2064 3252 2119 de
3300 2064 3540 2135 propriis
3584 2064 3797 2118 meritis

2205 2161 2603 2232 praesumebat:
2631 2160 2728 2216 sed
2750 2160 2968 2229 propria
2999 2158 3194 2212 merita
3223 2157 3339 2212 sine
3374 2159 3554 2230 gratia
3586 2157 3794 2212 Christi

2207 2251 2516 2307 libertatem
2558 2251 2758 2306 habere
2793 2258 3042 2320 possunt,
3078 2247 3364 2304 sanitatem
3398 2248 3648 2319 recipere
3688 2264 3799 2303 orn-

2208 2342 2337 2398 nino
2377 2357 2484 2396 non
2512 2349 2756 2411 possunt.
2791 2339 2947 2396 Unde
2984 2339 3089 2394 nisi
3125 2340 3193 2394 ad
3221 2339 3528 2410 exemplum
3556 2339 3799 2395 Naaman

2209 2418 2506 2488 humanum
2537 2449 2708 2504 genus
2752 2431 3041 2489 consilium
3087 2429 3285 2486 Helisei
3313 2432 3588 2496 audisset,
3623 2432 3680 2486 id
3727 2441 3801 2486 est

2208 2539 2306 2595 per
2351 2523 2550 2579 Christi
2605 2525 2836 2596 gratiam
2884 2524 3086 2578 donum
3121 2523 3463 2592 baptismatis
3516 2524 3799 2580 humiliter

2210 2612 2535 2686 excepisset,
2564 2617 2633 2670 ab
2674 2615 2926 2687 originali
2955 2625 3011 2669 et
3041 2615 3241 2670 actuali
3265 2614 3414 2684 lepra
3439 2615 3671 2670 liberari
3700 2604 3799 2670 non

2209 2715 2409 2778 posset.
2430 2706 2570 2779 (Sive
2599 2707 2757 2760 aliter
2790 2705 3009 2760 ﬂumina
3035 2705 3320 2773 Damasci,
3351 2721 3587 2776 quarum
3632 2724 3802 2779 aquas

2212 2802 2456 2857 Naaman
2495 2802 2664 2873 Syrus
2702 2802 2954 2858 meliores
2986 2802 3143 2870 aquis
3168 2799 3423 2857 Iordanis
3452 2815 3582 2858 esse
3609 2805 3800 2873 opina-

2211 2897 2391 2960 batur,
2425 2895 2586 2964 hujus
2611 2897 2796 2952 mundi
2822 2895 3129 2967 signiﬁcant
3158 2896 3503 2966 sapientiam,
3530 2912 3697 2967 quam
3720 2913 3808 2967 po-

2210 2990 2370 3060 pulus
2394 2991 2650 3061 gentium,
2696 2991 3015 3061 priusquam
3046 2991 3206 3046 ﬁdem
3242 2990 3444 3045 Christi
3471 2993 3806 3061 perciperet,

2139 3135 2186 3199 Ο
2213 3106 2312 3162 pro
2347 3105 2544 3161 magno
2589 3090 2815 3157 habens,
2863 3088 3173 3160 evangelica
3202 3099 3472 3160 prcccepta
3506 3090 3807 3160 negligens,

2218 3181 2617 3236 contemnebat.
2662 3179 2882 3244 Lavare,
2935 3180 3131 3248 inquit,
3179 3180 3364 3249 septies
3409 3180 3547 3234 dixit
3587 3191 3810 3249 propter

2218 3268 2588 3338 septiformem
2615 3268 2845 3339 gratiam
2875 3267 3107 3336 Spiritus
3133 3269 3337 3334 sancti,
3371 3283 3492 3338 quae
3515 3270 3570 3322 in
3594 3269 3809 3323 Christo

2217 3362 2446 3417 Domino
2482 3362 2768 3432 requievit.
2803 3360 3044 3429 Denique
3084 3361 3300 3429 quando
3338 3361 3394 3414 in
3421 3375 3488 3414 eo
3515 3359 3683 3414 ﬂuvio
3710 3361 3812 3415 Do-

2217 3454 2397 3508 minus
2439 3453 2746 3523 baptizatus
2783 3461 2887 3516 est,
2927 3450 3159 3522 Spiritus
3181 3460 3399 3506 sanctus
3441 3452 3498 3506 in
3544 3452 3810 3510 columba:

2221 3543 2401 3613 specie
2431 3558 2592 3612 super
2615 3558 2739 3599 eum
2764 3544 2933 3596 venit.

2293 3639 2429 3695 Cum
2476 3656 2607 3712 ergo
2648 3641 2704 3696 in
2749 3642 2918 3711 ﬁgura
2961 3644 3218 3712 baptismi
3253 3643 3496 3700 Naaman
3524 3645 3694 3701 ﬂuvio
3723 3648 3812 3703 de—

2221 3733 2550 3798 scendisset,
2594 3733 2738 3803 facta
2795 3744 2899 3800 est,
2959 3735 3134 3806 inquit
3178 3735 3456 3805 Scriptura
3498 3738 3654 3807 (vers.
3705 3739 3814 3810 i-i),

2222 3838 2346 3876 caro
2371 3821 2484 3892 ejus
2515 3831 2765 3894 tanquam
2795 3825 2945 3894 pueri
2973 3824 3198 3894 parvuli.
3225 3824 3375 3880 Hanc
3403 3827 3814 3882 similitudinem

2225 3917 2278 3971 in
2306 3917 2507 3988 populo
2534 3916 2844 3974 Christiano
2869 3919 3131 3989 compleri
3167 3919 3429 3984 videmus,
3463 3921 3592 3991 quia
3625 3937 3815 3978 omnes

2224 4013 2318 4082 qui
2341 4013 2700 4082 baptizantur,
2735 4012 2849 4066 sive
2877 4027 3064 4079 senex,
3099 4014 3214 4069 sive
3237 4011 3476 4081 juvenis,
3513 4031 3712 4072 omnes
3737 4025 3814 4072 ta-

2227 4119 2352 4159 men
2381 4103 2614 4159 infantes
2653 4104 3020 4174 appellantur,
3051 4109 3176 4177 quia
3221 4126 3319 4181 per
3341 4110 3513 4164 Adam
3550 4117 3609 4164 et
3649 4109 3815 4163 Evam

2226 4205 2438 4250 veteres
2479 4204 2808 4260 nascuntur,
2839 4211 2938 4265 per
2960 4197 3234 4255 Christum
3269 4210 3325 4257 et
3354 4201 3656 4256 Ecclesiam
3690 4200 3815 4255 novi

2227 4294 2636 4358 regenerantur.
2657 4288 2843 4343 Prima
2867 4294 3144 4360 generatio
3172 4294 3420 4364 perducit
3445 4293 3515 4349 ad
3541 4303 3774 4348 mortem
3799 4309 3810 4343 :

2229 4381 2465 4435 secunda
2491 4381 2768 4450 generatio
2796 4381 3044 4450 perducit
3069 4385 3137 4438 ad
3161 4386 3349 4440 vitam.
3375 4385 3558 4440 Prima
3589 4399 3815 4454 genera-

543 4469 974 4540 cruciﬁgeretur.
1002 4468 1118 4538 ipse
1145 4483 1242 4537 per
1273 4482 1332 4522 se
1361 4466 1579 4522 Christo
1605 4467 1845 4536 loquenti
1873 4481 1979 4520 non
2003 4481 2123 4521 cre-
2149 4491 2204 4551 D
2231 4474 2306 4528 tio
2346 4474 2487 4529 ﬁlios
2522 4475 2614 4528 irae
2644 4473 2780 4528 facit
2809 4491 2821 4527 :
2848 4477 3094 4555 secunda
3133 4481 3407 4548 generatio
3439 4495 3571 4535 vasa
3603 4480 3816 4535 miseri-

545 4560 683 4616 didit
719 4578 731 4613 :
763 4561 857 4616 sed
885 4567 1074 4629 postea
1100 4557 1402 4614 dicentibus
1422 4557 1699 4627 apostolis,
1730 4557 1799 4611 ad
1816 4571 2125 4612 sacramen-

544 4663 661 4708 tum
687 4654 938 4723 baptismi
960 4651 1190 4708 ﬁdeliter
1211 4650 1377 4706 venit.
1401 4649 1646 4704 Heliseus
1668 4665 1902 4718 namque
1921 4650 1976 4704 in
1993 4665 2126 4718 prae-

545 4745 868 4817 ﬁguratione
893 4743 1200 4798 futurorum
1223 4739 1465 4795 Naaman
1494 4738 1690 4811 Syrum
1722 4740 1906 4796 videre
1930 4739 2121 4806 noluit,

548 4843 606 4890 et
649 4844 830 4891 tamen
855 4834 1079 4889 minime
1117 4831 1366 4900 despexit
1404 4850 1416 4885 :
1452 4830 1531 4886 sic
1564 4831 1826 4885 nimirum
1866 4829 2125 4887 Dominus

545 4923 706 4981 Iesus
742 4924 991 4980 Christus
1018 4922 1274 4995 populum
1317 4922 1585 4994 gentium,
1629 4922 1719 4992 qui
1749 4936 1872 4976 cum
1901 4923 2129 4977 carnali-

547 5014 651 5069 bus
676 5014 846 5069 oculis
881 5015 1107 5070 minime
1149 5013 1310 5078 vidit,
1340 5022 1586 5069 extcrum
1621 5028 1651 5067 a
1687 5028 1783 5068 sua
1816 5013 1987 5067 salute
2024 5025 2130 5067 non

549 5103 697 5159 fecit.
735 5103 882 5159 Dixit
913 5121 1040 5178 ergo
1070 5105 1317 5161 Heliseus
1359 5107 1428 5162 ad
1451 5105 1692 5160 Naaman
1729 5123 1742 5159 :
1781 5114 1835 5158 ut
1868 5104 2134 5159 lavaretur

550 5197 738 5267 septies
771 5197 826 5252 in
866 5198 1120 5254 Iordane.
1166 5198 1470 5254 Notandum
1519 5199 1661 5268 quod
1705 5199 1847 5253 sicut
1889 5199 2134 5254 Heliseus

551 5288 719 5344 mittit
746 5285 987 5343 Naaman
1026 5291 1095 5346 ad
1129 5288 1416 5346 Iordanem
1456 5289 1698 5354 ﬂuvium,
1746 5289 1820 5343 ita
1856 5305 1887 5345 a
1917 5289 2134 5346 Christo

551 5377 782 5450 populus
808 5378 1049 5449 gentium
1071 5378 1266 5435 missus
1286 5389 1372 5438 est
1390 5380 1459 5437 ad
1487 5380 1836 5452 baptismum.
1866 5380 2019 5449 Quod
2035 5398 2130 5436 au-

554 5479 667 5527 tem
697 5469 948 5528 Heliseus
974 5487 1081 5528 non
1107 5487 1206 5545 per
1232 5489 1292 5531 se
1321 5474 1498 5546 ipsum
1531 5473 1776 5530 Naaman
1801 5482 1895 5530 aut
1929 5476 2130 5546 tetigit,

984 5677 1151 5733 fuisse
1176 5686 1363 5748 typum
1398 5677 1687 5750 quemdam
1723 5677 1937 5750 Domini
1973 5677 2124 5750 Iesu,

559 5755 620 5802 ut
643 5756 865 5805 caeteros
884 5747 1672 5820 praeteream’,’expressissime
1701 5749 1920 5808 tradidit
1952 5747 2135 5829 Augu'.

2232 4565 2430 4620 cordia;
2456 4584 2478 4618 -:
2512 4566 2653 4620 sicut
2683 4564 2971 4634 Apostolus
2993 4567 3126 4623 dicit
3151 4588 3164 4624 :
3191 4570 3258 4624 In
3289 4571 3460 4625 Adam
3487 4588 3671 4627 omnes
3701 4589 3814 4626 mo-

2231 4655 2463 4722 riuntur,
2507 4657 2563 4711 in
2602 4655 2808 4713 Christo
2853 4674 3027 4715 omnes
3068 4662 3485 4731 viviﬁcabuntur.
3532 4664 3816 4732 Quomodo

2232 4760 2361 4816 ergo
2391 4746 2630 4804 Naaman
2662 4766 2829 4808 senex
2865 4755 3066 4825 septies
3096 4754 3327 4810 lavando
3356 4753 3535 4810 factus
3559 4764 3646 4811 est
3671 4757 3816 4811 velut

2231 4855 2386 4909 puer,
2421 4842 2499 4897 sic
2534 4845 2765 4914 populus
2794 4849 3033 4917 gentium
3065 4864 3188 4904 cum
3220 4857 3364 4906 esset
3393 4853 3636 4920 peccatis
3664 4862 3816 4907 vete-

2231 4932 2384 4986 ribus
2423 4948 2610 5000 senex,
2632 4946 2687 4990 et
2714 4939 2895 4994 multis
2926 4940 3270 5010 iniquitatum
3297 4943 3541 5008 maculis,
3571 4943 3720 4998 velut
3745 4945 3818 5000 le-

2233 5038 2354 5092 pra,
2386 5022 2656 5093 pcriusus,
2691 5045 2792 5098 per
2821 5031 3049 5101 gratiam
3086 5032 3341 5103 baptismi
3382 5034 3455 5088 ita
3496 5044 3814 5099 renovatur,

2234 5124 2294 5169 ut
2319 5116 2373 5170 in
2401 5132 2497 5185 eo,
2530 5135 2631 5176 nec
2669 5122 2979 5192 originalis,
3017 5140 3116 5180 nec
3160 5126 3389 5182 actualis
3426 5126 3576 5197 lepra
3605 5128 3817 5197 peccati

2235 5219 2537 5276 remaneat,
2577 5220 2633 5266 et
2662 5212 2755 5282 qui
2792 5211 2971 5269 fuerat
3009 5217 3294 5272 criminum
3334 5218 3662 5289 ponderibus
3691 5233 3820 5272 cur-

2235 5317 2365 5370 vus,
2399 5304 2466 5358 ad
2501 5305 2805 5375 exemplum
2835 5306 3096 5372 Naaman,
3140 5309 3362 5365 salutari
3397 5310 3616 5366 lavacro
3649 5326 3816 5366 reno-

2234 5401 2413 5461 vatur,
2443 5404 2503 5449 ut
2528 5397 2812 5466 parvulus,
2844 5407 2898 5454 et
2921 5401 3094 5470 prima
3132 5402 3268 5458 stola
3305 5403 3566 5458 induitur.
3599 5403 3677 5457 De
3708 5419 3817 5475 qua

2237 5486 2526 5558 Apostolus
2560 5489 2637 5544 ait
2675 5508 2688 5546 :
2729 5489 3039 5564 Quicunque
3065 5495 3120 5548 in
3147 5492 3355 5548 Christo
3386 5493 3638 5566 baptisati
3669 5495 3818 5563 estis,

2237 5619 2415 5696 stinus
2444 5637 2600 5696 num.
2636 5621 2729 5688 11,
2762 5624 2896 5681 alias
2917 5641 3034 5696 cap.
3065 5629 3098 5683 9
3134 5630 3398 5688 sermonis
3429 5629 3490 5685 11
3541 5630 3611 5689 de
3639 5629 3822 5689 verbis

2234 5688 2477 5762 Apostoli
2505 5691 2580 5774 [in
2617 5708 2754 5751 nova
2787 5699 2926 5754 serie
2956 5688 3071 5772 2'6].
