4056 6350
254 377 357 446 777

921 377 1374 461 QUAESTIONES
1411 391 1561 448 xxx
1599 392 1828 452 SUPER
1866 392 2111 451 LIBROS
2151 387 2413 453 REGUM.
2453 428 2525 438 -
2555 397 2760 455 LIBER
2791 397 2880 456 1v.

3419 403 3522 467 778

248 484 524 539 Christum
551 481 817 538 induistis.
846 479 907 538 in
933 484 1312 540 emundatione
1333 483 1576 540 Naaman
1604 483 1727 559 Syri
1749 487 1843 543 de-
1867 490 1921 552 Α
1945 485 2002 540 in
2038 486 2142 542 hac
2163 488 2295 554 vita,
2321 490 2410 545 ubi
2432 491 2710 546 hominum
2742 492 3072 549 mirabilium
3111 497 3394 569 prophetia
3447 503 3523 558 ita

247 576 396 631 cima
424 573 595 628 virtus
615 573 836 644 ponitur
861 572 1082 630 Helisei.
1107 574 1378 631 Denarius
1404 576 1552 632 enim
1577 591 1838 634 numerus

247 668 808 734 consummationem,
864 668 980 724 sive
1033 668 1422 740 perfectionem
1477 671 1834 739 demonstrat,

245 759 379 829 quia
427 758 480 813 in
525 758 631 812 ﬁne
669 759 856 813 mundi
894 759 1153 815 Dominus
1191 760 1386 832 legitur
1427 761 1742 828 advenisse,
1780 763 1836 817 in

244 867 358 922 quo
399 851 666 907 universis
709 852 959 923 gentibus
1001 852 1150 924 lepra
1193 853 1525 910 inﬁdelitatis
1562 855 1836 926 adspersis

244 944 398 999 salus
429 944 773 1016 cognoscitur
802 945 1080 1001 attributa.
1106 945 1261 1014 Quod
1291 963 1449 1014 vero,
1481 954 1833 1018 posteaquam

242 1037 540 1093 mundatus
580 1047 665 1093 est
696 1037 973 1106 Naaman,
1007 1055 1234 1096 munera
1283 1041 1478 1097 obtulit
1518 1043 1680 1098 beato
1722 1041 1832 1097 He-

241 1128 404 1195 liseo,
438 1137 494 1185 et
522 1130 612 1186 illc
633 1131 881 1201 accipere
912 1131 1102 1197 noluit,
1131 1133 1332 1190 Christi
1359 1135 1413 1189 in
1442 1135 1546 1190 hoc
1571 1135 1747 1206 gratia
1770 1134 1834 1190 ﬁ-

242 1231 494 1292 guratur,
526 1238 647 1293 qua:
671 1223 796 1280 ideo
821 1225 994 1295 gratia
1016 1226 1160 1281 dicta
1187 1234 1287 1291 est,
1310 1227 1437 1298 quia
1456 1229 1627 1299 gratis
1648 1228 1828 1283 datur.

242 1312 339 1370 Sic
369 1315 516 1370 enim
549 1315 662 1386 ipse
693 1315 954 1373 Dominus
984 1317 1038 1371 in
1074 1317 1365 1390 Evangelio
1405 1319 1685 1391 discipulis
1717 1318 1830 1374 suis

237 1403 416 1459 dixit:
445 1404 662 1478 (Matth.
713 1405 803 1472 10,
834 1406 902 1478 8)
935 1407 1186 1477 Inﬁrmos
1217 1419 1397 1464 curate
1416 1451 1431 1477 ,
1472 1420 1705 1465 mortuos
1733 1429 1827 1466 su-

237 1497 698 1569 scitate,vleprosas
725 1499 996 1567 mundata,
1025 1501 1288 1558 daemones
1316 1503 1519 1574 ejicite;
1558 1505 1724 1576 gratis
1745 1522 1830 1558 ac-

235 1591 471 1661 cepistis,
502 1592 668 1662 gratis
693 1592 834 1647 date.

309 1683 568 1756 Dixitque
596 1685 801 1741 interea
826 1684 1067 1741 Naaman
1094 1687 1162 1741 ad
1196 1687 1472 1743 Heliseum
1501 1707 1513 1742 :
1552 1689 1709 1762 (vers.
1735 1688 1826 1760 17)

235 1775 493 1843 Obsecro,
517 1777 738 1832 concede
760 1777 888 1832 mihi
917 1794 1062 1833 servo
1100 1789 1212 1845 tuo,
1236 1789 1295 1833 ut
1327 1779 1510 1834 tollam
1540 1797 1672 1835 onus
1702 1780 1829 1835 duo-

1938 583 2304 650 comparanda
2337 593 2423 638 est
2447 584 2522 638 illi
2545 585 2692 650 vitae,
2717 586 2872 656 quasi
2905 587 3116 658 parvuli
3155 591 3224 647 ad
3248 591 3520 662 juvenem,

1939 671 2076 726 vidit
2098 679 2281 728 tamen
2336 674 2582 731 Heliseus
2623 677 2979 751 accipientem
3034 697 3260 738 munera
3306 702 3524 745 servum

1939 777 2118 829 suum,
2146 763 2238 820 ubi
2263 764 2382 834 ipse
2416 782 2526 822 non
2553 775 2673 824 erat
2705 786 2717 822 :
2754 769 2831 824 ita
2856 787 2944 838 ne,
2973 787 3097 828 cum
3115 772 3338 832 venerit
3378 781 3524 850 quod

1935 854 2236 926 perfectum
2261 865 2368 925 est,
2395 875 2496 916 nec
2516 859 2630 930 jam
2672 877 2870 934 corpus
2897 866 3247 936 corruptibile
3277 880 3300 908 ο
3331 887 3523 943 aggra-

1936 952 2029 1000 vat
2063 947 2320 1016 animam,
2367 951 2462 1007 sed
2510 952 2920 1024 incorruptibile
2968 957 3103 1012 nihil
3147 959 3425 1031 impediet,
3450 965 3527 1020 illi

1936 1041 2108 1097 sancti
2137 1042 2206 1098 ad
2225 1058 2312 1110 ea,
2339 1059 2460 1114 quae
2481 1046 2712 1102 videnda
2735 1058 2862 1104 sunt
2901 1051 3070 1106 oculis
3111 1055 3374 1125 corporis,
3407 1058 3530 1126 qui-

1934 1133 2035 1190 bus
2059 1135 2304 1193 Heliseus
2325 1138 2526 1195 ‘absens
2553 1140 2619 1194 ad
2648 1151 2862 1196 servum
2903 1160 3062 1199 suum
3092 1147 3382 1204 videndum
3414 1164 3524 1206 non
3585 1197 3592 1220 τ

1934 1222 2182 1298 indiguit,
2212 1229 2566 1300 indigebunt?
2588 1231 2722 1287 Nam
2749 1235 3046 1290 secundum
3089 1237 3418 1308 interpretes
3440 1257 3527 1298 se-
3589 1267 3594 1272 ·

1932 1317 2230 1385 ptuaginta,
2263 1318 2366 1373 ista
2397 1313 2620 1376 sunt-ad
2651 1321 2802 1378 Giezi
2824 1326 2988 1380 verba
3011 1325 3294 1398 Propheta:
3323 1349 3336 1385 :
3367 1330 3523 1404 (vers.

1931 1407 2023 1481 26)
2051 1426 2220 1465 nonne
2240 1428 2331 1465 cor
2357 1428 2529 1466 meum
2559 1411 2585 1452 ⁸
2615 1424 2806 1482 tecum,
2837 1419 3046 1488 quando
3085 1433 3108 1460 θ
3139 1439 3415 1480 conversus
3445 1435 3526 1482 est

1938 1499 1958 1539 ἲ
1990 1501 2073 1554 vir
2096 1501 2161 1554 de
2190 1498 2436 1557 curruin
2465 1504 2492 1544 ⁸
2516 1505 2723 1560 obviam
2758 1508 2895 1562 tibi:
2924 1509 2954 1549 Β
2985 1519 3034 1564 et
3071 1515 3316 1584 accepisti
3365 1533 3525 1586 pecu-

1932 1593 2097 1659 niam,
2123 1601 2227 1649 etc.
2262 1593 2414 1650 Sicut
2444 1603 2626 1652 autem
2661 1614 2730 1653 ex
2759 1598 2985 1656 Hebraeo
3009 1602 3396 1674 interpretatus
3437 1620 3524 1664 est

1931 1683 2296 1758 Hieronymus
2330 1688 2630 1762 praasbyter
2667 1711 2680 1745 :
2729 1691 2922 1748 Nonne
2975 1711 3068 1750 cor
3099 1713 3294 1765 meum,
3322 1699 3524 1770 inquit,

1930 1777 1987 1830 in
2011 1780 2260 1848 praesenti
2305 1789 2450 1846 erat,
2473 1781 2687 1851 quando
2717 1799 2953 1839 reversus
2979 1795 3054 1840 est
3081 1787 3238 1842 homo
3269 1790 3333 1844 de
3364 1807 3528 1845 curru

233 1889 356 1926 rum
391 1871 684 1928 burdonum
711 1873 775 1928 de
795 1883 935 1930 terra
959 1891 977 1929 :
1005 1890 1110 1929 non
1136 1876 1274 1929 enim
1298 1874 1456 1945 faciet
1477 1885 1621 1930 uttra
1644 1893 1822 1930 servus
1852 1863 1899 1922 Β
1925 1887 2022 1926 suo
2043 1872 2100 1926 in
2132 1889 2408 1928 occursum
2434 1875 2555 1928 tui?
2591 1874 2766 1932 Corde
2795 1891 2896 1933 suo
2917 1893 3048 1951 ergo
3073 1895 3131 1935 se
3157 1882 3295 1936 dixit
3321 1883 3425 1939 hoc
3446 1884 3528 1939 vi-

231 1973 360 2018 tuus
395 1963 783 2022 holocaustum.
814 1975 907 2021 aut
939 1968 1178 2022 uictimas
1201 1967 1303 2022 diis
1341 1966 1554 2035 alienis,
1591 1969 1695 2022 nisi
1718 1967 1825 2022 Do-

233 2055 380 2110 mino
403 2055 524 2112 soli.

301 2149 452 2206 Onus
477 2157 636 2206 terra:
661 2151 890 2208 duorum
919 2153 1223 2210 burdonum
1257 2152 1654 2209 Incarnationis
1673 2151 1824 2208 Chri-

228 2242 302 2297 sti
353 2243 726 2313 praetendebat
784 2253 1185 2300 sacramentum
1214 2287 1229 2311 ,
1287 2244 1440 2314 cujus
1502 2245 1820 2316 mysterium

229 2342 460 2405 uterque
488 2335 717 2406 populus
739 2351 804 2391 ex
835 2337 1253 2394 circumcisione
1303 2337 1559 2392 videlicet
1599 2344 1655 2392 et
1681 2352 1821 2407 prte-

227 2428 402 2498 putio,
433 2426 504 2483 ob
531 2442 682 2498 spem
719 2435 938 2483 aeternae
959 2427 1312 2484 beatitudinis
1343 2436 1564 2499 portare
1594 2443 1702 2484 non
1733 2443 1822 2484 re-

227 2521 368 2577 nuit.

299 2615 430 2672 Post
449 2615 566 2672 hac
578 2611 743 2671 refert
767 2615 1049 2686 Scriptura
1066 2615 1275 2681 eadem,
1300 2616 1442 2685 quod
1463 2613 1819 2686 interrogavit

226 2706 472 2763 Heliseus
493 2706 644 2763 Giezi
677 2721 902 2777 puerum
933 2722 1109 2763 suum.
1146 2704 1324 2780 (Vers.
1346 2706 1449 2778 25)
1480 2705 1630 2761 Unde
1652 2707 1816 2773 uenis,

1930 1963 2075 2019 disse
2127 1963 2420 2036 Propheta,
2468 1967 2685 2037 adjutus
2737 1970 2955 2040 quidem
3001 1972 3348 2042 mirabiliter,
3376 1976 3526 2032 nullo

1926 2055 2230 2123 dubitante,
2255 2057 2534 2125 divinitus,
2566 2062 2660 2115 sed
2692 2068 2898 2131 quanto
2925 2061 3157 2132 amplius
3186 2073 3313 2121 tunc
3332 2081 3526 2123 omnes

1925 2161 2152 2203 munere
2179 2148 2288 2204 isto
2317 2150 2686 2214 abundabant,
2724 2154 2740 2192 i
2779 2169 2895 2206 cum
2949 2153 3022 2226 (1
3057 2154 3238 2210 Corin.
3283 2157 3370 2222 15,
3407 2157 3522 2230 18)

1923 2238 2184 2295 Dominus
2211 2241 2309 2295 erit
2355 2241 2629 2298 omniain
2677 2245 2953 2300 omnibus!
2996 2245 3287 2303 Habebunt
3338 2258 3523 2305 tamen

1923 2330 2087 2386 etiam
2105 2331 2180 2386 illi
2201 2333 2345 2389 oculi
2365 2338 2612 2404 corporei
2629 2335 2881 2399 .oﬂicium
2913 2354 3088 2402 suum,
3107 2350 3163 2394 et
3186 2340 3240 2394 in
3272 2339 3394 2396 loco
3419 2357 3520 2397 suo

1923 2433 2151 2494 uterque
2179 2427 2284 2481 erit
2314 2427 2420 2483 illis
2441 2429 2666 2498 spiritus
2693 2445 2792 2499 per
2827 2430 3106 2500 spirituale
3147 2446 3365 2502 corpus.
3407 2431 3520 2488 Ne-

1920 2535 2025 2590 que
2053 2521 2198 2577 enim
2229 2521 2318 2577 ille
2339 2521 2630 2591 Propheta,
2657 2523 2783 2592 quia
2808 2540 2914 2580 non
2939 2525 3020 2580 eis
3045 2524 3297 2596 indiguit,
3329 2534 3387 2582 ut
3435 2528 3522 2582 vi-

1920 2613 2078 2669 deret
2101 2613 2400 2680 absentem,
2425 2629 2532 2669 non
2561 2614 2640 2669 eis
2671 2630 2802 2670 usus
2823 2624 2906 2671 est
2929 2616 2998 2671 ad
3024 2617 3256 2672 videnda
3278 2633 3521 2688 praesen-

1919 2704 2026 2771 tia;
2075 2722 2195 2777 quae
2222 2713 2402 2760 tamen
2445 2706 2640 2776 spiritu
2667 2706 2852 2761 videre
2879 2714 3086 2777 posset,
3113 2708 3276 2762 etiam
3319 2709 3364 2762 si
3395 2707 3518 2764 illos

1919 2799 2214 2866 clauderet,
2253 2799 2394 2854 sicut
2413 2799 2548 2853 vidit
2573 2797 2839 2863 absentia,
2879 2799 2970 2855 ubi
2995 2815 3118 2854 cum
3143 2800 3223 2854 eis
3252 2800 3366 2870 ipse
3405 2815 3517 2855 non

1917 2900 2054 2946 erat.
2086 2891 2246 2947 Absit
2274 2906 2404 2961 ergo
2433 2899 2495 2944 ut
2511 2889 2758 2945 dicamus
2781 2889 2902 2944 illos
2932 2900 3150 2946 sanctos
3175 2892 3227 2945 in
3263 2890 3353 2945 illa
3378 2890 3512 2956 vita,

1916 2983 2085 3038 Deum
2109 2982 2311 3038 clausis
2333 2982 2505 3037 oculis
2533 2996 2641 3036 non
2677 2981 2892 3037 visuros
2912 3023 2926 3047 ,
2950 2997 3113 3051 quem
3144 2981 3338 3053 spiritu
3372 2996 3518 3037 sem-

226 3076 389 3132 Nunc
413 3095 534 3149 ergo
561 3078 806 3150 accepisti
835 3072 1110 3150 argentum
1131 3121 1146 3145 ,
1173 3087 1223 3133 et
1256 3077 1503 3149 accepisti
1534 3085 1721 3142 vestes,
1753 3086 1814 3130 ut
1913 3090 2012 3145 per
2031 3075 2307 3131 videbunt.
2335 3074 2442 3130 Sed
2471 3083 2654 3129 utrum
2677 3075 2958 3140 videbunt,
2984 3083 3040 3130 et
3059 3090 3158 3145 per
3184 3073 3372 3130 oculos
3391 3089 3517 3130 cor-

222 3185 368 3222 cmas
395 3167 607 3235 oliveta,
638 3179 687 3224 et
717 3170 916 3235 uineas,
942 3178 991 3224 et
1011 3186 1156 3236 oves,
1185 3179 1234 3224 et
1258 3169 1429 3234 boves,
1463 3178 1512 3222 et
1541 3184 1738 3234 servos,
1761 3176 1809 3221 et
1846 3229 1879 3237 _
1913 3166 2081 3237 poris,
2111 3182 2233 3222 cum
2264 3182 2360 3222 eos
2381 3175 2600 3236 apertos
2637 3166 2934 3231 habebunt,
2961 3165 3088 3219 inde
3131 3167 3360 3234 quaastio
3405 3174 3510 3220 est.

222 3257 491 3312 ancillas:
516 3229 606 3313 sed
639 3269 688 3314 et
723 3259 869 3332 lepra
896 3229 1154 3317 Naaman,
1177 3229 1464 3315 adhaerebit
1501 3259 1626 3325 tibi,
1650 3268 1700 3313 et
1725 3229 1810 3313 se-
1837 3229 1880 3289 Ο
1914 3229 1977 3312 Si
2002 3229 2149 3311 enim
2183 3265 2393 3311 tantum
2425 3255 2438 3305 ἱ
2487 3263 2781 3324 potuerunt
2807 3255 2860 3309 in
2883 3270 3110 3326 corpore
3135 3253 3423 3325 spirituali,
3446 3269 3511 3311 et:

221 3351 357 3404 mini
394 3360 482 3404 tuo
507 3368 668 3422 usque
697 3351 752 3406 in
779 3353 1170 3422 sempiternum.
1916 3350 2077 3405 modo
2117 3349 2304 3419 utique
2350 3349 2537 3403 etiam.
2561 3348 2662 3418 ipsi
2701 3347 2843 3402 oculi
2889 3347 3223 3418 spiritu’ales,
3247 3355 3513 3418 quantum

294 3455 320 3483 ι
343 3461 361 3492 ε
385 3440 440 3496 Si
470 3443 613 3497 enim
635 3443 906 3513 Propheta
927 3440 1171 3499 Heliseus
1198 3457 1430 3513 puerum
1457 3457 1616 3498 suum
1635 3442 1811 3508 Giezi,
1911 3452 2142 3512 possunt
2169 3441 2282 3505 isti,
2312 3440 2502 3511 quales
2529 3456 2673 3496 nunc
2699 3441 2985 3507 habemus,
3006 3441 3196 3511 procul
3227 3441 3392 3496 dubio
3410 3455 3513 3512 per

220 3535 420 3590 absens
440 3550 687 3605 corpore,
714 3534 848 3590 vidit
866 3534 1222 3605 accipientem
1250 3548 1503 3598 munera,
1525 3549 1645 3603 qua:
1667 3533 1814 3589 dedit
1915 3549 2011 3589 eos
2039 3533 2212 3588 videri
2241 3533 2384 3588 Deus
2414 3547 2520 3587 non
2548 3531 2767 3602 poterit.
2812 3530 2994 3603 Longe
3045 3533 3231 3604 itaque
3283 3533 3512 3587 alterius

221 3625 302 3679 illi
361 3625 601 3681 Naaman
648 3625 822 3697 Syrus
875 3642 1038 3696 quem
1089 3627 1354 3696 propheta
1411 3609 1744 3681 memoratus
1779 3640 1812 3679 a
1912 3628 2021 3682 erit
2053 3627 2338 3698 potentiae,
2365 3627 2412 3681 si
2446 3639 2545 3696 per
2590 3641 2685 3680 eos
2735 3625 3011 3680 videbitur
3055 3625 3374 3696 incorporea
3419 3625 3513 3680 illa

228 2795 420 2854 Giezi?
444 2802 535 2870 qui
564 2799 828 2871 respondit
855 2813 873 2852 .'
901 2798 1026 2854 Non
1050 2800 1144 2854 ivit
1171 2816 1350 2854 servus
1382 2810 1504 2854 tuus
1528 2816 1811 2872 quoquam.

225 2891 296 2947 Et
323 2892 416 2947 ille
434 2895 544 2947 ait:
565 2892 756 2948 Nonne
781 2909 874 2947 cor
900 2909 1073 2947 meum
1092 2893 1147 2946 in
1169 2893 1416 2962 prazscnti
1440 2901 1571 2955 erat,
1600 2892 1813 2962 quando

224 3001 461 3040 reversus
489 2994 566 3040 est
602 2986 757 3040 homo
798 2986 862 3041 de
892 2983 1188 3040 curru'suo
1222 2985 1276 3040 in
1316 3000 1592 3040 occursum
1628 2985 1816 3038 tuum?

219 3717 386 3788 leprte
408 3716 753 3773 deformitate
783 3720 1161 3784 mundaverat,
1178 3720 1320 3790 quod
1343 3736 1535 3776 servus
1555 3735 1809 3790 nequam,

223 3811 445 3866 domino
473 3826 572 3866 suo
596 3825 705 3865 non
731 3811 948 3866 vidente
966 3851 982 3878 ,
1011 3811 1246 3887 latenter
1273 3826 1331 3866 se
1358 3811 1554 3867 fecisse
1587 3819 1811 3880 putave-

223 3909 310 3958 rat
335 3921 347 3955 :
374 3910 578 3973 quanto
607 3904 781 3974 magis
802 3903 858 3958 in
898 3903 990 3959 illo
1019 3919 1246 3975 corpore
1271 3903 1503 3974 spiritali
1551 3903 1825 3958 videbunt.

219 3995 398 4049 sancti
438 3995 642 4062 omnia,
673 4012 782 4052 non
803 3997 977 4052 solum
1009 3998 1054 4052 si
1087 3997 1275 4051 oculos
1305 3995 1594 4060 claudant,
1619 4010 1809 4050 verum

217 4086 390 4141 etiam
421 4087 562 4142 unde
581 4097 706 4143 sunt
730 4103 956 4160 corpore
984 4089 1274 4144 absentes!
1329 4087 1481 4142 Tunc
1530 4087 1677 4142 enim
1705 4087 1810 4144 erit

216 4177 523 4250 perfectum
571 4179 732 4248 illud,
782 4181 849 4236 de
897 4195 1004 4249 quo
1052 4179 1281 4250 loquens
1334 4177 1624 4248 Apostolus
1673 4177 1751 4231 ait
1791 4196 1804 4232 :

223 4269 275 4340 (1
300 4267 481 4324 Corin.
502 4269 592 4335 15,
611 4271 645 4325 9
681 4279 731 4325 et
759 4270 848 4342 10)
877 4269 963 4324 Ea:
990 4279 1160 4341 parte,
1191 4268 1386 4339 inquit,
1419 4269 1806 4340 cognoscimus,

216 4369 268 4416 et
318 4375 384 4414 ex
428 4369 575 4431 parte
619 4355 1014 4431 prophetamus.
1065 4358 1199 4414 Cum
1230 4370 1408 4414 autem
1439 4358 1630 4414 venerit
1668 4357 1808 4430 quod

212 4450 502 4522 perfectum
526 4461 628 4519 cst,
660 4452 1002 4507 evacuabitur
1023 4452 1164 4523 quod
1189 4468 1254 4507 ea:
1276 4462 1425 4522 parte
1445 4460 1542 4504 est.
1577 4450 1804 4514 Deinde,

213 4552 276 4598 ut
299 4546 568 4615 quomodo
610 4554 816 4616 posset,
849 4546 1028 4618 aliqua
1079 4545 1431 4600 similitudine
1469 4545 1803 4610 ostenderet,

212 4643 477 4704 quantum
501 4637 570 4692 ab
590 4637 697 4702 illa,
717 4638 745 4677 ι)
767 4654 931 4708 quam
956 4638 1197 4693 facturus
1217 4646 1322 4704 est,
1345 4637 1511 4693 distet
1532 4637 1647 4692 haec
1669 4637 1802 4704 vita,

213 4740 322 4780 non
380 4726 836 4799 qualiumcunque
894 4729 1197 4796 hominum,
1243 4745 1429 4784 verum
1477 4745 1666 4785 eorum
1712 4730 1807 4801 qui

209 4817 489 4888 praecipua
518 4819 608 4875 hic
639 4821 928 4876 sanctitate
980 4829 1107 4876 sunt
1151 4820 1361 4892 przediti
1408 4841 1420 4876 :
1459 4821 1591 4878 Cum
1641 4840 1806 4878 essem

211 4911 434 4984 (inquit)
467 4912 614 4985 (ibid.
643 4914 730 4980 11,
758 4924 806 4968 et
832 4914 920 4987 12)
963 4909 1240 4986 parvulus,
1269 4917 1423 4989 quasi
1449 4916 1699 4989 parvulus
1725 4936 1811 4998 sa-_

207 5003 442 5072 piebam,
470 5005 625 5074 quasi
654 5004 908 5076 parvulus
935 5005 1205 5078 loquebar,
1240 5009 1394 5080 quasi
1435 5010 1687 5080 parvulus
1716 5027 1826 5094 (ιο-ί

206 5092 465 5162 gitabam.
497 5091 630 5149 Cum
659 5106 835 5152 autem
856 5097 1026 5168 factus
1038 5116 1154 5153 sum
1203 5101 1300 5169 vir,
1325 5103 1572 5157 evacuavi
1602 5119 1665 5157 ea
1689 5120 1806 5176 qua:

205 5183 420 5256 parvuli
450 5196 619 5243 erant.
667 5185 915 5244 Videmus
948 5207 1085 5245 nunc
1121 5209 1214 5263 per
1265 5193 1534 5265 speculum
1584 5197 1639 5250 in
1678 5197 1808 5252 ami-

205 5285 407 5345 gmate,
432 5288 557 5333 tunc
587 5288 763 5334 autem
786 5281 921 5351 facie
946 5281 1015 5335 ad
1037 5282 1244 5351 faciem.
1263 5284 1422 5340 Nunc
1435 5287 1544 5341 scio
1559 5298 1804 5357 exparte,

205 5373 336 5422 tunc
359 5377 539 5424 autem
559 5388 890 5443 cognoscam,
915 5375 1051 5428 sicut
1073 5384 1123 5429 ct
1150 5375 1392 5446 cognitus
1417 5394 1554 5432 sum.
1587 5376 1646 5432 Si
1673 5368 1806 5453 ergo

283 5521 312 5603 ς
339 5507 474 5603 qua:
503 5515 1043 5603 pro‘moreﬂline‘olis
1074 5524 1279 5603 notata
1304 5525 1431 5573 sunt
1452 5518 1808 5603 ,._desumpsit

204 5579 570 5661 Claudius};
591 5584 895 5658 Augustino
926 5589 1044 5643 haec
1071 5588 1318 5647 tradente
1357 5579 1535 5661 capite
1567 5590 1638 5647 29
1676 5579 1803 5647 libri

203 5666 327 5706 χχιι
361 5653 427 5707 de
457 5653 698 5711 Civitatei

282 5724 311 5763 ι’
350 5741 470 5795 qua:
492 5727 676 5796 futura
697 5737 795 5785 est.

285 5805 308 5868 ς
347 5796 688 5868 ᾼςςταυαὺίι.

278 5864 308 5909 ά
347 5864 585 5924 Additur
611 5880 745 5926 erat.

619 5965 887 6030 Panos.
924 5963 1076 6039 CIV.

1832 4594 1885 4654 Β

1912 3723 2140 3787 natura,
2165 3736 2286 3790 quae
2331 3735 2439 3775 non
2490 3720 2802 3775 continetur
2844 3718 2983 3784 loco,
3017 3720 3109 3774 sed
3145 3720 3345 3788 ubique
3393 3727 3509 3774 tota

1911 3823 2013 3871 est.
2054 3834 2072 3867 ι
2105 3812 2255 3868 Giezi
2286 3813 2538 3866 minister
2579 3811 2801 3874 Helisei,
2832 3812 2924 3880 qui
2956 3811 3253 3880 cupiditate
3297 3811 3508 3882 argenti

1911 3904 2190 3975 deceptus,
2219 3901 2504 3972 pecuniam
2530 3915 2560 3954 a
2595 3900 2834 3955 Naaman
2870 3900 3008 3972 Syro
3037 3903 3266 3970 accepit,
3289 3910 3344 3956 et
3383 3911 3508 3970 post

1912 3977 2188 4068 paululum
2205 3994 2371 4062 lepra:
2397 3993 2716 4063 contagione
2739 4001 2823 4048 est
2849 4008 3170 4065 percussus,
3199 3993 3350 4049 Judas
3376 4011 3506 4065 pro-

1911 4087 2102 4144 ditoris
2128 4094 2313 4157 typum
2344 4085 2577 4156 gessisse
2606 4100 2713 4139 non
2746 4083 2967 4139 dubium
3007 4093 3111 4142 est.
3161 4084 3315 4141 Sicut
3355 4087 3502 4142 enim

1911 4180 2062 4237 Giezi
2093 4180 2217 4235 ideo
2241 4179 2515 4234 serviebat
2536 4179 2699 4234 beato
2725 4176 2961 4245 Heliseo,
2981 4186 3041 4233 ut
3067 4181 3354 4249 pecuniam
3382 4196 3508 4251 pos-

1911 4282 1995 4330 set
2025 4274 2333 4344 adquirere,
2371 4273 2446 4328 ita
2476 4281 2532 4328 et
2563 4271 2729 4328 Judas
2751 4279 3039 4343 propterea
3064 4273 3368 4328 adhaeserat
3391 4272 3502 4327 Do-

1911 4367 2060 4422 mino
2091 4365 2376 4430 Salvatori,
2406 4373 2467 4420 ut
2490 4365 2734 4420 fraudem
2772 4364 2977 4421 faceret
3028 4374 3084 4422 et
3129 4376 3376 4421 terrenas
3419 4365 3504 4422 di-

1910 4461 2071 4516 vitias
2104 4468 2479 4531 congregaret.
2516 4459 2762 4530 Denique
2791 4461 2870 4516 sic
2904 4461 2972 4517 de
3002 4460 3093 4516 illo
3116 4461 3170 4515 in
3212 4460 3504 4532 Evangelia

1911 4552 2171 4623 scriptum
2195 4559 2279 4607 est
2309 4569 2321 4605 :
2353 4549 2535 4624 (Ioan.
2575 4550 2664 4616 12,
2689 4550 2743 4622 6)
2785 4549 2923 4616 Quia
2945 4540 3042 4623 για·
3066 4563 3200 4617 erat,
3225 4564 3272 4607 et
3303 4552 3505 4608 loculos

1910 4645 2149 4708 habebat,
2197 4651 2246 4698 et
2295 4660 2376 4708 ea,
2419 4658 2537 4713 quat
2581 4643 2957 4708 mittebantur,
2993 4654 3318 4714 exportabat.
3367 4643 3505 4700 Nam

1913 4735 2100 4800 Giezi,
2129 4734 2222 4805 qui
2276 4735 2507 4805 gratiam
2565 4735 2810 4805 magistri
2863 4742 3115 4805 potuerat
3169 4735 3502 4805 promereri,

1914 4828 2057 4884 sicut
2086 4827 2337 4904 dominus
2368 4842 2497 4882 suus
2543 4836 2867 4882 consecutus
2903 4825 3082 4880 fuerat
3126 4825 3267 4880 beati
3316 4825 3501 4888 Heliae,

1913 4919 2208 4991 cupiditate
2240 4921 2417 4975 victus
2449 4921 2650 4975 meruit
2677 4921 2732 4974 in
2785 4928 3047 4974 aeternum
3101 4917 3304 4974 crudeli
3354 4918 3507 4988 lepra

1911 5008 2160 5080 perfundi
2193 5027 2205 5063 :
2232 5007 2400 5064 Judas
2429 5024 2561 5065 vero
2586 5025 2684 5079 per
2717 5024 2956 5064 amorem
2985 5007 3250 5078 pecuniae,
3292 5016 3346 5064 et
3375 5024 3506 5079 apo-

1856 5102 1860 5105 ’
1914 5102 2143 5158 stolatus
2163 5101 2394 5173 gratiam
2422 5102 2677 5172 perdidit,
2703 5109 2759 5157 et
2803 5100 2995 5170 laqueo
3049 5100 3214 5154 vitam
3266 5100 3442 5156 finivit
3486 5119 3502 5158 :

1911 5210 1973 5250 ac
2004 5196 2083 5251 sic
2109 5195 2458 5267 intelligimus
2485 5210 2676 5250 omnes
2710 5194 2884 5250 malos
2907 5193 3217 5249 sacerdotes
3238 5194 3380 5250 intra
3401 5194 3528 5250 Ec-v

1909 5289 2132 5346 clesiam
2158 5290 2304 5346 intus
2330 5291 2386 5345 in
2414 5291 2596 5345 anima
2624 5290 2833 5361 peccati
2857 5289 3007 5360 lepra
3036 5287 3206 5345 fuisse
3226 5289 3501 5360 perfusos,

1908 5383 2002 5456 qui
2049 5391 2241 5440 contra
2291 5383 2562 5440 dominica
2607 5391 2881 5454 praecepta
2927 5382 3312 5453 ministerium,
3355 5383 3504 5456 quod

1983 5533 2007 5562 ο
2048 5519 2326 5576 Reversus.

1985 5591 2006 5631 ἲ
2050 5588 2246 5646 Homo.

1899 5697 1902 5700 ~
1981 5663 2009 5703 8
2048 5660 2117 5715 In
2146 5678 2444 5716 occursum.

1976 5733 2006 5774 ιι
2048 5732 2176 5788 Haec
2200 5733 2396 5789 desunt
2416 5733 2470 5788 in
2500 5731 2680 5789 editis.

1982 5805 2001 5845 ί
2037 5803 2198 5859 Deus.

1981 5873 1995 5928 i
2034 5871 2315 5936 Poterunt.
