4056 6350
488 347 594 407 779
1567 340 1842 401 CLAUDII
1881 330 2346 399 TAURlNENSlS
2382 323 2687 401 Episcopi
3675 328 3808 401 rso

490 468 659 543 gratis
691 469 1038 536 accepertmt,
1074 454 1247 535 gratis
1289 473 1400 517 non
1439 459 1862 517 administrant:
1891 466 1946 513 et
1976 472 2077 528 pro
2103 464 2156 523 Α
2180 456 2289 522 ille,
2318 456 2413 513 ubi
2459 458 2669 514 securis
2716 454 2940 523 cecidit,
2968 455 3240 529 signiﬁcat
3286 449 3803 526 praeterﬂuentem,

491 562 638 620 omni
661 573 846 631 opere,
870 557 1016 628 quod
1045 557 1102 613 in
1142 556 1383 615 Ecclesia
1429 560 1661 627 gerunt,
1686 568 1797 611 non
1840 551 2081 607 futuram
2179 557 2237 609 et
2267 548 2583 620 fugitivum,
2608 557 2666 604 et
2707 548 3128 629 descendentem
3180 548 3236 603 in
3283 546 3638 618 voluptatem,
3700 545 3806 602 vel

490 655 821 721 mercedem,
852 654 946 709 sed
983 659 1308 723 praesentem
1353 655 1605 720 quaerunt
1641 646 2076 703 retributionem.
2180 641 2521 707 luxuriosam
2563 642 2749 699 saeculi
2799 642 2961 714 hujus
3011 651 3236 698 cursum
3269 657 3286 695 :
3317 637 3511 695 ﬂuvius
3556 640 3727 696 enim
3766 653 3806 693 a

563 752 751 807 Potest
769 747 915 806 enim
937 744 1085 803 Giezi
1111 743 1421 801 Iudzeorum
1446 740 1705 814 populum
1727 737 1970 810 ﬁgurari,
1985 737 2081 807 qui
2180 732 2396 791 ﬂuendo
2421 748 2619 791 nomen
2649 735 2877 806 accepit.
2924 734 2993 790 Et
3038 732 3168 805 quia
3214 747 3407 789 omnes
3450 744 3805 803 peccatores

491 863 556 903 eo
588 854 831 913 tempore
857 839 1066 913 peccati
1088 836 1235 908 lepra
1259 836 1582 907 percutitur,
1606 848 1716 904 quo
1742 831 1812 887 ab
1838 846 1905 887 eo
1950 845 2082 913 gen-7
2182 824 2515 881 transitoriis
2543 824 2911 896 voluptatibus
2940 826 3272 882 inhaerentes
3285 823 3457 881 ﬂuere
3476 825 3762 881 dicuntur
3786 839 3806 880 :

495 941 628 994 tium
660 934 887 1007 populus
917 932 1202 988 liberatur.
1238 927 1480 1000 Denique
1512 926 1592 983 sic
1636 925 1882 981 inﬁdeles
1909 923 2080 980 Iudaei
2183 913 2305 1007 ideo
2328 915 2541 972 securis
2574 915 2667 972 illa
2697 916 2752 970 in
2777 913 3019 973 ﬂuminis
3062 916 3194 972 limo
3230 915 3453 988 iacebat
3488 931 3809 987 oppressa.

493 1032 549 1085 in
580 1005 832 1099 passione
860 1022 1074 1079 Domini
1126 1020 1498 1076 clamaverunt
1523 1037 1535 1073 :
1565 1016 1795 1091 (Matth.
1840 1015 1931 1081 27,
1971 1012 2085 1085 25)
2183 1005 2574 1099 Veniensivero
2612 1008 2843 1076 Eliseus,
2883 1009 3033 1066 misit
3072 1008 3299 1082 lignum,
3340 1016 3398 1063 et
3428 1010 3633 1063 natavit
3672 1008 3811 1063 {cr-

496 1098 725 1193 Sauguis
749 1120 864 1191 ejus
889 1133 1046 1189 super
1071 1133 1166 1171 nos
1207 1123 1256 1169 et
1292 1129 1449 1185 super
1475 1112 1616 1183 ﬁlios
1658 1120 1886 1166 nostros.
1927 1105 2083 1162 Tunc
2184 1112 2327 1193 rum:
2353 1099 2382 1140 ιι
2409 1098 2551 1193 Quid
2575 1108 2681 1193 est,
2704 1101 2915 1172 lignum
2950 1101 3189 1166 mittere,
3210 1109 3266 1155 et
3293 1099 3497 1156 ferrum
3516 1102 3573 1155 in
3594 1100 3813 1156 lucem

492 1189 638 1269 enim
666 1189 872 1283 peccati
898 1209 1048 1280 lepra
1084 1205 1337 1278 perfundi
1370 1211 1706 1269 meruerunt,
1742 1200 2084 1272 quando'su-
2183 1189 2521 1260 Pl‘Oducel'e?
2560 1192 2666 1248 ηίδί
2692 1193 2995 1264 Palmum!"
3021 1194 3204 1250 οΐῑιθίε
3250 1194 3564 1260 “cendere,
3603 1204 3669 1249 εί
3725 1194 3811 1249 ἀο

493 1322 592 1378 per
610 1305 887 1362 caelestem
918 1303 1188 1359 medicum
1210 1318 1309 1358 ore
1334 1300 1599 1372 sacrilego
1648 1299 2022 1355 clamaverunt
2067 1313 2080 1349 :
2184 1284 2455 1378 Pl‘OfUDdO
2479 1285 2677 1341 inferni
2706 1288 3003 1343 humanum
3024 1302 3196 1359 genus
3214 1288 3464 1362 eripere:
3488 1303 3551 1378 ac
3570 1287 3637 1344 de
3660 1302 3810 1343 om—

496 1374 679 1470 (Joan.
706 1396 796 1463 19,
832 1392 919 1468 15)
958 1393 1126 1461 Tolle,
1162 1378 1335 1449 tolle.‘
1373 1392 1625 1462 cruciﬁge
1653 1407 1792 1447 eum.
1841 1389 1986 1461 Ergo
2016 1400 2085 1443 eo
2188 1374 2730 1470 niumpeccalorum
2782 1378 2893 1433 imo
2934 1391 3035 1447 per
3076 1379 3256 1433 crucis
3296 1377 3607 1450 mysterium
3639 1378 3814 1435 libe-

494 1468 740 1560 tempore
767 1487 822 1542 in
847 1486 952 1541 illis
976 1485 1237 1541 remansit
1263 1483 1444 1555 lepra,
1470 1498 1581 1554 quo
1607 1483 1676 1538 ad
1722 1497 1824 1539 nos
1870 1479 2088 1536 transiit
2190 1483 2331 1560 fare.
2358 1468 2654 1541 PoleUam
2677 1487 2809 1529 vero
2859 1473 3066 1528 natavit
3109 1472 3348 1536 ferrum,
3376 1474 3523 1527 misit
3554 1489 3811 1531 manum

494 1558 689 1654 gratia,
716 1581 958 1651 Denique
987 1580 1067 1636 sic
1088 1587 1146 1635 ει
1174 1579 1465 1649 Apostolus
1497 1578 1695 1635 paums
1721 1578 1787 1633 ad
1818 1590 1913 1633 eo,
1938 1575 2088 1630 ιοοιι.
2188 1558 2478 1654 Propheta,
2498 1571 2560 1654 et
2580 1564 2783 1634 recepit
2810 1564 2960 1630 illud,
2978 1574 3034 1619 et
3055 1565 3294 1621 reddidit
3310 1567 3381 1621 ad
3406 1567 3592 1624 utilem
3617 1582 3811 1622 nsum

496 1652 584 1728 tus
614 1680 712 1738 est,
739 1672 967 1728 dicens:
1006 1671 1145 1744 (on.
1178 1671 1266 1737 l5,
1297 1669 1391 1740 is)
1428 1669 1608 1735 Vobis,
1630 1668 1823 1738 inquit,
1856 1664 2087 1739 oportuit

2192 1652 2397 1709 domini
2425 1653 2529 1709 sui.
2561 1654 2640 1711 Ita
2661 1663 2718 1711 et
2743 1656 2810 1711 de
2838 1656 2999 1713 nobis
3030 1655 3238 1711 factum
3269 1665 3373 1735 est,
3396 1659 3486 1727 qui
3520 1659 3588 1713 de
3613 1673 3808 1713 inanu

491 1765 720 1836 primum
752 1763 895 1836 loqui
920 1766 1132 1818 verbum
1153 1761 1252 1816 Dei
1281 1776 1299 1814 .'
1321 1760 1413 1815 sed
1436 1762 1561 1832 quia
1599 1776 1686 1815 vos
1726 1758 1970 1828 indignos
1991 1755 2089 1826 ju-
2115 1818 2163 1836 ﬂ
2194 1744 2405 1802 Domini
2432 1746 2797 1817 superbiendo
2822 1748 3218 1821 cecideramus,
3243 1760 3342 1818 per
3368 1750 3546 1806 crucis
3572 1749 3809 1822 lignum

495 1818 710 1912 dicastis
757 1818 967 1912 aeterna:
1014 1856 1159 1922 vitae,
1209 1871 1325 1911 ecce
1368 1818 1720 1910 convertimur
1769 1818 1865 1906 αιί
1886 1859 2082 1922 gentes.
2114 1818 2165 1881 Β
2191 1842 2262 1898 ad
2290 1858 2513 1901 manum
2558 1845 2645 1900 vel
2675 1850 3002 1914 potestatem
3048 1820 3264 1899 Domini
3307 1845 3599 1900 reddimur.
3645 1847 3809 1903 item

494 1952 724 2020 Quando
744 1952 990 2008 doctrina
1010 1950 1397 2021 Apostolorum
1411 1950 1479 2006 ad
1499 1959 1687 2021 gentes
1702 1947 1937 2005 transiit.
1960 1954 2090 2003 tunc

494 2047 550 2102 in
584 2046 800 2103 miseris
820 2042 1019 2100 Iudaeis
1045 2045 1254 2114 peccati
1279 2044 1428 2116 lepra
1457 2043 1737 2100 remansit.

566 2138 643 2210 (6,
657 2139 711 2205 4,
730 2136 807 2209 5.)
826 2136 954 2193 Post
965 2138 1083 2192 haec
1094 2138 1261 2193 refert
1274 2137 1577 2208 Scriptura,
1590 2135 1734 2206 quod
1745 2143 1908 2191 eunte
1927 2135 2089 2191 beato

492 2230 675 2286 Eliseo
694 2245 821 2285 cum
849 2228 976 2283 ﬁliis
995 2228 1384 2299 prophetarum
1426 2229 1495 2283 ad
1519 2225 1811 2283 Iordanem
1840 2225 2085 2290 ﬂuvium,

495 2323 625 2379 dum
642 2323 746 2378 sibi
772 2321 913 2392 ligna
931 2321 1299 2388 conciderent,
1318 2322 1576 2377 ceciderit
1594 2320 1800 2376 securis
1816 2318 1873 2374 in
1903 2332 2045 2390 aqua
2068 2333 2083 2371 :

494 2424 551 2471 et
576 2415 686 2482 ille,
714 2414 782 2471 de
808 2412 962 2484 cujus
988 2428 1150 2470 manu
1181 2415 1408 2479 corruit,
1431 2411 1748 2475 clamaverit
1765 2413 1836 2467 ad
1867 2410 2089 2468 beatum

494 2506 735 2563 Eliseum
769 2526 782 2563 :
814 2506 923 2580 (IV
963 2507 1095 2580 Reg.
1134 2506 1191 2574 6,
1233 2507 1288 2580 5)
1348 2505 1467 2561 Heu
1506 2506 1636 2571 heu,
1680 2513 1727 2560 et
1772 2504 1871 2558 hoc
1914 2503 2087 2573 ipsum

493 2610 679 2655 mutuo
710 2617 1034 2672 acceperam.
1066 2599 1197 2657 Post
1222 2601 1337 2657 hac
1363 2601 1417 2655 in
1460 2600 1600 2665 loco,
1632 2599 1726 2654 ubi
1753 2596 1965 2654 securis
1996 2596 2089 2652 illa

494 2693 792 2759 ceciderat,
832 2691 1036 2750 Beatus
1065 2692 1279 2749 Eliseus
1322 2692 1472 2748 misit
1500 2690 1728 2763 lignum,
1771 2699 1828 2746 et
1876 2690 2090 2745 natavit

492 2786 721 2842 ferrum.

566 2890 594 2916 α
632 2896 651 2928 ι
686 2876 949 2933 Dominus
982 2874 1149 2933 Iesus
1180 2874 1446 2939 Christus,
1496 2873 1651 2943 cujus
1696 2874 1928 2943 ﬁguram
1978 2872 2091 2928 Eli-

494 2983 620 3025 scus
648 2971 899 3038 gestavit,
928 2986 1053 3025 cum
1076 2984 1176 3040 per
1203 2966 1546 3039 praesentiam
1582 2966 1826 3036 corporis
1871 2965 1955 3020 sui
1995 2963 2091 3019 Iu-

493 3060 735 3119 daeorum
754 3063 1113 3134 impietatem,
1137 3070 1393 3132 tanquam
1419 3059 1811 3115 infructuosam
1836 3057 2089 3113 arborem

2191 1936 2510 1993 moraliter:
2535 1951 2559 1977 ι
2592 1956 2611 1989 ι
2645 1936 2875 1993 Ferrum
2894 1937 2952 1993 in
2972 1938 3260 1993 manubrio
3294 1946 3382 1994 est
3398 1939 3597 1994 donum
3624 1940 3812 1994 intel-

2191 2030 2366 2085 lectus
2391 2028 2447 2084 in
2482 2029 2689 2084 corde:
2726 2028 2933 2100 lignum
2973 2043 3104 2085 vero
3150 2042 3249 2099 per
3291 2029 3397 2084 hoc
3444 2029 3671 2095 caedere,
3706 2038 3812 2085 est

2189 2134 2360 2193 prave
2414 2127 2637 2193 agentes
2684 2120 2991 2191 increpare;
3034 2120 3195 2188 Quod
3238 2128 3625 2191 nonnunquam
3650 2121 3809 2178 dum

2190 2212 2333 2268 ﬂuxe
2360 2212 2563 2283 agitur,
2591 2211 2719 2267 dum
2744 2211 2927 2282 lapsus
2961 2226 3116 2267 vana:
3144 2212 3332 2283 gloria:
3353 2213 3410 2268 in
3444 2222 3665 2283 accepta
3688 2226 3811 2267 ea-

2192 2304 2316 2360 dem
2351 2302 2581 2361 scientia
2620 2319 2730 2360 non
2760 2305 2984 2370 vitatur,
3012 2302 3217 2360 ferrum
3253 2305 3310 2361 in
3343 2319 3484 2375 aqua
3516 2304 3803 2376 perditur,

2190 2397 2318 2468 quia
2344 2412 2415 2452 ex
2450 2394 2711 2452 dissoluto
2730 2410 2893 2467 opere
2922 2396 3276 2469 intelligentia
3300 2395 3558 2454 laniatur.
3608 2400 3807 2467 Quam

2189 2490 2435 2561 profecto
2462 2489 2874 2562 intelligentiam
2899 2490 2965 2545 ad
2995 2491 3101 2547 hoc
3131 2493 3381 2548 novimus
3409 2493 3548 2558 dari,
3573 2504 3635 2548 ut
3657 2502 3805 2551 ante

2192 2580 2371 2636 dantis
2388 2579 2576 2636 oculos
2616 2595 2686 2635 ex
2724 2582 2868 2639 bona
2900 2581 3098 2637 debeat
3121 2582 3336 2639 actione
3364 2584 3595 2639 restitui.
3632 2584 3807 2641 Unde

2192 2683 2243 2729 et
2270 2681 2418 2729 recte
2445 2674 2513 2740 is,
2529 2674 2622 2744 qui
2647 2672 2853 2731 ferrum
2877 2675 3156 2742 amiserat,
3175 2676 3475 2733 clamabat:
3492 2675 3635 2743 Heu,
3658 2680 3799 2747 heu,

2188 2764 2412 2821 Domine
2437 2767 2540 2831 mi,
2562 2765 2732 2821 ethoc
2764 2767 2938 2837 ipsum
2979 2777 3163 2823 mutuo
3182 2784 3538 2840 acceperam:
3579 2771 3803 2827 habent

2189 2857 2334 2912 enim
2363 2858 2468 2914 hoc
2503 2857 2664 2919 elocti
2703 2859 3005 2929 proprium,
3034 2867 3096 2915 ut
3120 2860 3168 2916 si
3207 2862 3425 2931 quando
3456 2862 3540 2918 eis
3576 2863 3634 2916 in
3687 2878 3801 2919 sua

2190 2949 2418 3007 scientia
2444 2949 2645 3008 furtiva
2672 2952 3030 3023 vanarglorize
3051 2952 3209 3024 culpa
3229 2953 3549 3025 subripitur,
3568 2955 3639 3010 ad
3690 2970 3804 3013 etn-

2190 3040 2453 3099 velociter
2483 3043 2729 3110 redeant,
2757 3052 2813 3099 et
2870 3044 3133 3115 quidquid
3178 3046 3234 3102 in
3283 3056 3344 3103 se
3375 3057 3501 3103 ante
3548 3048 3801 3107 districti

493 3155 775 3215 succidere
826 3133 1007 3222 vellet,
1056 3154 1184 3225 quia
1241 3155 1309 3210 de
1358 3153 1450 3208 illo
1504 3151 1743 3209 Ioannes
1803 3152 2017 3208 dixerat
2069 3164 2162 3251 :C
2186 3133 2389 3251 I‘lldicis
2426 3136 2614 3251 000105,
2667 3138 2976 3251 gallinam“?
3010 3139 3317 3251 ἱηνίξηὶυηι,
3348 3140 3606 3251 Ecquis

493 3248 712 3322 (Matth.
740 3249 797 3315 ὅ,
828 3248 917 3319 10)
969 3246 1108 3302 Ecce
1123 3248 1322 3302 securis
1347 3246 1417 3301 ad
1444 3245 1677 3301 radicem
1697 3243 1949 3298 arborum
1987 3259 2085 3314 po-

492 3341 599 3395 sita
618 3349 714 3394 est.
734 3338 870 3394 Item
894 3340 1290 3395 interveniente
1308 3338 1582 3408 passione,
1608 3350 1807 3406 corpus
1844 3333 1977 3391 illud
1998 3348 2089 3390 ve-

494 3432 579 3487 lut
607 3432 950 3488 manubrium
981 3432 1242 3496 deseruit,
1271 3439 1328 3485 et
1358 3432 1413 3485 in
1446 3428 1646 3484 inferni
1674 3428 1946 3499 profunda
1993 3428 2088 3483 de-

492 3524 727 3579 scendit.
754 3522 911 3591 Quod
952 3523 1008 3577 in
1054 3522 1332 3593 sepultura
1359 3522 1617 3592 positum,
1647 3521 1716 3576 ad
1741 3520 1934 3587 vitam,
1960 3526 2087 3575 tan-

493 3628 664 3686 quam
687 3615 757 3669 ad
798 3613 1144 3669 manubrium
1189 3628 1347 3668 suum
1387 3613 1583 3683 spiritu
1642 3612 1906 3668 redeunte
1965 3626 2089 3667 sur-

494 3707 661 3765 rexit.
701 3728 721 3761 ι
756 3706 882 3763 Sive
907 3706 1100 3763 aliter:
1126 3706 1336 3763 Eliseus
1363 3720 1597 3776 namque
1626 3714 1811 3776 typum
1834 3704 2090 3760 habuisse

494 3801 713 3858 Domini
754 3800 1060 3857 Salvatoris
1088 3799 1404 3871 frequenter
1464 3814 1626 3869 supra
1671 3798 1785 3868 jam
1829 3796 2085 3852 diximus.

496 3893 607 3950 Sed
640 3894 695 3949 in
724 3908 896 3965 puero
934 3892 1028 3948 illo
1069 3891 1182 3948 ﬁlio
1218 3892 1518 3963 prophetae,
1564 3890 1720 3962 cujus
1765 3889 1974 3945 securis
2020 3888 2089 3945 de

492 4000 660 4041 manu
680 3985 834 4055 lapsa
859 3990 962 4051 est,
990 3999 1098 4039 non
1122 3984 1419 4053 incongrue
1443 3982 1691 4038 Christus
1717 3981 1980 4037 Dominus
2004 3980 2089 4036 in-

496 4076 757 4147 telligitur
786 4090 801 4131 :
826 4075 1036 4131 securis
1060 4075 1167 4141 illa,
1188 4090 1309 4145 quae
1330 4074 1546 4139 cecidit,
1565 4072 1760 4140 Adam,
1783 4074 1899 4129 sive
1914 4080 2089 4129 totum

496 4182 670 4240 genus
704 4168 1003 4223 humanum
1029 4166 1367 4239 signiﬁcasse
1393 4166 1625 4222 videtur.
1675 4165 1920 4221 Tenebat
1956 4179 2089 4236 ergo

496 4259 640 4315 ﬁlius
664 4259 942 4331 propheta:
986 4272 1236 4316 securem
1272 4258 1326 4314 in
1356 4272 1522 4314 manu
1552 4272 1691 4315 sua:
1736 4265 1792 4313 et
1829 4257 2090 4314 Dominus

494 4369 562 4409 ac
589 4351 845 4409 Salvator
882 4361 1069 4409 noster
1087 4352 1382 4408 humanum
1411 4367 1604 4425 genus,
1630 4355 1775 4425 quod
1806 4359 2090 4409 creaverat

494 4447 548 4502 in
586 4460 750 4501 manu
778 4446 1036 4516 potentiae
1063 4460 1173 4501 suae
1203 4462 1217 4499 :
1250 4446 1349 4499 sed
1378 4446 1649 4517 quomodo
1672 4446 1882 4502 securis
1906 4445 1999 4501 illa
2018 4446 2087 4500 de.

2195 3236 2449 3298 quantur.
2512 3228 2617 3298 Qui
2667 3231 2855 3288 ﬂentes
2904 3249 3015 3291 non
3064 3233 3241 3290 solum
3287 3245 3448 3291 caute
3470 3236 3798 3307 inspiciunt,

2192 3337 2312 3393 quae
2338 3322 2481 3378 mala
2506 3325 2914 3391 commiserunt,
2942 3327 3040 3383 sed
3069 3341 3138 3382 ex
3167 3335 3394 3399 accepto
3420 3342 3645 3385 munere
3667 3343 3800 3400 qua

2190 3418 2419 3474 reddere
2437 3418 2604 3475 etiam
2636 3419 2775 3475 bona
2805 3420 3112 3476 debuerunt
3138 3440 3153 3478 :
3180 3421 3305 3493 quia
3333 3423 3587 3478 nimirum
3634 3431 3799 3481 tanto

2192 3524 2253 3565 se
2278 3508 2514 3580 amplius
2535 3520 2855 3581 peccatores
2888 3513 3148 3581 sentiunt,
3176 3523 3387 3585 quanto
3422 3529 3489 3571 ex
3529 3517 3799 3589 neglectis

2191 3600 2370 3669 bonis,
2400 3617 2704 3675 quatagere
2727 3606 3288 3675 poterant,debitores
3311 3615 3583 3665 tenentur.
3619 3609 3799 3666 Recte

2190 3714 2342 3771 ergo,
2366 3700 2460 3770 qui
2489 3699 2697 3757 ferrum
2721 3702 2989 3771 perdidit,
3016 3702 3287 3759 clamabat
3312 3717 3327 3758 :
3350 3702 3489 3769 Heu,
3514 3705 3636 3771 heu,
3662 3706 3797 3774 heu,

2190 3803 2238 3848 et
2266 3793 2364 3847 hoc
2392 3794 2564 3864 ipsum
2593 3802 2776 3849 mutuo
2803 3808 3126 3866 acceperam,
3154 3810 3218 3853 ac
3242 3797 3290 3852 si
3314 3797 3460 3853 dicat
3488 3812 3502 3850 :
3536 3796 3671 3852 illud
3688 3813 3800 3869 per

2192 3888 2599 3945 dissolutionem
2622 3888 2960 3960 negligentia:
2982 3889 3216 3960 perdidi,
3241 3890 3387 3960 quod
3417 3900 3478 3943 ut
3512 3905 3611 3961 per
3646 3891 3794 3946 bona

2191 3995 2357 4051 opera
2387 3981 2689 4047 redderem,
2721 3995 2788 4036 ex
2812 3981 2987 4052 gratia
3021 3980 3310 4037 creditoris
3335 3992 3674 4053 acceperam.
3719 3981 3797 4038 At

2191 4088 2469 4145 nunquam
2496 4076 2642 4131 Deus
2680 4082 2920 4131 mentem
2944 4074 3166 4142 deserit,
3195 4089 3317 4145 qua:
3350 4074 3406 4130 in
3452 4076 3701 4145 peccatis
3731 4092 3795 4133 se

2191 4168 2466 4224 veraciter
2504 4166 2765 4238 agnoscit.
2800 4164 2953 4223 Unde
2997 4175 3054 4223 et
3109 4181 3234 4222 mox
3282 4166 3496 4223 Eliseus
3538 4167 3788 4236 veniens,

2193 4260 2397 4333 lignum
2418 4261 2673 4317 deorsum
2698 4261 2884 4328 mittit,
2904 4270 2965 4318 et
2992 4261 3196 4317 ferrum
3224 4263 3279 4317 in
3320 4261 3673 4334 superﬁciem
3708 4271 3796 4317 at-

2192 4354 2315 4409 tulit
2344 4371 2357 4407 :
2387 4355 2515 4425 quia
2562 4354 2815 4411 videlicet
2849 4355 3181 4426 Redemptor
3206 4364 3425 4424 noster,
3457 4357 3546 4427 pie
3576 4372 3679 4412 nos
3705 4370 3797 4412 re-

2195 4449 2454 4521 spiciens,
2477 4463 2575 4506 cor
2602 4450 2907 4521 peccatoris
2942 4450 3214 4516 humiliat,
3243 4450 3374 4506 etei
3400 4450 3427 4489 «ί
3461 4451 3554 4521 qui
3600 4447 3801 4508 amise~

493 4551 660 4593 manu
680 4535 979 4609 prophetae,
1004 4544 1059 4592 et
1093 4537 1148 4592 in
1170 4536 1440 4608 profundo
1471 4539 1695 4604 corruit,
1727 4538 1801 4593 ita
1836 4546 1892 4594 et
1916 4554 2087 4611 genus
2110 4558 2166 4622 Β
2194 4550 2299 4607 rat,
2326 4541 2739 4614 intelligentiam
2785 4541 3069 4609 reformat,
3102 4541 3303 4614 lignum
3344 4544 3545 4615 mergit
3565 4585 3581 4609 ,
3604 4552 3660 4600 et
3691 4543 3800 4600 fer-

491 4632 794 4689 humanum
821 4646 946 4688 cum
983 4634 1050 4688 de
1078 4647 1245 4687 manu
1279 4631 1377 4687 Dei
1415 4633 1805 4704 omnipotentis
1850 4649 1950 4704 per
1993 4650 2088 4689 sn-

490 4723 740 4794 perbiam
765 4737 826 4780 se
866 4723 1135 4789 excussit,
1164 4723 1361 4780 cecidit
1395 4724 1450 4778 in
1486 4723 1710 4780 ﬂuvium
1752 4725 2001 4792 luxuriae,
2036 4734 2094 4782 et

491 4821 737 4878 omnium
777 4827 1126 4893 peccatorum
1150 4820 1365 4892 gurgite
1393 4833 1451 4875 se
1499 4820 1809 4877 submersit.
1869 4821 2091 4877 Securis

490 4928 624 4983 ergo
656 4912 747 4969 illa
776 4914 831 4969 in
862 4912 1132 4984 profundo
1148 4912 1390 4985 iacebat,
1419 4913 1547 4984 quia
1576 4927 1745 4985 genus
1790 4915 2092 4970 humanum

492 5003 551 5059 in
570 5005 814 5060 omnium
838 5006 1129 5062 criminum
1169 5006 1387 5077 abysso,
1418 5004 1620 5059 infelici
1666 5005 1824 5061 ruina
1862 5020 2090 5062 corrue-

493 5104 600 5163 rat,
627 5097 770 5153 sicut
790 5100 1055 5170 scriptum
1079 5106 1165 5154 est
1194 5115 1207 5152 :
1246 5096 1473 5171 (Psatm.
1501 5095 1593 5163 68,
1616 5097 1674 5171 2)
1728 5098 1940 5168 Inﬁxus
1970 5115 2090 5155 sum

491 5189 549 5245 in
587 5190 713 5247 limo
746 5192 1017 5263 profundi.
1047 5193 1251 5249 lterum
1278 5192 1431 5260 (ibid.
1464 5191 1522 5265 3)
1545 5190 1738 5247 Βουεηὶ
1762 5193 1818 5247 in
1847 5191 2093 5248 altitudi-

493 5297 611 5338 nem
624 5282 834 5357 maris,
861 5295 911 5342 et
937 5294 1215 5359 tempestas
1243 5284 1485 5341 dimersit
1529 5301 1631 5340 me.
1678 5284 1901 5344 Fluvius
1941 5294 2090 5351 enim

569 5424 595 5463 δ
634 5414 1161 5501 Ρι-ξρὶχρρςβ-ιιιυίυέ
1192 5422 1569 5501 explicationis
1598 5442 1664 5482 ex
1704 5427 1898 5487 Isidori
1941 5449 2089 5491 com-
2124 5496 2129 5501 λ

493 5492 779 5566 triental-iis
805 5492 858 5547 in
881 5494 947 5548 ιν
972 5493 1180 5566 Regum
1208 5492 1493 5566 desumpta
1522 5505 1625 5553 est.

570 5565 596 5604 ι)
630 5562 1035 5646 ‘Sub‘sequentia
1058 5562 1321 5646 _'videntur
1346 5562 1618 5624 vetustam
1666 5571 2088 5641 explicationem

490 5648 563 5692 ex
596 5632 1012 5709 al_i0_Scriptore
1042 5635 1381 5709 desumptam
1408 5653 1732 5709 proponere.

567 5717 601 5785 c_
618 5704 1029 5785 §ubsequentia
1045 5704 1270 5785 tradidit
1293 5704 1588 5785 Gregorius
1619 5712 1847 5785 Magum
1868 5734 2018 5776 num.
2056 5723 2092 5779 9
2180 5734 2181 5737 ‘

683 5776 966 5866 aliaslcap.
998 5778 1031 5834 5
1061 5778 1182 5835 libri
1211 5795 1324 5836 χιιι
1354 5776 1657 5852 muralium,
1698 5776 1871 5857 anue
1898 5776 2094 5866 allegth

494 5847 664 5904 etiam
683 5845 953 5905 Paterius.

2196 4646 2318 4688 rum
2352 4643 2377 4672 ε
2404 4631 2570 4701 levat,
2603 4634 2731 4704 quia
2762 4648 2857 4689 cor
2883 4632 3086 4705 afﬂigit,
3115 4641 3168 4690 et
3214 4634 3498 4691 scientiam
3549 4646 3792 4707 reparat.

2196 4726 2353 4783 Unde
2377 4725 2514 4781 bene
2538 4725 2594 4780 in
2621 4726 2725 4781 alia
2746 4725 3106 4782 translatione
3126 4726 3327 4783 dicitur
3349 4726 3493 4798 quod
3526 4728 3551 4768 ἲ
3579 4729 3797 4802 infregit

2194 4817 2418 4890 lignum,
2443 4826 2601 4890 atque
2610 4818 2857 4889 jactaoit,
2892 4828 2941 4873 et
2970 4819 3047 4874 sic
3075 4819 3275 4891 ferrum
3296 4818 3531 4877 sustulit.
3558 4822 3799 4897 Lignum

2198 4922 2432 4982 namque
2460 4910 2809 4983 confringere
2832 4922 2936 4980 est,
2963 4926 3062 4969 cor
3082 4913 3317 4969 elatione
3349 4924 3659 4973 conterere.
3708 4916 3800 4974 Li-

2196 5014 2361 5076 gnum
2384 5003 2455 5059 ad
2485 5004 2593 5058 ima
2627 5003 2860 5072 jactare,
2889 5015 2971 5061 est
3002 5004 3033 5047 ⁸
3060 5004 3334 5063 elevatum
3364 5022 3459 5065 cor
3501 5008 3556 5066 in
3584 5012 3609 5050 1³
3637 5010 3795 5083 cogi-

2202 5100 2423 5165 talione,
2457 5104 2521 5153 ut
2562 5098 2800 5157 diximus
2828 5099 3065 5173 propria:
3090 5099 3426 5160 inﬁrmitatis
3478 5102 3791 5170 humiliarc,

2197 5190 2535 5265 atque-illico
2559 5188 2767 5247 ferrum
2794 5193 2811 5234 ὶ
2839 5192 2893 5247 in
2916 5189 3259 5263 superﬁciem
3283 5193 3447 5261 redit,
3481 5195 3611 5265 quia
3647 5193 3661 5245 i
3702 5195 3799 5251 ad.

2197 5302 2417 5347 versum
2452 5284 2858 5345 exercitationis
2887 5285 3179 5360 pristinum
3209 5282 3569 5364 intelligentia
3608 5302 3795 5346 recur-

2268 5434 2295 5475 ἀ
2321 5432 2515 5501 Quam’.

2274 5518 2299 5549 ο
2332 5506 2564 5562 Rclevat.

2274 5577 2290 5623 ι
2338 5576 2482 5650 Conf
2480 5577 2629 5650 regit.

2274 5652 2299 5692 8
2328 5649 2569 5704 Elatunt.

2269 5721 2296 5761 ιι
2333 5717 2663 5790 Cognitione.

2279 5794 2293 5833 ί
2333 5792 2434 5845 Ad.

2337 5865 2413 5917 Ad
2438 5881 2593 5919 usum
2627 5862 2885 5935 pristim.
