4056 6350
292 368 391 436 781

934 374 1393 449 ΟΠᾹΞΞΤΙΟΝΕΞ
1429 365 1581 432 XXX
1619 368 1847 433 SUPER

1976 375 2132 433 lROS
2170 366 2434 433 REGUM.
2477 405 2547 418 -
2583 368 2786 432 LIBER
2824 368 2914 436 IV.

3446 370 3557 436 78‘!

288 501 385 554 rit.
431 484 599 571 igitur
632 484 887 566 quoiiiam
937 494 1135 551 donum
1181 472 1515 561 intellectus,
1548 493 1692 566 quod
1740 492 1875 548 acci—
1901 495 1955 556 Α
1978 491 2097 546 cabi
2131 490 2384 546 stercoris
2412 488 2803 556 columbarum,
2827 488 2971 561 quod
3005 489 3243 562 quinque
3280 489 3555 563 argenteis

286 591 460 660 pitur,
492 589 579 643 vix
616 603 738 642 cum
786 595 867 643 tot
903 586 1307 645 dilﬁcultatibus
1334 586 1652 648 custoditur,
1680 600 1876 641 curan-

287 680 420 735 dum
451 677 606 733 valde
645 687 749 747 est,
787 695 859 735 ne
909 680 1021 735 otio
1074 686 1302 749 torpeat,
1346 677 1648 734 curandum
1707 693 1775 733 ne
1819 677 1876 733 in

282 773 678 829 exercitatione
707 773 888 843 operis
914 772 1046 827 vitio
1069 772 1318 828 elationis
1344 777 1630 827 evanescat
1658 785 1673 825 :
1705 767 1885 826 sancti

284 879 528 935 namque
555 864 656 919 viri
684 864 906 919 minime
938 863 1204 932 exultant,
1237 879 1358 919 cum
1382 869 1715 935 cognoscunt
1757 877 1878 935 qua:

284 968 316 998 ει
346 956 554 1016 faciunt
581 974 594 1012 :
625 958 720 1012 sed
768 973 889 1013 cum
926 954 1131 1012 faciunt
1172 971 1292 1030 qum
1322 953 1351 994 ι’
1382 963 1751 1030 cognoverunt
1782 972 1796 1009 :
1823 962 1879 1010 et

284 1049 333 1104 si
358 1048 711 1120 intelligendo
738 1048 1002 1121 largiores
1029 1047 1372 1122 congaudent
1403 1063 1628 1104 munere
1656 1046 1877 1118 largito-

282 1141 388 1208 ris,
412 1151 706 1198 maerentes
736 1149 915 1198 tamen
962 1141 1310 1198 considerant
1351 1140 1593 1196 debitum
1628 1138 1810 1212 operis
1860 1156 1872 1191 :

282 1242 345 1288 ut
372 1232 627 1288 videlicet
672 1234 885 1289 actione
920 1233 1255 1303 persolvant,
1284 1231 1428 1304 quod
1451 1232 1531 1289 eis
1562 1240 1585 1271 ο
1616 1244 1879 1304 proroga-

282 1332 403 1379 tum
427 1331 510 1378 est
538 1323 594 1379 in
622 1321 650 1363 ἀ
677 1322 1024 1396 cogitatione.
1046 1321 1260 1380 Stultus
1276 1337 1512 1394 namque
1535 1329 1619 1378 est
1644 1318 1872 1384 debitor,

283 1415 378 1486 qui
402 1414 640 1487 gaudens
668 1414 925 1485 pecunias
953 1417 1171 1471 minuas
1196 1414 1414 1485 accipit,
1436 1421 1493 1468 et
1529 1422 1742 1484 tempus
1769 1422 1878 1481 quo

283 1505 517 1561 reddere
547 1516 570 1545 ο
600 1504 787 1571 debet,
809 1519 919 1560 non
950 1504 1200 1561 attendit.
1240 1503 1549 1559 Moderatur
1577 1511 1758 1558 autem
1788 1497 1878 1555 lae-

284 1600 408 1654 titia
452 1598 790 1670 accipiendi,
820 1599 1036 1673 quando
1087 1595 1272 1654 solerti
1321 1596 1660 1668 providentia
1712 1592 1879 1648 etiam

282 1690 638 1749 constitutum
664 1697 876 1761 tempus
898 1689 1157 1746 reddendi
1181 1689 1467 1760 COgitatur.
1499 1708 1519 1741 ι

359 1781 541 1856 (Vers.
558 1781 638 1856 8.)
663 1780 778 1838 Rea:
798 1793 972 1838 autem
998 1781 1167 1854 Syria:
1190 1780 1454 1854 pugnabat
1480 1788 1662 1836 contra
1684 1776 1877 1844 Israel,

1978 593 2239 655 emptum,
2256 584 2311 639 in
2335 582 2512 639 cibum
2535 583 2675 639 sumi
2690 583 2906 651 dicitur,
2921 583 3027 640 hoc
3049 583 3306 657 ﬁgurasse
3322 583 3558 650 videtur,

1979 674 2122 746 quod
2155 674 2383 748 populus
2428 676 2722 746 reprobus,
2756 673 2946 731 relicta
2986 672 3197 730 cultura
3242 673 3361 740 Dei,
3393 682 3557 745 atque

1979 766 2216 836 quinque
2262 767 2509 836 corporis
2564 767 2810 824 sensibus
2857 766 3125 834 subditus,
3154 778 3254 838 per
3287 767 3557 823 idolorum

1978 856 2266 923 culturam,
2290 866 2346 913 et
2371 858 2959 928 simulationem,vclut
2984 859 3220 931 quodam
3248 857 3423 916 fetore
3440 874 3562 931 pee-
3652 872 3660 880 ’

1979 956 2223 1006 catorum
2270 949 2436 1021 pasti,
2470 950 2684 1007 diabolo
2714 951 3136 1007 satisfaciebant.
3184 952 3314 1007 Duae
3361 952 3559 1008 mulie-

1978 1058 2089 1111 res,
2119 1057 2350 1114 quarum
2391 1057 2498 1099 una
2539 1042 2697 1101 famis
2745 1045 2923 1117 inopia
2953 1054 3165 1102 coctum
3194 1045 3364 1102 ﬁlium
3400 1060 3562 1101 suum

1978 1135 2245 1203 comedit,
2272 1135 2557 1207 reprobam
2606 1135 2820 1208 plebem
2861 1152 2929 1194 ex
2976 1136 3176 1194 Iudaeis
3224 1136 3565 1211 signiﬁcasse

1980 1243 2089 1285 non
2115 1229 2335 1285 dubium
2361 1238 2476 1295 est,
2500 1244 2620 1298 quae
2644 1242 2805 1286 omne
2850 1231 3073 1301 bonum,
3092 1230 3243 1302 quod
3275 1228 3332 1285 in
3360 1245 3421 1287 se
3450 1230 3563 1287 ori-

1979 1321 2230 1394 ginaliter
2257 1321 2459 1378 habere
2482 1322 2676 1393 potuit,
2708 1323 2887 1395 inopia
2913 1323 3037 1379 ﬁdei
3082 1331 3400 1393 consumpta
3430 1337 3563 1379 con-

1979 1413 2208 1483 sumpsit
2239 1432 2252 1467 :
2282 1412 2386 1468 alia
2412 1425 2565 1480 vero,
2597 1424 2717 1484 qum
2744 1414 2799 1468 in
2847 1412 2950 1470 tale
2988 1412 3200 1469 facinus
3235 1427 3561 1470 consensum

1976 1504 2219 1575 praebere
2234 1504 2428 1569 renuit,
2446 1503 2673 1560 electam
2687 1504 2897 1575 plebem
2910 1504 3100 1577 procul
3111 1504 3274 1562 dubio
3288 1506 3559 1578 ﬁguravit.

2052 1591 2203 1667 (Cap.
2237 1595 2291 1662 7,
2322 1593 2402 1667 3.)
2443 1594 2685 1662 Quatuor
2708 1608 2831 1667 ergo
2858 1598 2958 1651 viri
2983 1606 3136 1653 erant
3171 1596 3361 1669 leprosi
3400 1598 3565 1670 juxta

1978 1685 2251 1742 introitum
2278 1694 2465 1759 portte,
2489 1688 2579 1757 qui
2613 1687 2860 1742 dixerunt
2901 1687 2973 1743 ad
3002 1688 3243 1743 invicem.
3293 1686 3435 1756 Quid
3476 1691 3563 1744 hic

1981 1793 2090 1832 esse
2118 1777 2353 1834 volumus
2389 1778 2553 1833 donec
2574 1779 2906 1835 moriamur?
2932 1789 3038 1837 etc.
3067 1782 3310 1851 Quatuor
3335 1782 3557 1855 leprosi,

283 1872 665 1944 consiliumque
691 1873 809 1927 iniit
829 1883 948 1928 cum
970 1873 1130 1928 servis
1151 1872 1261 1927 suis
1288 1871 1504 1926 dicens:
1525 1870 1593 1924 In
1618 1868 1732 1924 loco
1758 1867 1873 1934 illo,
1903 1864 1952 1932 B
1979 1871 2071 1945 qui
2098 1879 2251 1928 extra
2278 1873 2552 1929 civitatem
2577 1874 2737 1944 positi
2767 1874 3006 1931 futuram
3024 1874 3210 1933 lsraeli
3241 1878 3269 1920 ³
3289 1878 3560 1936 defensio-

286 1974 335 2022 et
362 1966 457 2023 illo
477 1983 734 2039 ponamus
757 1966 981 2023 insidias
1011 1983 1029 2022 :
1057 1974 1112 2024 et
1142 1966 1372 2038 reliqua.
1397 1963 1517 2019 ne:
1560 1962 1738 2035 Syria:
1774 1960 1875 2017 Sa-

286 2059 517 2115 mariam
554 2057 808 2114 obsidens
833 2099 849 2125 ,
881 2058 1078 2115 diaboli
1132 2057 1382 2129 gestabat
1412 2056 1745 2130 tydaaopum,
1781 2053 1876 2124 qui

286 2158 415 2205 ante
445 2150 734 2213 adventum
785 2147 1086 2205 Salvatoris
1118 2146 1427 2205 .l‘udaeorum
1473 2146 1731 2219 populum
1778 2159 1876 2200 sua

284 2241 573 2298 obsidione
606 2241 968 2308 concluserat,
1020 2240 1176 2311 cujus
1210 2239 1431 2297 saevitia:
1458 2248 1621 2310 atque
1650 2237 1877 2294 occultae

286 2318 531 2401 insiﬁce,
591 2346 728 2404 quas
773 2333 1015 2389 humano
1058 2332 1430 2405 praetendebat
1476 2332 1661 2403 generi
1689 2373 1704 2398 ,
1756 2329 1874 2384 veri

285 2427 471 2493 Eiisei,
496 2425 601 2482 hoc
627 2434 712 2482 est
737 2425 953 2491 Domini
982 2424 1281 2483 Salvatoris
1319 2423 1685 2497 praescientia,
1715 2431 1876 2492 atque

289 2516 488 2571 virtute
521 2513 795 2573 frustratae
828 2525 974 2573 sunt.
1015 2516 1301 2573 Exercitus
1334 2516 1481 2587 regis
1504 2515 1871 2588 Assyriorum,

286 2610 383 2681 qui
421 2610 487 2666 ad
528 2610 852 2681 capiendum
892 2610 1131 2668 Eliseum
1163 2610 1232 2666 ab
1259 2625 1325 2665 eo
1354 2609 1555 2667 missus
1604 2615 1708 2675 est,
1741 2608 1877 2665 scri-

285 2705 481 2761 barum
537 2711 596 2759 et
639 2704 1034 2774 pharisaaorum
1114 2703 1425 2759 habuerunt
1497 2709 1683 2773 typum
1709 2742 1724 2767 ,
1783 2699 1876 2770 qui

283 2795 549 2853 instinctu
581 2795 782 2852 diaboli
823 2796 892 2850 ad
929 2788 1373 2866 persequendum
1420 2792 1591 2847 Deum
1634 2789 1876 2861 instigati

287 2897 454 2954 sunt,
507 2895 562 2944 et
632 2903 732 2958 per
782 2888 1038 2943 virtutem
1096 2885 1341 2956 ejusdem
1386 2882 1602 2941 Domini
1655 2892 1712 2940 et
1758 2883 1878 2939 Sal-

287 2979 495 3034 vatoris
524 2980 719 3045 nostri,
738 2977 886 3048 justo
912 2978 1118 3049 judicio
1146 2977 1404 3034 obcaecati
1432 2985 1564 3033 sunt
1605 2994 1620 3031 :
1657 2984 1715 3032 et
1752 2990 1877 3030 rur-

288 3086 409 3126 sum
436 3087 536 3142 per
560 3072 994 3127 misericordiam
1029 3071 1194 3143 illius,
1218 3085 1363 3142 pane
1406 3070 1562 3126 verbi
1601 3068 1699 3125 Dei
1746 3073 1876 3124 sunt

289 3166 448 3238 pasti,
486 3172 542 3221 et
570 3179 709 3235 aqua
735 3164 977 3221 scientia:
1020 3162 1230 3220 refecti.
1277 3161 1470 3218 Merito
1502 3168 1705 3227 movet,
1742 3173 1879 3232 quo-

291 3231 451 3313 me
478 3231 754 3328 potuerint
796 3255 922 3328 Syri
967 3255 1057 3313 isti
1094 3256 1177 3311 ire
1226 3256 1282 3310 in
1319 3253 1643 3319 Samariam,
1677 3252 1724 3307 si
1763 3231 1878 3307 uti
1903 3231 1950 3298 C

290 3358 452 3406 erant
478 3350 722 3406 caecitate
752 3349 1017 3421 percussi,
1052 3357 1120 3404 ut
1165 3347 1388 3404 omnino
1422 3345 1559 3401 nihil
1607 3344 1873 3401 viderent.

290 3442 406 3500 Hac
454 3444 669 3499 aurasia
717 3442 738 3481 τ
769 3450 826 3499 et
874 3442 952 3497 illi
976 3441 1220 3513 percussi
1248 3447 1393 3507 sunt,
1425 3440 1517 3511 qui
1561 3438 1879 3511 quaerebant

289 3537 489 3593 ostium
516 3536 692 3594 Loth:
723 3537 828 3594 hoc
846 3536 996 3591 enim
1024 3535 1182 3591 modo
1204 3548 1303 3590 sua
1320 3532 1634 3589 calamitate
1648 3531 1872 3603 turbati,

290 3636 537 3685 amentes
577 3628 704 3684 facti
732 3634 878 3693 sunt,
906 3641 1080 3697 usque
1107 3627 1232 3683 dum
1262 3627 1407 3681 irent
1436 3625 1493 3679 in
1545 3621 1873 3690 Samariam,

287 3731 345 3777 et
371 3722 601 3777 ulterius
625 3721 954 3793 Prophetam
986 3719 1080 3776 tali
1106 3720 1268 3776 modo
1280 3716 1743 3790 comprehendere
1760 3730 1873 3773 non

286 3817 675 3887 quaesiverunt.
1184 3836 1187 3841 ·

359 3930 379 4004 (
393 3929 453 3986 ν.
484 3931 575 3999 24,
599 3939 649 3986 et
674 3920 806 4004 seq.)
832 3928 1057 3984 Factum
1083 3937 1157 3985 est
1179 3938 1353 3983 autem
1379 3935 1494 3999 post
1520 3926 1632 3982 haec
1664 3942 1876 3997 congre-

287 4023 427 4095 gavit
460 4020 709 4078 Benadab
734 4038 827 4076 rex
862 4019 1036 4093 Syria:
1064 4020 1363 4075 universum
1388 4019 1673 4073 exercitum
1695 4034 1869 4086 suum,

285 4125 337 4169 et
360 4113 677 4181 ascendit,et
700 4113 895 4170 obsedit
922 4110 1243 4167 Samariam.
1269 4108 1441 4165 Facta
1477 4118 1553 4165 est
1586 4118 1759 4166 autem
1791 4109 1875 4181 fa-

284 4223 396 4261 mes
419 4214 609 4277 ntagna
632 4207 688 4261 in
711 4205 980 4271 Samaria,
1006 4214 1055 4260 et
1079 4203 1283 4259 tamdiu
1315 4204 1525 4259 obsessa
1564 4212 1640 4260 est
1668 4203 1870 4271 civitas,

286 4298 453 4353 donec
479 4297 868 4353 venundaretur
906 4306 1063 4368 caput
1108 4297 1244 4351 asini
1285 4295 1547 4367 octoginta
1578 4295 1870 4367 argenteis,

286 4397 335 4444 et
363 4397 552 4459 quarta
576 4399 700 4459 pars
734 4387 851 4441 cabi
872 4387 1118 4441 stercoris
1155 4384 1516 4440 columbarum
1543 4385 1770 4457 quinque
1787 4401 1875 4440 ar-

285 4480 505 4552 genteis,
535 4489 642 4534 etc.
666 4477 863 4534 Fames
885 4476 1149 4533 Samaria:
1175 4477 1321 4533 illata
1345 4477 1581 4548 inopiam
1605 4476 1875 4549 signiﬁcat

284 4571 438 4627 verbi
474 4570 595 4638 Dei,
624 4572 740 4626 sive
782 4579 1080 4641 egestatem
1129 4568 1272 4634 ﬁdei,
1310 4583 1410 4638 per
1433 4583 1597 4638 quam
1629 4567 1872 4623 diabolus
1897 4598 1950 4665 Β

284 4671 415 4721 ante
441 4665 735 4721 adventum
768 4661 1073 4719 Salvatoris
1098 4661 1195 4716 Dei
1222 4660 1479 4732 populum
1507 4661 1866 4716 concluserat.

283 4758 461 4828 Caput
483 4757 623 4814 asini
660 4755 932 4829 octoginta
980 4753 1254 4827 argenteis
1292 4752 1657 4809 venundatum
1703 4752 1873 4825 signi-

283 4848 415 4905 ﬁcat
445 4849 778 4919 superbiam,
800 4862 921 4919 qua:
950 4847 1158 4901 initium
1181 4853 1258 4900 est
1293 4844 1462 4900 omnis
1504 4844 1720 4915 peccati.
1768 4840 1873 4899 Per

282 4943 499 4997 asinum
544 4940 713 5007 enim,
752 4939 896 5010 quod
942 4938 1281 4993 immundum
1326 4943 1412 4991 est
1440 4934 1661 5000 animal,
1688 4934 1872 4989 omnia

279 5035 418 5089 vitia
452 5032 656 5089 diaboli
682 5032 1059 5104 prietigurasse
1094 5045 1205 5085 non
1230 5030 1451 5086 dubium
1479 5038 1585 5097 est,
1615 5040 1869 5101 quorum,

280 5137 341 5183 ut
372 5127 574 5182 dictum
598 5134 704 5194 est,
726 5135 887 5198 caput
911 5134 995 5182 est
1020 5125 1291 5195 superbia.
1326 5122 1480 5181 Hanc
1509 5123 1727 5195 reprobi
1756 5139 1872 5181 om-

281 5238 382 5278 nes
407 5222 653 5293 neglecto
683 5220 939 5291 decalogo
957 5219 1115 5290 legis,
1144 5225 1309 5289 atque
1336 5219 1577 5290 ogdoada
1624 5216 1873 5289 Evange-

282 5315 364 5383 lii,
398 5317 452 5371 in
490 5331 596 5386 qua
627 5315 805 5387 imago
842 5320 925 5369 est
959 5312 1079 5379 Dei,
1109 5312 1166 5367 in
1195 5312 1376 5367 cibum
1422 5310 1526 5364 sibi
1564 5308 1875 5364 maluerunt

282 5408 520 5474 ab‘sumi,
551 5420 713 5479 quam
746 5414 948 5478 panem
982 5402 1137 5460 verbi
1186 5401 1304 5458 Dei.
1336 5400 1559 5470 Quarta
1580 5412 1713 5456 vero
1740 5413 1869 5470 pars

356 5537 383 5567 ι
408 5523 660 5582 Faciant.

359 5596 389 5636 b
424 5594 809 5669 Qognoverant.

360 5679 387 5754 ξ
424 5665 816 5754 ξνὶεζοραεαηι.

360 5738 391 5780 ά
419 5738 751 5810 Gognitione.

368 5822 392 5850 ε
424 5809 642 5866 Debent.
1100 5858 1107 5861 _

367 5881 389 5923 ί
417 5878 561 5937 Num
590 5892 879 5955 corruptus
906 5879 1155 5943 nonnihil
1181 5879 1255 5937 sit
1278 5876 1432 5936 locus
1456 5876 1586 5946 iste,
1607 5872 1704 5931 alii
1729 5869 1883 5929 vide-

1975 1978 2099 2021 nem
2128 1956 2512 2037 pronuntiant,
2561 1966 2681 2022 illos
2722 1959 2995 2024 indicasse
3045 1969 3318 2037 videntur,
3348 1971 3442 2043 qui
3488 1986 3559 2028 ex

1975 2053 2173 2127 populo
2199 2053 2507 2110 Iudaeorum
2538 2055 2935 2113 immunditiam
2974 2069 3320 2131 peccatorum
3338 2074 3563 2118 suorum

1974 2147 2129 2219 prius
2162 2148 2375 2204 caeteris
2401 2147 2637 2205 confessi
2665 2159 2809 2218 sunt,
2850 2159 2906 2208 et
2932 2154 2998 2208 ad
3038 2160 3247 2209 tantam
3274 2156 3565 2226 pervenire

1976 2248 2296 2295 meruerunt
2322 2240 2575 2312 gratiam,
2599 2249 2658 2296 ut
2677 2242 2879 2298 victum
2919 2250 3084 2316 atque
3109 2244 3348 2318 fugatum
3376 2247 3570 2303 diabo-

1975 2329 2086 2386 lum
2113 2345 2213 2402 per
2248 2333 2535 2389 victoriam
2578 2337 2757 2393 crucis
2796 2335 2999 2394 Christi
3026 2341 3238 2396 ueteris
3278 2343 3566 2398 annuntia-

1976 2430 2119 2478 rent.
2152 2423 2400 2495 Quinque
2422 2440 2607 2497 equos,
2641 2429 2809 2499 quiin
2844 2430 3093 2499 Samaria
3118 2447 3230 2503 prae
3259 2433 3440 2506 inopia
3480 2433 3565 2489 fa-

1975 2513 2080 2568 mis
2132 2518 2507 2574 tantummodo
2564 2520 2894 2578 remansisse
2940 2523 3195 2579 dicuntur
3220 2567 3236 2593 ,
3283 2525 3562 2582 carnalem

1974 2604 2281 2661 Iudaeorum
2304 2607 2558 2678 populant
2585 2612 2685 2667 sub
2714 2612 2953 2684 quinque
2989 2613 3142 2671 libris
3194 2615 3331 2689 legis
3366 2616 3569 2673 dereli-

1977 2705 2124 2751 ctum
2160 2695 2422 2768 ﬁgurasse
2447 2708 2654 2756 certum
2700 2710 2803 2758 est.
2856 2703 2973 2759 Dux
3016 2704 3129 2771 ille,
3173 2707 3266 2777 qui
3324 2705 3567 2764 futuram

1975 2785 2235 2869 frumenti
2284 2789 2669 2848 abundantiam
2711 2808 2812 2864 per
2856 2792 3095 2852 Eliseum
3127 2806 3416 2853 venturam
3464 2814 3569 2854 au-

1976 2882 2150 2949 diens,
2173 2884 2397 2941 credere
2422 2886 2618 2955 noluit,
2659 2890 2960 2946 scribarum
2985 2899 3148 2963 atque
3172 2890 3568 2964 phariszeorum

1976 2978 2209 3049 gestavit
2232 2977 2484 3051 ﬁguram,
2500 2982 2591 3052 qui
2620 2981 2956 3038 fertilitatem
2980 2982 3107 3040 ﬁdei
3134 2983 3188 3040 in
3217 2985 3460 3042 Ecclesia
3486 2986 3573 3042 di-

1976 3065 2183 3122 vinitus
2209 3067 2460 3123 collatam
2490 3071 2648 3137 vidit,
2665 3080 2720 3128 et
2754 3072 2882 3145 quia
2912 3072 3139 3130 credere
3168 3072 3446 3144 noluit,ob
3465 3076 3574 3150 hoc

1974 3158 2034 3214 in
2054 3159 2333 3230 impietate
2354 3177 2453 3218 sua
2475 3175 2743 3231 mortuus,
2763 3180 2793 3219 a
2814 3164 3070 3222 ﬁdelibus
3092 3166 3442 3224 conculcatus
3460 3176 3567 3225 est.

2050 3252 2208 3325 (Cap.
2234 3253 2315 3328 8.)
2348 3252 2558 3313 Eliscus
2586 3267 2761 3313 autem
2794 3257 3001 3315 locutus
3037 3269 3115 3316 est
3151 3260 3222 3316 ad
3268 3262 3568 3332 mulierem,

1978 3347 2135 3418 cujus
2162 3349 2328 3404 uiuere
2357 3348 2552 3418 fecerat
2575 3349 2747 3420 ﬁliam
2775 3351 2954 3408 dicens
2983 3368 3002 3408 :
3033 3351 3234 3425 Surge,
3264 3355 3417 3423 uade,
3451 3365 3561 3413 etc.

1979 3440 2172 3497 Mulier
2197 3440 2517 3510 Sunamitis,
2550 3456 2671 3515 quis
2707 3447 2777 3502 ob
2804 3445 3048 3518 inopiam
3092 3446 3283 3515 famis,
3310 3452 3565 3510 consultu

1977 3533 2139 3590 Elisei
2166 3536 2235 3592 de
2260 3533 2444 3593 Iudaea
2488 3538 2557 3594 ad
2586 3546 2789 3593 terram
2816 3537 3108 3595 Philistiim
3143 3543 3415 3612 transivit,
3440 3545 3562 3615 pri-

1977 3628 2222 3683 mitivam
2255 3628 2576 3697 Ecciesiam,
2608 3642 2728 3701 quae
2744 3644 2846 3701 per
2869 3629 3156 3702 Apostolus
3181 3648 3248 3688 ex
3277 3633 3569 3690 Circumci-

1977 3718 2129 3775 siOne
2156 3718 2213 3775 in
2249 3718 2466 3777 Christo
2490 3721 2741 3789 credidit,
2769 3723 3137 3793 priesignavit.
3160 3723 3293 3790 Qum
3322 3722 3565 3783 Ecclesia

1975 3812 2046 3868 ob
2096 3812 2470 3869 inﬁdelitatem
2522 3813 2833 3870 Judaeorum
2904 3823 3066 3886 atque
3122 3818 3361 3888 inopiam
3410 3818 3567 3876 verbi

1974 3906 2095 3973 Dei,
2115 3920 2236 3974 quae
2265 3904 2385 3960 illos
2409 3906 2665 3971 obtinuit,
2693 3905 2972 3962 revelante
2994 3904 3094 3962 sibi
3121 3907 3304 3962 divino
3332 3908 3561 3980 Spiritu,

1974 3996 2044 4053 ad
2090 3996 2349 4068 populum
2406 3996 2645 4068 gentium
2694 4000 3103 4070 trausmigravrt
3139 4017 3153 4053 :
3185 4000 3301 4056 haec
3327 4000 3472 4057 enim
3505 4003 3567 4061 in

1974 4092 2084 4148 ﬁne
2110 4091 2317 4157 mundi,
2346 4098 2634 4162 postquam
2660 4090 2941 4163 plenitudo
2973 4095 3213 4165 gentium
3268 4096 3564 4167 introierit,

1976 4183 2044 4240 ad
2095 4183 2332 4255 priorem
2372 4180 2629 4254 populum
2682 4193 2996 4250 revertens,
3043 4186 3371 4257 praedicante
3422 4189 3563 4256 Elia,

1975 4278 2176 4335 electos
2201 4292 2267 4333 ex
2296 4279 2485 4335 eadem
2510 4278 2671 4351 plebe
2697 4280 2851 4351 quasi
2885 4281 3175 4351 pristinam
3206 4292 3563 4354 patronorum

1976 4385 2193 4426 suorum
2214 4369 2611 4439 possessionem
2634 4371 2691 4426 in
2711 4373 2934 4443 proprio
2952 4371 3075 4443 iure
3099 4376 3344 4447 recipiet,
3359 4385 3413 4432 ct
3436 4387 3565 4433 tunc

1975 4463 2154 4519 omnis
2180 4462 2345 4517 lsrael
2368 4463 2551 4527 salvus
2580 4463 2694 4518 ﬁet.

2048 4553 2199 4625 (Cap.
2223 4554 2309 4619 Η,
2330 4552 2408 4626 4.)
2428 4553 2579 4609 Anno
2600 4557 2815 4628 septimo
2835 4558 2977 4615 misit
2997 4558 3194 4628 Joada,
3216 4569 3265 4615 et
3287 4574 3559 4621 assumens

1974 4648 2325 4713 centuriones,
2347 4657 2396 4701 et
2424 4646 2681 4704 utilitas...
2714 4653 2960 4722 praecepit
3010 4649 3138 4717 illis,
3160 4651 3405 4706 dicens...
3440 4652 3563 4708 Ter-

1973 4744 2048 4798 tia
2073 4758 2197 4813 pars
2229 4751 2456 4797 vestrum
2480 4744 2705 4799 introeat
2745 4744 2984 4812 sabbato,
3012 4753 3116 4799 etc.
3156 4745 3181 4784 ίι
3217 4761 3234 4796 c
3288 4744 3442 4812 Quod
3484 4747 3564 4809 ait

1973 4835 2159 4893 Joiada
2198 4835 2440 4911 pontifex
2479 4836 2871 4901 sacerdOtibus,
2902 4843 2957 4890 et
3002 4835 3179 4891 levitis
3233 4835 3287 4891 in
3334 4836 3558 4909 templo,

1974 4936 2029 4984 et
2058 4926 2340 5000 proferens
2366 4925 2493 4983 loas
2540 4926 2711 4981 ﬁlium
2755 4926 2990 4997 Azariaz,
3019 4939 3181 4997 quem
3229 4940 3327 4982 sex
3378 4927 3559 4997 annis,
3600 4932 3609 4939 ‘

1974 5024 2172 5094 quibus
2198 5019 2710 5093 regnavit‘Athalia,
2734 5020 2875 5077 clam
2902 5019 3176 5075 nutriebat
3213 5020 3268 5075 in
3311 5019 3510 5094 templo
3542 5040 3557 5077 :

1978 5113 2154 5169 Tertia
2179 5129 2303 5185 pars
2348 5122 2573 5167 vestrum
2602 5112 2826 5166 introeat
2855 5110 3072 5166 sabbato
3093 5151 3108 5177 ,
3137 5119 3187 5166 et
3212 5109 3441 5168 observet
3471 5131 3567 5169 ea:-

1975 5208 2207 5263 cubitum
2255 5206 2441 5260 domus
2481 5204 2649 5276 regis,
2678 5203 2833 5258 tertia
2865 5211 3041 5259 autem
3068 5219 3195 5279 pars
3231 5205 3299 5260 sit
3340 5204 3411 5259 ad
3440 5221 3566 5277 por-

1975 5312 2084 5357 tam
2112 5298 2251 5366 Seir,
2272 5308 2321 5353 et
2347 5297 2502 5353 tertia
2527 5312 2650 5369 pars
2677 5295 2746 5351 ad
2772 5305 3002 5367 portam,
3027 5312 3146 5370 qute
3167 5304 3243 5352 est
3270 5305 3386 5371 post
3415 5297 3566 5351 habi-

1976 5391 2211 5450 taculum
2248 5390 2623 5447 scutariorum.
2670 5386 2987 5445 Custodiam
3036 5390 3331 5446 excubitum
3371 5388 3561 5446 domus

1975 5518 2106 5575 rint.
2139 5512 2320 5569 Codex
2349 5507 2513 5562 habet
2544 5523 2557 5557 :
2585 5505 2681 5569 has
2720 5522 2901 5563 auras.

2051 5589 2076 5629 ε
2114 5583 2365 5640 Arbitror
2390 5577 2769 5633 liberationem.

2047 5658 2077 5698 ιι
2112 5650 2539 5720 Explicationem
2579 5646 2684 5720 loci
2712 5644 2874 5720 hujus
2896 5660 3121 5720 prorsus
3146 5647 3360 5720 excepit
3398 5643 3564 5720 Clau-

1979 5729 2101 5786 dius
2129 5741 2159 5778 a
2188 5716 2330 5779 Beda
2370 5721 2456 5786 18,
2495 5716 2853 5789 explicatione
2897 5716 2954 5776 in
2985 5720 3154 5777 libros
3190 5716 3400 5791 Regum
3438 5716 3561 5775 haec

1979 5801 2246 5856 tradente.
