4056 6350
457 311 566 371 783

1527 296 1807 381 CLAUDII
1846 288 2312 351 'I‘AURINENSIS
2346 284 2655 346 EPISCOPI

3628 273 3762 333 78‘

458 425 659 484 Massa.
679 421 816 478 Duae
835 436 953 477 vero
975 425 1151 492 partes
1174 434 1202 473 e
1226 417 1367 472 vobis
1390 432 1569 471 omnes
1590 413 1909 484 egredientes
1929 411 2048 465 sab-
2075 419 2128 480 Α
2152 409 2471 479 dringentos
2491 401 2849 461 in'altitudine
2866 398 3092 492 rcubitos
3116 388 3402 492 baberent,
3422 407 3526 452 nec
3552 403 3767 492 tamen

457 520 579 574 bato
607 514 906 572 custodiant
962 524 985 553 ιι
1042 510 1344 566 excubitum
1374 509 1561 562 domus
1598 504 1815 560 Domini
1853 504 2049 557 circum

455 628 661 687 regem,
685 621 734 666 et
774 604 1037 685 vallabitis
1068 619 1189 658 eum
1223 601 1469 655 habentes
1523 614 1673 653 arma
1717 598 1774 650 in
1809 594 2051 649 manibus

453 708 664 775 vestris,
688 713 797 761 etc.
835 700 968 768 Quae
997 695 1201 751 ibidem
1233 694 1401 759 dicta,
1430 691 1513 749 vel
1537 690 1681 747 facta
1725 701 2052 745 commemo-

453 774 668 869 rantur,
694 798 890 857 melius
918 774 1315 863 intelliguntur,
1355 775 1403 844 Si
1453 788 1520 844 de
1573 786 1705 842 locis
1756 781 1961 854 templi,
1996 780 2053 835 in

453 883 657 968 quibus
685 898 868 946 actum
900 892 1005 947 est,
1040 880 1206 937 latius
1256 880 1436 952 aliqua
1488 878 1843 951 replicentur.
1895 875 2054 930 Tem-

451 988 607 1061 plum
631 985 849 1056 quidem
871 983 1068 1053 ipsum,
1082 975 1328 1046 exceptis
1348 974 1669 1047 porticibus,
1686 971 1883 1040 quibus
1905 968 2053 1061 omni

453 1060 524 1137 ex
558 1085 713 1149 parte
737 1075 840 1132 sibi
867 1071 1269 1130 adhaerentibus
1311 1063 1778 1128 circumdabatur,
1821 1060 2055 1115 habebat

455 1174 604 1230 intra
634 1170 874 1242 parietes
901 1167 1040 1239 (haec
1064 1175 1151 1221 est
1175 1162 1323 1219 enim
1364 1172 1620 1214 mensura
1663 1156 1861 1226 prima,
1889 1168 2053 1224 quam

455 1263 612 1319 verba
638 1261 845 1316 dierum
882 1253 1187 1327 nominant)
1237 1250 1518 1321 sexaginta
1566 1247 1777 1302 cubitos
1824 1244 2056 1315 longitu-

458 1355 624 1420 dinis,
647 1352 838 1422 viginti
866 1356 1048 1405 autem
1073 1343 1397 1400 latitudinis.
1426 1340 1592 1410 Cujus
1611 1338 1789 1393 omnis
1818 1336 2056 1391 ambitus

457 1445 601 1503 atrio
637 1453 750 1499 tres
779 1440 977 1498 cubitis
1005 1438 1116 1493 alto
1136 1442 1253 1492 erat
1282 1432 1670 1495 circumdatus,
1700 1428 1934 1484 habente
1973 1428 2057 1483 in-

459 1536 683 1593 troitum
712 1550 743 1588 a
765 1540 920 1603 parte
948 1529 1197 1591 orientis,
1222 1523 1378 1594 cujus
1429 1524 1483 1577 in
1527 1521 1668 1576 libro
1721 1519 1932 1591 Regum
1980 1518 2056 1572 ita

456 1624 708 1684 meminit
754 1621 1035 1692 Scriptura
1094 1637 1107 1672 :
1162 1614 1297 1690 (III
1365 1613 1494 1684 Reg.
1546 1610 1617 1683 6)
1654 1610 1718 1665 Et
1775 1608 2057 1677 a’diﬁcavit

457 1719 655 1772 atrium
706 1713 927 1768 interius
971 1709 1137 1765 tribus
1178 1705 1450 1762 ordinibus
1481 1702 1717 1774 lapidum
1746 1700 2053 1778 potiturum,

2149 498 2429 570 aequandae
2455 494 2639 567 templi
2662 491 2937 549 altitudini
2983 487 3376 564 aliquantulum
3414 489 3769 561 propinqua-

2150 599 2292 648 rent.
2321 589 2561 658 Quorum
2586 586 2827 643 omnium
2857 585 2914 640 in
2951 583 3090 640 libro
3114 580 3565 654 Paralipomenon
3591 581 3768 655 (Pa-

2154 682 2255 738 ral.
2284 680 2375 756 28)
2427 681 2502 738 ita
2534 677 2803 753 generalis
2832 678 2893 733 iit
2913 676 3121 753 mentio
3147 694 3161 729 :
3189 675 3348 730 Dedit
3378 685 3550 729 autem
3573 673 3767 729 Dauid

2155 772 2431 830 Salomoni
2473 790 2570 828 suo
2610 770 3012 843 descriptionem
3062 770 3329 841 porticus,
3362 778 3411 822 et
3460 766 3680 838 templi,
3713 778 3767 822 et

2153 866 2512 933 cellariorum,
2542 875 2591 921 et
2617 863 2894 931 cwnaculi,
2922 872 2972 918 et
2999 860 3361 917 cubiculorum
3389 861 3445 916 in
3480 860 3671 925 aditis,
3714 868 3771 915 et

2154 963 2341 1017 domus
2369 960 2780 1034 propitiationis,
2806 974 2901 1013 nec
2932 974 3039 1012 non
3062 964 3111 1011 et
3141 956 3375 1011 omnium
3404 972 3519 1025 quae
3546 954 3772 1025 cogita-

2155 1064 2318 1120 verat,
2343 1054 2601 1108 atriorum
2653 1061 2702 1107 et
2742 1049 3059 1106 exedrarum
3092 1065 3185 1120 per
3210 1047 3490 1103 circuitum
3532 1048 3591 1101 in
3644 1046 3770 1100 the-

2154 1163 2314 1201 sauro
2335 1145 2521 1200 domus
2551 1142 2785 1210 Domini,
2817 1156 2866 1197 et
2891 1143 2947 1196 in
2986 1140 3249 1196 thesauris
3274 1136 3617 1194 Sanctorum.
3643 1136 3770 1193 Sed

2156 1247 2212 1294 et
2243 1235 2465 1307 Iosephi
2509 1234 2810 1307 Scriptura,
2864 1233 3065 1306 (Antig.
3087 1232 3140 1289 8.
3172 1230 3228 1305 5)
3288 1230 3375 1287 vel
3418 1230 3635 1301 pictura
3696 1229 3772 1284 ab

2157 1331 2397 1401 antiquis
2421 1329 2677 1395 formata,
2700 1327 2936 1401 plenius,
2967 1343 3076 1398 quo
3096 1327 3207 1382 sint
3226 1327 3344 1382 haec
3370 1324 3557 1381 ordine
3584 1322 3768 1390 facta,

2158 1425 2459 1496 distinguit.
2488 1421 2585 1479 His
2611 1438 2741 1479 vero
2771 1423 2848 1478 ita
2895 1422 3231 1492 compositis,
3274 1420 3333 1476 in
3378 1417 3579 1476 Sancta
3619 1416 3772 1473 San-

2159 1526 2375 1573 ctorum
2405 1516 2604 1572 summi
2627 1524 2839 1571 tantum
2863 1513 3176 1570 Sacerdotis
3205 1509 3327 1569 erat
3350 1511 3513 1569 semel
3534 1511 3594 1567 in
3613 1526 3771 1568 anno

2159 1625 2284 1665 cum
2312 1610 2575 1681 sanguine
2603 1608 2907 1665 hostiarum
2934 1600 3179 1681 ingredi;
3209 1608 3265 1662 in
3288 1606 3604 1664 sanctuario
3628 1615 3770 1662 ante

2158 1698 2438 1759 oraculum
2486 1702 2812 1758 Sacerdotes
2867 1709 3082 1757 tantum
3128 1699 3401 1773 puriﬁcati
3436 1699 3767 1755 introibant.

455 1819 506 1865 et
544 1826 650 1863 uno
686 1805 871 1861 ordine
895 1803 1162 1875 lignorum
1186 1799 1349 1854 cedri.
1374 1795 1612 1851 Interius
1649 1792 1902 1849 videlicet
1949 1792 2055 1847 hoc
2082 1782 2130 1843 B
2157 1792 2216 1849 In
2245 1794 2387 1849 atrio
2416 1793 2675 1849 interiore
2702 1792 3028 1849 Sacerdotes
3046 1808 3257 1860 omnes,
3272 1792 3330 1848 et
3349 1790 3564 1848 Levitae.
3598 1790 3771 1847 Circa

456 1901 736 1973 appellans
786 1898 1010 1963 atrium,
1037 1910 1104 1951 eo
1150 1892 1295 1965 quod
1330 1891 1437 1946 alia
1462 1889 1617 1973 circa
1644 1889 1749 1945 hoc
1784 1886 2056 1942 exteriora

455 1994 569 2052 sint
590 1993 756 2048 iacta.
788 1990 960 2045 Porro
998 1988 1055 2043 in
1084 1985 1250 2042 verbis
1278 1983 1484 2038 dierum
1518 1981 1593 2035 ita
1639 1998 1651 2033 :
1688 1978 1746 2052 (2
1777 1974 1966 2059 Parat.
1999 1975 2056 2049 4)

455 2083 611 2140 Fecit
634 2074 640 2078 ’
666 2084 827 2139 etiam
865 2069 1072 2135 atrium
1105 2066 1477 2140 Sacerdotum,
1509 2081 1561 2127 et
1593 2069 1866 2126 basilicam
1892 2086 2056 2140 gran-

456 2178 600 2244 dem,
622 2185 673 2231 et
695 2175 831 2230 ostia
857 2173 913 2227 in
941 2170 1184 2236 basilica,
1201 2184 1318 2242 qua:
1354 2167 1482 2222 texit
1511 2181 1638 2221 tere.
1667 2163 1882 2219 Atrium
1909 2162 2059 2217 vide-

454 2269 588 2326 licet
617 2267 977 2325 Sacerdotum
1004 2265 1111 2320 hoc
1134 2262 1425 2318 nominans
1454 2260 1508 2328 ι’,
1539 2272 1668 2330 quia
1710 2256 1965 2312 nimirum
1991 2254 2060 2311 ad

456 2361 566 2418 hoc
590 2367 710 2416 erat
734 2358 957 2421 iactum,
984 2365 1045 2412 ut
1065 2356 1135 2411 ab
1158 2356 1408 2426 ingressu
1445 2352 1634 2422 templi
1664 2359 1890 2407 caeteros
1914 2364 2062 2407 arce.

459 2461 568 2517 ret,
601 2451 840 2521 solisque
887 2451 990 2505 hoc
1058 2446 1446 2503 Sacerdotibus
1497 2443 1666 2499 licere
1725 2440 2055 2513 designaret.

456 2546 594 2603 Erat
616 2553 799 2600 autem
826 2544 932 2599 hoc
952 2542 1097 2597 idem
1125 2540 1327 2596 atrium
1349 2539 1417 2595 ab
1441 2536 1691 2604 australi,
1736 2534 2060 2591 occidentali

456 2647 514 2695 et
534 2636 946 2710 septentrionali
982 2642 1140 2705 parte
1172 2632 1404 2688 vicinius
1443 2647 1602 2686 muro
1654 2628 1861 2698 templi.
1892 2627 2061 2683 Porro

457 2732 529 2787 ad
552 2738 733 2786 ortum
759 2727 911 2795 solis,
938 2727 1084 2782 unde
1113 2732 1170 2781 et
1209 2724 1493 2780 introitum
1544 2737 1644 2792 per
1669 2720 1869 2792 gradus
1897 2718 2063 2775 habe-

455 2824 577 2889 bat,
614 2823 670 2876 in
704 2836 956 2891 magnam
984 2834 1044 2874 se
1064 2816 1438 2888 prolixitatem
1468 2830 1500 2869 a
1531 2813 1732 2884 templo
1774 2812 2063 2883 protende-

456 2914 577 2979 bat,
601 2919 790 2982 utpote
817 2910 962 2980 quod
986 2910 1043 2963 in
1070 2908 1162 2962 illa
1207 2908 1292 2963 sui
1331 2914 1489 2977 parte
1523 2905 1695 2961 altare
1734 2904 2061 2970 holocausti,

458 3007 520 3063 in
547 3005 637 3060 illa
658 3005 865 3060 luteres
893 3003 977 3059 bis
998 3001 1216 3072 quinos,
1238 3000 1297 3055 in
1337 2998 1536 3069 quibus
1570 2998 1765 3054 hostia:
1817 2997 2066 3053 lavaren-

459 3111 572 3168 tur,
604 3103 658 3157 in
710 3100 803 3155 illa
850 3116 1005 3155 mare
1042 3112 1277 3164 tensum,
1302 3097 1357 3152 in
1382 3113 1489 3168 quo
1519 3096 1773 3152 intraturi
1800 3097 1869 3152 ad
1901 3096 2062 3152 mini-

460 3194 690 3249 sterium
717 3193 1031 3248 sacerdotes
1060 3176 1376 3246 lavarentur
1415 3207 1428 3242 :
1462 3189 1518 3244 in
1558 3188 1651 3244 illa
1702 3187 2060 3245 Sacerdotum

460 3288 885 3353 immolantium,
913 3294 968 3343 et
1012 3285 1359 3357 psallentium
1388 3282 1621 3340 habebat
1650 3284 1849 3339 choros
1874 3282 2064 3339 levita-

460 3395 606 3436 rum.
668 3377 1122 3444 Circumdabatur
1166 3384 1351 3431 autem
1404 3375 1510 3431 hoc
1570 3375 1773 3430 atrium
1827 3375 2064 3445 undique

458 3487 682 3529 versum
702 3485 736 3525 a
762 3481 785 3510 ο
816 3470 978 3540 longa
1005 3470 1118 3525 aede
1144 3468 1496 3539 praemaxima
1519 3468 1575 3523 in
1596 3469 1886 3539 quadrum,
1909 3465 2065 3536 cujus

461 3562 696 3619 interior
715 3560 898 3632 paries
920 3559 1000 3634 (id
1030 3569 1135 3625 est,
1158 3558 1253 3629 qui
1275 3558 1538 3630 templum
1558 3574 1591 3613 a
1623 3569 1859 3629 quatuor
1877 3559 2065 3614 mundi

460 3654 714 3729 partibus
739 3651 1086 3726 respiciebat)
1114 3650 1346 3707 inferius
1384 3659 1506 3708 erat
1529 3666 1627 3723 per
1651 3659 1827 3707 tomm
1875 3651 1931 3706 in
1977 3667 2066 3706 ar-

465 3749 639 3806 cubus
706 3754 1075 3812 constructus,
1121 3744 1351 3800 ulterior
1396 3759 1528 3800 vero
1572 3743 1733 3799 ﬁrma
1791 3742 2065 3799 soliditate

463 3841 743 3898 fundatus.
784 3839 853 3895 Et
887 3837 1085 3909 januas
1126 3835 1334 3907 habens
1396 3850 1586 3902 aereas,
1634 3842 1695 3889 ut
1754 3850 1915 3905 supra
1978 3834 2063 3890 di-

465 3941 640 4000 ctum,
678 3931 708 3973 d
737 3930 1198 3996 memoravimus;
1229 3937 1286 3984 et
1339 3927 1478 3985 ostia
1534 3928 1590 3983 in
1645 3927 1893 3995 basilica,
1945 3942 2065 3999 quae

361 4049 364 4052 ~
467 4025 606 4085 texit
646 4039 787 4091 aere;
833 4038 952 4093 quae
1003 4022 1169 4078 etiam
1211 4020 1514 4091 porticibus
1561 4020 1900 4076 communita
1942 4036 2062 4075 ma-

467 4117 666 4181 ximis,
711 4124 767 4172 et
815 4115 1136 4186 opportunis
1177 4114 1572 4193 erat‘discreta
1618 4113 1935 4169 coenaculis.
1990 4113 2062 4168 Et

466 4223 690 4264 rursum
710 4215 868 4263 extra
892 4208 1033 4262 hanc
1043 4207 1215 4263 aedem
1241 4207 1296 4261 in
1319 4222 1453 4278 gyro
1480 4218 1502 4245 ο
1527 4198 1705 4262 altera
1722 4206 1883 4262 simili
1909 4207 2065 4262 sche-

466 4309 617 4358 mate
641 4299 784 4356 facta
822 4299 842 4339 τ
879 4318 892 4355 :
927 4299 1024 4356 sed
1050 4289 1298 4355 et‘tertia
1323 4299 1679 4355 nihilominus
1723 4299 1871 4354 circa
1915 4298 2064 4355 illam

467 4392 659 4448 eodem
676 4391 868 4447 ordine
890 4389 1032 4447 facta
1051 4405 1151 4462 per
1172 4405 1388 4463 gyrum,
1404 4391 1666 4447 interiora
1680 4392 1864 4448 omnia
1882 4391 2059 4463 longe,

466 4483 687 4556 lateque
708 4483 977 4541 circuibat
1000 4502 1011 4539 :
1042 4483 1101 4539 ln
1122 4484 1228 4540 hoc
1262 4492 1476 4540 tantum
1502 4501 1533 4541 a
1554 4486 1833 4557 prioribus
1854 4487 2063 4543 distans
2087 4515 2141 4576 Β

467 4576 696 4644 aedibus,
728 4577 873 4649 quod
916 4577 1220 4644 orientalis,
1244 4585 1301 4632 et
1338 4577 1777 4648 septentrionalis
1807 4577 1924 4646 ejus
1972 4594 2063 4650 pa-

467 4669 581 4725 ries
610 4669 749 4725 ostia
793 4669 1019 4724 minime
1068 4667 1318 4735 habebat,
1348 4682 1416 4723 eo
1439 4670 1584 4739 quod
1608 4676 1837 4740 uterque
1873 4686 2061 4726 eorum

469 4760 540 4815 ad
568 4776 754 4817 muros
781 4761 1081 4833 pertineret
1101 4760 1357 4816 civitatis.
1386 4759 1514 4816 Haec
1543 4770 1725 4816 autem
1753 4770 1879 4817 sunt
1899 4763 2061 4829 atria,

469 4850 540 4905 de
579 4852 777 4921 quibus
825 4852 1039 4907 canitur
1072 4852 1126 4906 in
1156 4851 1386 4908 Psalmis
1415 4870 1427 4907 :
1457 4848 1646 4923 (Psal.
1695 4853 1797 4907 155
1842 4863 1893 4908 et
1926 4854 2062 4926 154)

471 4939 577 5007 Qui
605 4952 756 4998 statis
802 4946 859 4998 in
902 4945 1059 4998 domo
1088 4942 1320 5009 Domini,
1354 4944 1410 4998 in
1441 4946 1593 4999 atriis
1622 4945 1808 5000 domus
1838 4945 1937 5000 Dei
1971 4964 2065 5002 no-

465 5034 568 5089 stri
593 5050 612 5088 :
637 5043 693 5089 et
723 5036 976 5106 quoniam
1008 5036 1126 5107 ipsa
1149 5036 1341 5093 domus
1364 5036 1581 5092 Domini
1605 5036 1660 5092 in
1689 5038 1917 5095 editiore
1942 5038 2062 5096 loco

467 5131 784 5180 constructa
816 5134 954 5193 erat,
982 5125 1179 5194 ﬁebat,
1232 5134 1294 5182 ut
1337 5127 1497 5196 atria,
1542 5137 1745 5198 quanto
1789 5130 2061 5186 exteriora

472 5216 502 5256 Ι
531 5213 755 5281 fuerint,
786 5223 935 5272 tanto
991 5216 1211 5274 altiores
1262 5217 1525 5274 haberent
1571 5219 1831 5290 parietes,
1876 5228 2061 5292 utpote

468 5305 702 5366 inferius
725 5307 1074 5367 fundamenta
1101 5312 1389 5383 habentes,
1411 5316 1547 5372 adeo
1596 5325 1655 5371 ut
1692 5316 1883 5374 ultima
1926 5334 2062 5389 qua-

544 5435 572 5464 ιι
605 5423 895 5481 Excubias.

546 5493 747 5578 elidit.
782 5498 943 5578 :“hoc
971 5507 1180 5578 tantum
1227 5503 1431 5578 habe_nt
1462 5521 1474 5557 :
1503 5504 1642 5577 quod
1697 5505 1901 5578 ingredi
1943 5506 2061 5578 Sa-

470 5566 769 5695 ggligtibus
809 5568 965 5624 licere
1008 5570 1325 5644 designaret.
1359 5566 1591 5633 Praestat
1633 5566 1807 5634 nostri
1855 5577 2060 5636 codicis

543 5719 568 5784 ς
601 5710 797 5784 Longe.

542 5779 569 5819 ά
596 5779 1132 5846 Commemorabimus

2161 1886 2267 1941 hoc
2288 1885 2489 1940 atrium
2511 1884 2612 1941 sub
2643 1883 2775 1959 (dio)
2803 1884 2948 1951 divo,
2974 1884 3061 1939 vel
3086 1884 3132 1940 si
3167 1891 3459 1955 tempestas
3507 1885 3767 1948 arcebat,

2160 1976 2443 2033 insedibus
2471 1975 2871 2047 circumpositis
2899 1974 3007 2032 viri
3051 1974 3310 2031 Israelita:
3356 1974 3427 2030 ad
3465 1973 3764 2039 orandum,

2161 2069 2279 2124 sive
2304 2069 2374 2124 ad
2401 2054 2731 2124 audiendum
2767 2054 2995 2124 verbum
3031 2067 3130 2123 Dei
3159 2068 3190 2109 ιι
3236 2062 3658 2124 Conveniebant.
3707 2067 3769 2122 In

2161 2162 2324 2218 tertio
2349 2162 2541 2219 ordine
2575 2163 2843 2219 atriorum
2869 2162 3088 2219 stabant
3119 2162 3188 2218 ad
3217 2161 3481 2218 orandum
3500 2162 3769 2218 mulieres

2160 2256 2473 2313 Israeliticae
2508 2256 2609 2312 sub
2640 2255 2773 2328 (dio)
2806 2255 2931 2311 divo
2957 2272 2971 2310 :
2999 2254 3087 2311 vel
3120 2254 3162 2310 si
3194 2262 3490 2326 tempestas
3522 2255 3768 2317 nomi-

2162 2348 2349 2415 nebat,
2372 2348 2622 2420 proxima
2648 2348 3159 2419 circumpositarum
3188 2348 3386 2405 aedium
3437 2356 3576 2405 tecta
3611 2349 3768 2405 subi-

2162 2443 2313 2499 bant.
2338 2442 2511 2498 Porro
2539 2442 2595 2497 in
2616 2441 2810 2498 ultimo
2838 2442 3030 2499 ordine
3078 2441 3348 2497 atriorum
3377 2440 3636 2513 gentiles,
3671 2442 3767 2513 qui

2163 2532 2232 2590 ad
2264 2535 2531 2592 orandum
2554 2533 2695 2591 forte
2724 2543 3110 2602 convenerant,
3134 2533 3564 2599 intrabantani
3587 2538 3767 2593 etiam

2162 2636 2285 2701 post
2332 2638 2577 2700 tempora
2627 2629 2982 2701 dispersionis
3012 2630 3072 2697 ii,
3097 2629 3190 2700 qui
3217 2630 3284 2686 de
3308 2632 3559 2703 gentibus
3584 2647 3769 2704 nuper

2164 2721 2499 2777 advenerant
2526 2721 2805 2789 Israelita},
2842 2723 2860 2763 ί
2891 2722 3082 2779 diebus
3111 2731 3319 2793 septem
3343 2722 3611 2793 purificati
3633 2765 3651 2791 ,
3689 2724 3767 2781 sic

2166 2815 2407 2882 tandem,
2439 2816 2699 2872 interiora
2747 2824 3064 2874 sanctorum
3109 2819 3385 2889 petebant.
3418 2817 3547 2888 Quae
3573 2829 3765 2877 autem

2166 2908 2309 2963 intra
2339 2909 2497 2976 atria,
2526 2909 2613 2965 vel
2642 2910 2700 2965 in
2729 2911 2886 2968 atriis
2904 2920 3062 2968 erant
3085 2914 3420 2984 pavimenta,
3450 2914 3631 2986 lapide
3672 2932 3767 2971 va-

2164 3001 2250 3057 rio
2274 3009 2401 3057 sunt
2421 3002 2605 3058 omnia
2633 3011 2825 3059 strata.
2853 3004 2933 3060 lta
2963 2998 3096 3061 vero
3123 3006 3265 3062 ostia
3290 3008 3347 3062 in
3380 3007 3585 3063 :edibus
3627 3023 3765 3064 oon-

2167 3102 2252 3148 tra
2281 3094 2515 3151 invicem
2545 3095 2725 3167 posita
2760 3094 2940 3165 erant,
2966 3105 3027 3153 ut
3048 3098 3099 3173 _ii
3129 3098 3318 3171 etiam,
3341 3100 3435 3172 qui
3467 3101 3522 3156 in
3552 3099 3765 3158 ultimis

2164 3187 2553 3255 consistebant,
2584 3189 2851 3263 templum,
2870 3200 3094 3261 possent
3124 3192 3345 3248 intueri.
3376 3194 3545 3248 Erant
3572 3203 3762 3253 autem

2164 3287 2341 3334 sortes
2367 3279 2559 3351 viginti
2583 3289 2841 3358 quatuor,
2868 3290 2923 3338 et
2945 3280 3325 3352 Sacerdotum,
3350 3293 3406 3340 et
3424 3284 3761 3356 Levitarum,

2164 3379 2221 3427 et
2246 3369 2574 3439 Janitorum,
2595 3374 2689 3443 qui
2714 3389 2815 3446 per
2838 3375 3062 3432 totidem
3087 3378 3418 3448 septimanas
3443 3379 3548 3435 sibi
3573 3394 3647 3435 ex
3676 3396 3767 3437 or-

2165 3462 2294 3517 dine
2321 3464 2694 3533 succederent,
2728 3464 2954 3522 sabbato
3002 3482 3145 3524 nova
3186 3476 3365 3524 turma
3399 3469 3641 3527 intrante
3698 3470 3765 3527 ad

2165 3554 2422 3635 oﬂicium,
2452 3566 2508 3613 et
2542 3567 2667 3630 post
2699 3557 2999 3617 Sabbatum
3037 3576 3125 3629 ea,
3155 3578 3279 3634 quae
3309 3564 3561 3634 proxima
3592 3567 3763 3637 septi-

2165 3663 2327 3705 mana
2357 3651 2783 3721 ministraverat,
2819 3653 3038 3710 domum
3061 3656 3341 3712 redeunte.
3371 3656 3479 3713 Sed
3514 3658 3607 3714 hic
3628 3675 3764 3729 pon-

2166 3740 2302 3796 tifex
2320 3744 2577 3814 proponit
2600 3746 2984 3802 necessitatem
3004 3748 3236 3819 augendi
3266 3749 3412 3805 circa
3448 3765 3647 3807 novum
3682 3767 3765 3807 re-
3783 3788 3811 3815 ο

2166 3848 2289 3905 gem
2326 3835 2619 3903 exercitus,
2645 3846 2701 3893 et
2726 3853 2843 3905 eos,
2868 3838 2962 3909 qui
2988 3839 3232 3896 intrandi
3273 3842 3636 3912 septimanam
3667 3844 3763 3899 ha-

2165 3927 2367 3986 bebant
2398 3928 2668 3996 ordinem,
2698 3931 2965 4001 suscepit,
3002 3938 3060 3987 et
3112 3931 3252 4000 illos,
3301 3933 3395 4006 qui
3442 3931 3561 4003 jam
3601 3950 3761 3991 suam

2166 4019 2524 4089 septimanam
2567 4020 2929 4078 ministrando
2980 4022 3360 4093 impleverant,
3411 4040 3481 4080 ne
3521 4027 3760 4095 abirent,

2167 4112 2411 4167 retinuit.
2456 4111 2559 4180 Qui
2603 4114 2739 4170 alios
2766 4129 3011 4186 quosque
3033 4114 3252 4172 Levitas
3276 4118 3343 4173 de
3371 4118 3583 4174 cunctis
3614 4119 3763 4175 urbi-

2166 4205 2269 4260 bus
2281 4202 2417 4259 Juda
2441 4204 2620 4271 simul,
2646 4213 2699 4261 et
2718 4206 2994 4278 principes
3017 4206 3347 4264 familiarum
3367 4209 3554 4275 Israel,
3577 4212 3761 4268 missis

2166 4295 2222 4351 in
2251 4295 2353 4351 hoc
2381 4296 2793 4353 centurionibus
2823 4297 3276 4373 Hierosolymam,
3310 4315 3760 4376 congregaverat,

2166 4397 2228 4446 ut
2259 4389 2431 4447 Verba
2457 4391 2662 4446 dierum
2705 4401 2963 4461 narrant,
3000 4395 3019 4467 (
3044 4396 3070 4451 l
3100 4392 3288 4451 Paral.
3319 4396 3427 4470 25)
3462 4414 3605 4470 quos
3632 4400 3763 4455 edu-

2168 4492 2356 4540 cturus
2384 4481 2554 4538 ﬁlium
2578 4485 2724 4556 regis
2753 4485 2847 4540 tali
2876 4487 3086 4543 ratione
3125 4487 3393 4557 distinxit,
3434 4498 3499 4545 ut
3544 4506 3760 4557 omnes,

2168 4577 2261 4647 qui
2320 4576 2675 4649 impleverant
2724 4579 3030 4646 sabbatum,
3058 4588 3114 4636 et
3149 4582 3422 4654 egressuri
3470 4592 3653 4650 erant,
3709 4585 3762 4640 in

2168 4671 2303 4727 duas
2331 4671 2490 4727 divisi
2516 4679 2700 4741 partes
2728 4684 2911 4744 regem
2941 4673 2997 4728 in
3052 4672 3403 4732 interioribus
3455 4677 3585 4732 atrii
3629 4676 3764 4734 locis

2167 4764 2364 4819 armati
2422 4764 2890 4820 circumstarent:
2921 4764 3131 4838 reliqua
3169 4782 3300 4823 vero
3348 4768 3662 4837 multitudo,
3710 4769 3762 4826 id

2166 4868 2250 4913 est
2279 4859 2371 4929 qui
2406 4874 2517 4914 non
2546 4868 2703 4915 erant
2735 4859 2801 4915 de
2832 4860 3003 4932 stirpe
3053 4861 3206 4930 Levi,
3236 4863 3541 4920 exteriores
3594 4866 3761 4921 atrio-

2167 4967 2287 5007 rum
2311 4952 2510 5024 januas
2540 4960 2730 5009 contra
2755 4952 2997 5010 furorem
3029 4956 3251 5028 reginae,
3275 4957 3321 5012 si
3348 4957 3476 5028 Quid
3508 4956 3652 5013 forte
3675 4957 3764 5013 ad-

2168 5044 2313 5099 versi
2367 5044 2669 5113 moliretur,
2702 5047 3063 5103 custodirent.
3115 5047 3286 5105 Porro
3321 5049 3414 5107 hic
3450 5050 3546 5122 qui
3587 5066 3762 5122 nuper

2167 5137 2237 5193 ad
2262 5137 2548 5195 sabbatum
2574 5148 2841 5197 venerant
2892 5140 3245 5208 Sacerdotes,
3274 5140 3501 5211 Levita,
3531 5153 3591 5199 et
3612 5140 3759 5199 ,1εωί-

2167 5239 2316 5287 tores
2341 5230 2395 5286 in
2430 5239 2542 5288 tres
2564 5232 2723 5288 divisi
2742 5240 2944 5303 partes,
2978 5232 3201 5289 domum
3235 5235 3399 5306 regis,
3432 5233 3487 5289 id
3506 5242 3595 5291 est
3611 5234 3759 5307 pala-

2169 5323 2327 5393 tium,
2358 5324 2749 5383 observarent:
2782 5342 2852 5383 ne
2878 5326 2964 5382 vel
2987 5327 3091 5385 hoc
3115 5328 3304 5400 regina
3344 5327 3573 5387 collecto
3602 5343 3759 5387 exer-

2244 5451 2269 5480 ο
2291 5439 2488 5496 Altare.

2246 5511 2267 5551 τ
2305 5510 2553 5567 Factum.

2242 5584 2269 5623 ε
2297 5580 2513 5638 Fierent
2544 5600 2565 5636 :
2603 5584 2698 5640 sed
2724 5584 2951 5643 fallitur.

2239 5653 2266 5694 ιι
2302 5651 2587 5710 Convenire
2612 5655 2869 5712 solebant.

2246 5725 2265 5767 ἰ
2297 5722 2458 5781 Deest
2484 5725 2535 5780 in
2564 5727 2722 5783 editis
2742 5728 2919 5784 diebus
2938 5737 3148 5802 septem.
