4056 6350
267 441 374 501 785

915 436 1380 508 quaesumus
1415 393 1564 494 xxx
1607 437 1835 494 srpnn
1873 416 2121 498 LIBROS
2159 440 2424 498 nucum.
2462 421 2534 482 —'
2572 439 2776 496 LIBER
2812 419 2902 499 Iv.

3447 442 3553 499 786

267 560 382 616 citu
409 562 600 612 contra
626 570 830 628 regem,
859 554 1171 612 defenderet
1199 572 1214 612 :
1248 558 1540 613 Servarent
1565 567 1617 613 et
1644 567 1856 630 portam
1882 569 1934 628 Α
1959 561 2013 613 in
2047 558 2284 628 sepulcro
2325 558 2514 623 Elisei,
2555 558 2693 630 quod
2736 575 2855 612 cum
2899 557 3146 629 tetigisset
3176 576 3296 614 ossa
3331 557 3498 615 Elisei
3530 574 3551 614 :

267 653 568 710 habitaculi
593 653 978 718 scutariorum,
1008 669 1107 724 per
1132 670 1293 724 quam
1324 655 1390 710 de
1423 656 1620 726 templo
1651 657 1718 711 ad
1761 672 1858 726 pa-

267 746 462 801 latium
515 743 967 808 descendebatur,
995 744 1138 799 sicut
1183 745 1325 800 infra
1351 758 1374 786 α
1415 746 1614 801 dicitur
1645 761 1658 800 :
1694 747 1862 803 duxe-

268 846 507 906 rnntque
532 850 716 906 regem
748 836 814 890 de
856 837 1016 891 domo
1057 835 1296 902 Domini,
1347 843 1403 890 et
1448 846 1714 909 venerunt
1765 853 1862 908 per

269 929 416 982 viam
444 936 613 998 portas
635 926 1000 982 scutariorum
1031 927 1085 983 in
1115 927 1375 998 palatium
1396 969 1412 995 ,
1441 936 1494 983 et
1533 928 1673 984 sedit
1701 944 1862 998 super

271 1024 528 1077 thronum
557 1034 766 1093 regum,
794 1021 888 1075 ubi
934 1021 1099 1076 etiam
1126 1031 1283 1092 porta
1310 1023 1338 1062 ι)
1387 1021 1551 1087 Siref,
1576 1028 1630 1078 et
1673 1023 1864 1078 domus

271 1114 472 1180 Messa,
500 1129 618 1184 qua:
648 1129 770 1169 cum
808 1122 962 1185 porta
996 1116 1358 1170 scutariorum
1390 1116 1720 1181 nominatur,
1746 1129 1866 1170 esse

268 1207 545 1260 videntur.
570 1203 850 1260 Scutarios
879 1214 1060 1262 autem
1093 1216 1299 1262 tutores
1323 1218 1345 1246 ε
1372 1206 1580 1279 Regum
1606 1206 1863 1278 appellat,

269 1304 509 1352 testante
553 1296 690 1351 libro
723 1295 1175 1367 Paralipomenon
1222 1316 1235 1352 :
1276 1297 1330 1371 (2
1368 1298 1554 1353 Paral.
1596 1299 1684 1371 12)
1739 1299 1866 1369 quia

269 1403 399 1443 cum
435 1387 678 1442 Roboam
707 1397 860 1443 scuta
889 1405 1030 1444 aerea
1065 1405 1166 1460 pro
1197 1391 1378 1446 aureis
1407 1390 1602 1448 fecisse
1626 1407 1866 1448 comme-

271 1486 563 1545 morasset,
593 1477 793 1548 adjecit
819 1499 832 1534 :
869 1480 939 1534 Et
968 1482 1190 1549 tradidit
1217 1482 1312 1537 illa
1339 1484 1664 1555 principibus
1691 1495 1868 1538 scuta-

273 1571 510 1636 riorum,
536 1573 628 1641 qui
684 1573 1046 1628 custodiebant
1077 1574 1377 1628 vestibulum
1403 1574 1631 1646 palatii:
1664 1575 1718 1630 in
1760 1591 1869 1645 quo

272 1662 528 1718 videlicet
561 1662 700 1718 libro
743 1663 1054 1720 distinctius
1095 1665 1212 1720 haec
1239 1675 1436 1722 cuncta
1465 1666 1803 1736 replicantur
1851 1685 1864 1721 :

277 1753 456 1810 Tertia
491 1773 613 1827 pars
642 1766 888 1823 vestrum,
913 1759 1002 1829 qui
1030 1759 1242 1812 veniunt
1271 1759 1342 1812 ad
1371 1759 1646 1814 sabbatum
1678 1758 1869 1814 Sacer-

273 1848 479 1913 dotum,
505 1847 827 1914 Levitarum,
858 1857 906 1903 et
933 1847 1239 1903 Janitorum
1269 1851 1368 1904 erit
1395 1851 1450 1903 in
1481 1852 1681 1921 portis;
1713 1852 1869 1904 tertia

1963 654 2210 706 continuo
2233 653 2417 706 revixit
2443 653 2616 717 homo,
2639 662 2688 706 et
2722 653 2859 706 stetit
2891 667 3048 722 super
3081 653 3234 724 pedes
3263 671 3406 709 suos.

2035 741 2350 796 Latrunculi
2382 743 2527 796 enim
2555 741 2711 796 Moab
2744 741 3043 813 ﬁguraliter
3069 742 3343 798 dzemones
3391 744 3554 799 intel-

1963 835 2164 906 ligendi
2200 841 2346 900 sunt,
2373 834 2465 904 qui
2503 833 2571 888 ad
2605 834 2872 889 incestum
2898 841 2954 888 et
2977 848 3138 889 omne
3164 848 3302 904 opus
3333 849 3556 891 execra-

1965 927 2073 984 bile
2103 927 2358 982 vittorum
2391 926 2627 982 stimulis
2656 935 2953 998 perurgent
2985 926 3283 982 infelicium
3323 936 3553 984 mentes.

1967 1019 2070 1088 Qui
2099 1034 2230 1074 vero
2264 1027 2539 1073 mortuum
2569 1019 2925 1090 sepeliebant,
2974 1020 3011 1074 ii
3059 1019 3362 1089 accipiendi
3407 1032 3556 1085 sunt,

1968 1111 2081 1182 qui,
2112 1120 2173 1166 ut
2197 1111 2488 1182 Apostolus
2525 1111 2760 1167 Jacobus
2802 1112 2878 1166 ait
2929 1130 2941 1165 :
2997 1111 3074 1183 (5,
3127 1112 3214 1184 19)
3272 1111 3474 1183 Impios
3511 1121 3560 1167 et

1967 1214 2266 1275 peccatores
2321 1205 2386 1258 ab
2439 1221 2616 1258 errore
2661 1206 2758 1259 vita
2800 1220 2912 1259 sua:
2949 1204 3165 1258 assidua
3197 1203 3564 1260 exhortatione

1970 1305 2275 1350 convertunt
2302 1295 2372 1348 ad
2397 1295 2659 1349 tramitem
2684 1297 2911 1366 pietatis,
2944 1307 2992 1349 et
3018 1297 3302 1361 castitatis,
3327 1297 3562 1350 animas-

1968 1405 2067 1459 que
2113 1405 2293 1442 eorum
2342 1387 2604 1442 salvantes
2654 1406 2686 1442 a
2741 1399 2986 1460 perpetua
3035 1397 3233 1453 morte,
3260 1389 3564 1460 cooperiunt

1972 1477 2362 1532 multitudinem
2389 1487 2754 1555 peccatorum:

2045 1568 2175 1624 Sive
2201 1569 2381 1623 aliter.
2408 1568 2745 1638 Sepelientes
2773 1578 3047 1624 mortuum
3066 1611 3081 1635 ,
3113 1585 3177 1624 ac
3233 1569 3566 1624 latrunculos

1972 1659 2243 1729 fugientes
2267 1660 2344 1714 illi
2368 1660 2563 1714 merito
2586 1659 2890 1731 appellandi
2934 1670 3078 1726 sunt,
3115 1661 3207 1730 qui
3248 1661 3334 1731 pie
3384 1663 3568 1716 vivere

1972 1749 2216 1805 volentes
2259 1750 2316 1804 in
2363 1749 2601 1815 Christo,
2630 1749 2860 1821 fugiunt,
2896 1767 2960 1805 ac
2989 1751 3262 1806 declinant
3290 1750 3419 1804 vitia
3448 1751 3569 1804 uni-

1971 1854 2152 1905 versa,
2175 1848 2338 1910 atque
2359 1848 2605 1910 peccata,
2629 1857 2750 1910 qua:
2777 1833 3016 1924 martem
3039 1842 3292 1897 videlicet
3335 1858 3568 1914 operan-

275 1957 396 1995 vero
425 1957 546 2010 pars
578 1941 648 1994 ad
674 1938 886 1995 domum
911 1936 1322 2012 regis,'et'tertia
1341 1943 1398 1994 in
1419 1953 1596 2012 porta,
1628 1957 1746 2013 qua:
1769 1958 1868 2012 ap-
1896 1947 1943 2006 Β
1973 1942 2083 1999 tur,
2109 1949 2447 2006 corporaque
2500 1935 2555 1988 in
2613 1933 2818 1989 fontem
2869 1933 3162 2003 projiciunt
3204 1935 3479 2002 baptismi,
3512 1934 3570 1989 in

273 2031 502 2101 pellatur
530 2029 921 2099 Fundamenti;
953 2049 1104 2088 omne
1143 2049 1261 2088 vero
1307 2032 1564 2099 reliquum
1589 2031 1778 2104 vulgus
1800 2034 1870 2087 sit

274 2125 330 2178 in
357 2125 509 2178 atriis
530 2123 717 2179 domus
743 2125 978 2192 Domini,
1012 2143 1104 2180 nec
1123 2125 1403 2197 quisquam
1439 2125 1578 2180 alius
1599 2125 1869 2197 ingredia-

275 2226 368 2270 tur
389 2217 603 2271 domum
625 2216 859 2282 Domini,
894 2218 996 2271 nisi
1025 2216 1355 2282 Sacerdotes,
1381 2227 1429 2271 et
1455 2219 1544 2290 qui
1569 2219 1870 2272 ministrant

275 2308 342 2362 de
375 2307 584 2364 inuitis
643 2323 661 2361 .'
715 2311 817 2381 ipsi
866 2310 1228 2364 tantummodo
1287 2311 1688 2380 ingrediantur,
1728 2310 1874 2383 dqui

276 2400 593 2468 sanctiﬁcati
617 2410 762 2465 sunt,
785 2411 834 2455 et
863 2417 1013 2456 omne
1041 2401 1296 2469 reliquum
1325 2399 1506 2471 vulgus
1529 2401 1757 2456 observet
1779 2418 1873 2456 cu-

277 2491 481 2546 stodias
514 2473 748 2545 Domini.
786 2490 981 2546 Levita:
1010 2501 1184 2546 autem
1209 2491 1534 2546 circumdent
1561 2508 1754 2562 regem,
1779 2492 1876 2546 ha-

281 2585 455 2640 bentes
479 2585 676 2656 singuli
705 2602 857 2639 arma
891 2603 1012 2652 sua,
1040 2595 1147 2641 etc.

353 2675 534 2748 (γει-ε.
561 2675 674 2748 12.)
693 2695 712 2727 ι
736 2676 891 2744 Quod
920 2678 1166 2748 sequitur
1193 2679 1260 2734 de
1284 2676 1475 2734 eodem
1501 2698 1513 2732 :
1541 2689 1565 2718 ο
1590 2678 1879 2734 Produxit-

282 2787 382 2842 que
406 2770 580 2839 filium
609 2772 766 2840 regis,
791 2779 842 2825 et
863 2772 1040 2842 posuit
1065 2788 1222 2843 super
1255 2789 1374 2828 eum
1413 2773 1690 2839 diadema,
1721 2781 1768 2827 et
1801 2783 1877 2827 te-

280 2862 608 2926 stimonium,
631 2861 686 2916 in
711 2863 1017 2918 diademate
1043 2863 1255 2934 insigne
1283 2864 1478 2934 capitis
1515 2865 1721 2936 regium
1769 2883 1781 2920 :
1824 2867 1878 2920 in

286 2954 598 3010 testimonio
628 2954 874 3026 designat
901 2956 1121 3010 decreta
1159 2955 1296 3028 legis
1349 2957 1469 3023 Dei,
1498 2959 1695 3028 quibus
1747 2959 1880 3030 quid

285 3061 451 3118 agere
500 3062 598 3102 rex
650 3047 876 3111 debeat,
908 3054 965 3102 et
1010 3047 1246 3117 qualiter
1299 3048 1503 3114 vivere,
1546 3050 1878 3120 pmcipitur.

287 3138 532 3209 Denique
582 3139 637 3193 in
677 3138 818 3194 libro
862 3141 1153 3195 verborum
1199 3141 1410 3197 dierum
1457 3143 1697 3212 apertius
1750 3161 1763 3197 :
1809 3143 1884 3215 (2

289 3225 477 3283 Paral.
503 3229 594 3295 25,
620 3229 708 3300 11)
755 3229 822 3284 Ει
880 3231 1273 3302 imposuerunt,
1296 3231 1501 3303 inquit,
1535 3234 1583 3286 ei
1611 3234 1880 3301 diadema,

1974 2041 2081 2095 quo
2107 2025 2404 2080 secundum
2427 2025 2748 2095 Apostolum
2778 2027 3066 2080 credentes
3091 2025 3412 2096 sepeliuntur
3449 2043 3570 2080 cum

1973 2116 2183 2171 Christo
2247 2115 2420 2188 (Rom.
2450 2115 2504 2182 6,
2540 2115 2593 2169 At.
2625 2113 2827 2170 Coloss.
2869 2116 2922 2182 ἓ,
2957 2116 3046 2187 12)
3067 2159 3081 2182 ,
3107 2125 3166 2171 ut
3200 2132 3297 2186 per
3327 2133 3572 2174 commu-

1973 2207 2194 2262 nionem
2234 2207 2503 2278 corporis,
2531 2216 2587 2263 et
2627 2209 2909 2278 sanguinis
2930 2207 3048 2277 ejus
3078 2209 3334 2282 deinceps
3362 2213 3572 2282 possint

1973 2299 2158 2355 vivere
2179 2315 2303 2354 cum
2332 2300 2570 2356 Christo.

2047 2391 2159 2464 (Li,
2187 2391 2296 2463 7.)
2314 2392 2436 2462 Ipse
2470 2391 2746 2463 (videlicet
2796 2393 3068 2466 Amasias)
3107 2397 3363 2466 percussit
3400 2396 3575 2451 Edam

1975 2487 2032 2541 in
2080 2485 2216 2540 valle
2257 2485 2569 2540 Salinarum
2613 2487 2792 2541 decem
2855 2487 3065 2552 millia,
3123 2497 3230 2544 etc.
3281 2489 3435 2556 Quod
3491 2489 3574 2542 di-

1980 2574 2120 2630 citur
2170 2575 2236 2629 de
2285 2575 2506 2630 Amasia
2551 2590 2676 2647 rege
2702 2575 2841 2630 Juda
2879 2596 2891 2630 :
2931 2577 3054 2649 Ipse
3105 2581 3361 2649 percussit
3396 2579 3570 2632 Edom

1977 2669 2033 2721 in
2088 2666 2220 2722 valle
2265 2667 2572 2722 Salinarum
2614 2669 2789 2722 decem
2832 2669 3000 2724 millia
3037 2681 3084 2725 et
3117 2671 3461 2742 apprehendit
3486 2687 3576 2741 pe-

1979 2771 2118 2815 tram
2165 2762 2217 2816 in
2275 2760 2480 2832 pra’lio,
2543 2762 2842 2834 vocaritque
2901 2780 3090 2817 nomen
3142 2763 3258 2833 ejus
3303 2763 3329 2802 δ
3375 2761 3570 2816 Jethel.

1988 2853 2004 2892 i
2056 2871 2074 2903 ι
2113 2852 2282 2908 Vallis
2323 2851 2632 2908 Salinarum
2663 2862 2805 2920 erat,
2837 2855 2930 2908 ubi
2973 2855 3116 2910 sales
3162 2855 3456 2919 faciebant,
3489 2854 3576 2910 vel

1982 2944 2132 3002 [ωηο
2167 2947 2421 3002 videlicet
2449 2946 2760 3018 salsuginis,
2787 2956 2847 3002 ut
2871 2948 3054 3002 multis
3087 2949 3140 3003 in
3185 2947 3320 3002 locis
3369 2947 3574 3012 deciso,

1983 3037 2260 3093 exsiccato
2291 3046 2346 3094 et
2393 3038 2639 3104 incenso,
2671 3039 2754 3094 vel
2791 3040 2948 3109 aquis
2975 3048 3260 3110 puteorum
3311 3039 3425 3094 sale
3471 3040 3579 3095 fer—

1981 3129 2228 3195 vefactis,
2252 3139 2306 3186 et
2331 3147 2504 3202 usque
2533 3131 2601 3185 ad
2631 3131 2759 3186 salis
2789 3131 3102 3186 ﬁrmitatem
3139 3131 3423 3202 coquendo
3450 3147 3579 3202 per-

1985 3225 2180 3288 ductis,
2219 3225 2304 3279 vcl
2331 3225 2438 3279 alio
2463 3225 2705 3296 quolibet
2733 3225 2943 3290 ordine,
2972 3239 3080 3293 quo
3101 3224 3180 3280 sal
3205 3224 3324 3278 ﬁeri
3348 3239 3578 3280 consue-

289 3320 645 3392 dederuntque
665 3323 720 3376 in
745 3340 908 3378 manu
930 3323 1044 3393 ejus
1076 3324 1356 3378 tenendam
1377 3324 1561 3395 legem.
1588 3327 1656 3380 Et
1675 3342 1884 3397 magna:
1912 3315 1957 3376 C
1987 3316 2088 3380 vit,
2122 3316 2176 3369 in
2207 3332 2316 3387 quo
2357 3317 2522 3371 etiam
2562 3316 2680 3371 loco
2707 3313 2842 3370 Joab
2888 3315 3172 3374 duodecim
3237 3315 3407 3370 millia
3457 3315 3581 3371 ldu-

291 3413 480 3482 utique
498 3423 635 3480 erat,
653 3415 1019 3486 salutarisque
1036 3417 1357 3488 prudentiae,
1373 3426 1432 3472 ut
1452 3433 1547 3488 per
1567 3420 1882 3490 tyrannicas,

293 3503 577 3573 impizeque
610 3506 815 3576 regina:
855 3522 1066 3574 necem,
1095 3508 1416 3563 succedente
1440 3508 1494 3562 in
1521 3525 1746 3580 regnum
1775 3510 1885 3565 ﬁlio

291 3598 440 3666 regis
462 3597 707 3669 legitimi,
735 3615 860 3654 cum
886 3600 1002 3670 ipso
1032 3600 1051 3639 τ
1081 3617 1267 3673 regum
1292 3603 1502 3668 habitu,
1535 3603 1697 3658 simul
1719 3603 1885 3660 disci-

291 3687 437 3758 plina
460 3688 592 3760 legis
617 3689 714 3744 Dei
743 3693 1009 3746 servanda
1041 3693 1430 3760 committetur,
1453 3703 1509 3750 et
1535 3696 1627 3765 qui
1655 3712 1712 3750 se
1748 3711 1887 3766 prie-

1984 3424 2247 3463 mteorum
2308 3409 2646 3478 percussisse
2702 3408 2918 3479 legitur.
2978 3407 3088 3463 Nec
3142 3408 3580 3478 praztereundum

1987 3501 2132 3570 quod
2161 3515 2260 3570 pro
2285 3501 2422 3555 valle
2453 3500 2763 3556 Salinarum
2799 3511 2957 3556 vetus
2992 3501 3160 3556 editio
3195 3503 3351 3573 quasi
3383 3516 3581 3558 nomen

1989 3594 2224 3664 regionis
2258 3593 2270 3642 i
2311 3593 2534 3649 Gemela
2574 3595 2774 3664 posuit.
2822 3593 2983 3651 Petra
3034 3603 3216 3651 autem
3257 3597 3448 3652 civitas
3496 3603 3584 3652 est

1985 3686 2200 3742 Arabia:
2225 3687 2422 3742 nobilis
2447 3687 2501 3742 in
2529 3688 2719 3744 eadem
2760 3697 2902 3744 terra
2943 3689 3133 3754 Edom,
3164 3696 3285 3760 Quae
3333 3691 3388 3744 in
3440 3691 3584 3747 libro

292 3779 463 3836 latum
505 3782 704 3852 populo
733 3784 971 3856 regendo
1001 3785 1226 3851 videret,
1253 3786 1368 3856 ipse
1395 3803 1454 3841 se
1485 3787 1778 3857 regendum
1808 3788 1889 3842 di-
1923 3846 1940 3857 α
1986 3779 2348 3834 Numerorum
2409 3780 2611 3834 Recem
2658 3781 2879 3847 dicitur,
2925 3791 2981 3835 et
3029 3783 3098 3836 ab
3143 3782 3384 3852 Assyriis
3421 3782 3586 3838 hodie

293 3873 435 3928 vinis
459 3873 667 3944 legibus
702 3875 858 3929 subdi
889 3875 1464 3932 debere'meminisset.
1505 3897 1524 3930 ι

367 3963 521 4035 (Cap.
553 3965 772 4036 12,15.)
799 3965 868 4020 Et
893 3983 997 4020 non
1019 3967 1176 4034 ﬁebat
1201 3969 1336 4022 ratio
1366 3969 1447 4023 his
1467 3969 1889 4037 hominibus,qui

293 4054 955 4126 accipiebant‘pecuniam,
980 4065 1085 4111 etc.
1136 4058 1161 4096 ε
1213 4076 1231 4107 ‹
1265 4056 1419 4124 Quod
1463 4059 1888 4114 instaurantibus

294 4144 556 4214 templum
581 4147 790 4203 Domini
815 4156 1057 4218 tempore
1083 4149 1292 4218 praefati
1323 4151 1466 4220 regis
1494 4149 1621 4205 Joas
1647 4150 1883 4205 dicitur:

295 4235 367 4290 Et
391 4253 490 4292 non
512 4236 668 4306 ﬁebat
685 4239 819 4293 ratio
838 4239 918 4293 his
941 4239 1363 4312 hominibus,qui
1384 4242 1711 4312 accipiebant
1733 4259 1890 4313 pecu-

297 4327 463 4392 niam,
488 4336 544 4381 ut
564 4327 943 4391 ,distribuerent
967 4347 1082 4384 eam
1108 4330 1422 4399 artiﬁcibus,
1447 4331 1537 4385 sed
1563 4331 1617 4385 in
1650 4331 1755 4400 [ide
1778 4341 1886 4384 tra-

295 4417 508 4472 ctabant
548 4435 688 4486 eam,
718 4420 1064 4476 devotionem
1091 4423 1332 4476 ostendit
1357 4437 1565 4488 eorum,
1598 4424 1664 4478 de
1694 4424 1889 4494 quibus

297 4528 478 4568 sermo
501 4521 606 4578 est,
627 4514 719 4583 qui
753 4522 963 4568 tantum
993 4516 1155 4570 studii
1189 4515 1244 4569 in
1274 4515 1536 4586 religione
1575 4517 1886 4581 habuerint,

296 4610 356 4656 ut
400 4601 578 4656 nullus
607 4603 957 4670 dubitaverit,
993 4604 1122 4675 quin
1171 4605 1456 4674 pecuniam
1508 4605 1720 4661 Domini
1772 4607 1889 4661 sine

1986 3886 2162 3940 usque
2193 3873 2272 3926 sic
2298 3872 2623 3942 appellatur.
2659 3873 2686 3912 ι
2721 3873 2962 3928 Jecethel
2992 3888 3142 3938 vero,
3163 3875 3308 3942 quod
3335 3873 3586 3930 Amasias

1988 3964 2164 4017 victor
2194 3963 2242 4016 ei
2273 3979 2468 4016 nomen
2490 3963 2773 4032 imposuit,
2802 3965 3194 4034 interpretatur
3245 3974 3420 4021 caelus
3464 3967 3582 4032 Dei,

1990 4054 2074 4108 vel
2103 4053 2363 4108 auxilium
2389 4053 2510 4119 Dei,
2535 4063 2726 4124 agente
2757 4071 2822 4108 eo
2851 4055 3104 4122 ﬁdeliter,
3139 4065 3197 4110 ut
3225 4058 3451 4127 perenni
3502 4058 3586 4114 in-

1991 4145 2211 4199 deretur
2241 4145 2540 4210 memorizn,
2565 4145 2706 4213 quod
2736 4145 2999 4211 hanc,vel
3020 4156 3196 4203 canus
3234 4149 3417 4219 populi
3464 4149 3584 4214 Dei,

1989 4240 2076 4295 vel
2103 4240 2213 4294 Deo
2241 4241 2553 4310 adiuvante,
2570 4241 2796 4312 ceperit.
2838 4262 2856 4293 ι

2064 4331 2172 4403 (14,
2199 4332 2316 4404 25.)
2360 4332 2481 4403 Ipse
2517 4334 2739 4387 restituit
2768 4334 3019 4389 terminos
3055 4335 3228 4390 Israel
3254 4336 3319 4390 ab
3366 4337 3587 4391 introitu

1992 4424 2187 4478 Emath
2237 4434 2341 4480 etc.
2392 4424 2407 4462 ι
2446 4443 2464 4475 ι
2518 4427 2670 4494 Quod
2709 4428 2912 4483 dicitur
2961 4429 3027 4483 de
3083 4429 3408 4484 Hieroboam
3457 4445 3587 4500 rege

1991 4515 2155 4571 Israel
2202 4516 2374 4588 :Ipse
2406 4519 2630 4571 restituit
2686 4521 2936 4575 terminos
2983 4521 3202 4575 Israelis
3245 4521 3309 4575 ab
3364 4522 3588 4576 introitu

1995 4608 2210 4674 Emath,
2235 4627 2398 4681 usque
2423 4609 2492 4664 ad
2524 4628 2668 4665 mare
2688 4612 3008 4676 solitudinis,
3041 4614 3259 4676 Emath.
3290 4629 3411 4683 qua:
3439 4628 3586 4670 nunc

296 4690 526 4762 alicujus
582 4691 786 4749 fraudis
831 4696 1140 4764 suspicione
1191 4705 1490 4751 tractarent
1523 4717 1535 4751 :
1567 4705 1619 4753 et
1645 4699 1785 4752 hanc
1823 4699 1890 4754 de
1916 4677 1968 4736 Ῐ)
1995 4677 2320 4772 Epiphania
2355 4703 2554 4757 dicitur
2579 4745 2594 4769 ,
2651 4705 3090 4774 septentrionalis
3142 4713 3262 4760 erat
3306 4677 3584 4762 terminus

295 4781 492 4834 aarario
517 4782 787 4838 sublatam
824 4783 1056 4840 ﬁdeliter
1084 4785 1386 4842 artiﬁcibus
1420 4789 1489 4842 ad
1541 4789 1890 4845 muniendam

296 4871 538 4937 domum,
563 4883 723 4942 prout
746 4875 973 4946 singulis
999 4891 1137 4946 Opus
1162 4887 1324 4944 esset,
1347 4877 1624 4936 offerrent.

370 4963 480 5034 (15,
520 4963 637 5038 20.)
663 4965 790 5020 Post
815 4966 927 5021 hth
958 4976 1197 5021 mortuus
1224 4978 1322 5034 est,
1353 4970 1551 5040 inquit,
1581 4970 1815 5036 Eliseus,
1843 4981 1892 5025 et

293 5059 607 5129 sepelierunt
630 5077 770 5114 eum.
794 5051 1108 5114 Latrunculi
1137 5078 1254 5116 vero
1283 5063 1347 5116 de
1369 5062 1526 5117 Moab
1557 5073 1806 5119 venerunt
1834 5065 1890 5117 in

294 5162 494 5205 terram
520 5152 634 5220 ipso
658 5150 892 5205 videlicet
921 5169 1080 5206 anno.
1125 5153 1358 5218 Quidam
1388 5165 1561 5208 autem
1583 5155 1886 5226 sepelientes

292 5242 558 5297 hominem
587 5245 825 5299 viderunt
855 5244 1206 5311 latrunculos,
1234 5257 1280 5301 et
1303 5247 1632 5318 projecerunt
1663 5249 1887 5306 cadaver

367 5386 394 5413 ι
427 5375 659 5431 Dicetur.

369 5445 396 5484 ι’
424 5445 563 5502 Seir.
631 5455 648 5516 ξ

367 5526 391 5588 σῖ
430 5516 604 5588 Regis.
633 5517 640 5548 ⁵

363 5587 392 5625 ά
426 5587 586 5653 Quia.

370 5670 402 5738 e_
436 5660 608 5738 Hujus
638 5674 956 5738 quoque,et
976 5666 1356 5738 subsequentis
1381 5665 1484 5722 loci
1507 5666 1798 5737 explicatio
1819 5682 1885 5722 ex
1943 5729 1945 5732 ,

291 5728 788 5873 Begalileegs’lltimitur:
813 5728 1037 5805 Ibidem,
1061 5728 1210 5793 num.
1240 5738 1330 5804 20,
1347 5747 1402 5794 et
1436 5738 1526 5793 21.

368 5872 396 5956 ξ
433 5871 565 5956 {hic
581 5879 804 5956 pariter
827 5896 896 5938 ex
921 5881 1066 5940 Beda
1101 5883 1402 5956 desumpsit
1427 5881 1700 5940 Rabanus.

351 5939 397 6022 ᾧ
423 5939 676 6004 lectelle'l.

1994 4793 2208 4850 lsraelis
2241 4816 2252 4850 :
2282 4796 2427 4852 Mare
2451 4807 2632 4852 autem
2672 4799 2998 4864 solitudinis,
3027 4799 3173 4869 quod
3195 4799 3448 4855 hebraice
3497 4801 3582 4856 di-

1995 4888 2138 4942 citur
2165 4889 2362 4955 Araba,
2401 4906 2552 4946 mare
2598 4900 2870 4945 mortuum
2916 4891 3183 4962 designat,
3209 4893 3351 4961 quod
3384 4892 3438 4948 in
3469 4893 3584 4948 lon-

1995 4983 2239 5051 gitudine
2267 4999 2366 5054 per
2391 4985 2564 5039 stadia
2589 5001 2766 5040 anxx
2790 5001 2962 5054 usque
2984 4985 3053 5039 ad
3080 4997 3116 5023 σι
3142 4985 3342 5040 Zoaras
3391 4986 3585 5044 Arabas

1997 5073 2050 5126 in
2077 5073 2362 5128 latitudine
2389 5091 2488 5146 per
2513 5084 2732 5130 centum
2764 5075 3154 5147 quinquaginta
3183 5092 3356 5148 usque
3398 5079 3466 5134 ad
3501 5081 3584 5135 vi-

1995 5167 2115 5221 cina
2149 5167 2505 5223 Sodomorum
2539 5180 2564 5207 ιι
2593 5169 2963 5238 praetenditur.
2990 5190 3006 5219 ι

2072 5269 2094 5294 ο
2129 5260 2192 5314 Et
2217 5278 2543 5333 unaqquue
2567 5278 2690 5332 gens
2714 5261 2974 5331 fabricata
2997 5271 3069 5316 est
3095 5263 3262 5317 Deum
3284 5280 3458 5329 suum,
3477 5273 3585 5320 etc.

2073 5399 2084 5436 ί
2125 5397 2250 5471 Haec
2295 5398 2456 5471 habet
2495 5397 2637 5471 Deda
2682 5397 2978 5467 quastione
3019 5399 3110 5464 21,
3155 5400 3298 5455 inter
3330 5400 3400 5456 50
3435 5417 3584 5471 quzu-

1991 5466 2196 5539 stiones
2222 5469 2274 5522 in
2287 5538 2291 5539 ν
2305 5469 2472 5524 libros
2494 5466 2719 5539 Regum.

2067 5537 2080 5587 i
2116 5537 2390 5592 Cemclach
2402 5579 2414 5592 .

2067 5610 2090 5647 ιε
2132 5609 2354 5664 Jccthel.

2070 5678 2087 5716 1
2131 5680 2502 5806 gggrpariter,
2529 5690 2584 5738 et
2610 5683 2946 5754 subsequens
2963 5684 3107 5742 Beda
3127 5685 3414 5762 desumpta
3431 5689 3585 5746 δωτι.

2070 5759 2104 5780 ’³
2313 5771 2357 5806 s.

2065 5759 2104 5780 ’³
2136 5759 2357 5806 Zoaros.

2067 5833 2094 5860 ιι
2134 5821 2499 5894 Progreditur.
3560 5853 3584 5887 ς

2067 5903 2092 5930 ο
2129 5893 2218 5964 t7,
2249 5893 2337 5951 29.

3621 5918 3628 5948 l
