4056 6350
484 331 586 392 787

1544 325 1820 385 CLAUDII
1858 318 2318 382 TAURINENSIS
2347 315 2659 398 (EPISCOPI
2720 360 2725 363 -

3612 310 3774 371 ‘738

490 471 508 502 ε
541 449 695 518 Quod
718 446 917 504 dicitur
942 446 1009 504 de
1030 444 1138 512 his,
1158 458 1285 514 quae
1309 444 1362 499 in
1396 441 1695 497 Samariam
1724 457 1754 495 a
1788 454 1913 510 rege
1960 440 2061 495 As—
2085 464 2140 526 Α
2166 438 2421 526 rusalem,
2452 432 2545 488 ubi
2587 436 2705 487 erat
2733 425 2995 526 templum
3198 409 3799 526 Quodque—patrata?

484 544 753 619 syriorum
797 538 1042 597 adductae
1089 549 1233 604 sunt,
1278 536 1601 601 nationibus,
1635 544 1683 589 et
1734 549 2059 605 unaquaque

462 640 608 711 ~gens"
643 634 905 709 fabricata
937 638 1011 688 est
1038 626 1208 689 Deum
1248 646 1422 694 suum,
1445 637 1829 701 posueruntque
1861 644 1979 682 eum
2004 629 2061 681 in

485 730 625 802 fanis
657 726 895 794 excelsis,
920 743 1038 799 quae
1069 724 1301 803 fecerant
1334 737 1359 764 ει
1387 720 1647 778 Samarite
1677 738 1801 792 gens
1823 760 1838 786 ,
1864 730 1914 775 et
1939 736 2061 792 gens

484 822 542 877 in
567 819 782 877 urbibus
801 820 931 884 suis,
955 820 1011 874 in
1034 804 1219 892 quibus
1243 812 1568 872 habitabant.
1586 812 1701 871 Viri
1727 814 1873 872 enim
1891 813 2064 885 Baby—

486 912 621 969 lonii
650 910 895 968 fecerunt
933 909 1160 967 Sochoth
1185 908 1386 964 Benoth
1413 906 1441 961 ξ
1466 907 1581 963 Viri
1617 914 1798 965 autem
1833 902 2063 963 Cutbeni

487 1003 733 1060 fecerunt
755 1001 969 1074 Nergel.
991 1002 1061 1058 Et
1078 1002 1177 1057 viri
1201 999 1267 1056 de
1293 1000 1319 1040 ιι
1342 998 1569 1054 Emetha
1591 998 1838 1055 fecerunt
1855 995 2060 1051 Asima.

487 1094 660 1151 Porro
689 1094 869 1150 Hermi
893 1090 1137 1150 fecerunt
1157 1104 1178 1132 ο
1208 1089 1447 1155 Nebaaz,
1470 1098 1525 1145 et
1556 1086 1808 1144 Thartha.
1835 1086 1894 1141 In
1926 1086 2064 1141 libro

488 1188 704 1259 quidem
751 1186 996 1263 locorum
1035 1180 1254 1259 legitur,
1300 1182 1446 1255 quod
1486 1180 1695 1238 Benoth
1722 1222 1738 1250 ,
1785 1189 1841 1241 et
1872 1179 2066 1252 Nergel

488 1280 708 1337 fuerunt
753 1280 998 1337 civitates
1023 1320 1038 1347 ,
1083 1293 1219 1352 quas
1271 1283 1693 1333 construxerunt
1744 1275 1802 1333 in
1848 1274 2068 1343 regione

486 1368 672 1431 Judeae
722 1370 1081 1439 Samaritani,
1120 1371 1209 1441 qui
1263 1370 1330 1427 de
1372 1362 1667 1439 Babylonia
1717 1366 2065 1423 transierant.

485 1464 673 1521 Asima
697 1478 909 1538 quoque
935 1462 1189 1535 Oppidum
1220 1456 1363 1531 quod
1407 1454 1835 1523 aedificaverunt,
1858 1455 1954 1527 qui
1999 1454 2070 1509 ad

487 1574 608 1617 eam
637 1563 901 1613 venerant
928 1554 995 1612 de
1017 1546 1232 1611 Emath.
1266 1550 1481 1609 Nebaaz
1503 1551 1692 1618 etiam,
1712 1562 1770 1607 et
1799 1549 1828 1590 ἀ
1866 1548 2068 1605 Tartha

487 1649 754 1713 civitates,
781 1662 917 1720 quas
944 1638 1127 1703 Hemi
1154 1644 1210 1701 in
1248 1644 1436 1702 eadem
1469 1641 1670 1700 ludasae
1700 1651 1846 1699 terra
1893 1642 2072 1698 condi-

482 1743 702 1802 derunt.
728 1732 969 1800 Videtur
986 1749 1167 1798 autem
1190 1739 1349 1810 juxta
1381 1737 1827 1815 consequentiam
1866 1751 2073 1793 sermo-

2165 533 2274 580 tem
2299 525 2641 593 obsessorum
2672 520 2858 575 volens
2902 518 3212 585 ostendere,
3236 519 3391 592 (vers.
3423 519 3517 591 23)
3560 535 3772 592 equo-

2163 632 2285 673 rum
2316 617 2421 679 duo
2450 614 2616 671 millia
2653 612 2958 684 pollicetur,
3000 626 3231 682 quorum
3256 611 3520 668 Ezechias
3546 627 3782 669 ascen-

2164 721 2316 765 sores
2342 705 2579 778 praebere
2605 720 2711 759 non
2738 710 2938 775 posset,
2970 718 3080 758 non
3102 703 3169 758 de
3189 702 3561 760 imbecillitate
3591 704 3777 761 venit

2163 799 2346 872 p0puli
2378 790 2709 863 Judmorum,
2743 793 2757 845 i
2795 795 2887 864 qui
2925 794 3205 865 equitandi
3234 796 3455 851 carebat
3483 796 3776 861 scientia,

2166 890 2261 947 sed
2321 889 2387 947 de
2441 888 2822 944 observatione
2870 886 3253 942 mandatorum
3307 887 3443 953 Dei,
3498 889 3597 958 qui
3657 904 3781 958 per

2167 980 2385 1055 Moysen
2409 995 2574 1051 super
2605 994 2786 1050 regem
2810 985 3143 1048 praeceperat
3168 976 3366 1033 lsrael:
3388 977 3631 1049 (Denter.
3666 979 3777 1044 17,

2168 1074 2258 1141 16,
2298 1083 2346 1128 et
2390 1070 2478 1144 l7)
2518 1070 2643 1127 Non
2686 1069 3055 1141 multiplicabit
3089 1070 3186 1125 sibi
3230 1087 3420 1143 equos,
3464 1082 3514 1126 et
3550 1089 3779 1127 uxores

2167 1165 2422 1240 plurimas
2473 1179 2579 1218 non
2614 1162 2842 1218 habebit.
2890 1161 2973 1217 Ad
3000 1161 3054 1217 id
3084 1169 3286 1228 autem,
3324 1163 3464 1234 quod
3487 1162 3729 1218 dixerat
3759 1181 3776 1217 :
3850 1158 3865 1207 ἱ

2171 1259 2333 1333 (vers.
2382 1255 2483 1330 22)
2530 1253 2588 1311 Si
2640 1253 2968 1326 responderis
3016 1253 3189 1319 mihi,
3241 1253 3299 1308 in
3348 1252 3571 1309 Domino
3642 1253 3782 1309 Deo

2171 1348 2503 1421 confidimus,
2530 1355 2662 1414 etc.,
2683 1344 2898 1410 callide,
2935 1345 3338 1415 prudenterque
3358 1346 3671 1417 respondit.
3707 1362 3783 1403 se

2170 1458 2279 1499 non
2305 1456 2403 1497 sua
2428 1434 2728 1500 voluntate.
2755 1435 2852 1493 sed
2883 1435 3099 1495 Domini
3136 1435 3352 1495 venisse
3382 1439 3682 1509 praeceptis
3714 1439 3776 1494 In.

2245 1580 2266 1614 ι
2294 1561 2364 1617 Et
2410 1560 2550 1617 dixit
2589 1556 2910 1621 Heliacbim,
2964 1562 3022 1610 et
3067 1554 3252 1611 caeteri
3306 1538 3376 1610 ad
3415 1555 3718 1613 Rabsaoen
3757 1573 3775 1611 :

2178 1651 2200 1695 1
2226 1651 2460 1723 Loquere
2485 1650 2555 1705 ad
2580 1665 2753 1705 seruos
2776 1658 2894 1702 tuos
2917 1644 3057 1716 Syra
3082 1645 3287 1716 lingua,
3311 1646 3562 1717 siquidem
3587 1647 3783 1702 intel-

2174 1745 2386 1817 ligimus
2414 1760 2554 1808 eam,
2583 1751 2690 1799 etc.
2720 1739 3013 1797 Accusatio
3038 1739 3300 1795 Rabsacis
3325 1740 3564 1797 Ezechiae
3591 1743 3779 1797 testi-

482 1837 588 1903 nis,
622 1837 789 1893 etiam
824 1832 1117 1900 idolorum,
1143 1832 1339 1902 quibus
1389 1840 1412 1870 °
1458 1830 1546 1887 hac
1587 1838 1777 1903 gentes
1824 1828 1976 1900 prius
2007 1825 2063 1881 in

2175 1838 2407 1895 monium
2428 1845 2531 1902 est,
2548 1835 2693 1906 quod
2722 1833 2895 1905 captis
2916 1831 3130 1898 cunctis
3141 1829 3340 1888 Judaei
3359 1832 3598 1897 urbibus,
3614 1848 3781 1888 eon-

484 1930 633 1984 terra
679 1936 776 1984 sua
819 1927 1145 1991 servierunt,
1174 1924 1263 1981 hic
1306 1937 1466 1995 posse
1509 1920 1773 1978 vocabula
1817 1918 2066 1992 intelligi,

488 2018 512 2058 ί
546 2019 672 2090 quia
698 2035 822 2076 cum
848 2017 1054 2074 dictum
1095 2026 1256 2082 esset,
1302 2024 1352 2070 et
1402 2030 1728 2086 unaquaeque
1757 2029 1880 2083 gens
1907 2011 2074 2082 {abri-

485 2119 606 2165 cata
642 2117 718 2163 est
758 2106 927 2163 Deum
984 2122 1162 2173 suum,
1216 2104 1371 2176 quasi
1425 2104 1492 2160 ad
1530 2102 1897 2174 'expletionem
1949 2115 2074 2157 sen-

484 2198 673 2255 tentiae
696 2197 1041 2267 subjunctnm
1067 2204 1188 2252 est:
1226 2193 1339 2249 Viri
1364 2195 1501 2249 enim
1527 2192 1808 2264 Babylonii
1837 2192 2072 2262 fecerunt

486 2289 721 2345 Sochoth
744 2289 968 2355 Benoth,
986 2288 1041 2344 id
1061 2295 1145 2343 est
1163 2285 1514 2343 tabernacula
1528 2284 1843 2369 Benotl‘Et
1857 2283 2069 2351 melius,

486 2381 544 2437 ni
564 2380 741 2447 fallor,
771 2378 975 2436 iaceret
993 2378 1281 2450 interpres,
1306 2376 1352 2432 si
1376 2375 1616 2433 Sochoth
1643 2374 1809 2429 latine
1826 2374 1885 2429 in
1905 2372 2076 2429 taber-

485 2469 683 2527 nacula
708 2476 967 2536 verteret,
991 2477 1046 2526 et
1068 2483 1265 2523 nomen
1292 2462 1419 2522 idoli
1454 2462 1657 2520 Benoth
1697 2463 1943 2521 absolute
1974 2478 2073 2533 po-

482 2568 643 2618 neret
674 2578 687 2613 :
716 2567 773 2616 et
792 2560 934 2616 sicut
967 2559 1022 2614 in
1055 2559 1408 2631 sequentibus
1463 2556 1750 2612 manifeste
1800 2555 1999 2610 dicitur
2054 2572 2067 2607 :

485 2651 599 2727 (17,
624 2650 714 2727 3i)
744 2651 818 2707 Hi
853 2660 1052 2718 autem,
1080 2652 1171 2724 qui
1200 2659 1347 2706 erant
1378 2644 1441 2703 de
1464 2646 1826 2719 Sepharvaim,
1857 2645 2070 2700 combu-

483 2746 670 2800 rebant
696 2743 837 2814 ﬁlios
866 2759 992 2799 suos
1014 2741 1125 2814 igni
1160 2739 1528 2805 Adramelech,
1555 2748 1603 2793 et
1628 2736 1944 2793 Anamelech
1971 2736 2073 2790 diis

484 2830 831 2904 Sepha’rvaim
856 2846 873 2885 :
904 2833 999 2887 ubi
1026 2831 1333 2887 ostenditur
1354 2827 1734 2895 Adramelecb,
1764 2836 1819 2885 et
1841 2826 2074 2883 Aname-

483 2924 608 2981 lecb
626 2923 765 2980 idola
789 2922 954 2979 fuisse
972 2921 1125 2977 urbis
1144 2920 1498 2990 Sepharvaim
1516 2938 1529 2974 :
1548 2920 1624 2975 ita
1648 2916 1864 2974 videtur
1884 2932 2075 2973 conse-

489 3030 686 3087 quens,
703 3024 767 3071 nt
791 3015 957 3071 etiam
981 3010 1178 3085 Nergel
1197 3012 1591 3079 Cuthenorum,
1608 3008 1793 3068 Asima
1822 3011 2077 3067 Emathe—

484 3122 681 3165 norum
691 3149 706 3175 ,
720 3106 996 3174 Nebabaz,
1014 3114 1067 3162 et
1086 3105 1365 3161 Tharthac
1379 3103 1520 3162 idola
1536 3101 1755 3161 fuerunt
1767 3098 2068 3159 Evaeorum.

2172 1932 2306 1989 ﬁsus
2319 1931 2373 1986 in
2388 1929 2620 1986 Domino
2633 1929 2705 1984 sit
2717 1938 2776 1992 ω,
2792 1926 3099 1995 dixeritque
3124 1925 3191 1980 ad
3207 1925 3461 1995 populum
3480 1944 3492 1979 :
3510 1925 3594 1997 (II
3608 1925 3774 1982 Par.

2173 2038 2347 2089 nm,
2364 2020 2441 2093 7).
2458 2013 2638 2076 Nolite
2651 2021 2854 2084 timere,
2868 2035 2962 2072 nec
2972 2017 3202 2089 paventis
3215 2032 3383 2087 regem
3395 2016 3778 2086 Assyriorum,

2173 2124 2223 2171 et
2252 2114 2547 2169 universam
2572 2110 2960 2166 multitudinem
2981 2151 2996 2177 ,
3039 2126 3156 2181 quin
3184 2118 3262 2164 est
3291 2125 3409 2162 cum
3455 2124 3514 2162 eo
3538 2124 3556 2162 :
3582 2107 3779 2162 multo

2172 2207 2315 2262 enim
2336 2204 2514 2277 plures
2548 2202 2820 2260 nobiscum
2847 2210 2991 2268 sunt,
3036 2217 3196 2273 quam
3219 2216 3338 2254 cum
3365 2199 3489 2264 illo;
3518 2210 3633 2252 σοι
3658 2197 3780 2253 illo

2174 2298 2314 2353 enim
2335 2304 2413 2352 est
2440 2295 2709 2351 brachium
2731 2310 2979 2350 corneum
3000 2306 3019 2346 :
3044 2293 3316 2348 nobiscum
3336 2292 3587 2346 Dominus
3608 2290 3777 2346 Deus

2175 2401 2371 2457 noster,
2412 2391 2503 2462 qui
2542 2390 2832 2445 auxiliator
2872 2397 2947 2444 est
2976 2389 3164 2455 nostri,
3201 2395 3496 2458 pugnatque
3530 2401 3624 2456 pro
3656 2402 3778 2439 no-

2174 2482 2274 2538 bis.
2317 2482 2385 2537 Et
2423 2481 2750 2551 confortatus
2780 2489 2876 2547 est,
2906 2480 3106 2551 inquit,
3137 2478 3362 2551 populus
3390 2477 3777 2549 hujuscemodi

2173 2578 2343 2635 verbis
2372 2576 2638 2631 Ezechias.
2674 2575 2828 2632 Unde
2868 2575 3146 2631 iiahsaees
3165 2576 3446 2632 destruere
3468 2577 3583 2629 vult
3607 2575 3781 2646 quod

2173 2668 2266 2724 ille
2294 2675 2698 2733 construxerat,
2724 2673 2779 2722 et
2806 2666 3047 2736 loquitur
3068 2667 3137 2720 ad
3156 2665 3416 2737 populum
3440 2682 3455 2719 :
3481 2662 3590 2732 (IV
3619 2663 3771 2735 Reg.

2176 2760 2269 2825 18,
2295 2759 2388 2831 29)
2436 2758 2562 2815 Non
2600 2758 2817 2815 sedata
2856 2774 2947 2814 vos
2974 2757 3255 2823 Ezechias,
3294 2766 3342 2812 et
3371 2773 3475 2812 non
3499 2758 3640 2811 vobis
3660 2757 3777 2811 tri-

2176 2850 2302 2906 buat
2334 2849 2589 2920 ﬁduciam
2626 2862 2783 2921 super
2810 2849 3040 2905 Domino
3068 2849 3201 2905 Deo.
3234 2849 3578 2921 Rursumque
3623 2851 3776 2920 adii-

2176 2941 2330 2997 ciens
2381 2940 2886 3007 comminationem,
2933 2951 2992 2996 et
3035 2950 3325 3005 terrorem,
3363 2948 3427 2995 ut
3463 2938 3617 3013 (vers.
3663 2941 3773 3015 ετ)

2177 3033 2473 3106 comedunt,
2500 3033 2697 3103 inquit,
2729 3041 2962 3090 stercora
2991 3050 3112 3100 sua,
3140 3042 3191 3088 et
3221 3033 3402 3087 bibant
3428 3035 3643 3088 urinam
3671 3049 3775 3103 pe-

2180 3127 2376 3183 cudum
2420 3142 2639 3183 suorum
2662 3137 2692 3165 ιλ
2719 3126 3004 3183 vobiscum.
3053 3125 3159 3183 Per
3195 3140 3316 3196 quae
3354 3126 3593 3181 ostendit
3618 3124 3773 3182 fame

560 3202 671 3277 (l8,
701 3200 814 3277 15.)
836 3201 989 3258 Anno
1012 3200 1406 3275 quartodecimo
1456 3200 1592 3272 regis
1624 3192 1867 3253 Ezechias
1895 3213 2077 3252 ascen—
2102 3201 2149 3266 C
2179 3232 2295 3284 eos,
2337 3225 2395 3274 ει
2426 3217 2677 3288 penuria,
2728 3217 2927 3286 duque
2966 3230 3088 3273 esse
3131 3192 3443 3286 cap—ms,
3493 3215 3774 3286 simulque

486 3296 567 3352 dit
592 3294 946 3353 Sennacherib
976 3311 1070 3350 rea:
1097 3293 1436 3365 Assyriorum
1461 3310 1619 3364 super
1638 3299 1815 3347 omnes
1839 3292 2071 3346 civitates

486 3386 648 3443 Iudae
693 3386 943 3453 munitas,
988 3393 1038 3440 et
1081 3386 1213 3456 cepit
1242 3402 1352 3451 eas,
1385 3391 1490 3440 etc.
1522 3383 1759 3439 Historia
1786 3382 2075 3439 manifesta

488 3484 598 3544 cst,
633 3484 689 3534 et
707 3475 1156 3546 interpretatione
1177 3492 1287 3531 non
1308 3475 1531 3546 indiget.
1557 3474 1581 3514 ε
1601 3473 1660 3528 In
1689 3474 1868 3529 verbis
1892 3483 2073 3528 autem

487 3570 756 3629 R’absacis
802 3569 1114 3641 arrogantia
1163 3564 1563 3624 consideranda
1609 3573 1714 3632 est,
1761 3580 1882 3636 quae
1925 3563 2075 3619 velut

488 3660 736 3735 quaedam
766 3660 1042 3716 contraria
1064 3657 1328 3713 fortitudo
1357 3657 1601 3711 imitatur
1629 3655 2073 3711 consuetudinem

483 3751 902 3824 prophetarum,
932 3758 992 3806 ut
1022 3750 1167 3822 quod
1188 3747 1264 3804 illi
1287 3748 1463 3805 solent
1490 3749 1543 3802 in
1571 3747 1809 3820 prologis
1831 3761 2070 3818 ponere;

485 3842 604 3897 hac
636 3840 764 3896 dicit
791 3840 1071 3904 Dominus,
1104 3854 1210 3909 quo
1235 3838 1615 3895 auctoritatem
1659 3846 1714 3895 et
1739 3837 2072 3911 magnitudi-

485 3944 616 3989 nem
661 3931 933 4001 loquentis
978 3930 1288 3996 ostendant,
1335 3931 1440 3986 iste
1477 3947 1621 3987 nunc
1670 3931 1906 3986 dixerit:
1941 3929 2072 3985 [lare

487 4026 619 4080 dicit
671 4042 765 4080 rex
813 4042 1057 4097 magnus,
1104 4041 1198 4080 rex
1240 4024 1596 4096 Assyriorum.
1653 4023 2074 4080 Consideremus

486 4122 658 4176 verba
688 4120 974 4187 Rabsacis,
1005 4123 1033 4162 ιι
1064 4141 1083 4175 ‹
1111 4137 1176 4178 ac
1203 4123 1437 4193 primum
1483 4122 1629 4193 quod
1676 4122 1809 4179 dicit
1838 4137 1852 4174 :
1886 4124 1903 4163 i
1936 4120 2073 4177 Con-

488 4210 613 4283 ﬁdis
670 4228 827 4283 super
865 4211 1112 4267 baculum
1152 4211 1499 4267 arundineum
1535 4210 1865 4282 confractum
1892 4212 2069 4276 istum,

488 4288 650 4376 super
665 4303 976 4376 zEgyptum,
1002 4303 1196 4361 falsum
1222 4310 1334 4360 est:
1354 4304 1500 4360 nulla
1523 4304 1669 4359 enim
1695 4314 1882 4359 narrat
1908 4304 2077 4359 histo-

487 4397 595 4465 ria,
626 4397 771 4468 quod
803 4396 1066 4454 Ezechias
1089 4397 1159 4454 ad
1188 4396 1474 4471 [Egyptios
1502 4398 1737 4466 miserit,
1760 4407 1815 4454 et
1834 4399 2074 4454 Pharao-

495 4492 588 4548 nis
616 4489 876 4546 auxilium
910 4490 1223 4561 postularit,
1255 4492 1506 4565 quodque
1545 4491 1712 4547 infert
1748 4507 1762 4546 :
1796 4492 1949 4565 (vers.
1978 4491 2071 4567 22)

485 4580 556 4641 Si
580 4560 929 4655 responderis
953 4584 1102 4650 mihi,
1134 4585 1191 4638 in
1234 4560 1454 4639 Domino
1493 4578 1603 4639 Deo
1635 4560 1816 4638 nostra
1843 4560 2070 4652 conﬁdi;
2096 4560 2152 4621 D

484 4684 633 4740 anus,
660 4686 851 4729 verum
879 4680 964 4728 est
992 4690 1006 4727 :
1043 4672 1137 4728 sed
1165 4684 1381 4728 rursum
1407 4672 1589 4745 jungit
1615 4671 1955 4730 mendacium
1985 4689 2078 4729 ve-

486 4762 666 4830 ritati,
738 4763 882 4833 quod
953 4761 1163 4836 (Ibid.)
1208 4762 1483 4818 abstulerit
1548 4761 1806 4819 Ezechias
1872 4762 2076 4820 excelsa

488 4856 660 4924 illius,
704 4865 755 4913 et
798 4855 991 4913 altaria
1016 4871 1035 4910 :
1064 4857 1167 4913 hoc
1209 4857 1355 4913 enim
1394 4870 1503 4911 non
1545 4865 1735 4913 contra
1764 4857 2073 4925 Dominum,

486 4947 590 5004 sed
618 4963 718 5020 pro
745 4949 975 5007 Domino
1004 4947 1227 5019 fecerat,
1254 4959 1319 5005 ut
1342 4950 1667 5018 idololatria,
1698 4957 1753 5007 et
1781 4952 1949 5006 veteri
1985 4966 2075 5008 er-

490 5052 621 5095 rore
663 5040 962 5111 destructo,
1005 5041 1227 5113 iuberet
1253 5042 1545 5101 Dominum
1592 5044 1809 5102 adorari
1845 5046 1901 5102 in
1947 5044 2075 5103 Hie-

567 5207 595 5235 ι
632 5192 951 5251 Samarites.

567 5264 598 5305 ι)
625 5262 875 5319 Hemath.

570 5345 593 5374 ο
638 5333 913 5401 Nebahas.
940 5343 990 5394 et
1023 5335 1307 5395 rm

568 5404 596 5445 ἀ
625 5404 907 5462 Tharthac.

574 5489 599 5517 ε
640 5474 791 5530 Ηαό.

573 5547 594 5588 ί
638 5545 793 5613 Quod
819 5565 960 5603 cum.

574 5620 599 5714 ξ
628 5618 779 5714 fere
805 5617 1699 5714 ’ἒμεεέξεέεθεξέέοε
1713 5628 2071 5714 διαμάρτω-

450 5683 517 5770 ‘__
572 5689 602 5729 ι
636 5688 803 5770 Haec,
823 5704 942 5770 qua!
974 5690 1197 5770 tradidit
1220 5683 1496 5751 Claudius.
1525 5683 2075 5761 Italiamin—locum

496 5757 646 5815 hunc
669 5757 874 5828 pariter
903 5759 1147 5815 tradidit.

2176 3310 2464 3366 illecebras
2501 3308 2680 3381 jungit
2717 3307 3016 3374 formidini,
3055 3318 3116 3363 ut
3152 3322 3293 3378 quos
3320 3309 3774 3363 terrorenonvi-

2177 3409 2350 3468 ceret,
2400 3400 2914 3471 repromissionibus
2946 3408 3003 3455 et
3042 3400 3396 3470 persuasione
3422 3400 3666 3470 decipiat
3683 3401 3774 3455 di-

2176 3510 2307 3552 cens
2333 3512 2345 3548 :
2377 3493 2534 3563 (vers.
2560 3492 2651 3565 5i)
2697 3491 2879 3548 Facite
2916 3510 3118 3548 mecum
3164 3494 3303 3564 quod
3336 3503 3411 3549 est
3442 3493 3593 3547 utile.
3618 3494 3772 3565 Ergo

2177 3601 2372 3643 sensus
2397 3593 2480 3641 est
2508 3603 2521 3639 :
2550 3584 2737 3640 Facite
2761 3584 2981 3656 (inquit)
3025 3587 3173 3656 quod
3213 3586 3369 3642 vobis
3394 3587 3593 3656 prosit,
3624 3596 3685 3642 et
3709 3590 3769 3643 in

2177 3677 2617 3735 benedictionem
2665 3676 2914 3746 proﬁciat
2953 3684 3212 3733 vestram.
3262 3676 3392 3733 Sive
3437 3679 3544 3734 hoc
3585 3680 3723 3735 dicit
3748 3694 3769 3735 :

2176 3769 2489 3826 Benedicite
2538 3769 2654 3841 regi
2688 3768 3074 3839 Assyriorum,
3122 3777 3180 3825 et
3230 3769 3448 3825 laudate
3497 3784 3627 3826 eum
3659 3789 3673 3825 :
3707 3782 3772 3827 ut

2175 3860 2467 3917 Dominum
2516 3859 2868 3926 conﬁtemini,
2897 3868 2956 3915 ut
2979 3861 3205 3931 prmia
3227 3862 3637 3932 wnsequamini
3668 3880 3682 3918 :
3710 3872 3772 3919 et

2174 3956 2349 4012 donec
2376 3963 2620 4012 revertar
2654 3956 2722 4011 de
2767 3952 3024 4026 (Egypto,
3075 3953 3192 4009 sive
3228 3962 3384 4024 capta
3427 3952 3635 4009 lamna
3680 3968 3770 4009 re-

2176 4046 2355 4113 deam,
2381 4046 2623 4102 habitate
2648 4046 2703 4101 in
2727 4046 2865 4103 urbe
2890 4054 3094 4111 vestra,
3122 4054 3182 4101 et
3208 4045 3372 4100 rebus
3401 4046 3598 4101 vestris
3630 4045 3770 4101 frui-

2175 4137 2307 4193 mini
2337 4156 2349 4190 :
2376 4147 2566 4208 postea
2590 4145 2773 4193 autem
2799 4156 2812 4193 :
2843 4136 3000 4210 (om.
3038 4137 3130 4209 ὅθ)
3180 4135 3399 4192 Veniam
3424 4146 3474 4192 et
3525 4138 3766 4209 transfe-

2176 4244 2290 4283 ram
2322 4244 2407 4282 vos
2424 4228 2479 4283 in
2506 4236 2721 4295 terram,
2748 4244 2867 4299 qua
2895 4228 3085 4284 similis
3110 4237 3185 4284 est
3208 4237 3363 4282 terra
3396 4238 3605 4283 uestrae.
3636 4228 3770 4297 Qni-

2175 4318 2301 4375 dam
2340 4327 2536 4391 putant
2584 4329 2792 4376 terram
2820 4322 2903 4377 eis
2930 4321 3117 4377 Mediae
3137 4322 3463 4392 repromitti,
3497 4338 3625 4393 qua:
3661 4324 3764 4378 hs-

2173 4411 2337 4469 bebat
2377 4421 2538 4470 terrae
2572 4411 2725 4470 Juda
2747 4415 3177 4481 similitudinem,
3210 4423 3321 4469 tam
3350 4416 3407 4471 in
3433 4418 3567 4482 situ,
3598 4433 3764 4488 quam

2176 4502 2234 4558 in
2260 4503 2524 4574 frugibus.
2559 4513 2583 4541 ο
2612 4505 2875 4576 Quodque
2920 4504 3115 4561 infert:
3145 4503 3245 4561 Ubi
3264 4516 3339 4562 est
3366 4506 3510 4562 Deus
3545 4507 3761 4575 Emath,

2175 4603 2223 4649 et
2252 4594 2490 4666 Arphad,
2536 4606 2585 4650 et
2629 4596 2995 4668 Sepharvaim,
3047 4596 3186 4665 Ana,
3226 4608 3276 4652 et
3311 4597 3462 4653 Aea?
3501 4598 3764 4673 Nunquid

2175 4684 2524 4742 liberaverunt
2554 4686 2855 4742 Samariam
2895 4688 2962 4743 de
3004 4702 3165 4743 manu
3192 4691 3349 4744 mea?
3384 4689 3644 4747 Ostendit
3674 4694 3764 4749 ha-

2175 4792 2298 4831 rum
2343 4778 2585 4833 omnium
2630 4778 2935 4846 civitatum,
2979 4780 3093 4835 sive
3127 4782 3368 4852 gentium
3394 4783 3501 4841 diis
3528 4787 3763 4843 servisse
3792 4762 3802 4771 ι

2177 4867 2499 4935 Samaritas,
2547 4876 2603 4925 et
2641 4871 2768 4941 quia
2806 4886 2915 4925 non
2936 4880 3094 4926 erant
3114 4872 3213 4940 dii,
3243 4874 3338 4929 sed
3369 4875 3533 4942 idola,
3566 4879 3763 4935 merito

2178 4961 2416 5020 cultores
2445 4961 2726 5030 vanitatis,
2759 4972 2818 5019 ut
2842 4964 3071 5020 decebat
3094 4978 3218 5021 esse
3242 4976 3272 5017 ι)
3294 4968 3626 5026 submersos.
3664 4970 3762 5027 Est

2178 5061 2361 5113 autem
2405 5053 2602 5110 Ematit
2631 5054 2766 5111 urbs
2793 5054 3104 5127 Ceiesyrise,
3135 5068 3258 5128 quae
3277 5073 3422 5115 nunc
3454 5059 3759 5133 Epiphania

2258 5215 2276 5285 ᾖ
2301 5214 2385 5285 An
2411 5230 2588 5285 speras
2613 5215 2666 5269 in
2689 5214 2895 5281 baculo,
2926 5223 3035 5272 etc.

2253 5281 2283 5394 ᾖ
2309 5281 2475 5350 Quasi
2499 5285 2770 5410 agitandi
2796 5286 2994 5368 ignaui.
3222 5355 3233 5368 ν
3278 5354 3290 5368 .

2316 5356 2465 5410 Vers.
2576 5396 2589 5409 .
2624 5355 2880 5410 Nunquid
2919 5372 3031 5410 sine
3076 5355 3290 5410 Domini

2253 5354 2283 5465 ll:
2624 5354 3031 5469 Nunquidsine
3076 5354 3291 5411 Domini
3323 5356 3606 5426 voluntate,
3646 5364 3756 5417 etc.

2252 5497 2460 5580 in.qu
2483 5497 2577 5580 i5:
2652 5568 2663 5580 .

2253 5567 2580 5637 “Vulgatai
2652 5565 3177 5625 ':Urinantsurn.

2257 5645 2282 5673 ο
2314 5575 2885 5720 ῌδξιριῃιεᾝζῢαιὲιε
2913 5658 2927 5694 :
2956 5637 3338 5708 subsequentia
3356 5640 3581 5720 .prfebet
3609 5640 3761 5700 Beda

2180 5716 2372 5781 quaest.
2398 5707 2487 5771 24,
2522 5708 2575 5761 in
2602 5709 2768 5767 libros
2794 5710 3022 5784 Regum,
3053 5720 3109 5766 et
3138 5707 3329 5767 rursus
3355 5707 3637 5769 Rabanns.

2255 5789 2283 5830 ιδ
2311 5778 2623 5833 Sithonas.
