4056 6350
523 339 620 416 7st

1594 359 1869 416 CLAUDII
1909 358 2372 419 TAURINENSIS
2410 361 2715 418 EPISCOPI

3688 371 3834 428 79$

513 472 710 527 'dacter
740 469 1031 526 Dominum
1071 470 1412 541 deprecatus,
1459 480 1515 526 et
1549 472 1722 527 solum
1753 471 1934 528 Deum
1955 489 2104 531 asse-
2130 478 2182 539 Α
2205 483 2267 530 ut
2305 474 2492 539 colles,
2531 474 2608 546 (id
2633 482 2716 530 est
2743 475 3041 547 principes)
3071 475 3163 546 qui
3202 475 3344 533 inter
3366 493 3425 534 se
3451 483 3814 553 pugnabant,

518 562 593 616 rit
623 576 745 616 esse
769 561 1063 627 viventem,
1099 577 1198 632 per
1227 578 1389 633 quem
1421 563 1562 619 idola
1593 564 1942 637 intelligimus
1969 566 2107 622 ima-

519 651 672 724 gines
697 659 1063 707 mortuorum.
1712 672 1713 676 ‘

506 762 508 764 ·
538 737 547 748 ”
571 742 736 808 ,Misit
765 741 921 813 (vers.
944 741 1040 815 20)
1069 751 1249 800 autem
1281 745 1452 803 Isaias
1469 749 1535 802 ad
1555 748 1844 806 Ezechiam
1869 751 2060 807 dicens
2086 763 2103 804 :

449 817 451 819 1
517 835 649 892 Hinc
679 837 806 891 dicit
834 837 1091 892 Dominus
1122 837 1265 893 Deus
1306 838 1515 895 Israel:
1543 835 1674 907 Qua:
1702 839 2009 915 deprecatus
2050 863 2104 902 es

514 945 600 983 me
630 946 788 1000 super
813 928 1168 984 Sennacherib
1209 947 1324 1002 rege
1364 934 1732 1003 Assyriorum,
1764 936 1962 992 audivi.
1994 937 2104 993 Iste

516 1029 592 1073 est
621 1035 814 1085 sermo,
863 1037 1016 1091 quem
1051 1020 1257 1076 locutus
1303 1031 1378 1077 est
1418 1024 1675 1080 Dominus
1698 1026 1761 1080 de
1789 1044 1848 1082 eo
1870 1041 1889 1080 :
1912 1030 2102 1098 sprevit

516 1119 587 1176 te,
639 1119 687 1164 et
727 1112 1064 1168 subsannavit
1107 1124 1176 1180 te,
1220 1115 1363 1185 virgo
1403 1115 1519 1184 ﬁlia
1562 1115 1732 1171 Sion:
1757 1128 1870 1188 post
1901 1127 2101 1191 tergum

515 1213 668 1257 tuum
714 1215 871 1276 caput
914 1207 1092 1272 movit,
1136 1205 1250 1276 ﬁlia
1299 1206 1654 1265 Hierusalem.
1695 1219 1720 1246 ⁸
1766 1230 1783 1262 ι
1813 1211 1949 1279 Quia
1990 1220 2099 1268 tam

515 1295 776 1351 audacter
816 1297 1080 1354 Ezechias
1125 1299 1413 1355 Dominum
1470 1302 1794 1373 deprecatus
1841 1313 1942 1369 est,
1995 1321 2097 1361 nec

514 1387 669 1441 misit
717 1389 785 1443 ad
831 1389 1049 1456 Isaiam,
1088 1398 1148 1445 ut
1176 1392 1331 1462 prius
1371 1393 1616 1460 miserat,
1659 1411 1766 1451 non
1811 1395 1925 1466 ipse
1969 1413 2098 1466 pro-

510 1479 676 1549 pheta
699 1483 872 1553 pergit
898 1484 966 1539 ad
987 1499 1132 1550 eum,
1163 1486 1259 1541 sed
1287 1486 1455 1542 mittit
1481 1489 1726 1554 nuntios,
1752 1491 1843 1560 qui
1867 1491 1917 1545 ei
1950 1491 2096 1546 dice-

513 1578 637 1624 rent
680 1572 901 1627 verbum
936 1573 1034 1628 Dei
1077 1591 1240 1645 super
1275 1575 1648 1635 Sennacherib
1696 1589 1885 1635 contra
1937 1595 2097 1651 quem

512 1678 693 1734 rogas,
747 1665 961 1722 Domini
994 1667 1097 1722 ista
1148 1671 1418 1726 sententia
1452 1681 1556 1728 est.
1610 1671 1768 1745 Virgo
1796 1673 1908 1744 ﬁlia
1944 1674 2095 1743 Sion,

509 1764 559 1808 et
589 1756 704 1826 ﬁlia
734 1756 1088 1827 Hierusalem,
1145 1779 1265 1833 quae
1313 1764 1434 1819 ideo
1478 1767 1630 1837 virgo
1679 1767 1998 1838 appellatur,
2041 1778 2098 1826 et

2204 575 2260 635 et
2303 567 2552 624 civitates
2597 569 2971 624 munitissimae
3019 585 3108 625 me
3162 573 3518 630 contrahente
3561 593 3816 633 manum

2204 662 2414 727 meam,’
2445 675 2547 715 nec
2586 659 2802 716 solitum
2848 660 3107 715 auxilium
3139 663 3417 732 praebente
3442 666 3818 724 eradicaren—

2203 761 2315 820 tur,
2343 761 2398 809 et
2425 752 2936 819 contremiscerent,
2989 768 3054 808 ac
3096 754 3356 825 perirent,
3409 767 3464 811 et
3506 773 3818 830 compara-

2203 853 2394 902 rentur
2419 861 2525 900 non
2553 845 2727 911 olivae,
2751 852 2806 898 et
2836 844 3020 908 vineae,
3056 843 3456 916 fructuosisque
3481 851 3812 920 arboribus,

2203 941 2298 996 sed
2325 940 2472 1006 feno,
2513 947 2568 996 et
2595 939 2845 1012 gramini,
2882 940 3173 1010 herbisque
3202 941 3498 1007 domatum,
3529 959 3648 1013 quae
3677 944 3818 999 fru-

2202 1035 2358 1104 gibus
2384 1033 2766 1104 imped-imenta
2799 1040 2943 1098 sunt,
2972 1039 3027 1087 et
3057 1041 3184 1092 ante
3226 1044 3586 1101 marcescunt,
3618 1050 3820 1107 quam

2200 1125 2269 1180 ad
2310 1125 2680 1180 maturitatem
2727 1123 3064 1194 perveniant.
3115 1121 3304 1194 Itaque
3350 1125 3665 1190 sessionem,
3751 1137 3822 1182 et

2200 1230 2502 1286 egressum,
2541 1221 2596 1269 et
2626 1213 2909 1269 introitum
2953 1222 3107 1268 tuum
3135 1222 3262 1268 ante
3296 1217 3540 1286 cognovi,
3561 1226 3618 1274 et
3638 1218 3820 1272 insa-

2200 1306 2366 1369 niam,
2397 1321 2503 1375 qua
2531 1313 2721 1360 contra
2753 1319 2839 1359 me
2865 1305 3300 1362 debacchaturus
3331 1323 3472 1375 eras,
3505 1312 3814 1381 prophetis

2182 1395 2621 1451 vaticinantibus
2650 1411 2771 1450 sum
2801 1395 3036 1462 locutus;
3071 1412 3170 1468 per
3199 1413 3336 1468 quos
3358 1397 3486 1453 olim
3512 1400 3814 1457 dicturum

2200 1501 2320 1544 esse
2350 1496 2401 1543 te
2429 1503 2709 1542 noveram.
2737 1473 2893 1558 (Isai.
2917 1503 3028 1553 xw,
3061 1487 3149 1560 M)
3181 1487 3248 1542 In
3273 1487 3459 1544 cretum
3501 1492 3812 1546 ascendam

2198 1595 2354 1647 super
2387 1578 2560 1632 sidera
2586 1577 2700 1632 ειείὶ
2719 1595 2911 1648 ponam
2931 1578 3175 1633 thronum
3210 1595 3402 1645 meum,
3427 1598 3613 1653 eraque
3636 1583 3812 1636 simi-

2198 1669 2262 1723 lis
2292 1669 2579 1724 Altissimo.
2622 1668 2808 1740 Itaque
2834 1669 2986 1725 furor
3014 1678 3160 1736 tuus,
3191 1677 3245 1726 et
3271 1673 3520 1743 superbia
3543 1683 3636 1728 tua
3664 1691 3812 1746 per-

2197 1763 2348 1817 venit
2378 1763 2434 1816 in
2476 1778 2637 1817 aures
2684 1777 2856 1830 meas,
2899 1773 2953 1820 et
2997 1780 3340 1836 nequaquam
3374 1776 3426 1822 te
3465 1766 3609 1822 ultra
3653 1785 3807 1839 por-

508 1845 640 1931 tilia,
670 1849 796 1918 quia
836 1867 902 1905 ex
933 1854 1144 1908 cunctis
1195 1857 1447 1926 gentibus
1493 1858 1784 1914 simulacra
1820 1860 2096 1916 adoranti—
2123 1839 2170 1904 Β
2201 1857 2347 1924 tabo,
2373 1865 2432 1911 ut
2461 1857 2730 1928 intelligas
2751 1859 2895 1928 quod
2921 1859 3164 1929 potuisti,
3199 1875 3307 1914 non
3335 1861 3440 1916 tuis
3464 1862 3710 1931 potuisse
3743 1873 3807 1919 te
3881 1915 3884 1919 .

508 1924 629 2005 bus,
662 1941 778 1996 haec
805 1943 920 1998 sola
960 1955 1251 2000 conservat
1289 1949 1598 2005 castitatem
1648 1951 1925 2024 religionis
1973 1955 2092 2022 Dei,

504 2038 564 2084 et
613 2033 775 2088 unius
829 2035 1130 2092 divinitatis
1180 2038 1404 2094 cultum.
1456 2039 1807 2098 Subsannavit
1851 2053 1900 2098 te
1939 2055 2096 2118 atque

503 2122 759 2194 despexit.
784 2125 854 2179 Et
880 2141 1022 2197 quae,
1047 2144 1118 2184 ne
1139 2139 1192 2184 te
1213 2132 1282 2186 ad
1310 2130 1547 2200 majores
1577 2133 1943 2204 blasphemias
1965 2153 2095 2194 con-

505 2215 724 2281 citaret,
754 2219 1000 2288 prwsenti
1026 2236 1134 2274 non
1171 2223 1550 2292 respondebat.
1581 2224 1729 2293 Post,
1761 2236 1810 2282 te
1836 2229 2090 2297 abeunte,

503 2307 726 2361 movebit
777 2319 935 2380 caput
983 2327 1160 2366 suum.
1215 2312 1376 2369 Certa
1423 2317 1490 2371 de
1531 2317 1756 2385 ultione,
1803 2335 1996 2376 secura
2026 2322 2092 2377 de

504 2411 692 2465 paena,
723 2407 778 2454 et
801 2400 916 2458 haec
942 2401 1156 2460 locutus
1208 2414 1290 2462 est
1317 2425 1330 2460 :
1356 2423 1464 2462 non
1487 2418 1679 2464 contra
1713 2417 1818 2477 me,
1849 2413 1944 2468 sed
1970 2429 2094 2468 con-

504 2495 588 2543 tra
628 2489 915 2549 Dominum
963 2499 1271 2566 superbisti,
1322 2517 1424 2557 nec
1468 2503 1583 2574 ipse
1628 2519 1726 2573 per
1763 2514 1838 2572 te,
1870 2507 1964 2562 sed
1994 2523 2094 2578 per

500 2596 690 2637 servos
735 2592 895 2652 tuos,
946 2596 1006 2642 ut
1047 2588 1224 2660 major
1273 2601 1421 2647 esset
1469 2597 1783 2667 arrogantia
1833 2597 2086 2669 blasphe-

497 2673 721 2729 mautis.
756 2675 784 2715 δ
811 2675 1011 2733 Dixisti
1038 2682 1176 2736 enim
1198 2683 1338 2753 quod
1375 2675 1447 2738 in‘
1465 2686 1847 2757 quadrigarum
1877 2698 2090 2745 tuarum

497 2766 839 2822 multitudine
891 2773 1192 2829 ascenderis
1236 2776 1292 2830 in
1345 2775 1679 2833 altitudinem
1727 2781 2006 2846 montium,
2041 2789 2088 2836 et

488 2855 626 2925 juga
651 2856 841 2914 Libani
879 2863 1084 2919 excelsa
1110 2868 1416 2923 succideris.
1445 2868 1651 2926 Cedros
1695 2879 1858 2941 atque
1883 2873 2091 2929 abietes

498 2945 663 3012 illius,
686 2964 806 3018 qua:
838 2953 924 3008 vel
951 2955 1020 3011 de
1046 2959 1256 3013 cunctis
1305 2961 1555 3028 gentibus
1601 2966 1974 3034 metaphoricc
2022 2967 2090 3024 de

470 3077 473 3082 .
501 3038 837 3109 principibus
885 3059 1076 3102 earum
1103 3048 1365 3107 debemus
1392 3053 1638 3124 accipere
1663 3076 1675 3109 :
1710 3056 1794 3110 vel
1824 3055 2087 3114 Hierusa-

496 3127 625 3196 lem,
643 3147 763 3202 qua:
787 3135 1178 3208 interpretatur
1189 3141 1454 3210 Libanus;
1477 3155 1537 3201 ut
1558 3148 1750 3204 cedrus
1769 3148 1905 3218 ejus,
1924 3159 2086 3221 atque

492 3220 704 3280 abietes
747 3228 814 3282 ad
852 3239 1103 3298 potentes
1144 3250 1380 3306 quoque,
1413 3248 1469 3294 et
1495 3241 1808 3310 optimates,
1843 3220 2085 3300 altitudi-

493 3331 621 3371 nem
657 3335 790 3375 vero
818 3327 1163 3384 summitates
1208 3330 1372 3395 illius,
1405 3333 1712 3404 saltumque
1737 3335 1972 3393 Carmeli
2000 3355 2087 3395 re-

493 3404 734 3465 feramus
756 3415 825 3467 ad
845 3416 1124 3486 templum.
1143 3419 1404 3491 Quodque
1423 3423 1613 3478 infert:
1632 3425 1745 3496 Ego
1767 3427 1902 3495 fodi,
1917 3436 1966 3481 et
1979 3428 2084 3483 bibi

494 3513 709 3567 aquam,
742 3511 790 3554 et
819 3506 1077 3561 exsiccavi
1105 3511 1317 3581 vestigio
1352 3514 1497 3583 pedis
1545 3518 1668 3582 mei,
1715 3535 1888 3572 omnes
1948 3521 2084 3575 rivos

494 3605 744 3659 oggerunt
765 3609 784 3648 :
812 3594 926 3651 Hoc
954 3599 1178 3674 intelligi
1209 3612 1388 3674 potest
1413 3603 1572 3674 juxta
1603 3609 1911 3677 historiam,
1940 3614 2085 3682 quod

492 3695 593 3749 pro
638 3685 980 3746 multitudine
1018 3695 1298 3752 exercitus
1326 3700 1510 3754 omnia
1537 3699 1738 3757 ﬂuenta
1772 3703 2080 3772 siccaverit,

492 3782 552 3826 ut
594 3785 786 3844 puteos
813 3781 919 3836 sibi
946 3781 1135 3840 fodere
1182 3788 1255 3842 sit
1294 3793 1646 3863 compulsus:
1666 3793 1823 3864 juxta
1850 3799 2084 3853 transla-

489 3865 732 3932 tionem,
784 3873 930 3940 quod
965 3890 1156 3933 omnes
1201 3881 1462 3950 populos,
1517 3885 1612 3955 qui
1665 3887 1766 3941 sub
1817 3904 2080 3959 aquarum

488 3958 710 4013 nomine
763 3961 1036 4022 interdum
1087 3971 1430 4031 scribuntur.
1483 3990 1584 4031 suo
1638 3958 1884 4036 vastaret
1920 3995 2080 4037 exer-

484 4049 620 4104 citu.

562 4141 746 4238 (l’ers.
775 4149 890 4220 25.)
934 4170 952 4202 (
983 4153 1242 4226 Nunquid
1284 4176 1389 4215 non
1414 4163 1610 4217 audisti
1636 4181 1754 4235 qua:
1793 4166 1917 4221 olim
1944 4169 2079 4238 fece-

485 4234 587 4287 rim
607 4235 633 4288 .9
659 4253 724 4291 ea:
764 4239 945 4297 diebus
986 4247 1219 4316 antiquis
1252 4267 1346 4320 ego
1375 4234 1825 4323 plasmaviiillud,
1857 4268 1905 4313 et
1939 4234 2077 4316 nunc

483 4331 730 4386 adduxi:
773 4347 1026 4410 eruntque
1063 4343 1122 4396 in
1148 4343 1466 4414 columnam,
1492 4348 1705 4404 collium
1729 4355 2076 4423 pugnantium

481 4423 718 4492 civitates
744 4431 984 4485 munitas.
1011 4431 1082 4486 Et
1110 4436 1201 4505 qui
1229 4437 1408 4491 sedent
1439 4438 1494 4493 in
1519 4440 1614 4506 eis,
1642 4441 1865 4497 humiles
1891 4461 2071 4514 manu,

483 4525 932 4588 contremuerunt,
977 4533 1024 4577 et
1065 4526 1272 4594 confusi
1301 4539 1421 4583 sunt
1449 4533 1602 4600 quasi
1643 4532 1823 4602 fenum
1850 4537 1986 4605 agri,
2025 4547 2074 4592 et
2097 4563 2152 4623 D

479 4607 653 4664 virens
680 4611 839 4668 herba
877 4624 1153 4686 tectorum,
1181 4637 1301 4692 qua:
1347 4626 1583 4693 arelacta
1627 4636 1737 4692 est,
1789 4639 2071 4701 antequam

481 4703 676 4757 veniret
706 4706 777 4760 ad
808 4711 1182 4766 maturitatem.
1228 4713 1608 4772 Habitaculum
1633 4729 1803 4786 tuum,
1831 4732 1879 4775 et
1900 4739 2071 4793 egres-

479 4810 598 4848 sum
627 4805 798 4864 tuum,
828 4811 876 4854 et
902 4804 1174 4860 introitum
1195 4817 1365 4885 tuum,
1395 4819 1442 4863 et
1477 4812 1616 4866 viam
1643 4822 1790 4868 tuam
1820 4833 1913 4887 ego
1932 4835 2069 4887 pra:-

477 4886 622 4950 scivi,
651 4897 700 4942 et
729 4890 963 4958 furorem
998 4905 1147 4952 tuum
1179 4909 1367 4954 contra
1397 4919 1496 4967 me,
1527 4904 1774 4960 insanisti
1804 4907 1858 4962 in
1888 4926 1986 4974 me,
2017 4920 2069 4965 et

476 4979 721 5046 superbia
743 4990 835 5036 tua
857 4989 1091 5043 ascendit
1116 4991 1174 5044 in
1205 5009 1360 5048 aures
1391 5012 1554 5052 meas.

554 5085 573 5118 ‹
603 5067 728 5125 Haec
766 5087 833 5128 ex
860 5090 1092 5144 persona
1143 5082 1362 5139 Domini
1407 5095 1596 5141 contra
1640 5088 1805 5143 verba
1849 5090 2061 5162 Assyrii

475 5159 758 5216 sentienda
807 5176 952 5233 sunt,
999 5173 1144 5240 quod
1180 5175 1248 5228 ad
1278 5175 1671 5247 blasphemiam
1703 5182 1820 5251 ejus
1858 5183 1937 5237 sic
1959 5159 2059 5237 ire-

473 5254 754 5322 sponderit
800 5259 1082 5320 Dominus.
1124 5267 1264 5322 Num
1298 5270 1540 5341 ignoras,
1588 5275 1732 5343 quod
1775 5275 1906 5340 lucc,
1941 5291 2062 5345 quae

474 5345 672 5414 fecisti,
721 5367 843 5408 mea
898 5355 1095 5414 feceris
1135 5363 1433 5433 voluntate,
1478 5376 1534 5424 et
1585 5385 1685 5440 ego
1722 5372 1838 5426 hmc
1877 5371 2059 5426 futura

471 5442 839 5512 prredixerim,
873 5463 937 5504 ac
962 5466 1062 5519 per
1085 5462 1137 5508 te
1158 5453 1405 5513 facienda
1435 5461 1809 5518 mandaverim
1828 5465 1850 5518 ?
1870 5463 2060 5535 Itaque

469 5538 612 5605 quod
637 5537 765 5595 olim
795 5539 1159 5612 decreveram,
1215 5549 1317 5605 hoc
1359 5561 1444 5606 est
1480 5553 1751 5623 expletum
1791 5565 2054 5627 tempore,

541 5662 566 5726 ξι
600 5649 998 5726 §ubsequentia
1029 5659 1144 5716 fere
1173 5660 1332 5718 docet
1365 5665 1530 5720 etiam
1559 5667 1835 5726 Rabanus.
2003 5657 2008 5665 ’

543 5721 567 5802 ξ
600 5722 753 5802 γεγε.
902 5730 992 5784 sed
1023 5731 1131 5796 hic,
1168 5742 1221 5786 et
1241 5734 1498 5802 deinceps
1527 5721 1784 5796 nonnihil
1792 5721 2056 5801 differens

471 5805 499 5842 a
525 5790 753 5870 Vulgata
786 5790 1160 5870 interpretatio
1184 5790 1529 5870 proponit-ur.

548 5873 569 5900 ο
606 5864 750 5921 Edit.
782 5864 1084 5937 fructuosw,
1115 5864 1209 5926 sed
1234 5864 1538 5942 perperam.

2198 1949 2425 2015 viribus,
2459 1949 2553 2004 sed
2581 1966 2702 2005 meo
2742 1951 2991 2005 arbitrio.
3017 1950 3383 2030 'Merebagntur
3422 1953 3566 2008 enim
3604 1955 3807 2025 impia:

2195 2049 2406 2112 gentes,
2457 2051 2514 2096 et
2560 2051 2582 2080 ε
2628 2040 2980 2099 infructuosae
3025 2044 3266 2111 arbores,
3314 2054 3376 2100 ut
3419 2063 3515 2117 per
3543 2056 3597 2102 te
3628 2049 3802 2119 quasi

2196 2131 2454 2200 securim,
2503 2141 2559 2188 et
2597 2148 2806 2189 serram
2842 2151 3022 2192 meam
3069 2137 3478 2194 sueciderentur
3517 2149 3572 2196 et
3623 2143 3803 2199 cade-

2197 2229 2338 2277 rent.

2267 2310 2447 2385 (Vers.
2463 2313 2580 2386 28.)
2603 2313 2840 2370 (Ponam
2862 2317 3040 2389 itaque
3060 2317 3317 2373 circulum
3339 2319 3394 2374 in
3415 2322 3631 2376 naribus
3655 2324 3798 2391 tuis,

2194 2415 2242 2461 et
2274 2424 2481 2462 camum
2503 2409 2559 2463 in
2586 2394 2740 2465 labiis
2763 2412 2887 2476 tuis,
2925 2419 2987 2467 ut
3007 2412 3500 2506 blasphemantium
3528 2432 3625 2471 ora
3663 2433 3802 2475 con-

2194 2498 2483 2571 stringam,
2532 2509 2588 2556 et
2616 2517 2958 2574 nequaquam
3008 2498 3152 2562 ultra
3192 2507 3328 2564 talia
3366 2508 3513 2579 loqui
3555 2511 3794 2579 audeas,

2194 2590 2514 2663 frenumque
2557 2593 2796 2662 injiciam
2831 2597 2992 2653 labiis
3018 2599 3145 2666 tuis,
3172 2601 3318 2671 quod
3343 2609 3488 2656 tuam
3519 2602 3796 2660 ferociam

2195 2683 2400 2751 domet,
2433 2694 2488 2740 et
2519 2694 2572 2742 te
2601 2689 2826 2744 reducat
2854 2690 2908 2744 in
2933 2689 3204 2763 Assyrios.

2271 2796 2288 2828 ι
2305 2777 2418 2832 Tibi
2443 2789 2618 2834 autem
2641 2780 2915 2854 (Ezechia)
2933 2783 3029 2838 hoc
3050 2786 3147 2839 erit
3168 2786 3396 2856 signum.
3435 2787 3664 2842 Comede
3686 2790 3793 2844 hoc

2193 2887 2332 2924 anno
2359 2887 2477 2941 qua:
2521 2874 2793 2943 repereris,
2835 2883 2882 2928 et
2922 2875 2978 2929 in
3020 2894 3157 2932 anno
3186 2879 3414 2934 secundo
3447 2877 3572 2951 'qute
3597 2890 3793 2951 sponte

2194 2969 2501 3014 nascuntur.
2544 2961 2716 3018 Porro
2741 2965 2798 3018 in
2828 2981 2966 3020 anno
2996 2967 3147 3021 tertio
3183 2970 3457 3036 seminate,
3489 2981 3538 3025 et
3567 2973 3748 3026 metite
3767 2985 3789 3022 :

2191 3053 2423 3124 plantate
2453 3057 2648 3122 vineas,
2681 3068 2728 3112 et
2759 3061 3010 3116 comedite
3027 3062 3263 3131 fructum
3287 3082 3488 3120 earum.

2269 3165 2287 3199 ‹
2317 3146 2509 3204 Omnia
2553 3149 2668 3206 haec
2709 3150 2978 3222 Pr0pheta
3005 3169 3102 3224 per
3128 3156 3346 3212 nuntios
3385 3159 3453 3213 ad
3488 3159 3790 3220 Ezechiam

2191 3240 2452 3311 loquitur,
2479 3243 2609 3312 quid
2634 3243 3002 3302 Sennacherib
3034 3248 3252 3314 dixerit,
3283 3250 3412 3319 quid
3437 3252 3487 3306 ei
3517 3252 3790 3312 Dominus

2189 3335 2534 3404 responderit
2563 3351 2576 3390 :
2610 3351 2718 3391 non
2748 3337 2815 3391 ad
2845 3337 3021 3408 ipsum
3051 3355 3360 3397 sermonem
3389 3342 3540 3407 facit,
3575 3361 3646 3400 ne
3673 3344 3787 3402 for—

2187 3425 2329 3480 sitan
2357 3426 2565 3482 dubitet
2607 3437 2858 3496 ventura,
2908 3446 3029 3501 quas
3075 3432 3218 3488 dicta
3267 3443 3412 3491 sunt.
3460 3437 3527 3492 Et
3571 3438 3783 3496 idcirco

2187 3519 2262 3573 illi
2294 3521 2534 3577 maxime
2565 3524 2842 3593 propheta:
2867 3526 3007 3595 apud
3033 3527 3289 3597 populum
3321 3545 3638 3586 sermonum
3661 3548 3785 3590 suo-

2186 3627 2307 3665 rum
2353 3612 2624 3668 habebant
2672 3614 2865 3687 tidem,
2906 3617 3033 3685 quia
3074 3634 3183 3674 non
3210 3620 3384 3675 solum
3419 3622 3486 3677 de
3511 3611 3619 3688 his,
3659 3639 3784 3694 qua:

2184 3701 2354 3756 multa
2388 3713 2513 3773 post
2546 3705 2744 3760 Stecula
2789 3706 2969 3762 futura
3015 3717 3191 3776 erant,
3240 3711 3336 3766 sed
3381 3713 3550 3767 etiam
3575 3730 3701 3784 quae
3724 3717 3781 3771 in

2159 3793 2502 3859 continenti,
2549 3805 2772 3874 etpost
2818 3813 2928 3853 non
2975 3801 3176 3871 grande
3223 3805 3484 3873 temporis
3536 3807 3781 3877 spatium

2181 3895 2365 3941 essent
2398 3887 2692 3958 implenda,
2739 3892 3137 3959 memorabant,
3184 3902 3239 3949 et
3269 3896 3411 3965 quod
3441 3897 3586 3951 intra
3622 3898 3780 3953 bien-

2181 3977 2354 4043 nium,
2383 3987 2438 4034 et
2475 3996 2570 4034 rex
2593 3981 2940 4054 Assyriorum
2964 3986 3236 4055 interiret,
3266 3997 3322 4043 et
3360 3991 3480 4045 urbi
3515 3991 3780 4048 Hierusa-

2179 4071 2287 4125 lem
2324 4074 2588 4131 securitas
2615 4077 2966 4144 redderetur;
3012 4080 3110 4134 hoc
3145 4082 3265 4147 erit,
3313 4082 3508 4152 inquit,
3560 4085 3773 4154 signum

2177 4177 2381 4229 eorum,
2422 4181 2540 4234 qua:
2582 4164 2765 4234 futura
2807 4170 3121 4238 pronuntio,
3175 4172 3319 4241 quod
3370 4173 3474 4228 hoc
3521 4189 3669 4229 anno
3710 4191 3776 4231 ea

2177 4252 2430 4308 comedas
2463 4270 2584 4323 quae
2611 4259 2877 4326 repereris
2909 4278 2921 4312 :
2957 4275 3098 4315 anno
3143 4271 3322 4317 autem
3365 4266 3604 4319 secundo
3643 4281 3773 4336 qua:

2143 4406 2146 4408 ,
2177 4353 2367 4414 sponte
2396 4356 2696 4403 nascuntur
2724 4365 2736 4401 :
2771 4349 2825 4404 in
2849 4366 2992 4406 anno
3021 4360 3202 4408 autem
3236 4355 3413 4418 tertio,
3440 4355 3632 4426 fugato
3653 4357 3772 4425 jam

2174 4437 2419 4510 Assyrio,
2463 4449 2518 4496 et
2574 4442 2855 4499 obsidione
2908 4445 3108 4513 laxata,
3156 4448 3405 4504 seminate
3457 4461 3506 4503 et
3561 4454 3770 4507 metite:

2176 4531 2409 4602 plantate
2436 4534 2630 4600 vineas,
2665 4545 2711 4589 et
2741 4536 2944 4606 fructus
2971 4555 3155 4594 earum
3177 4541 3447 4596 comedite.
3484 4542 3769 4615 Siquidem

2176 4623 2202 4662 ἀ
2234 4626 2381 4680 urbis
2415 4627 2578 4697 hujus
2605 4629 2867 4700 reliquiae,
2903 4648 3022 4701 quae
3068 4650 3211 4689 nunc
3261 4637 3444 4692 hostili
3488 4638 3769 4696 vallantur

2175 4718 2440 4782 exercitu,
2471 4728 2527 4774 et
2550 4735 2810 4776 evasuras
2841 4739 2962 4778 esse
3004 4740 3111 4780 non
3142 4727 3388 4792 credunt,
3430 4737 3645 4786 tantam
3683 4748 3766 4789 re-

2174 4808 2375 4878 cipient
2402 4826 2585 4865 rerum
2619 4813 2859 4867 omnium
2901 4815 3288 4873 abundantiam
3329 4833 3393 4873 ac
3417 4817 3762 4891 felicitatem,

2174 4909 2233 4956 ut
2263 4902 2432 4957 instar
2458 4903 2668 4967 arboais
2697 4905 2806 4961 alta
2835 4908 3016 4964 radice
3046 4908 3302 4980 fundatae,
3336 4915 3516 4983 pomis
3551 4916 3763 4976 densis-

2173 4991 2328 5046 simis
2363 4993 2709 5063 impleantur.

2249 5106 2271 5132 ο
2303 5093 2402 5148 «Et
2438 5095 2783 5167 quodcunque
2822 5099 3080 5172 reliquum
3107 5101 3265 5171 fuerit
3296 5103 3360 5157 de
3395 5104 3553 5159 domo
3587 5107 3756 5176 Juda,

2171 5185 2333 5239 mittet
2383 5187 2612 5241 radicem
2651 5189 2916 5255 deorsum,
2967 5201 3014 5245 et
3049 5192 3204 5261 faciet
3244 5194 3477 5263 fructum
3520 5215 3753 5253 sursum.

2169 5277 2308 5345 Quid
2339 5280 2440 5334 hoc
2468 5280 2588 5336 loco
2616 5283 2859 5337 radicum
2891 5285 3131 5352 nomine,
3157 5288 3263 5343 nisi
3292 5290 3525 5347 latentes
3548 5293 3758 5363 cogita-

2170 5371 2344 5426 tiones
2387 5373 2702 5442 accipimus,
2749 5390 2869 5444 qua‘.
2900 5377 2953 5430 in
2981 5371 3194 5433 oc'culto
3232 5383 3520 5451 prodeunt,
3563 5385 3660 5440 sed
3699 5385 3753 5442 in

2165 5467 2531 5522 ostentatione
2570 5469 2750 5537 operis
2783 5484 2878 5538 per
2907 5481 3150 5540 apertum
3185 5479 3450 5546 surgunt?
3486 5477 3752 5534 Radicem

2164 5573 2292 5628 ergo
2347 5558 2601 5614 deorsum
2647 5560 2880 5626 mittere,
2921 5571 3004 5616 est
3038 5565 3421 5635 cogitationem
3462 5569 3661 5625 bonam
3692 5571 3749 5626 in

2229 5669 2254 5708 d
2283 5667 2471 5743 Parva?
2488 5671 2650 5743 urbis
2676 5671 2928 5743 reliquitr.
3078 5731 3080 5733 ,

2233 5755 2255 5780 ε
2301 5742 2455 5822 Vers.
2486 5740 2575 5794 50.
2611 5740 2883 5822 Hactenus
2918 5745 3366 5822 etimn‘liabanus
3410 5768 3421 5802 :
3452 5750 3742 5822 desumpta

2155 5821 2280 5892 sunt
2312 5813 2696 5892 subsequentia
2725 5828 2793 5867 ex
2825 5814 3060 5892 Pateri‘o,
3093 5817 3335 5892 ideoque
3351 5813 3739 5892 exiGregoziq.

2157 5883 2288 5940 Vide
2312 5899 2368 5938 n.
2401 5884 2490 5952 8|,
2529 5883 2661 5943 alias
2687 5892 2849 5954 caput
2874 5885 2964 5956 48,
2995 5885 3120 5946 libri
3155 5883 3253 5946 vui
3284 5883 3592 5949 Moralium".
