4056 6350
274 351 390 410 795

943 347 1404 420 ΩΗᾹΞΞΤΙΟΝΕΞ
1440 347 1592 406 XXX
1639 349 1833 408 SUPEI

1937 349 2158 409 .IBROS
2195 349 2459 410 REGUM.
2496 382 2570 394 —
2600 351 2802 410 LIBER
2836 352 2927 412 IV.

3440 359 3548 420 794

272 468 481 528 abditis
522 464 907 538 multiplicare,
950 464 1183 521 fructum
1232 447 1606 523 vero-sursum
1653 467 1854 534 facere,
1883 471 1940 534 Α
2033 469 2210 542 (Vers.
2237 471 2352 544 55.)
2392 471 2621 547 Cumque
2660 472 2897 529 diluculo
2917 478 3253 547 surrexisset,
3279 480 3408 536 uidit
3433 499 3549 539 om-

269 573 364 624 est
391 560 628 620 efﬁcacia
677 559 856 631 operis
897 565 1064 624 recta,
1096 573 1216 628 quae
1237 558 1516 630 cogitavit,
1549 559 1854 614 ostendere.

270 658 444 715 Mittit
483 671 603 728 ergo
639 653 871 708 radicem
898 651 1162 716 deorsum,
1193 658 1249 704 ut
1284 649 1447 721 faciat
1480 649 1710 720 fructum
1737 666 1858 703 sur-

266 770 410 808 sum.
433 750 512 806 Ac
535 749 583 804 si
615 755 798 818 aperte
826 747 1099 802 diceretur
1123 763 1137 798 :
1165 745 1221 799 in
1249 744 1374 799 imis
1399 742 1658 813 cogitatio
1682 742 1855 799 nasci-

264 853 381 910 tur,
414 842 551 897 utin
580 839 806 897 summis
829 837 1111 892 retributio
1140 836 1417 891 reddatur.

342 950 370 978 ιι
401 937 508 990 «De
537 932 872 989 Hierusalem
896 934 1058 1000 enim,
1082 943 1130 989 et
1157 933 1222 988 de
1242 942 1415 988 monte
1442 931 1573 989 Sion
1593 933 1854 1006 egredien-

259 1038 356 1082 tur
385 1027 643 1099 reliquiis,
673 1035 728 1082 et
753 1009 1053 1096 implebuht
1083 1034 1287 1080 terram
1313 1024 1573 1093 Judaeam,
1607 1042 1717 1082 non
1755 1041 1854 1082 suo

257 1119 487 1184 merito,
533 1119 626 1175 sed
659 1117 754 1173 Dei
801 1115 1199 1182 misericordia,
1251 1116 1362 1172 imo
1407 1118 1525 1174 zelo
1565 1117 1709 1188 quod
1759 1116 1854 1174 ad-

257 1225 457 1264 versus
498 1210 692 1284 impios
725 1209 930 1264 zelatus
955 1216 1040 1264 est
1062 1207 1319 1279 populum
1349 1226 1526 1265 suum.
1559 1209 1713 1276 Quod
1748 1224 1849 1264 au-

258 1312 375 1358 tem
404 1301 472 1356 ad
495 1309 794 1357 extremum
839 1299 1046 1355 infert:
1083 1299 1261 1372 (Vers.
1292 1300 1384 1373 54)
1439 1298 1721 1373 Protegam
1763 1319 1850 1356 ur-

258 1395 379 1450 bem
415 1394 572 1460 hanc,
595 1404 642 1449 et
669 1393 879 1448 salvabo
908 1411 1023 1448 eam
1045 1404 1256 1465 propter
1281 1410 1384 1461 me,
1415 1403 1464 1448 et
1487 1405 1699 1466 propter
1731 1395 1846 1450 Da-

255 1487 346 1542 uid
369 1502 576 1540 seruum
614 1499 827 1540 meum:
851 1485 980 1540 illud
1020 1484 1311 1554 signiﬁcat,
1341 1486 1485 1556 quod
1513 1502 1620 1541 non
1650 1487 1846 1543 merito

256 1591 384 1640 suo,
436 1575 531 1632 sed
582 1575 678 1630 Dei
725 1575 1015 1631 clementia
1059 1584 1470 1643 conserventur,
1529 1577 1639 1632 imo
1674 1578 1845 1649 patris

254 1681 450 1722 eorum
476 1665 644 1720 David
673 1666 956 1733 memoria,
991 1665 1047 1721 in
1078 1682 1185 1736 quo
1221 1661 1598 1735 admonentur,
1627 1668 1695 1724 'et
1731 1684 1842 1724 suae

252 1757 619 1830 negligentiae,
663 1766 718 1813 et
763 1758 908 1813 illius
952 1758 1100 1826 ﬁdei,
1145 1768 1309 1830 atque
1331 1751 1580 1828 iustitiae,
1611 1768 1666 1816 et
1693 1760 1839 1832 quod

1961 562 2048 616 nia
2087 579 2306 634 corpora
2350 575 2705 632 mortuorum,
2755 565 2774 605 ί
2816 576 2867 620 et
2913 566 3162 636 frendens
3210 573 3360 639 abiit,
3390 585 3438 629 et
3464 592 3551 631 re-

1957 668 2135 707 uersus
2191 662 2267 708 est
2315 653 2671 710 Sennacherib
2720 672 2812 710 rea:
2855 656 3217 730 Assyriorum,
3257 673 3306 717 et
3345 668 3552 722 mansit

1955 744 2012 798 in
2048 743 2259 798 Ninive.
2297 744 2530 817 Cumque
2581 747 2827 802 adoraret
2868 750 2927 804 in
2967 751 3155 822 templo
3205 755 3231 794 ⁸
3274 755 3546 812 Neesraclz

1959 835 2125 890 Deum
2168 853 2344 902 suum,
2369 837 2715 893 Adramelech
2762 850 2811 894 et
2841 839 3096 908 Sarasar,
3134 842 3236 913 ﬁlii
3263 844 3398 914 ejus,
3426 865 3548 917 per-

1953 937 2227 983 cusserunt
2300 945 2418 983 eum
2490 929 2672 1000 gladio
2733 944 2752 984 :
2813 931 3162 1006 fugeruntque
3221 936 3277 990 in
3345 946 3544 992 terram

1951 1020 2348 1089 Armeniorum,
2386 1032 2435 1077 et
2472 1025 2706 1096 regnavit
2737 1041 2833 1098 pro
2888 1044 2947 1082 eo
2987 1028 3016 1068 h
3054 1027 3359 1085 Asorathan
3395 1030 3542 1100 ﬁlius

1952 1112 2091 1184 ejus.

2028 1207 2046 1248 ί
2086 1224 2105 1256 ι
2125 1205 2269 1262 Cum
2300 1208 2445 1262 enim
2471 1223 2568 1264 rex
2596 1209 2702 1265 iste
2743 1225 2996 1267 reversus
3019 1219 3167 1269 esset
3187 1211 3415 1268 Niniven
3445 1230 3545 1268 ur-

1948 1296 2073 1352 bem
2125 1297 2139 1348 i
2179 1299 2361 1354 sedem
2404 1301 2558 1372 regni
2599 1301 2704 1368 sui,
2736 1309 2791 1357 et
2817 1303 3070 1359 adoraret
3110 1304 3164 1359 in
3196 1305 3397 1374 templo
3427 1304 3546 1360 Ne-

1948 1389 2111 1444 srach
2153 1387 2324 1443 Deum
2372 1405 2530 1445 suum
2558 1431 2574 1456 ,
2639 1391 2795 1461 quasi
2842 1393 3126 1449 victoriam
3175 1394 3242 1450 de
3289 1395 3547 1450 hostibus

1948 1488 2272 1550 reportaret,
2288 1489 2347 1536 et
2368 1481 2651 1538 delubrum
2678 1483 2806 1538 idoli
2835 1485 2916 1539 sui
2938 1484 3299 1556 triumphans,
3331 1497 3388 1541 et
3413 1503 3545 1557 gra-
3636 1514 3658 1524 τκ

1946 1570 2274 1628 tulabundus
2316 1573 2715 1645 ingrederetur,
2766 1584 3107 1646 contemptor
3155 1579 3271 1634 veri
3313 1579 3429 1644 Dei,
3476 1579 3533 1634 in

1945 1663 2072 1718 fano
2103 1663 2245 1733 (falsi
2287 1666 2526 1721 numinis
2576 1667 2899 1726 trucidatur.
2951 1668 3062 1724 Nec
3101 1670 3346 1741 angelico
3377 1670 3538 1740 periit

1945 1756 2148 1829 gladio,
2189 1758 2333 1827 quod
2361 1767 2480 1812 erat
2519 1775 2806 1815 commune
2837 1776 2960 1816 cum
2987 1761 3255 1830 pluribus,
3283 1761 3380 1816 sed
3409 1777 3535 1831 par-

253 1849 314 1906 in
354 1857 562 1904 tantum
591 1848 860 1920 justitiam
896 1850 1085 1921 diligat
1109 1851 1274 1920 Deus,
1305 1858 1367 1904 ut
1392 1851 1560 1907 etiam
1589 1861 1837 1920 posteros
1870 1864 1918 1924 Β
1947 1847 2143 1903 ricidio
2190 1848 2448 1914 ﬁliorum,
2483 1849 2578 1919 qui
2627 1849 2882 1922 fugerunt
2909 1849 2963 1904 in
3013 1859 3218 1906 terram
3261 1851 3537 1916 Ararath,

253 1949 574 1995 sanctorum
615 1940 896 2001 hominum
925 1955 1033 1995 non
1063 1955 1163 1996 suo
1191 1939 1408 2008 merito,
1441 1941 1538 1997 sed
1569 1941 1840 2013 majorum

253 2030 457 2087 virtute
480 2041 716 2088 tueatur.

256 2173 262 2178 ,.
324 2124 506 2196 (Vers.
547 2124 664 2197 55.)
716 2122 992 2192 (Factum
1027 2132 1102 2178 est
1131 2139 1253 2195 ergo
1279 2139 1336 2178 in
1368 2133 1516 2179 nocte
1545 2122 1662 2190 illa,
1703 2114 1841 2178 venit

247 2215 480 2288 Angelus
523 2214 759 2280 Domini,
814 2224 862 2268 et
909 2215 1164 2285 percussit
1212 2214 1242 2254 ι)
1274 2223 1450 2268 castra
1498 2214 1838 2285 Assyriorum

246 2318 454 2364 centum
493 2307 755 2377 octoginta
798 2306 1024 2377 quinque
1066 2304 1342 2362 millia.De
1387 2306 1492 2361 hoc
1525 2320 1740 2376 quoque
1777 2306 1834 2360 in

245 2399 695 2469 Paralipomenon
726 2398 968 2469 legitur:
1009 2397 1098 2470 (ιι
1133 2397 1267 2456 Par.
1319 2399 1410 2467 se,
1459 2398 1657 2470 21)Et
1695 2383 1842 2453 misi‘

247 2489 508 2544 Dominus
548 2488 823 2560 Angelum,
865 2489 954 2561 qui
979 2491 1235 2560 percussit
1283 2506 1488 2545 omnem
1536 2491 1708 2544 virum
1751 2481 1839 2544 re?

246 2583 476 2647 bustum,
522 2589 571 2636 et
607 2580 929 2647 bellatorem,
975 2590 1024 2635 et
1052 2580 1353 2654 'principem
1397 2585 1655 2638 exercitus
1699 2584 1834 2654 regis

245 2673 583 2743 Assyriorum
619 2687 952 2743 reversusque
979 2681 1055 2726 est
1085 2689 1204 2726 cum
1230 2673 1520 2744 ignominia
1553 2675 1608 2727 in
1634 2682 1832 2727 terram

243 2782 423 2820 suam.
464 2764 692 2820 Centum
717 2765 992 2834 octoginta
1023 2765 1263 2836 quinque
1296 2765 1466 2821 millia
1501 2765 1831 2822 fortissimo-

241 2869 366 2909 rum
396 2853 638 2909 virorum
658 2854 728 2908 ab
753 2869 861 2909 uno
889 2854 1096 2925 Angelo
1125 2871 1232 2909 una
1260 2864 1417 2912 nocte
1444 2856 1746 2923 caeduntur,
1775 2863 1832 2911 et

242 2943 450 3014 absque
475 2943 785 3002 vulneribus
815 2945 1124 3001 occisorum
1164 2961 1314 3001 mors
1365 2962 1508 3002 saeva
1547 2947 1826 3014 discurrit,

241 3036 537 3093 excludens
566 3053 597 3091 a
619 3039 940 3110 corporibus
985 3039 1199 3094 animas
1243 3037 1458 3095 Domini
1503 3041 1777 3097 voluntate
1809 3058 1823 3094 :

241 3139 299 3185 et
350 3130 464 3200 ipse
514 3145 614 3184 rex
661 3129 1007 3200 Assyriorum
1055 3129 1257 3186 idcirco
1301 3139 1550 3186 servatus
1593 3138 1713 3197 est,
1764 3138 1826 3186 nt

239 3221 409 3276 sciret
431 3221 732 3290 potentiam
749 3222 843 3277 Dei
870 3221 1297 3291 blasphemantia
1323 3238 1419 3277 ora
1442 3225 1822 3292 comprimere,
1853 3223 1901 3290 C

241 3310 505 3382 ﬁeretque
550 3313 704 3369 testis
744 3312 888 3369 illius
935 3315 1260 3384 majestatis,
1317 3330 1477 3384 quem
1504 3315 1666 3386 paulo
1701 3324 1826 3371 ante

239 3413 661 3475 contempserat.
698 3416 720 3444 ο
752 3407 830 3462 De
871 3406 1070 3462 talibus
1105 3418 1285 3462 autem
1315 3409 1478 3463 rebus
1516 3409 1624 3478 agit
1653 3408 1827 3464 omni-

244 3505 438 3568 potens
475 3497 621 3554 Deus
657 3498 825 3554 multa
865 3515 965 3570 per
1006 3501 1244 3572 angelos,
1286 3517 1394 3557 non
1426 3511 1484 3557 ut
1508 3502 1621 3571 ipse
1653 3502 1720 3557 ab
1745 3503 1825 3558 eis

242 3589 438 3654 discat,
480 3590 576 3645 sed
605 3598 662 3645 ut
699 3591 767 3646 ab
797 3590 888 3646 illo
923 3591 1026 3662 ipsi
1068 3607 1168 3663 per
1209 3594 1434 3648 verbum
1481 3592 1598 3662 ejus
1636 3602 1819 3665 agant,

241 3693 337 3738 aut
366 3685 619 3740 nuntient
666 3685 783 3740 sine
824 3686 1094 3756 corporali
1120 3702 1254 3742 sono
1283 3687 1449 3743 etiam
1475 3686 1619 3757 quod
1640 3686 1823 3742 voluc-

238 3778 332 3841 rit,
365 3777 432 3832 ab
458 3792 524 3832 eo
562 3777 737 3843 missi,
771 3777 840 3831 ad
869 3793 1004 3847 quos
1031 3779 1282 3845 voluerit,
1315 3788 1488 3835 totum
1514 3780 1583 3836 ab
1613 3779 1704 3834 illo
1723 3794 1822 3849 per

238 3869 373 3924 illud
401 3871 624 3926 verbum
656 3871 773 3942 ejus
811 3871 1115 3938 audientes,
1156 3873 1210 3928 id
1238 3881 1323 3928 est
1351 3873 1407 3928 in
1438 3872 1557 3942 ejus
1591 3874 1822 3929 veritate

238 3960 610 4028 invenientes,
671 3961 796 4032 quid
847 3963 950 4018 sibi
999 3962 1336 4031 faciendum,
1390 3965 1551 4035 quid,
1601 3965 1820 4035 quibus,

235 4053 457 4122 quando
491 4054 844 4110 nuntiandum
885 4055 976 4110 sit.
1007 4054 1034 4094 ά
1064 4053 1168 4110 Sed
1200 4064 1375 4110 tamen
1398 4073 1502 4110 non
1531 4072 1596 4110 ea:
1620 4056 1821 4127 angelis

235 4147 476 4200 homines
528 4147 810 4217 beatiﬁcat,
856 4147 947 4202 sed
985 4163 1050 4201 ea:
1095 4164 1150 4202 se
1203 4148 1338 4219 ipso,
1399 4149 1535 4203 sicut
1585 4147 1816 4219 angelos.

240 4249 264 4278 ε
295 4235 406 4293 Nec
432 4239 612 4309 aliqua
654 4255 723 4294 ex
755 4239 936 4310 aliquo
974 4247 1217 4310 tempore
1246 4239 1352 4311 (vel
1381 4240 1448 4295 ab
1475 4239 1704 4310 angelis,
1736 4240 1822 4295 vel

238 4329 306 4383 ab
355 4329 687 4402 hominibus)
719 4330 993 4402 cognovit,
1029 4339 1090 4384 ut
1119 4337 1324 4396 nosset,
1367 4330 1464 4386 sed
1490 4330 1673 4384 futura
1703 4345 1821 4386 om-

236 4420 327 4474 nia
359 4419 696 4490 temporalia,
729 4430 894 4491 atque
926 4421 981 4475 in
1011 4421 1091 4475 eis
1120 4421 1306 4486 etiam,
1337 4421 1487 4490 quid,
1519 4428 1574 4475 et
1601 4420 1817 4490 quando

237 4511 306 4565 ab
335 4510 426 4566 illo
461 4511 684 4580 petituri
733 4510 1023 4576 fueramus,
1065 4519 1121 4566 et
1145 4526 1300 4580 quos,
1332 4519 1387 4565 et
1425 4511 1489 4565 de
1516 4510 1712 4579 quibus
1735 4525 1822 4565 re-

1946 1939 2000 1994 in
2030 1955 2136 2008 qua
2161 1938 2442 2010 Scriptura
2464 1940 2771 1997 Asorathan
2796 1942 2967 1996 ﬁlium
2993 1940 3128 2010 ejus,
3163 1942 3254 2012 qui
3283 1942 3538 2013 regnavit

1943 2045 2043 2102 pro
2084 2046 2150 2086 eo
2190 2039 2422 2087 testatur
2462 2033 2678 2089 misisse
2709 2024 3059 2091 habitatores
3101 2033 3364 2089 Samaria:
3390 2075 3405 2100 ,
3463 2049 3536 2089 ne

1945 2131 2092 2179 terra
2140 2133 2451 2181 remaneret
2494 2126 2720 2181 inculta.
2763 2126 3000 2182 Ararath
3037 2135 3219 2181 autem
3253 2127 3403 2198 regio
3429 2125 3534 2181 Ar-

1943 2217 2251 2272 meniorum
2314 2218 2638 2288 campestris
2701 2233 2798 2289 per
2855 2233 3020 2288 quam
3082 2217 3288 2272 Araxis
3336 2217 3532 2272 ﬂuvius

1942 2307 2095 2373 ﬂuit,
2151 2307 2484 2364 incredibilis
2520 2317 2606 2366 est
2654 2309 2940 2376 ubertatis,
2988 2308 3058 2363 ad
3106 2309 3315 2365 radices
3363 2306 3532 2362 Tauri

1940 2382 2165 2466 montis,
2198 2401 2290 2470 qui
2316 2417 2487 2471 usque
2514 2402 2641 2458 illuc
2667 2403 2999 2457 extenditur.
3035 2403 3179 2474 Ergo
3209 2411 3264 2458 et
3292 2415 3446 2466 arca,
3473 2401 3532 2455 in

1939 2510 2047 2564 qua
2071 2493 2333 2550 liberatus
2370 2502 2456 2549 est
2497 2495 2630 2560 Noe,
2685 2510 2807 2550 cum
2853 2495 3042 2551 liberis
3094 2495 3230 2560 suis,
3277 2501 3532 2550 cessante

1939 2584 2163 2651 diluvio,
2205 2601 2314 2640 non
2350 2586 2418 2641 ad
2447 2594 2662 2642 montes
2689 2586 3020 2657 generaliter
3047 2585 3321 2640 Armeniae
3346 2585 3528 2639 delata

1936 2683 2043 2741 est,
2071 2691 2192 2745 qua:
2220 2676 2522 2747 appellatur
2561 2676 2820 2740 Ararath,
2868 2677 2964 2732 sed
3007 2677 3075 2731 ad
3116 2683 3330 2731 montes
3359 2672 3528 2728 Tauri

1936 2765 2252 2832 altissimos,
2281 2767 2374 2834 qui
2399 2766 2631 2820 Ararth
2656 2767 2940 2820 imminent
2969 2766 3196 2834 campis.

2006 2857 2160 2930 (Cap.
2187 2857 2302 2928 20.)
2333 2856 2403 2912 In
2430 2857 2611 2912 diebus
2642 2856 2750 2911 illis
2775 2857 3050 2928 wgrotauit
3074 2855 3332 2911 Ezechias
3361 2871 3530 2926 usque

1931 2947 2004 3002 ad
2024 2957 2240 3004 mortem
2262 2957 2311 3002 et
2335 2948 2466 3002 uenit
2483 2948 2552 3001 ad
2567 2965 2684 3002 eum
2699 2946 2873 3002 Isaias
2894 2946 3037 3017 ﬁlius
3052 2947 3235 3010 Amos,
3248 2945 3522 3017 propheta,

1930 3038 2166 3111 dixitque
2190 3040 2261 3104 ei,
2284 3039 2396 3094 haec
2423 3039 2549 3092 dicit
2576 3038 2834 3092 Dominus
2865 3037 3142 3108 :Prwcipe
3172 3035 3354 3090 domui
3383 3043 3524 3088 ture:

1928 3130 2172 3184 morieris
2211 3130 2349 3184 enim
2373 3139 2451 3195 tu,
2485 3137 2534 3183 et
2558 3146 2661 3182 non
2687 3129 2848 3183 vives.

2007 3238 2028 3272 ι
2055 3219 2221 3285 Quem
2255 3219 2438 3290 (Prov.
2467 3235 2552 3283 ιιι,
2584 3217 2674 3290 12)
2721 3217 2893 3288 diligit
2915 3216 3176 3271 Dominus
3208 3213 3448 3284 corripit,
3470 3220 3520 3268 et

1929 3312 2155 3382 castigat
2190 3327 2394 3365 omnem
2429 3310 2622 3380 ﬁlium,
2663 3326 2814 3381 quem
2857 3309 3057 3380 recipit.
3102 3307 3182 3363 Ne
3216 3307 3523 3362 elevaretur

1929 3421 2024 3462 cor
2056 3404 2304 3460 Ezechiae
2330 3411 2455 3474 post
2482 3403 2830 3458 incredibiles
2868 3400 3192 3471 triumphos,
3221 3407 3277 3454 et
3302 3399 3369 3453 de
3402 3411 3521 3453 me-

1927 3496 2016 3553 dia
2051 3496 2369 3566 captivitate
2405 3496 2716 3561 victoriam,
2759 3494 3080 3549 inﬁrmitate
3109 3490 3357 3562 corporis
3386 3488 3520 3544 visi-

1926 3599 2096 3657 tatur,
2130 3599 2187 3646 et
2213 3590 2366 3646 audit
2395 3605 2454 3645 se
2485 3604 2608 3645 esse
2651 3588 2996 3653 moriturum,
3038 3593 3100 3640 ut
3127 3597 3423 3640 conversus
3448 3580 3520 3640 ad

1929 3682 2216 3738 Dominum
2251 3679 2437 3738 ﬂectat
2475 3680 2802 3736 sententiam
2837 3677 2976 3748 ejus.
3006 3677 3034 3716 ιι
3067 3675 3175 3731 Sed
3198 3673 3366 3738 nulla,
3397 3686 3520 3741 quas

1924 3776 1981 3830 in
2005 3776 2111 3830 hoc
2132 3775 2337 3829 mundo
2367 3773 2680 3828 hominibus
2711 3770 2987 3834 eveniunt,
3029 3767 3234 3834 absque
3268 3764 3520 3832 omnipo-

1924 3867 2090 3922 tentis
2132 3865 2230 3920 Dei
2269 3863 2486 3919 occulto
2514 3861 2742 3917 consilio
2770 3860 2927 3914 ﬁunt.
2965 3857 3102 3910 Nam
3139 3863 3334 3910 cuncta
3371 3854 3515 3909 Deus

1931 3956 1948 3996 1
1975 3955 2160 4012 futura
2180 3953 2498 4031 praesciens,
2522 3960 2648 4006 ante
2666 3950 2863 4005 saecula
2893 3947 3135 4005 decrevit
3159 3947 3394 4017 qualiter
3415 3959 3516 4015 per

1924 4047 2120 4105 saecula
2148 4046 2522 4117 disponantur.
2580 4041 2854 4097 Statutum
2908 4040 3107 4111 quippe
3147 4037 3262 4108 jam
3306 4037 3514 4093 homini

1922 4148 2024 4206 est,
2055 4139 2142 4194 vel
2174 4145 2438 4209 quantum
2469 4137 2616 4193 hunc
2648 4135 2837 4213 mundi
2864 4133 3201 4204 prosperitas
3231 4138 3509 4202 sequatur,

1924 4233 2008 4289 vel
2031 4239 2294 4303 quantum
2318 4243 2760 4298 unumquemque
2780 4226 3084 4282 adversitas
3109 4223 3288 4290 feriat,
3307 4238 3374 4278 ne
3401 4222 3512 4277 ele-

1922 4333 2041 4381 ctos
2089 4323 2206 4393 ejus
2257 4331 2353 4378 aut
2398 4304 2754 4377 immoderata
2807 4320 3140 4391 prosperitas
3189 4318 3381 4381 elevet,
3419 4324 3514 4371 aut

1921 4419 2089 4475 nimia
2131 4417 2435 4474 adversitas
2474 4422 2662 4486 gravet
2689 4432 2702 4468 :
2729 4421 2993 4470 statutum
3037 4427 3252 4482 quoque
3279 4417 3364 4465 est
3393 4409 3511 4464 Inin

1923 4518 2123 4566 aeterna
2170 4508 2434 4573 veritate,
2488 4513 2751 4576 quantum
2806 4504 2861 4558 in
2893 4513 2943 4554 αι
2994 4503 3097 4557 ista
3136 4501 3248 4556 vita
3295 4497 3544 4578 mortali,

234 4599 360 4668 bus,
412 4602 496 4656 vel
541 4603 912 4671 exauditurus,
967 4603 1053 4659 vel
1097 4619 1203 4658 non
1252 4603 1603 4657 exauditurus
1647 4609 1813 4668 esset,
1843 4597 1897 4658 D
1925 4614 1950 4642 ο
1979 4603 2354 4674 unusquisque
2380 4601 2754 4673 temporaliter
2778 4602 2962 4656 vivat:
2991 4612 3018 4651 P
3043 4599 3172 4670 quia
3201 4596 3303 4652 etsi
3337 4607 3510 4648 annos

235 4695 355 4751 sine
405 4695 559 4750 initio
607 4696 897 4766 praescivit.
949 4696 1246 4752 Universas
1294 4703 1477 4750 autem
1535 4703 1819 4751 creaturas

235 4803 386 4852 suas,
417 4797 472 4845 et
511 4788 840 4860 spirituales,
877 4797 931 4844 et
963 4788 1299 4860 corporales,
1347 4803 1455 4843 non
1503 4789 1633 4860 quia
1666 4786 1814 4856 sunt,

232 4880 356 4938 ideo
382 4882 552 4950 novit,
581 4881 676 4937 sed
701 4881 822 4937 ideo
845 4890 989 4947 sunt,
1021 4881 1146 4952 quia
1176 4881 1346 4936 novit.
1424 4904 1461 4940 ι

312 5057 340 5085 ει
365 5027 520 5099 νειε.
545 5044 634 5099 51.
668 5042 749 5096 En
778 5041 973 5096 iterum
1002 5053 1100 5094 nos
1129 5038 1288 5093 docet
1315 5035 1594 5091 Babanus.

309 5115 340 5157 ιτ
367 5113 437 5168 1η
462 5115 666 5168 castris.
1506 5168 1508 5170 ,
1793 5149 1796 5154 -

312 5198 338 5228 c
372 5185 645 5241 Hactenus
679 5201 895 5257 quoque
930 5182 1224 5257 (Rabanus;
1267 5193 1386 5257 quae
1406 5184 1722 5257 sequuntur
1749 5176 1821 5257 ad

229 5273 484 5330 magnam
514 5246 726 5330 partem
754 5246 968 5326 ex'cepit
982 5252 1057 5330 _ab
1079 5249 1381 5330 Augustino
1401 5246 1694 5330 Claudius;
1726 5247 1819 5330 qui

231 5322 416 5385 tanien
441 5322 692 5383 nonnulla
716 5322 1045 5388 immutavit,
1070 5331 1130 5399 ut
1157 5322 1210 5399 in
1238 5334 1353 5373 rem
1374 5333 1531 5399 suam
1557 5326 1815 5399 verteret:

228 5399 489 5462 Consule,
530 5401 778 5464 obsecro,
824 5413 942 5468 qua:
971 5387 1136 5468 tradit
1177 5389 1512 5462 Augustinus
1553 5403 1704 5443 num.
1747 5387 1820 5443 22

229 5471 378 5581 [cap
406 5469 495 5542 i5]
524 5470 618 5524 lib.
667 5486 736 5524 xv
765 5466 1057 5525 ile—Trinit.
1096 5482 1098 5486 τ

300 5557 312 5578 ι
362 5543 390 5581 ’7
441 5543 507 5581 (in
530 5541 670 5581 (ἶίυἰῒ
719 5558 815 5581 nm
860 5541 944 5581 ΞΠ.

300 5541 331 5581 αῖ
362 5543 414 5615 '_l_.
441 5541 507 5596 de
530 5541 689 5595 Civit.
719 5558 834 5612 cap.
860 5541 948 5596 50.
975 5611 986 5615 _
1162 5606 1176 5615 ,
1347 5603 1380 5615 ,,
1494 5611 1502 5615 Α
1537 5603 1546 5606 -
1658 5602 1694 5615 κ.
1793 5580 1796 5584 '

306 5626 329 5651 ε’
366 5612 490 5666 Haec
535 5627 762 5680 prorsus
783 5602 1016 5682 'excepit
1054 5623 1122 5674 ex
1162 5606 1284 5664 loco
1311 5603 1546 5677 allegato
1571 5602 1696 5660 libri
1751 5618 1820 5658 xv

224 5685 291 5739 de
329 5683 605 5738 Trinitate.

308 5753 327 5794 ι
369 5753 654 5810 Recedens.

306 5827 334 5867 ε
371 5822 632 5882 Nesroch.

1925 4697 2234 4771 quindecim
2277 4695 2526 4752 Ezechiae
2563 4695 2677 4765 regi
2720 4695 2788 4750 ad
2821 4693 2991 4747 vitam
3021 4690 3227 4746 addidit
3265 4685 3511 4755 omnipo-

1925 4801 2045 4847 tens
2070 4791 2234 4855 Deus,
2269 4797 2452 4844 tamen
2480 4803 2604 4842 cum
2628 4802 2754 4842 eum
2776 4785 2915 4840 mori
2938 4781 3206 4855 permisit,
3234 4789 3362 4835 tunc
3384 4792 3508 4832 eum

1919 4881 2196 4958 praescivit
2218 4896 2341 4937 esse
2361 4880 2712 4936 moriturum.
2739 4879 2857 4946 Qua
2883 4877 2940 4932 in
2967 4890 3026 4930 re
3051 4873 3280 4945 quaestio
3307 4871 3505 4938 oritur,

1993 5036 2024 5076 h
2051 5033 2420 5088 Asarhaddon.

1919 5159 1923 5162 _
2003 5108 2019 5147 ί
2057 5105 2216 5159 Redit
2243 5104 2516 5158 Rabanus.

1917 5251 1920 5254 ’
1997 5188 2024 5288 lt
2053 5175 2336 5301 £33333;
2376 5242 2634 5298 Rabanus
2660 5258 2672 5294 :
2705 5239 3089 5310 subsequentia
3115 5238 3328 5309 excepit
3353 5237 3508 5310 Clau-

1924 5317 2046 5375 dius
2073 5334 2104 5372 a
2135 5317 2381 5381 Paterio,
2432 5315 2673 5384 ideoque
2709 5328 2740 5368 a
2791 5309 3054 5382 Gregorio
3096 5309 3506 5368 haecitradente

1922 5406 1978 5444 ιι.
2009 5391 2043 5443 2
2070 5389 2163 5443 lib.
2190 5403 2288 5442 xu.
2321 5385 2509 5441 Moral.

1999 5460 2016 5499 1
2057 5460 2248 5500 ,Εριοηίη

1999 5460 2016 5499 ι
2245 5497 2248 5500 .

1997 5459 2476 5600 m%§:dzlaierna
2503 5527 2715 5600 haecjn
2756 5535 2953 5582 (eterna
2987 5525 3226 5592 veritate,
3273 5535 3401 5600 qua
3433 5531 3508 5579 ex

1924 5612 2112 5660 nostro
2142 5598 2438 5669 exemplari
2467 5597 2592 5653 addi
2620 5597 2837 5654 debent.

2000 5684 2027 5712 ιι
2061 5673 2208 5743 Ipsa.

1999 5752 2024 5780 ο
2051 5744 2215 5799 Deest
2235 5739 2620 5813 unusquisque.

1999 5826 2028 5870 P
2056 5813 2222 5872 Nam.

2827 5868 2866 5898 ,ζα
2899 5869 2962 5895 ’κε
