4056 6350
288 414 397 481 ’197

942 413 1398 486 QUESTIONES
1434 414 1585 473 XXX
1624 414 1849 474 SUPER
1887 412 2134 475 LIBROS
2168 414 2431 510 REGUM.
2470 448 2541 461 -—
2578 417 2781 475 LIBER
2818 418 2906 476 lV.‘

3443 422 3549 484 798

289 552 519 597 crescere
557 531 733 592 decent
777 534 947 603 lineis,
980 553 1072 592 nec
1121 539 1388 603 hoccoto,
1438 544 1495 590 ut
1532 536 1649 605 ﬁat,
1695 536 1786 590 sed
1814 543 1870 590 ut
1897 535 2139 601 Αἰξὶοοῦ
2183 537 2262 593 sic
2308 512 2567 608 lotiuitur.
2602 536 2673 591 Et
2702 536 2859 603 dixit,
2897 537 3094 607 inquit,
3132 537 3362 611 Angelus
3408 540 3507 598 Dei
3531 558 3554 600 :

288 636 582 684 revertatur
608 636 893 683 retrorsum
927 627 1102 682 decem
1138 627 1408 699 gradibus.
1458 626 1724 682 Invocavit
1763 628 1871 681 ita-

289 735 386 792 que
403 718 579 774 Isaias
600 718 852 789 propheta
872 717 1176 784 Dominum,
1212 726 1260 772 et
1285 717 1490 772 reduxit
1513 717 1750 772 umbram
1782 734 1871 789 per

286 809 477 882 lineas,
517 809 706 882 quibus
738 810 859 880 jam
896 809 1235 865 descenderat
1268 811 1324 864 in
1360 808 1631 882 horologia
1668 808 1868 878 Achaz,

285 876 575 958 i-etrorsum
599 876 778 958 decem
810 902 1080 973 gradibus.

360 1004 388 1033 ι
418 1012 440 1045 ς
466 993 613 1049 Idem
624 1008 822 1049 nomen
837 994 1125 1065 graduum,
1146 994 1291 1064 quod
1310 1002 1366 1051 et
1382 994 1650 1051 linearum
1670 995 1873 1068 signiti-

284 1091 400 1150 cat,
430 1084 484 1139 id
506 1091 594 1140 est
632 1083 1034 1141 distinctionem
1070 1085 1359 1151 horarum,
1403 1101 1539 1156 quas
1589 1087 1873 1143 duodecim

284 1190 387 1247 per
416 1176 563 1231 diem
602 1176 659 1230 in
701 1175 982 1246 horologio
1002 1184 1193 1232 notare
1219 1176 1473 1233 solemus.
1505 1176 1632 1234 Sive
1656 1185 1717 1233 ut
1743 1176 1871 1233 Hie-

284 1282 553 1340 rouymus
571 1269 725 1335 dicit,
750 1269 827 1324 ita
868 1277 1025 1325 erant
1063 1271 1328 1326 exstructi
1366 1272 1567 1343 gradus
1597 1278 1714 1327 arte
1757 1286 1874 1328 me-

283 1363 537 1428 chanica,
584 1367 647 1417 ut
669 1375 775 1433 per
800 1361 1045 1434 singulos
1082 1362 1275 1418 umbra
1316 1364 1666 1431 descendens,
1710 1364 1873 1419 hora-

283 1468 410 1511 rum
470 1452 643 1525 spatia
692 1451 1031 1509 terminaret.
1082 1452 1216 1508 Erat
1239 1461 1421 1509 autem
1470 1455 1604 1510 hora
1640 1454 1749 1510 diei
1779 1455 1873 1510 de-

282 1546 449 1612 cima,
473 1544 694 1615 quando
718 1544 834 1599 hac
857 1542 972 1615 regi
993 1543 1337 1615 loquebatur.
1368 1543 1465 1602 Vis
1491 1559 1640 1616 ergo,
1671 1545 1867 1616 inquit,

281 1644 348 1693 ut
387 1636 649 1692 ascendat
687 1635 880 1691 umbra
932 1636 1122 1692 decem
1173 1636 1331 1692 lineis
1391 1638 1722 1708 procedente
1758 1638 1871 1695 sole

278 1740 451 1796 super
474 1733 677 1780 terram
698 1740 799 1796 per
820 1724 1063 1781 boreales
1081 1725 1273 1797 plagas
1288 1741 1461 1797 usque
1486 1728 1556 1782 ad
1576 1728 1870 1797 orientem,

283 1819 315 1862 ιι
342 1818 490 1888 quod
515 1818 619 1873 sub
642 1824 850 1873 terram
893 1817 1210 1886 quotidiana
1251 1819 1642 1874 consuetudine
1676 1835 1872 1876 cursus

1980 628 2090 697 Ego
2118 643 2234 682 sum
2261 629 2403 683 Deus
2442 630 2527 682 cui
2554 628 2753 683 tinxisti
2781 626 3013 695 titulum,
3043 637 3094 683 et
3139 632 3318 687 vovisti
3356 644 3549 703 votum,

1972 725 2035 772 ut
2057 726 2112 771 et
2135 717 2487 789 Angelum,et
2500 717 2669 775 Deum
2691 719 3022 774 ostenderet.
3047 718 3325 778 Secundus
3350 724 3550 795 gradus

1972 808 2343 865 descensionis
2373 810 2427 864 in
2475 809 2807 864 Patriarehis
2849 807 2973 876 fuit,
3014 812 3138 881 quia
3193 803 3551 884 in'omnibus,

1971 908 2036 955 ut
2064 900 2140 954 ait
2163 900 2474 971 Apostolus,
2513 903 2622 973 ipse
2668 911 2745 955 est
2786 911 3048 971 operatus.
3077 902 3296 959 Tertius
3331 905 3387 959 in
3416 906 3551 978 legis

1970 991 2191 1049 (latione
2222 1011 2235 1047 :
2269 994 2397 1064 quia
2428 1002 2485 1049 et
2512 995 2567 1049 in
2618 995 2737 1066 lege
2765 996 2880 1066 ipse
2908 995 3121 1052 locutus
3164 1004 3266 1053 est.
3316 998 3553 1067 Quartus

1973 1086 2171 1157 gradus
2200 1085 2255 1139 in
2288 1083 2416 1140 Jesu
2448 1084 2615 1152 Nave,
2644 1087 2737 1156 qui
2773 1086 3029 1157 populum
3057 1087 3113 1143 in
3138 1096 3341 1143 terram
3372 1104 3555 1161 repro-

1972 1176 2247 1232 missionis
2306 1170 2625 1231 introduxit.
2676 1178 2908 1245 Quintus
2955 1179 3009 1233 in
3070 1178 3369 1247 Iudicibus,
3424 1182 3551 1252 quia

1970 1267 2219 1322 eumdem
2255 1266 2513 1337 populum
2566 1282 2664 1338 per
2697 1283 2791 1324 eos
2818 1268 2934 1338 ipse
2984 1269 3223 1340 regebat.
3260 1269 3459 1327 Sextus
3496 1272 3552 1328 in

1971 1359 2193 1431 regibus
2219 1358 2547 1429 Iudaeorum,
2578 1362 2707 1432 quia
2738 1362 2795 1417 in
2822 1364 2902 1418 eis
2923 1364 3038 1434 ipse
3067 1365 3345 1438 regnabat.
3374 1366 3550 1439 Septi-

1971 1466 2095 1509 mus
2116 1453 2171 1507 in
2202 1453 2509 1524 Prophetis,
2539 1455 2665 1525 quia
2692 1469 2790 1527 per
2822 1471 2917 1512 eos
2945 1464 3027 1512 est
3054 1458 3352 1514 nuntiatus.
3384 1455 3550 1514 Octa-

1969 1560 2073 1601 vus
2114 1546 2170 1601 in
2195 1546 2566 1613 Pontiﬁcibus,
2598 1548 2724 1618 quia
2764 1548 2880 1618 ipse
2904 1564 3146 1605 summus
3177 1549 3443 1606 Sacerdos
3469 1558 3554 1606 est

1971 1633 2170 1691 Patris.
2203 1636 2387 1692 Nonus
2412 1637 2468 1691 in
2497 1637 2735 1692 homine.
2783 1637 3034 1694 Decimus
3062 1639 3116 1694 in
3144 1641 3414 1711 passione.
3447 1638 3554 1696 Per

1972 1726 2072 1783 hos
2093 1727 2239 1781 enim
2269 1728 2454 1783 decem
2486 1727 2709 1799 gradus,
2735 1743 2871 1799 quos
2907 1728 3022 1799 ipse
3065 1745 3165 1802 per
3197 1724 3448 1785 umbram
3472 1730 3552 1785 1e-

1973 1819 2055 1889 gis
2083 1820 2275 1888 priscae
2298 1818 2551 1875 Christus
2574 1820 2870 1886 descendit,
2899 1839 2964 1879 ac
2990 1838 3182 1878 rursus
3209 1832 3332 1893 post
3367 1839 3553 1879 resur-

276 1909 369 1966 συὶ
392 1916 509 1965 erat
534 1907 780 1963 facturus
806 1924 821 1960 :
849 1921 944 1974 an,
985 1914 1047 1961 ut
1081 1913 1385 1962 revertatur
1426 1909 1619 1963 umbra
1645 1909 1868 1964 totidem
1897 1911 1946 1971 B
1974 1908 2271 1965 rectionem
2317 1926 2472 1966 suam
2518 1910 2610 1967 Sol
2646 1911 2874 1981 iustitiae
2906 1912 3156 1971 Christus
3202 1931 3300 1987 per
3332 1916 3551 1972 eosdem

280 1999 563 2072 gradibus,
602 2013 865 2057 conversa
913 2006 1211 2054 retrorsum
1258 1998 1397 2055 facie
1443 2000 1596 2066 solis,
1637 2001 1867 2071 ipsoque

276 2105 383 2162 per
401 2089 697 2147 australem
719 2089 930 2163 plagam
954 2090 1022 2145 ad
1042 2090 1309 2145 orientem
1333 2092 1623 2163 regresso?
1640 2091 1711 2147 At
1735 2108 1829 2148 rex
1849 2107 1864 2147 :

280 2183 471 2240 Facile
493 2194 591 2251 est,
623 2185 820 2255 inquit,
853 2183 1093 2238 umbram
1116 2200 1345 2240 crescere
1369 2185 1544 2241 decem
1569 2187 1742 2253 lineis,
1775 2204 1867 2242 nec

280 2277 383 2333 hoc
424 2275 540 2332 colo
580 2266 653 2330 ut
676 2275 795 2345 ﬁat,
839 2274 932 2329 sed
956 2284 1017 2328 ut
1046 2286 1335 2331 revertatur
1362 2287 1647 2332 retrorsum
1691 2278 1868 2333 decem

218 2360 233 2363 κ
278 2368 554 2441 gradibus.
588 2366 735 2424 Vidit
762 2380 1016 2437 namque,
1053 2367 1183 2438 quia
1210 2367 1434 2438 majoris
1469 2369 1717 2425 miraculi
1744 2383 1867 2425 esse

280 2470 500 2534 poterat
520 2460 569 2516 si
606 2459 692 2516 sol
726 2460 1064 2517 contrarium
1104 2476 1203 2516 suo
1231 2461 1372 2515 mori
1404 2474 1625 2515 cursum
1657 2469 1861 2532 ageret,

280 2568 451 2625 quam
480 2554 526 2609 si
554 2562 816 2609 consueto
841 2567 1103 2626 processu
1141 2553 1419 2620 incedens,
1458 2554 1674 2610 tametsi
1701 2554 1868 2611 multo

278 2646 468 2713 altius,
497 2646 554 2702 id
574 2652 661 2703 est
688 2660 852 2717 super
879 2656 903 2684 α
934 2645 1231 2700 translatus
1266 2646 1334 2700 ad
1379 2647 1672 2713 orientem,
1711 2648 1868 2719 quasi

280 2737 509 2794 secundi
539 2737 649 2794 diei
674 2749 855 2802 mane,
894 2735 1046 2790 nulla
1082 2736 1476 2794 interveniente
1503 2747 1662 2795 nocte
1685 2738 1864 2795 factu-

278 2844 379 2886 rus
401 2829 701 2884 advolaret.
726 2826 863 2882 Nam
880 2835 939 2883 et
964 2829 1070 2885 hoc
1096 2830 1190 2899 qui
1220 2829 1276 2884 in
1311 2829 1490 2886 insula
1522 2832 1713 2904 Thyle,
1746 2848 1867 2905 quae

276 2922 425 2979 ultra
450 2921 811 2977 Brittanniam
836 2929 941 2990 est,
973 2922 1058 2977 vel
1081 2923 1136 2977 in
1156 2923 1362 2980 ultimis
1395 2923 1723 2998 Scytharum
1745 2927 1868 2983 ﬂni-

276 3015 385 3073 bus
411 3016 634 3088 degunt,
671 3015 820 3071 omni
846 3023 1034 3072 aestate
1060 3014 1251 3072 diebus
1273 3015 1478 3088 aliquot
1505 3017 1621 3073 ﬁeri
1646 3019 1862 3087 vident;

277 3110 407 3181 quia
439 3108 519 3164 sol
540 3116 743 3164 caetero
767 3107 889 3163 orbi
916 3108 975 3163 in
1000 3122 1221 3175 occasu,
1249 3115 1304 3165 et
1332 3110 1433 3165 sub
1463 3117 1607 3166 terra
1633 3111 1859 3180 positus,

277 3201 635 3257 nihilominus
680 3208 792 3256 tota
829 3206 991 3255 nocte
1029 3213 1197 3270 supra
1232 3206 1436 3255 terram
1478 3209 1756 3272 appareat.
1797 3202 1867 3257 Et

1973 2000 2173 2071 gradus
2197 2000 2226 2040 ιι
2252 2016 2470 2056 rursum
2495 2001 2815 2057 ascendit‘in
2839 2004 3058 2069 oculum,
3087 2012 3141 2059 et
3170 2019 3385 2060 omnem
3404 2005 3550 2060 illam

1969 2092 2221 2149 umbram
2269 2092 2406 2163 legis
2456 2095 2705 2150 veritatis
2758 2096 2926 2162 radiis
2963 2095 3272 2162 illustravit,
3321 2098 3553 2153 obscura

1971 2182 2241 2248 revelans,
2294 2183 2481 2239 clausa
2530 2199 2801 2252 reserans,
2846 2193 2903 2241 et
2960 2187 3143 2242 omnia
3195 2193 3341 2243 tecta
3387 2188 3555 2243 denu-

1970 2272 2123 2329 dans.
2172 2293 2192 2326 ι

2042 2364 2156 2436 (90,
2187 2364 2300 2437 12.)
2328 2365 2397 2421 In
2430 2375 2659 2437 tempore
2704 2365 2798 2421 illo
2824 2367 2968 2422 misit
3004 2370 3021 2410 i
3074 2367 3361 2424 Merodach
3389 2366 3555 2424 Bala-

1968 2454 2077 2508 dan
2102 2450 2194 2510 r'ea:
2218 2455 2505 2527 Babylonis
2528 2456 2755 2523 litteras,
2782 2468 2831 2511 et
2872 2475 3095 2513 munera
3123 2459 3192 2513 ad
3218 2454 3503 2514 Ezechiam
3537 2477 3549 2514 :

1969 2544 2214 2598 audierat
2240 2546 2378 2599 enim
2406 2546 2547 2617 quod
2576 2557 2880 2619 mgrotasset
2927 2549 3204 2615 Ezechias,
3235 2558 3341 2604 etc.
3376 2549 3391 2600 ἱ
3430 2570 3448 2601 ι
3486 2549 3553 2604 1η

1969 2644 2198 2707 tempore
2222 2636 2348 2701 illo;
2377 2638 2482 2692 hoc
2505 2645 2591 2693 est
2626 2639 2681 2692 in
2711 2639 2903 2694 eodem
2938 2654 3100 2704 anno,
3135 2655 3242 2710 quo
3266 2641 3382 2695 haec
3402 2628 3552 2714 gesta

1968 2736 2114 2793 sunt,
2150 2743 2271 2798 quae
2296 2731 2547 2799 superius
2575 2739 2892 2798 narrantur,
2920 2732 3069 2787 misit
3100 2731 3384 2789 Merodach
3412 2733 3554 2789 ﬁlius

1966 2818 2206 2874 Baladau
2238 2836 2333 2876 rex
2365 2822 2655 2894 Babylonis
2688 2823 2923 2891 litteras,
2971 2833 3026 2879 et
3053 2841 3280 2881 munera
3307 2826 3375 2880 ad
3416 2825 3554 2882 Eze-

1964 2912 2171 2977 chiam,
2194 2913 2322 2982 quia
2345 2914 2486 2984 apud
2510 2928 2604 2969 eos
2626 2923 2898 2970 astrorum
2921 2915 3267 2971 observantia
3299 2922 3404 2983 est,
3428 2917 3557 2973 stel-

1966 3001 2252 3074 larumque
2277 3019 2470 3060 cursus
2492 3005 2656 3077 longo
2699 3022 2825 3074 usu,
2871 3014 2928 3062 et
2952 3008 3344 3066 exercitatione
3372 3010 3555 3083 cOgni-

1966 3104 2076 3161 tus,
2107 3096 2254 3166 quod
2282 3097 2419 3152 etin
2449 3097 2661 3153 Domini
2687 3100 2971 3156 nativitate
3000 3109 3355 3156 monstratur.
3390 3101 3553 3156 Intel-

1964 3186 2217 3243 lexerunt
2277 3187 2457 3244 Solem
2519 3203 2799 3246 reversum
2852 3191 2961 3247 diei
3027 3193 3203 3263 spatia
3251 3192 3546 3279 duplicata,

272 3292 552 3365 quomodo
605 3305 638 3345 ι
677 3299 837 3361 parte
885 3289 1184 3345 occidentis
1232 3291 1299 3347 ad
1341 3290 1605 3346 orientem
1645 3274 1936 3347 humilisC
1966 3283 2176 3338 servire
2227 3282 2279 3337 ei
2316 3294 2478 3352 quem
2509 3280 2676 3337 Deum
2723 3282 2899 3338 solum
2929 3284 2954 3324 ιι
2984 3285 3249 3355 putabant
3282 3302 3293 3337 :
3324 3274 3554 3355 cumque

272 3382 309 3427 ⁴
333 3385 493 3449 redit,
535 3383 826 3439 manifeste
875 3383 1145 3450 videatur,
1200 3394 1224 3422 ο
1271 3383 1442 3439 donec
1486 3392 1731 3455 tempore
1769 3401 1865 3456 op-

277 3484 517 3549 portuno
547 3476 724 3532 denuo
751 3476 847 3530 toti
875 3474 994 3531 orbi
1035 3475 1310 3530 communi
1346 3482 1542 3531 exortu
1562 3476 1823 3533 reddatur
1849 3497 1861 3531 :

274 3567 422 3624 sicut
451 3575 508 3621 et
549 3573 795 3621 veterum
835 3566 1099 3632 historic,
1148 3572 1207 3620 et
1247 3566 1419 3623 nostri
1458 3567 1709 3623 homines
1742 3568 1860 3634 sevi,

276 3660 376 3732 qui
413 3659 523 3715 illis
574 3660 645 3715 de
696 3658 942 3729 partibus
993 3658 1291 3715 adveniunt
1315 3700 1330 3725 ,
1403 3659 1866 3717 abundantissime

276 3751 537 3824 produnt.
579 3749 866 3821 Nunquam
920 3758 1101 3805 autem
1151 3750 1207 3814 ii,
1253 3750 1346 3820 qui
1393 3750 1655 3807 interiora
1693 3752 1864 3807 austri

276 3840 542 3906 incolunt,
586 3841 773 3897 vident
821 3840 988 3897 solem
1031 3855 1130 3912 per
1175 3841 1507 3897 meridianas
1552 3842 1741 3914 plagas
1796 3842 1866 3899 ad

273 3933 544 3989 orientem
569 3932 640 3988 ab
667 3946 869 3988 occasu
896 3932 1096 3988 redire.

352 4022 428 4079 Ut
454 4022 883 4079 manifestion
928 4025 1074 4080 enim
1106 4039 1329 4080 sensum
1371 4024 1673 4097 legentibus
1715 4026 1863 4082 iaee-

274 4121 390 4179 ret,
414 4112 560 4185 quod
587 4115 820 4186 signum,
848 4123 905 4170 et
942 4117 1228 4187 praesentis
1267 4118 1548 4188 temporis,
1597 4126 1654 4174 et
1692 4117 1864 4174 futuri

274 4217 442 4280 typus
470 4216 609 4274 erat,
635 4216 698 4264 ut
724 4209 996 4280 quomodo
1048 4208 1143 4266 Sol
1176 4211 1554 4267 revertebatur
1582 4211 1649 4265 ad
1701 4226 1863 4267 exor-

274 4299 428 4355 m
458 4307 638 4366 suum,
673 4301 750 4355 ita
776 4309 835 4356 et
870 4299 1119 4358 Ezechias
1156 4302 1270 4357 vita
1307 4302 1488 4359 addita
1518 4317 1688 4358 annos
1734 4303 1863 4360 red-

270 4390 452 4458 deret,
480 4392 640 4448 nobis
666 4407 883 4463 quoque
913 4393 969 4449 in
1015 4394 1370 4460 hebdomade,
1400 4404 1457 4449 et
1495 4394 1739 4466 ogdoade
1783 4395 1865 4449 vi-

272 4482 549 4550 ventibus,
602 4498 703 4556 per
753 4485 1212 4540 resurrectionem
1257 4484 1459 4539 Christi
1509 4484 1635 4539 vitm
1691 4484 1862 4554 spatia

271 4575 635 4647 protelentur.
673 4574 695 4615 ι
731 4594 751 4627 ι
789 4576 887 4633 Vel
906 4585 1058 4634 certe
1083 4577 1272 4633 decem
1296 4577 1494 4649 gradus
1515 4578 1572 4631 in
1600 4578 1864 4634 descensu

1964 3394 2161 3436 causas
2201 3376 2363 3447 hujus
2416 3377 2684 3443 miraculi,
2734 3378 3109 3449 rationemque
3154 3380 3551 3449 perquirercnt,

1966 3471 2113 3527 fama
2140 3487 2237 3543 per
2261 3485 2453 3526 omnes
2483 3479 2673 3541 gentes
2692 3470 2980 3538 volitante,
3003 3470 3309 3527 didicerunt
3331 3481 3551 3544 propter

1966 3563 2374 3635 aegrotationem
2399 3562 2544 3634 regis
2566 3559 2717 3617 Judze
2740 3562 2906 3617 etiam
2942 3579 3159 3619 cursum
3194 3564 3333 3634 signi
3363 3564 3553 3620 claris-

1966 3656 2092 3712 simi
2119 3664 2511 3712 commutatum
2540 3673 2554 3709 :
2583 3654 2728 3726 quod
2754 3656 2917 3711 etiam
2941 3656 3079 3712 liber
3101 3654 3553 3728 Paralipomenon

1964 3749 2280 3820 plenissime
2347 3754 2583 3804 testatur
2645 3749 2831 3804 dicens
2883 3766 2896 3801 :
2944 3747 3033 3819 (ΙΙ
3081 3746 3267 3801 Paral.
3315 3749 3404 3815 52,
3459 3749 3550 3819 50)

1965 3840 2089 3912 Ipse
2125 3848 2201 3894 est
2231 3839 2512 3905 Ezechias,
2535 3838 2624 3910 qui
2650 3839 2772 3908 fecit
2803 3839 2857 3891 in
2899 3837 3138 3892 omnibus
3169 3839 3279 3891 suis
3308 3855 3552 3908 prospere

1964 3949 2083 4005 quin
2115 3931 2297 3987 voluit.
2343 3933 2586 3986 Attamen
2625 3930 2681 3983 in
2715 3929 2972 4001 legatione
2995 3929 3291 4001 principum
3321 3928 3552 4002 Babylo-

1966 4026 2070 4091 nis,
2103 4026 2192 4096 qui
2224 4024 2370 4079 missi
2416 4024 2629 4095 fuerunt
2678 4022 2748 4076 ad
2796 4037 2935 4089 eum,
2970 4032 3027 4075 ut
3061 4021 3440 4093 interrogarent
3488 4022 3552 4077 de

1965 4127 2226 4189 portento,
2272 4116 2412 4189 quod
2447 4114 2712 4170 acciderat
2736 4131 2894 4185 super
2938 4122 3157 4180 terram,
3199 4113 3405 4186 reliquit
3433 4130 3551 4169 eum

1966 4209 2133 4276 Deus,
2159 4219 2217 4265 ut
2248 4219 2556 4274 tentaretur,
2586 4217 2634 4262 et
2666 4217 2789 4263 nota
2829 4207 3017 4276 ﬁerent
3042 4206 3239 4273 omnia,
3262 4223 3379 4278 qua:
3401 4214 3551 4260 erant

1966 4302 2023 4357 in
2048 4303 2205 4359 corde
2233 4304 2368 4375 ejus.
2419 4302 2631 4357 Idcirco
2661 4307 2840 4355 autem
2864 4299 3152 4355 tentationi
3194 4298 3417 4354 relictus
3443 4303 3549 4363 est,
3608 4340 3611 4343 λ

1969 4397 2095 4467 quia
2127 4407 2250 4466 post
2285 4403 2490 4450 tantam
2521 4393 2827 4459 victoriam,
2862 4401 2918 4447 et
2959 4390 3101 4448 Solis
3137 4405 3466 4460 regressum,
3496 4398 3553 4446 et

1968 4486 2488 4558 congratulationem
2518 4484 2668 4556 regni
2714 4482 3101 4554 potentissimi,
3146 4497 3240 4536 cor
3269 4480 3414 4534 illius
3440 4479 3553 4535 ela-

1966 4587 2086 4634 tum
2138 4588 2240 4634 est.
2293 4577 2538 4647 Denique
2585 4577 2639 4631 in
2684 4576 2873 4633 eodem
2924 4574 3198 4632 volumine
3245 4574 3545 4632 scribitur:

268 4665 429 4733 solis,
492 4673 797 4738 temporum
856 4670 1075 4726 ordines
1133 4676 1291 4738 sunt,
1328 4685 1429 4741 per
1481 4685 1618 4740 quos
1670 4671 1860 4726 umbra
1887 4651 2133 4745 D(Ibid.
2160 4687 2293 4725 vers.
2325 4668 2418 4742 23)
2462 4667 2619 4722 Multi
2664 4667 2965 4737 deferebant
3006 4666 3230 4732 hostias,
3283 4676 3332 4720 et
3382 4667 3549 4720 sacri-

272 4757 575 4829 ἣδεται-ιω
614 4758 818 4815 Christi
840 4760 1215 4828 descenderat,
1265 4769 1320 4816 et
1347 4776 1445 4832 per
1474 4776 1613 4832 quos
1663 4761 1861 4817 iterum

272 4848 373 4905 Sel
411 4848 638 4919 iustitiae
663 4850 913 4908 Christus
942 4861 1065 4924 post
1100 4854 1558 4911 resurrectionem
1593 4852 1857 4910 ascendit.

269 4934 491 4997 Primus
524 4942 707 5013 itaque
734 4943 933 5013 gradus
962 4943 1336 5001 descensionis
1357 4944 1425 5000 de
1454 4943 1565 5000 Deo
1588 4945 1645 5000 in
1670 4944 1860 5015 angelo

266 5032 379 5090 ﬁt
405 5050 420 5087 :
450 5036 477 5077 ε
504 5034 691 5105 inquo
730 5035 801 5091 ad
829 5037 1080 5108 antiquos
1108 5045 1295 5109 patres
1321 5053 1584 5111 apparere
1609 5039 1872 5110 dignatus,

260 5132 379 5193 est,
407 5125 537 5196 quia
562 5126 742 5183 mani
768 5127 979 5184 consilii
1014 5130 1232 5186 nuntius
1259 5139 1394 5187 erat.
1430 5131 1679 5188 Deniaue
1707 5138 1764 5187 et
1792 5133 1862 5186 ad

341 5360 370 5390 ει
397 5346 544 5425 ρειαί
561 5358 866 5425 sequuntur
885 5351 956 5408 ad
977 5347 1147 5425 huius
1171 5350 1278 5425 loci
1319 5351 1738 5425 explicationem
1760 5348 1857 5425 poL

259 5422 377 5499 sita
407 5420 572 5499 tradit
599 5420 767 5499 Deda.
788 5421 1017 5499 [Quaest
1038 5420 1109 5479 25
1134 5423 1192 5480 in
1210 5420 1656 5499 librosRegumj

343 5491 371 5531 δ
401 5490 535 5558 Qua:
556 5491 761 5548 subtus.
788 5498 793 5509 ‘

344 5574 370 5602 ο
410 5563 600 5619 Terras
627 5561 816 5619 elatus.

339 5632 368 5674 ἆ
403 5633 623 5689 Redeat.

1965 4763 2089 4834 ﬁcia
2115 4760 2342 4816 Domino
2377 4761 2433 4815 in
2455 4758 2810 4826 Hierusalem,
2832 4769 2880 4813 et
2910 4775 3128 4814 munera
3168 4758 3411 4813 Ezechiae
3442 4759 3548 4829 regi

1964 4854 2124 4910 Iudae
2153 4871 2170 4909 :
2200 4863 2250 4909 et
2275 4852 2536 4909 exaltatus
2574 4860 2652 4905 est
2683 4860 2797 4921 post
2819 4852 2929 4906 ha’c
2951 4867 3129 4906 coram
3157 4850 3357 4904 cunctis
3379 4851 3549 4920 genti-

1965 4948 2080 5003 bus.
2114 4945 2293 5019 (Vers.
2323 4943 2437 5015 24.)
2478 4942 2548 4999 In
2583 4942 2764 4997 diebus
2808 4942 2912 4997 illis
2951 4942 3217 5013 wgrotavit
3264 4958 3423 5013 usque
3476 4942 3546 4995 ad

1963 5050 2181 5095 mortem
2237 5055 2256 5094 :
2304 5045 2350 5090 et
2386 5035 2551 5089 oravit
2590 5034 2893 5101 Dominum,
2924 5043 2971 5089 et
3008 5034 3276 5088 exaudivit
3303 5048 3445 5099 eum,
3495 5043 3545 5087 et

1965 5130 2108 5186 dedit
2132 5130 2180 5186 ei
2208 5130 2432 5200 signum.
2475 5125 2583 5182 Sed
2610 5144 2714 5182 non
2754 5128 2904 5188 iuxta
2936 5126 3210 5197 beneﬁcia,
3251 5143 3369 5199 qua:
3398 5143 3547 5182 acce-

2039 5356 2064 5401 8
2095 5349 2266 5410 Verba
2298 5350 2417 5424 haec
2442 5368 2454 5405 :
2479 5351 2664 5424 inquo
2693 5350 2764 5405 ad
2788 5349 3034 5421 antiquas
3073 5357 3247 5420 patres
3290 5366 3544 5424 apparere

1960 5424 2201 5539 dignatus
2226 5430 2301 5477 est
2336 5421 2391 5476 in
2430 5421 2592 5477 editis
2630 5421 2824 5477 desunt
2853 5439 2866 5472 :
2892 5434 2991 5492 per
3043 5434 3283 5485 errorem
3330 5421 3538 5493 utique.

2089 5490 2334 5539 Sus-smn-
2372 5501 2634 5539 maestam
2652 5492 2866 5539 videtur
2894 5501 3079 5539 nostra
3105 5488 3287 5539 lentia-

2088 5490 2334 5558 Sursum,
2372 5501 2634 5563 praestare
2652 5492 2866 5549 videtur
2893 5488 3079 5547 nostra
3105 5488 3287 5547 lectio.

2035 5568 2051 5607 ί
2079 5563 2378 5620 Berodach.

2028 5636 2043 5687 i
2089 5636 2354 5706 Pleraque
2381 5634 2469 5706 Ain,
2506 5630 2757 5706 Babano,
2779 5640 3017 5691 exstant.
3050 5631 3308 5706 Claudius
3333 5640 3539 5706 tamen

345 5716 382 5781 ἐ-
399 5706 579 5761 Verba
606 5706 763 5781 haec:
794 5706 958 5762 donec
982 5715 1217 5781 tempore
1234 5715 1524 5781 opportuno
1542 5707 1719 5781 denuo
1754 5709 1854 5763 toti
1952 5702 2211 5781 nonnulla
2263 5702 2309 5760 'a
2375 5704 2601 5767 Rabano
2656 5703 2832 5764 iusius
2887 5704 3135 5778 exposita
3186 5703 3539 5776 paucioribus

264 5778 385 5834 orbi
405 5775 669 5837 communi
698 5786 883 5837 exortu
906 5775 1160 5837 reddatur
1186 5775 1381 5834 desunt
1408 5779 1460 5835 in
1489 5778 1668 5837 editis.

347 5848 368 5888 ί
398 5848 529 5916 Quae
562 5846 819 5918 deinceps
847 5847 998 5922 legis,
1040 5848 1109 5922 ab
1138 5846 1343 5907 lsidoro
1370 5866 1489 5922 cap.
1525 5849 1561 5906 6
1594 5851 1657 5909 in
1685 5848 1849 5913 libros

265 5919 482 5991 Regum
504 5917 783 5980 mutuatus
809 5926 893 6000 est
909 5917 1187 5977 Claudius
1432 5917 1454 5922 ’
1795 5946 1807 5956 -

1957 5780 2195 5837 tradidit.

2029 5851 2056 5891 κ
2084 5850 2337 5918 Additur,
2360 5847 2437 5933 id_
2453 5856 2530 5906 est
2554 5845 2751 5906 Solem.
