4056 6350
523 370 629 429 799

1597 363 1874 425 CLAUDII
1906 356 2371 420 TAURINENSIS
2408 356 2716 416 EPISCOPI

3690 346 3802 405 800

520 488 690 553 perat,
713 479 976 547 retribuit,
1003 480 1130 552 quia
1147 480 1437 537 exaltatum
1463 488 1539 535 est
1562 497 1654 534 cor
1675 479 1814 549 ejus,
1836 486 1885 531 et
1913 476 2111 547 factum
2138 474 2192 536 Α
2213 470 2345 526 brzei
2367 470 2555 525 volunt
2576 468 2876 541 Danielem,
2896 468 3182 534 Ananiam,
3210 463 3549 528 Misabelem,
3575 470 3635 518 et
3656 461 3804 517 Aza-

522 582 601 627 est
621 586 804 628 contra
842 589 961 627 eum
1009 574 1115 639 ira,
1158 583 1207 628 et
1244 582 1425 628 contra
1450 572 1621 638 Juda,
1658 582 1705 629 et
1750 570 2109 628 Hierusalem.

524 662 874 733 Rursumque
909 662 1192 734 Scriptura
1237 673 1427 720 sancta
1454 664 1745 721 elationem
1767 665 1948 721 cordis
1993 662 2113 733 ejus

525 752 661 808 dicit
688 754 1010 824 poenitentia
1053 753 1377 827 mitigatam,
1407 753 1646 812 inferens
1675 773 1687 808 :
1717 764 1767 810 et
1800 754 2113 809 humiliatus

519 853 602 898 est
630 839 835 914 postea,
862 862 921 899 eo
942 846 1081 916 quod
1108 845 1395 900 exaltatum
1428 854 1504 902 est
1547 863 1636 901 cor
1663 850 1798 917 ejus,
1837 854 1945 900 tam
1981 847 2108 917 ipse,

524 951 688 1005 quam
710 936 1030 991 habitatores
1054 935 1424 1004 Hierusalem;
1450 947 1498 993 et
1520 938 1715 993 idcirco
1739 955 1843 993 non
1870 939 2003 993 venit
2030 938 2125 997 ira.

480 1094 483 1095 ν
527 1023 743 1079 Domini
771 1042 928 1096 super
956 1042 1043 1081 eos
1074 1028 1130 1081 in
1149 1027 1331 1082 diebus
1360 1027 1625 1083 Ezechia’.
1780 1094 1785 1100 ,

606 1135 627 1168 ί
671 1116 779 1190 (IV
801 1118 932 1189 Reg.
955 1136 1050 1195 xx,
1076 1121 1165 1187 15,
1197 1120 1328 1193 etc.)
1354 1121 1422 1176 In
1465 1122 1647 1180 diebus
1692 1121 1799 1177 illis
1848 1122 2112 1177 Ezechias

528 1205 739 1264 laetatus
767 1218 843 1287 est
864 1209 920 1265 in
947 1210 1175 1265 adventu
1199 1211 1489 1283 legatorum
1512 1212 1796 1267 Merodach
1820 1212 2067 1267 Baladan
2092 1230 2112 1270 :

529 1313 694 1368 quem
737 1308 948 1369 patrem
989 1299 1158 1356 fuisse
1184 1300 1680 1360 Nabuchodonosor
1712 1304 1924 1361 Hebraei
1957 1312 2116 1359 autu-

527 1396 701 1453 mant,
734 1398 789 1444 et
816 1391 870 1445 in
900 1391 1173 1447 oblatione
1198 1407 1506 1461 munerum,
1562 1403 1619 1451 et
1646 1396 2115 1467 congratulatione

529 1479 778 1536 sanitatis
797 1496 927 1535 sua}.
955 1480 1296 1554 Ostenditque
1321 1485 1395 1539 eis
1424 1486 1642 1541 domum
1665 1496 1963 1541 aromatum
1991 1503 2116 1541 suo-

530 1588 669 1638 rum,
698 1583 745 1628 et
769 1575 1043 1631 thesauros
1066 1578 1289 1648 argenti,
1314 1587 1364 1632 et
1389 1579 1531 1644 auri,
1557 1588 1606 1632 et
1632 1562 2114 1647 odoramentorum',

489 1731 493 1735 ν
527 1670 578 1716 et
601 1667 851 1734 unguenti
873 1666 1074 1737 optimi,
1107 1675 1157 1721 et
1186 1684 1362 1723 omnes
1394 1668 1666 1724 thesauros
1712 1686 1957 1724 vasorum
1986 1687 2114 1725 suo-

528 1771 648 1808 rum
677 1770 692 1810 :
720 1774 824 1811 non
852 1756 954 1827 fuit
998 1776 1111 1825 res;
1134 1776 1293 1830 quam
1318 1778 1422 1815 non
1448 1761 1730 1817 ostenderit
1757 1763 1829 1816 eis
1876 1764 1932 1817 in
1958 1764 2114 1818 domo

525 1861 626 1898 sua
676 1856 724 1901 et
766 1849 821 1904 in
850 1850 992 1903 omni
1027 1858 1283 1919 potestate
1330 1867 1437 1921 sua,
1460 1866 1479 1903 :
1514 1852 1668 1907 Unde
1716 1853 1853 1908 iram
1879 1852 1975 1908 Dei
1991 1852 2113 1922 jus-
2141 1831 2190 1890 Β
2291 1848 2470 1920 (Vera.
2521 1850 2631 1922 ‘19.)
2669 1850 2925 1921 Dixitqne
2960 1848 3225 1906 Ezecbias
3269 1867 3283 1903 :

2176 1984 2181 1989 ι
2214 1938 2455 2017 Domini,
2495 1941 2636 2011 quod
2665 1940 2871 1997 locutus
2910 1949 2987 1996 est
3013 1958 3033 1996 :
3058 1941 3155 2012 ﬁat
3183 1949 3391 1995 tantum
3413 1956 3520 2011 pax
3545 1940 3601 1993 in
3619 1939 3819 1994 diebus

525 1935 738 2003 tissime
777 1941 1111 2005 merebatur,
1142 1940 1287 2011 quod
1316 1957 1424 1997 non
1450 1942 1624 1998 solum
1659 1944 1942 1999 thesauros
1961 1960 2112 2011 suos,

527 2037 693 2099 atque
741 2030 949 2102 palatii,
975 2031 1069 2087 sed
1117 2040 1171 2086 et
1198 2032 1379 2102 templi
1411 2033 1744 2099 ostenderet,
1786 2034 1929 2103 quod
1967 2043 2117 2107 certe

527 2117 634 2174 fuit
674 2122 961 2191 potestatis
1000 2123 1139 2192 ejus.
1175 2124 1240 2179 de
1273 2123 1428 2179 cuius
1448 2125 1619 2181 valvis
1663 2140 1856 2181 aureas
1885 2126 2115 2182 laminas

532 2218 660 2266 ante
680 2210 794 2279 jam
826 2198 1043 2268 tulerat.

609 2318 629 2351 ‹
664 2299 843 2372 (Vers.
865 2302 977 2375 14.)
1002 2303 1227 2359 Intrauit
1250 2316 1427 2361 autem
1448 2305 1622 2363 Isaias
1646 2306 1911 2379 Propheta
1932 2310 2000 2363 ad
2017 2310 2118 2364 Re-

531 2404 648 2458 gem
672 2389 982 2473 Ezechiam.
1010 2393 1367 2467 Rursumque,
1383 2404 1505 2467 post
1533 2398 1777 2467 corporis
1803 2398 2116 2465 sanitatem,

533 2489 590 2536 et
619 2480 758 2550 signi
800 2484 1252 2555 magnitudinem,
1279 2474 1462 2543 offerri
1489 2488 1735 2545 videmus
1775 2490 1938 2545 aliam
1962 2506 2119 2547 occa-

534 2570 748 2627 sionem
802 2575 1089 2655 superbiae,
1125 2591 1289 2647 quam
1326 2570 1415 2632 ut
1440 2578 1698 2648 prudens,
1732 2588 1787 2635 et
1813 2578 1912 2635 Dei
1945 2578 2121 2636 cultor

492 2740 497 2751 ν
530 2662 709 2719 vitare
755 2664 1033 2729 debuerat,
1082 2683 1187 2723 nec
1215 2676 1522 2725 monstrare
1563 2670 1878 2742 alienigenis
1906 2672 2123 2729 divitias

534 2748 682 2820 suas,
728 2771 865 2826 quas
897 2757 1008 2813 Deo
1040 2758 1313 2815 tribuente
1349 2748 1681 2832 possederat,
1720 2778 1789 2817 ex
1817 2778 1925 2833 quo
1965 2763 2121 2833 juxta

530 2843 679 2917 leges
732 2862 946 2916 quoque
990 2850 1302 2921 tropologiae
1348 2852 1629 2917 discimus,
1684 2871 1789 2908 non
1834 2856 2120 2912 mittendas

531 2937 851 3007 margaritas
880 2948 1001 2993 ante
1024 2957 1234 3009 porcos,
1283 2959 1377 2996 nec
1418 2943 1652 2997 dandum
1707 2956 1947 3001 sanctum
1975 2949 2123 3003 cani-

500 3102 501 3105 η
533 3026 651 3082 bus.
686 3026 901 3099 (Matth.
935 3046 1031 3099 vn,
1063 3030 1118 3104 6)
1173 3031 1276 3100 Qui
1297 3033 1442 3091 enim
1469 3034 1642 3091 ﬁdelis
1665 3046 1766 3103 est,
1801 3038 1996 3108 spiritu
2023 3040 2120 3096 ab-

530 3122 748 3178 scondit
789 3126 1028 3195 negotia,
1088 3134 1144 3182 et
1200 3128 1511 3200 quicunque
1571 3130 1675 3187 hoc
1741 3147 1849 3187 non
1907 3132 2117 3201 fecerit,

531 3215 712 3271 omnis
742 3216 915 3273 virtus
940 3219 1085 3276 illius
1107 3196 1739 3298 enervatum—(peritque)
1770 3241 1868 3297 per
1895 3227 1949 3283 id
1975 3196 2123 3298 quod
2146 3196 2193 3260 Ο

529 3307 847 3374 posteritas,
873 3310 1076 3365 amisso
1096 3312 1238 3367 virili
1267 3314 1464 3369 robore
1486 3316 1542 3370 in
1567 3316 1891 3378 muliebrem
1920 3319 2119 3390 redigi-

535 3401 626 3476 tur
670 3397 1087 3455 mollitudinem.
1115 3401 1424 3472 Ingreditur
1451 3420 1579 3477 ergo
1603 3407 1772 3464 Isaias
1814 3408 1882 3463 ad
1912 3423 2117 3480 regem,

533 3492 591 3541 et
618 3488 773 3557 quasi
813 3489 1027 3569 nescius
1078 3492 1391 3548 sciscitatur
1415 3496 1541 3566 quid
1588 3499 1834 3553 dixerunt
1862 3501 1962 3555 viri
1985 3502 2127 3557 isti?

532 3584 586 3633 et
605 3578 744 3632 unde
770 3581 1061 3635 venerunt?
1089 3581 1205 3637 Duo
1233 3583 1551 3663 interrogat,
1585 3589 1718 3659 quid
1761 3590 1929 3646 locuti
1973 3600 2119 3661 sunt,

534 3675 592 3723 et
631 3668 774 3723 unde
805 3680 1070 3727 venerunt
1112 3691 1125 3727 :
1171 3673 1262 3730 ille
1292 3677 1359 3732 ad
1401 3692 1572 3734 unum
1618 3681 1914 3751 respondit,
1946 3683 2120 3740 altero

531 3762 920 3832 pratermisso.
955 3763 1135 3835 (Vers.
1160 3766 1248 3841 14)
1276 3768 1353 3824 De
1384 3779 1524 3826 terra
1552 3771 1838 3846 longinqua
1869 3787 2117 3847 uenerunt

506 3854 604 3934 ad
635 3872 736 3922 me,
763 3856 828 3911 de
875 3855 1162 3929 Babylone.
1196 3859 1351 3928 Quod
1378 3872 1581 3934 quanto
1613 3873 1756 3921 lerra
1793 3867 2006 3938 longior
2048 3870 2122 3926 sit

534 3946 676 4000 unde
724 3957 1008 4013 venerunt,
1046 3958 1199 4006 tanto
1247 3953 1351 4008 iste
1409 3970 1506 4011 rex
1551 3956 1854 4029 gloriosior,
1895 3969 2121 4032 propter

454 4036 465 4041 '
533 4049 696 4104 quem
737 4048 1050 4095 venerunt:
1089 4041 1161 4096 Et
1207 4055 1478 4111 venerunt,
1530 4047 1723 4119 inquit,
1777 4050 1846 4103 ad
1873 4068 1975 4117 me,
2019 4053 2116 4123 qui

516 4125 802 4183 debuerat
844 4124 1070 4186 dicere:
1104 4147 1356 4191 venerunt
1380 4137 1451 4189 ad
1490 4136 1895 4208 gloriﬁcandum
1924 4141 2118 4209 Deum,

533 4231 634 4287 pro
662 4217 801 4288 signi
831 4221 1202 4293 magnitudine
1221 4226 1286 4279 de
1312 4226 1604 4299 Babylone,
1632 4246 1751 4299 quae
1770 4232 1899 4287 urbs
1927 4232 1984 4287 in
2009 4241 2122 4290 toto

533 4310 667 4364 orbe
716 4311 1093 4380 potentissima
1138 4324 1240 4371 est.
1287 4316 1633 4392 Rursumque
1677 4322 1843 4380 Isaias
1893 4340 1909 4379 :
1958 4325 2118 4394 Quid,

534 4404 736 4475 inquit,
786 4405 1029 4460 viderunt
1070 4407 1126 4460 in
1150 4406 1308 4463 domo
1335 4400 1467 4467 tua?
1492 4412 1561 4469 Et
1602 4413 1691 4469 ille
1739 4418 2020 4488 respondit
2052 4433 2121 4474 ex

534 4507 693 4567 parte
744 4513 953 4565 verum,
986 4499 1125 4570 quod
1168 4501 1347 4556 omnia
1398 4503 1624 4560 viderint
1674 4508 1732 4562 in
1755 4508 1909 4564 domo
1953 4509 2118 4576 illius,

535 4605 628 4644 nec
668 4589 830 4659 fuerit
868 4607 969 4658 res,
999 4607 1159 4661 quam
1186 4610 1291 4648 non
1332 4597 1615 4652 ostenderit
1650 4600 1725 4655 eis
1760 4600 1815 4655 in
1859 4602 2123 4657 thesauris

534 4684 668 4750 suis,
700 4685 794 4740 sed
839 4685 1068 4742 alterum
1115 4688 1305 4754 tacuit,
1358 4690 1425 4744 de
1470 4707 1576 4761 quo
1624 4693 1915 4749 verebatur
1952 4694 2122 4751 offen-

536 4791 653 4832 sam
685 4795 696 4831 :
725 4778 870 4849 quod
898 4779 1180 4834 ostenderit
1209 4780 1283 4834 eis
1318 4790 1528 4847 cuncta,
1558 4799 1675 4853 qua:
1703 4783 1913 4838 haberet
1941 4785 1996 4838 in
2024 4802 2122 4855 po-

537 4877 719 4923 testate
745 4885 886 4923 sua:
916 4870 1059 4925 haud
1085 4870 1310 4926 dubium
1340 4871 1596 4942 quoniam
1629 4881 1684 4927 et
1714 4874 1898 4944 templi
1945 4874 2123 4945 supel-

482 5016 487 5023 ί
538 4960 771 5017 lectilem
800 4962 1139 5018 ostenderit:
1167 4971 1390 5034 propter
1410 4977 1532 5033 quae
1562 4960 1726 5017 Isaias
1751 4963 1846 5019 Dei
1873 4980 2123 5023 sermone

537 5052 750 5126 profert
778 5042 1106 5109 sententiam
1135 5073 1147 5109 :
1184 5052 1364 5127 (Vers.
1400 5051 1488 5124 16)
1521 5051 1662 5106 Audi
1704 5053 1913 5109 verbum
1941 5055 2122 5111 Domi-

539 5145 593 5200 ni
618 5144 958 5199 exercituum.
1000 5145 1195 5202 Veniet
1237 5135 1468 5214 tempus,
1518 5142 1733 5213 quando
1768 5147 1945 5202 omnia
1980 5148 2117 5215 haec,

488 5312 489 5315 η
538 5252 661 5308 qum
703 5237 756 5292 in
802 5238 960 5294 domo
990 5247 1081 5294 tua
1111 5246 1260 5303 sunt,
1285 5245 1340 5292 et
1360 5252 1468 5293 non
1492 5245 1603 5303 tuo,
1648 5237 1743 5292 sed
1765 5248 1977 5307 patrum
2001 5250 2121 5300 tuo-

539 5344 661 5383 rum
687 5328 877 5387 labore
897 5331 1146 5402 quaesita,
1174 5330 1229 5385 in
1265 5329 1597 5402 Babylonem
1616 5328 2034 5402 transferantur,
2064 5343 2121 5391 et

541 5423 607 5479 de
627 5426 834 5482 semine
860 5435 955 5482 tuo
975 5412 1357 5480 ﬁanteunuchi
1379 5423 1435 5478 in
1454 5422 1577 5479 aula
1603 5418 1864 5503 regis.'Ex
1886 5439 1991 5497 quo
2014 5422 2120 5505 He-

610 5550 637 5579 ι
665 5539 843 5596 Pauca
870 5541 987 5596 base
1016 5555 1206 5597 rursus
1235 5539 1494 5594 Rabanus
1521 5537 1705 5593 tradit.

612 5610 640 5648 ι’
668 5611 799 5678 Quae
845 5620 1149 5682 sequuntur
1177 5611 1360 5667 omnia
1390 5607 2121 5682 Paterius,{ideoquehCla_u-

540 5681 664 5753 dius
696 5698 766 5753 ex
817 5680 1082 5753 Gregorio
1110 5682 1408 5751 desumpsit
1434 5696 1583 5736 num.
1621 5680 1685 5738 81
1718 5688 1775 5737 et
1804 5680 1874 5736 82
1901 5680 1995 5737 lib.
2022 5680 2119 5736 vin

540 5752 823 5808 Moralium
864 5752 980 5807 haec
1006 5753 1271 5808 tradente.

615 5834 638 5861 ο
670 5822 1073 5877 Intentionibus.

611 5891 638 5933 ἀ
681 5890 858 5947 Virtus
898 5893 1211 5949 humilitatis
1249 5899 1475 5951 enervat.

2216 562 2375 629 riam,
2403 562 2497 634 qui
2524 562 2744 619 fuerunt
2787 563 2855 619 de
2884 563 3033 636 regio
3059 561 3288 627 semine,
3317 560 3492 616 factos
3537 574 3667 615 esse
3709 574 3808 614 eu-

2214 655 2441 720 nuchos,
2473 670 2609 725 quos
2656 656 2713 710 in
2745 655 3050 711 ministerio
3102 653 3610 711 Nabuchodonosor
3634 649 3809 705 fuisse

2214 761 2323 801 non
2351 748 2575 804 dubium
2603 748 2898 819 est.,(Dan.
2930 764 2973 814 ι,
3016 746 3071 813 6,
3103 746 3155 801 7.
3190 744 3461 800 Hactenus
3487 743 3658 798 etiam
3691 739 3807 795 Ra-

2215 836 2401 891 banus.
2450 835 2675 908 Reliqua
2727 837 2877 892 docet
2930 833 3234 908 Claudius.)
3281 833 3580 890 Eunuchos
3630 832 3805 895 enim,

2213 926 2370 984 idest
2387 928 2682 995 abscissos,
2704 944 2816 984 non
2838 942 3098 1001 negamus
3123 926 3337 997 aliquos
3355 925 3527 981 fuisse
3551 924 3622 979 de
3646 924 3812 980 semi-

2156 1055 2175 1077 ο
2214 1035 2283 1077 ne
2325 1022 2474 1094 regio
2498 1023 2568 1091 in
2614 1022 2816 1093 palatio
2847 1021 2992 1093 regis
3020 1020 3334 1092 Babylonis,
3363 1018 3525 1089 juxta
3566 1018 3812 1089 prophe—

2214 1114 2347 1170 tiam
2370 1116 2521 1172 beati
2546 1116 2721 1183 lsaiaz,
2752 1132 2848 1173 seu
2897 1116 2966 1172 de
2993 1114 3181 1171 Daniel
3216 1122 3274 1169 et
3308 1112 3475 1169 sociis
3520 1110 3645 1181 ejus
3689 1126 3810 1167 cre-

2215 1209 2447 1265 dendum
2499 1210 2647 1266 nullo
2695 1210 2859 1271 modo
2892 1217 2979 1267 est
3032 1209 3208 1279 :quia
3257 1208 3303 1265 si
3331 1213 3537 1272 essent,
3579 1205 3651 1260 de
3688 1203 3811 1274 pul-

2215 1300 2521 1357 chritudine
2557 1302 2803 1373 corporis
2845 1309 2902 1357 et
2952 1308 3172 1373 aspectu
3208 1298 3422 1355 illorum
3451 1312 3565 1354 non
3585 1296 3808 1352 timeret

2216 1392 2327 1447 dux
2375 1392 2484 1459 ille,
2534 1392 2701 1464 (Ibid.
2756 1391 2906 1448 Vers.
2963 1391 3054 1464 10)
3097 1390 3191 1460 qui
3238 1404 3334 1446 eos
3370 1387 3553 1445 adhuc
3598 1394 3813 1458 pueros

2215 1483 2518 1550 erudiebat,
2543 1484 2671 1553 quia
2700 1483 2910 1555 species
2930 1481 3091 1538 faciei
3102 1481 3249 1538 solet
3267 1479 3514 1552 deperire
3536 1478 3595 1533 in
3618 1477 3813 1549 pueris

2216 1575 2489 1631 abscissis.
2542 1575 2669 1632 Fuit
2725 1583 2910 1632 autem
2973 1572 3311 1632 consuetudo
3359 1570 3500 1643 apud
3548 1569 3814 1640 antiquos

2216 1669 2479 1724 eunuchos
2499 1683 2697 1725 vocare
2719 1666 3083 1724 cubicularios
3114 1674 3172 1723 et
3195 1665 3450 1723 custodes
3475 1663 3695 1735 palatii,
3718 1660 3814 1733 qui

2218 1774 2421 1815 uxores
2453 1759 2744 1825 habebant,
2772 1766 2829 1814 et
2847 1758 3077 1814 abscissi
3101 1771 3334 1829 corpore
3358 1770 3467 1811 non
3488 1754 3741 1810 fuerunt.

3336 1847 3548 1904 Bonum
3591 1847 3817 1902 uerbum

2214 2031 2362 2084 meis.
2413 2041 2438 2071 α
2488 2030 2547 2085 In
2578 2046 2686 2101 quo
2714 2032 2783 2087 ab
2811 2031 3055 2088 Hebraeis
3076 2084 3081 2087 .
3102 2028 3538 2105 reprehenditur,
3575 2044 3679 2085 cur
3701 2044 3819 2084 non

2216 2122 2289 2178 sit
2328 2122 2572 2198 imitatus
2602 2123 2923 2183 bonitatem.
2949 2121 3171 2192 Moysis,
3217 2119 3702 2198 qui‘locutusest
3746 2118 3821 2174 ad

2215 2194 2390 2273 Deum
2429 2234 2441 2271 :
2472 2216 2579 2272 Aut
2619 2217 2823 2272 dimitte
2863 2218 2938 2272 eis
2967 2217 3105 2271 hanc
3135 2194 3353 2281 noxam,
3382 2224 3475 2270 aut
3504 2216 3550 2270 si
3590 2231 3701 2269 non
3730 2214 3823 2284 fa—

2217 2306 2341 2373 cies,
2372 2306 2486 2361 dele
2537 2324 2619 2361 me
2641 2307 2706 2362 de
2743 2306 2875 2362 libro
2901 2323 3056 2379 quem
3093 2306 3367 2377 scripsisti.
3405 2323 3424 2356 ι
3458 2305 3490 2346 ὶι
3519 2304 3659 2372 Quid
3705 2303 3823 2360 hoc

2216 2394 2336 2451 loco
2388 2388 2673 2466 Prophetas
2717 2398 3220 2463 sententiacontra
3247 2397 3541 2453 Erechiam
3596 2411 3819 2467 regem,

2218 2487 2327 2543 nisi
2348 2488 2718 2559 arrogantium
2764 2488 3171 2558 hypocritarum
3206 2487 3563 2559 cogitationes
3596 2499 3733 2540 suas
3762 2484 3825 2540 in

2221 2577 2558 2655 exquirenda
2613 2577 2898 2633 hominum
2927 2576 3311 2644 admiratione
3353 2574 3655 2648 signiﬁcat?
3707 2572 3826 2630 Per

2221 2685 2383 2726 omne
2438 2668 2585 2726 enim
2636 2670 2781 2741 quod
2808 2669 3107 2742 hypocritae
3134 2667 3367 2735 faciunt,
3401 2669 3529 2740 quia
3582 2667 3825 2725 ocwltis

2183 2809 2189 2816 .
2223 2760 2643 2831 cogitationibus
2672 2759 2861 2816 laudes
2899 2760 3181 2831 hominum
3207 2760 3517 2831 requirunt,
3543 2759 3702 2830 quasi
3727 2774 3825 2814 ra-

2184 2914 2189 2919 ,
2224 2851 2376 2908 dices
2401 2851 2567 2922 scirpi
2589 2852 2645 2907 in
2671 2866 2927 2908 acervum
2947 2857 3227 2929 petrarum
3250 2851 3509 2907 mittunt:
3531 2850 3824 2922 operaturi

2224 2942 2425 3014 quippe
2462 2942 2651 2998 laudes
2678 2958 2806 2999 suas
2831 2943 3073 3015 cogitant
3104 2959 3118 2996 :
3149 2942 3355 2998 laudati
3389 2951 3567 2997 autem
3594 2942 3694 3000 has
3722 2954 3822 2997 se-

2223 3048 2346 3089 cum
2388 3034 2540 3090 taciti
2583 3034 2641 3090 in
2682 3034 3100 3107 cogitationibus
3137 3044 3357 3091 versant
3410 3051 3424 3087 :
3480 3034 3717 3105 gaudent
3760 3048 3829 3088 se

2223 3130 2524 3202 praecipuos
2545 3130 2861 3197 inhumana
2880 3130 3238 3187 aestimatione
3259 3128 3538 3186 claruisse.
3559 3126 3827 3196 Cumque

2225 3220 2399 3277 inﬂati
2426 3221 2703 3279 favoribus
2729 3223 2869 3295 apud
2902 3223 3224 3294 semetipsos
3254 3223 3642 3286 intumescunt,
3668 3234 3828 3291 sm

2224 3314 2493 3371 mirantur
2528 3315 2681 3370 taciti
2713 3314 2876 3370 etiam
2908 3314 3013 3385 ipsi
3045 3313 3190 3385 quod
3219 3320 3364 3369 sunt.
3416 3311 3601 3367 Videri
3634 3310 3826 3380 quoti-

2226 3407 2314 3463 die
2336 3408 2656 3479 semetipsos
2679 3406 2903 3477 altiores
2927 3406 3171 3478 cupiunt,
3202 3419 3267 3460 ac
3302 3404 3457 3460 miris
3487 3415 3510 3443 ο
3548 3402 3826 3460 inventio-

2223 3499 2385 3555 nibus
2424 3499 2482 3554 in
2529 3513 2695 3570 opere
2734 3504 3059 3554 excrescunt
3099 3511 3115 3551 :
3170 3496 3299 3567 quia
3347 3496 3487 3551 sicut
3528 3493 3556 3534 ἀ
3580 3495 3826 3552 virtutes

2228 3607 2390 3649 omne
2413 3592 2605 3647 vitium
2630 3597 2918 3658 enervant,
2955 3591 3037 3646 sic
3082 3588 3396 3660 arrogantia
3430 3587 3670 3644 roborat.
3707 3586 3826 3643 Co-

2222 3685 2305 3757 git
2356 3698 2591 3754 namque
2642 3689 2882 3738 mentem
2930 3682 3308 3753 juvenescere,
3340 3686 3395 3733 et
3433 3685 3625 3733 contra
3670 3676 3827 3734 vires

2224 3776 2427 3842 valere,
2456 3776 2585 3846 quia
2611 3784 2666 3831 et
2684 3774 2830 3846 quod
2845 3782 3008 3846 negat
3031 3774 3189 3844 vigor
3207 3771 3554 3837 valetudinis,
3584 3783 3610 3811 ε
3636 3772 3823 3843 impe-

2225 3879 2312 3926 rat
2334 3884 2487 3926 amor
2506 3869 2699 3925 laudis.
2732 3868 2887 3925 Unde
2924 3875 2980 3923 et
3006 3865 3167 3923 factis
3203 3866 3338 3933 suis,
3360 3874 3423 3921 ut
3442 3864 3700 3931 diximus,
3725 3879 3825 3922 at.

2223 3960 2399 4019 bitros
2428 3961 2706 4032 inquirunt
2731 3978 2745 4015 :
2776 3960 2823 4016 si
2846 3973 2975 4015 vero
3000 3958 3153 4030 operi
3194 3965 3364 4014 testes
3384 3957 3574 4013 deesse
3598 3956 3827 4013 contin-

2223 4064 2373 4128 gant,
2408 4061 2635 4111 narrant
2684 4052 2786 4124 ipsi
2816 4065 2957 4122 qua:
3007 4048 3295 4118 gesserint.
3336 4049 3579 4120 Cumque
3630 4047 3824 4106 ἐπειτί

2223 4146 2501 4202 favoribus
2548 4142 2832 4214 coeperint,
2902 4157 3047 4214 saepe
3104 4130 3316 4199 eisdem
3371 4142 3485 4199 suis
3534 4143 3825 4213 operibus,

2222 4252 2345 4308 quas
2374 4235 2394 4275 ί
2427 4235 2604 4306 egisse
2646 4248 2705 4289 se
2733 4232 2996 4299 referunt,
3025 4234 3340 4290 mentiendo
3394 4233 3596 4303 aliquid
3621 4233 3827 4304 adiuu-

2223 4337 2373 4402 gunt.
2423 4327 2559 4384 Cum
2585 4340 2717 4382 vero
2743 4334 2801 4381 et
2818 4341 2950 4382 vera
2983 4326 3191 4392 dicunt,
3224 4326 3343 4382 haec
3369 4325 3601 4383 dicendo
3635 4325 3825 4383 aliena

2224 4420 2451 4486 faciunt,
2481 4418 2608 4489 quia
2650 4418 2896 4489 quaesitis
2943 4421 2968 4459 ε
3003 4418 3369 4474 remuneratis
3409 4417 3699 4475 favoribus
3723 4418 3755 4459 ιι
3786 4432 3823 4473 a

2223 4527 2377 4579 vera,
2400 4519 2456 4568 et
2477 4510 2670 4566 intima
2696 4508 3054 4565 retributione
3099 4517 3417 4566 vacuantur.
3451 4507 3510 4563 ln
3544 4523 3613 4564 eo
3648 4508 3819 4573 enim,

2225 4604 2371 4675 quod
2390 4604 2531 4659 bona
2556 4616 2652 4658 sua
2677 4599 3033 4671 patefaciunt,
3055 4599 3349 4657 ostendunt
3372 4598 3630 4668 malignis
3657 4597 3822 4670 spiri-

2224 4696 2390 4761 tibus,
2418 4693 2572 4766 quasi
2595 4676 2977 4749 insidiantibus
3016 4691 3285 4757 hestibus,
3323 4705 3445 4761 quae
3479 4689 3819 4760 praedantur.

2225 4787 2433 4843 Horum
2461 4800 2591 4858 ergo
2637 4785 2823 4851 vitam,
2865 4783 2957 4839 illa
3004 4782 3216 4840 cunctis
3243 4779 3530 4839 notissima
3567 4778 3823 4835 Ezechia

2227 4879 2386 4951 culpa
2434 4878 2705 4949 ﬁguravit.
2739 4877 2844 4945 Qui
2894 4884 3183 4948 postquam
3233 4888 3341 4929 una
3384 4885 3572 4943 prece,
3610 4879 3672 4927 et
3718 4869 3821 4927 sub

2226 4972 2389 5028 unius
2428 4971 2605 5027 noctis
2656 4970 2852 5042 spatio,
2904 4977 3125 5025 centum
3180 4969 3199 5008 ί
3258 4965 3823 5038 octuagintaquinque

2225 5064 2395 5120 millia
2415 5064 2671 5128 hostium,
2688 5062 2880 5134 angelo
2904 5046 3157 5117 feriente.
3178 5058 3496 5131 prostravit,
3522 5065 3821 5128 postquam

2223 5155 2443 5212 occasui
2485 5154 2790 5227 proximum
2832 5153 2900 5208 ad
2944 5152 3143 5227 altiora
3180 5149 3305 5206 coeli
3332 5149 3507 5220 spatia
3534 5148 3709 5204 solem
3731 5162 3821 5203 re-

2226 5246 2416 5303 duxit:
2447 5224 2732 5317 postquam
2782 5224 3388 5312 vitam.propinquante
3421 5237 3534 5306 jam
3581 5236 3822 5292 termino

2225 5344 2559 5395 coarctatam
2581 5335 2636 5391 in
2664 5344 2909 5405 tempora
2936 5331 3181 5403 longiora
3207 5328 3517 5410 protelavit,
3542 5326 3821 5399 susceptis

2225 5427 2536 5500 Babylonici
2588 5426 2731 5497 regis
2768 5425 2975 5481 nuntiis
2996 5424 3137 5481 bona
3173 5420 3380 5488 omnia,
3410 5435 3532 5491 qua:
3565 5419 3822 5491 posside-

2300 5554 2323 5581 θ
2361 5540 2601 5613 Impetret.

2300 5613 2319 5653 τ
2354 5610 2647 5683 [fet-egisse.

2300 5687 2325 5725 ⁸
2360 5681 2715 5737 Remunerati=

2297 5724 2329 5796 ι
2360 5724 2907 5808 Σὶΐῖόἱοῖτῖῗὲηιξηια.
2933 5748 3165 5806 Praestat
3187 5754 3377 5807 nostra
3403 5724 3595 5811 lectio.

2308 5826 2324 5867 ί
2357 5821 2657 5895 Octoginta.

3210 5959 3340 6001 ι..
