4056 6350
242 282 345 339 801

907 268 1367 342 ΟυΑξὸΤΙΟΝΕΞ
1407 270 1552 324 XXX
1591 267 1821 326 SUPER
1859 266 2105 324 LIBROS
2146 262 2407 324 REGUM.
2446 295 2518 308 --
2553 265 2757 321 LIBER
2785 265 2872 323 IV.

3410 273 3520 333 802

237 400 364 464 bat,
422 392 678 459 ostendit,
707 391 803 448 sed
839 389 1125 461 Prophetas
1150 402 1283 443 voce
1307 386 1554 457 protinus
1578 384 1825 439 audivit:
1857 385 1909 446 Α
1932 378 2190 434 Dominus
2223 392 2242 431 :
2278 378 2365 451 (II
2402 378 2532 451 Reg.
2575 395 2673 446 vn,
2714 380 2803 452 10)
2844 378 2913 434 In
2947 376 3282 438 Hierusalem
3318 402 3515 457 ponam

240 490 384 546 Ecce
421 487 531 542 dies
558 484 787 548 veniunt,
810 490 860 537 et
896 480 1205 550 auferentur
1233 478 1409 532 omnia
1456 492 1573 547 quae
1599 476 1654 529 in
1675 474 1851 530 domo

239 594 338 637 tua
362 589 486 636 sunt
512 578 568 633 in
592 573 937 647 Babylonem,
965 581 1014 627 et
1056 587 1162 630 non
1185 569 1506 640 relinquetur
1531 566 1831 638 quicquam,

239 675 371 731 dicit
421 670 701 727 Dominus.
751 664 1148 721 Sic‘nimirum
1188 659 1507 732 hypocritaz,
1545 666 1835 730 postquam

241 768 462 837 magnis
489 762 785 818 virtutibus
816 766 1158 821 excrescunt,
1192 755 1318 825 quia
1343 767 1539 809 cavere
1574 750 1837 823 maligno-

240 876 367 918 rum
387 856 681 928 spirituum
702 851 930 909 insidias
951 849 1253 928 negligunt,
1273 854 1330 902 et
1350 845 1515 902 celari
1544 844 1601 899 in
1628 841 1836 898 eisdem

237 950 540 1007 virtutibus
561 930 771 1010 nolunt,
800 944 943 999 bona
970 957 1069 998 sua
1101 937 1459 1004 ostendendo,
1497 935 1735 991 hostium
1758 931 1838 988 fa-

239 1044 418 1107 ciunt,
444 1047 502 1095 et
538 1035 833 1108 prodentes
855 1032 1037 1090 subito
1059 1031 1317 1086 amittunt
1347 1020 1607 1099 quidquid
1634 1025 1838 1080 diutius

240 1135 527 1193 studentes
566 1136 880 1200 operantur.
912 1124 1052 1180 Hinc
1080 1139 1179 1195 per
1214 1120 1559 1178 Psalmistam
1586 1118 1789 1173 dicitur
1818 1133 1832 1169 :

240 1223 423 1297 (Psal.
477 1221 566 1288 77,
638 1217 729 1290 7i)
784 1215 1034 1271 Tradidit
1101 1215 1156 1268 in
1213 1211 1566 1284 captivitatem
1624 1210 1838 1263 virtutes

240 1330 448 1381 eorum,
492 1320 541 1367 et
589 1306 1034 1382 pulchritudinem
1077 1320 1258 1360 eorum
1288 1304 1345 1356 in
1377 1316 1566 1355 manus
1612 1297 1832 1353 inimici.

240 1408 433 1463 Virtus
452 1404 672 1475 quippe,
699 1408 757 1457 et
799 1396 1147 1471 pulchritudo
1193 1393 1587 1466 arrogantium,
1629 1388 1836 1446 inimici

238 1499 498 1558 manibus
521 1495 774 1561 traditur,
802 1491 931 1563 quia
956 1504 1118 1546 omne
1146 1487 1375 1553 bonum,
1413 1483 1558 1557 quod
1583 1498 1681 1554 per
1709 1496 1838 1537 con-
1860 1516 1892 1571 μ’

240 1590 644 1663 cupiscentiam
666 1599 693 1629 ι
716 1584 941 1645 laudum
959 1580 1285 1647 ostenditur,
1315 1576 1515 1635 occulti
1537 1572 1839 1631 adversarii

237 1687 364 1744 viri.
389 1683 748 1754 mancipatur.
800 1676 996 1733 Hostes
1026 1687 1262 1743 namque
1288 1670 1357 1726 ad
1385 1668 1631 1739 rapinam
1660 1666 1687 1707 δ
1712 1678 1839 1735 pro-

1935 487 2124 526 nomen
2164 488 2357 527 meum.-
2387 472 2458 527 Et
2482 474 2741 529 exstruxit
2787 472 2981 529 altaria
3014 477 3272 534 universa:
3308 482 3517 539 militiae
3611 499 3614 502 ‘

1936 562 2050 618 caeli
2074 564 2132 618 in
2171 563 2374 618 duobus
2416 565 2567 619 atriis
2602 563 2780 637 templi
2823 564 3056 620 Domini.
3087 565 3158 622 Et
3181 570 3422 627 traduxit
3450 573 3521 637 ﬁ-

1936 651 2066 707 lium
2086 668 2241 706 suum
2267 670 2361 724 per
2387 655 2558 725 ignem
2582 669 2601 708 :
2632 664 2681 709 et
2709 654 2965 719 ariolatus
3000 666 3100 725 est,
3146 669 3194 713 et
3235 661 3522 720 observavit

1937 760 2186 817 auguria,
2207 755 2257 799 et
2285 746 2408 816 fecit
2433 759 2457 786 ο
2478 748 2746 819 phytones,
2771 757 2821 804 et
2842 751 3108 822 aruspices
3133 752 3520 825 multiplicauit,

1936 843 1996 889 ut
2028 834 2222 905 faceret
2249 835 2446 891 malum
2474 854 2652 892 coram
2683 836 2934 928 Domino,
2962 848 3011 894 et
3046 841 3279 897 irritaret
3309 861 3448 899 eum.

2008 925 2135 983 Haec
2159 942 2290 999 ergo
2317 928 2518 996 omnia,
2542 928 2595 983 id
2609 937 2693 984 est
2719 930 2832 986 sive
2862 925 3168 1003 auguratio,
3190 934 3305 990 sive
3336 936 3525 1008 auspi-

1938 1021 2104 1088 cium,
2128 1021 2243 1077 sive
2279 1021 2532 1092 quazlibet
2567 1023 2890 1093 immolatio,
2929 1027 3043 1083 sive
3094 1029 3258 1085 etiam
3285 1031 3522 1098 sortitio,

1939 1120 2033 1169 aut
2070 1113 2377 1185 quicunque
2405 1123 2585 1172 motus
2618 1117 2816 1184 avium,
2875 1119 2962 1175 vel
3009 1122 3302 1191 pecudum,
3335 1132 3392 1178 et
3439 1124 3523 1180 in-

1939 1206 2145 1276 spectio
2174 1221 2510 1278 quaecunque
2554 1207 2836 1278 librarum,
2881 1219 2975 1267 aut
3021 1212 3225 1284 aliquid
3278 1216 3421 1285 quod
3456 1218 3527 1272 de

1937 1296 2136 1355 futuris
2163 1298 2411 1355 videatur
2459 1300 2764 1368 ostendere,
2794 1302 2851 1358 in
2873 1303 3189 1373 operatione
3218 1305 3527 1371 daemonum

1939 1389 2059 1446 ﬁeri
2083 1407 2193 1447 non
2212 1392 2417 1459 dubito,
2442 1392 2788 1475 dirigentium
2805 1396 2890 1451 vel
2913 1382 3115 1465 avium,
3134 1397 3221 1453 vel
3235 1400 3524 1469 pecudum,

1937 1484 2025 1541 vel
2057 1486 2101 1542 si
2151 1485 2412 1543 librarum
2459 1495 2796 1556 motuspaut
2836 1491 3066 1567 sortium
3103 1495 3401 1550 secundum
3455 1511 3521 1550 ea

1939 1577 2114 1649 signa,
2154 1593 2275 1648 quae
2296 1578 2597 1635 docuerunt
2635 1580 2796 1638 iidem
2834 1583 3108 1641 daemones
3148 1587 3427 1642 observari
3454 1588 3526 1642 ab

1940 1668 2027 1724 his
2080 1669 2276 1740 quibus
2322 1670 2459 1726 artis
2502 1671 2663 1743 hujus
2690 1670 3016 1741 ‘scientiam,
3059 1677 3397 1733 tradiderunt
3439 1698 3451 1733 :
3497 1694 3531 1734 a

239 1786 480 1833 vocant:
509 1752 638 1855 quia
653 1784 782 1827 suas
804 1782 996 1824 eorum
1015 1763 1225 1821 notitia:
1249 1761 1465 1819 divitias
1491 1772 1513 1800 ο
1537 1757 1837 1814 denudant.
1866 1752 1915 1814 B
1942 1762 2143 1835 quibus
2168 1764 2419 1820 omnibus
2444 1765 2515 1832 is,
2543 1766 2635 1837 qui
2663 1766 2825 1823 homo
2866 1760 2964 1823 Dei
2990 1777 3097 1836 est,
3120 1777 3176 1825 et
3198 1770 3254 1825 in
3280 1771 3532 1842 portione

241 1866 539 1938 Quousque
584 1849 731 1920 enim
758 1862 827 1918 ab
855 1866 1071 1916 internae
1094 1856 1286 1928 patria:
1317 1854 1612 1910 securitate
1634 1849 1838 1920 disjun—

240 1961 446 2045 gimur,
476 1955 617 2031 (per)
646 1957 699 2011 in
744 1953 1019 2010 latronum
1047 1947 1422 2006 insidiantium
1450 1947 1557 2002 iter
1593 1943 1838 2000 ambula-

240 2038 389 2108 mus.
410 2050 513 2119 Qui
536 2063 666 2121 ergo
692 2048 747 2104 in
770 2045 968 2102 itinere
989 2041 1289 2115 depraedari
1309 2039 1586 2105 formidat,
1608 2038 1838 2095 abscon-

239 2144 341 2201 dat
368 2159 593 2201 necesse
618 2150 702 2199 est
728 2142 893 2207 bona,
925 2152 1047 2210 quae
1078 2144 1277 2209 portat.
1307 2134 1351 2193 Ο
1381 2134 1591 2201 miseri,
1638 2134 1733 2205 qui
1758 2132 1840 2189 af-
1884 2211 1890 2217 .

241 2236 515 2294 tentantes
562 2233 748 2291 laudes
791 2231 1097 2296 hominum,
1127 2228 1184 2283 in
1226 2226 1537 2297 semetipsis
1575 2224 1841 2295 dissipant

242 2328 459 2386 fructus
482 2326 731 2383 laborum
754 2342 769 2380 :
797 2336 1031 2392 cumque
1055 2335 1115 2377 se
1135 2317 1425 2376 ostendere
1448 2315 1642 2372 alienis
1666 2313 1842 2371 oculis

244 2429 533 2493 appetunt,
579 2419 839 2475 damnant
861 2413 1008 2486 quod
1038 2420 1224 2485 agunt.
1254 2410 1401 2479 Quos
1444 2409 1704 2464 nimirum
1726 2422 1842 2463 ma-

242 2512 382 2586 ligni
417 2512 660 2583 spiritus,
687 2523 814 2565 cum
840 2505 909 2563 ad
929 2505 1249 2578 jactantiam
1272 2509 1596 2575 provocant,
1624 2514 1838 2567 eorum,

244 2607 395 2664 sicut
420 2605 674 2671 diximus,
709 2616 877 2673 Opera
933 2599 1271 2670 captivantes
1303 2595 1597 2652 denudant.
1646 2593 1673 2633 ἀ
1704 2592 1843 2648 Hinc

246 2709 337 2758 est
353 2699 522 2767 enim,
546 2697 689 2769 quod
709 2711 809 2769 per
830 2693 1182 2767 Evangelium
1200 2690 1403 2747 veritas
1425 2689 1556 2745 dicit
1580 2706 1593 2743 :
1621 2685 1839 2760 (Matth.

249 2808 335 2860 Vt,
382 2790 440 2863 ὅ)
479 2789 699 2847 Nesciat
733 2788 951 2844 sinistra
986 2795 1078 2840 tua
1102 2784 1230 2857 quid
1269 2783 1433 2853 faciat
1475 2782 1690 2836 dextera
1728 2789 1840 2844 tua,

244 2893 307 2938 nt
331 2884 401 2938 sit
424 2880 750 2952 eleemosyna
774 2889 867 2934 tua
886 2878 943 2933 in
983 2875 1311 2942 abscondito,
1336 2883 1384 2930 et
1407 2882 1557 2945 pater
1581 2869 1723 2939 tuus,
1755 2870 1847 2943 qui

245 2975 390 3031 uidet
444 2974 500 3028 in
539 2971 866 3038 abscondito,
918 2970 1096 3025 reddet
1144 2968 1259 3023 tibi.
1303 2966 1442 3024 Hinc
1470 2973 1576 3033 est,
1608 2965 1753 3038 quod
1780 2964 1847 3021 de

248 3066 551 3124 electorum
590 3064 835 3121 Ecclesia
882 3077 980 3134 per
1021 3054 1368 3117 Psalmistam
1410 3057 1613 3114 dicitur
1660 3076 1673 3113 :
1716 3055 1842 3127 (44,

1940 1850 2038 1908 Dei
2065 1861 2404 1921 numeratur,
2434 1855 2652 1925 penitus
2675 1857 2837 1913 debet
2863 1873 2984 1915 esse
3030 1859 3240 1916 alienus
3267 1879 3280 1914 :
3311 1876 3413 1917 nec
3433 1862 3533 1917 ali-

1941 1945 2071 2016 quid
2092 1944 2148 2000 in
2181 1945 2267 2001 his
2292 1946 2499 2003 habere
2520 1963 2825 2016 commune,
2859 1966 2980 2022 qua:
3006 1952 3237 2008 occultis
3266 1955 3532 2018 machinis

1940 2038 2218 2094 daemones
2235 2049 2549 2110 operantur,
2577 2057 2648 2097 ne
2674 2042 2816 2099 forte
2855 2059 3047 2100 rursus
3074 2059 3172 2114 per
3190 2045 3307 2102 haec
3333 2046 3532 2102 daemo-

1939 2129 2100 2186 nibus
2144 2131 2400 2198 societur,
2441 2140 2602 2207 atque
2650 2130 2839 2189 earum
2889 2134 3084 2206 spiritu
3100 2143 3166 2208 et
3211 2137 3415 2193 virtute
3443 2152 3531 2192 re-

1941 2222 2174 2294 pleatur,
2221 2231 2275 2279 et
2322 2225 2391 2279 ad
2422 2224 2692 2282 idolorum
2719 2227 2925 2283 cultum
2959 2229 3135 2285 denuo
3172 2229 3192 2268 ί
3225 2241 3529 2301 reparetur.

2012 2315 2145 2373 Post
2197 2317 2479 2400 aliquanta
2538 2316 2691 2391 (Cap.
2751 2336 2886 2386 xxn,
2948 2322 3037 2395 14)
3108 2323 3330 2391 dicitur,
3392 2325 3536 2395 quod

1941 2408 2143 2463 miserit
2203 2407 2385 2464 Josia's
2439 2410 2652 2465 nuntios
2709 2412 2779 2466 ad
2841 2411 3083 2468 Holdam.
3131 2416 3533 2485 prophetissam,

1941 2515 2161 2555 uxorem
2212 2485 2435 2567 Sellum,
2470 2517 2603 2583 qua:
2660 2501 2929 2557 habitabat
2977 2505 3033 2558 in
3091 2502 3426 2562 Hierusalem
3480 2509 3536 2562 in

1945 2588 2191 2647 Secunda
2220 2600 2442 2663 propter
2482 2592 2681 2649 librum
2709 2593 2844 2664 legis
2881 2594 3099 2664 divinat,
3137 2598 3234 2668 qui
3282 2598 3538 2656 inventus

1945 2684 2143 2743 fuerat.
2375 2673 2383 2680 ’

2022 2798 2042 2832 ι
2083 2783 2107 2822 ε
2129 2780 2269 2850 Quid
2294 2784 2399 2862 hoc
2436 2784 2542 2862 sit,
2596 2786 2741 2856 quod
2768 2788 2919 2856 dicit,
2953 2791 3098 2861 quod
3117 2791 3460 2860 ,habitaverit
3480 2793 3539 2848 in

1947 2872 2198 2932 Secunda
2248 2894 2261 2930 :
2311 2876 2366 2932 in
2412 2880 2679 2956 superiori
2699 2888 2853 2950 parte
2878 2882 2906 2922 ιι
2935 2883 3062 2939 libri
3092 2882 3251 2953 hujus
3276 2866 3541 2940 scribitur

1947 2966 2016 3023 de
2040 2966 2189 3039 Rege
2214 2966 2468 3037 Ezechia,
2499 2963 2780 3041 tediﬁcavit
2806 2989 3029 3046 quoque,
3063 2992 3222 3048 agens
3255 2976 3537 3045 industrie,

1949 3079 2153 3118 omnem
2197 3079 2434 3142 murum,
2485 3066 2576 3143 qui
2603 3064 2777 3141 fuerat
2799 3058 2805 3064 ’
2828 3068 3136 3140 dissipatus.
3169 3070 3239 3125 Et
3277 3073 3539 3139 exstruxit
3574 3082 3577 3085 '

250 3119 807 3232 II)-
848 3119 964 3227 ejus
1014 3154 1144 3223 ﬁlia:
1200 3154 1336 3224 regis
1387 3151 1452 3206 ab
1495 3150 1655 3205 intus.
1708 3119 1847 3223 Illuc
1873 3119 1918 3183 Ο
1950 3165 2119 3211 turres
2165 3119 2510 3233 desuper,'et'

249 3248 456 3308 Paulus
497 3250 575 3304 ait
605 3267 618 3303 :
649 3246 735 3321 (II
766 3245 945 3304 Corin.
977 3263 1020 3314 ι,
1053 3244 1143 3317 12)
1172 3242 1357 3300 Gloria
1386 3252 1566 3299 nostra
1593 3243 1705 3298 haec
1744 3251 1844 3309 est,

252 3341 610 3399 testimonium
637 3340 968 3395 conscientiw
1009 3347 1224 3395 nostrae.
1263 3336 1402 3393 Filia
1434 3336 1632 3408 quippe
1657 3351 1844 3407 regum

250 3431 522 3500 Ecclesia,
555 3446 679 3504 qua:
705 3431 763 3486 in
796 3431 941 3487 bono
978 3438 1065 3486 est
1091 3445 1257 3502 opere
1298 3429 1663 3501 spiritualium
1691 3428 1844 3501 prin-

257 3527 446 3598 cipum
471 3520 856 3596 przedicatione
900 3531 1184 3596 generata,
1222 3523 1448 3595 gloriam
1480 3522 1628 3578 intus
1672 3523 1839 3578 habet

253 3620 387 3692 quia
436 3620 539 3675 hoc
569 3618 715 3689 quod
740 3617 886 3690 agit,
930 3618 986 3673 in
1028 3617 1410 3674 ostentationis
1444 3615 1710 3686 jactantia
1739 3632 1849 3672 non

254 3712 445 3769 habet.
474 3709 717 3768 Gloriam
739 3727 896 3768 suam
937 3709 1137 3766 Paulus
1165 3710 1537 3767 testimonium
1566 3710 1852 3766 conscien-

256 3806 353 3862 tia:
384 3813 673 3872 memorat,
703 3805 831 3876 quia
858 3804 989 3860 dum
1031 3802 1246 3859 favores
1274 3802 1388 3858 oris
1427 3800 1593 3858 alieni
1620 3816 1728 3859 non
1758 3817 1849 3873 ap-

253 3896 419 3971 petit,
462 3897 589 3953 vita‘.
634 3911 747 3953 sua:
801 3897 996 3968 gaudia
1038 3903 1196 3951 extra
1250 3895 1601 3965 semetipsum
1648 3904 1851 3963 ponert.

255 3990 498 4063 ignorat.
549 3986 882 4047 Occultanda
922 3996 1050 4046 sunt
1073 4002 1205 4059 ergo
1231 4002 1351 4058 quze
1378 3987 1610 4058 agimus,
1642 4002 1712 4042 ne
1735 3988 1852 4042 haec

258 4083 320 4140 in
348 4081 516 4154 hujus
546 4082 672 4138 vitae
694 4080 893 4140 itinere
927 4082 1145 4138 incaute
1176 4089 1481 4151 portantes,
1524 4079 1854 4137 latrocinan-

258 4177 403 4233 tium
423 4175 712 4247 spirituum
741 4175 1053 4232 incursione
1080 4173 1392 4247 perdamus.
1440 4195 1459 4229 ι

1948 3245 2109 3301 minit
2146 3231 2306 3315 hujus
2333 3246 2439 3304 loci
2488 3231 2792 3319 Sophonias
2845 3251 3032 3308 dicens
3064 3271 3078 3307 :
3109 3251 3260 3325 (Cap.
3294 3270 3334 3321 ι,
3364 3271 3411 3310 ν.
3444 3254 3535 3326 10)

1957 3332 2074 3391 Voa:
2098 3335 2343 3393 clamoris
2374 3338 2445 3393 ad
2483 3349 2691 3414 portam
2736 3342 2981 3413 piscium,
3017 3354 3067 3399 et
3092 3343 3329 3400 ululatus
3351 3347 3421 3401 ad
3444 3345 3539 3403 Se-

1947 3428 2176 3484 cundam
2205 3444 2224 3482 :
2250 3446 2349 3502 pro
2374 3446 2481 3503 qua
2516 3441 2672 3505 vetus
2721 3435 2889 3491 editio
2937 3437 3092 3507 quasi
3120 3439 3401 3509 proprium
3442 3456 3542 3498 no-

1949 3534 2075 3574 men
2127 3519 2229 3576 loci
2283 3522 2557 3579 transtulit
2604 3524 2660 3578 in
2716 3526 2734 3566 i
2800 3525 3042 3583 Masana.
3093 3519 3313 3585 Masana
3343 3533 3541 3604 quippe

1950 3608 2656 3696 interpretatur.Secunda.
2687 3612 2841 3692 QuOd
2868 3640 2998 3698 ergo
3025 3626 3225 3697 dicitur
3258 3630 3374 3685 haec
3413 3645 3541 3699 pro-
3574 3678 3577 3681 λ

1948 3710 2189 3780 phetissa
2243 3711 2520 3791 habitasse
2576 3714 2631 3769 in
2671 3712 2921 3771 Secunda
2973 3734 2986 3770 :
3030 3717 3088 3773 in
3129 3719 3352 3775 secundi
3398 3721 3541 3775 muri

1950 3803 2145 3874 partei
2189 3803 2491 3883 intelligere
2520 3806 2798 3879 debemus.
2846 3826 2865 3858 ι

2026 3903 2135 3978 (Ν
2158 3903 2474 3976 Reg-xm.
2506 3904 2620 3976 18.)
2654 3903 2783 3976 Regi
2835 3914 3009 3961 autem
3052 3906 3222 3974 Iuda,
3264 3908 3356 3980 qui
3399 3910 3545 3964 misi:
3580 3936 3583 3941 η

1954 4014 2064 4063 vos,
2092 4006 2150 4051 ut
2174 3995 2510 4052 consuleretis
2544 3996 2850 4064 Dominum,
2878 3999 2955 4053 sic
3000 3998 3184 4055 dicetis
3211 4016 3231 4055 :
3258 3998 3391 4057 Hec
3414 4002 3544 4057 dicit

1955 4097 2211 4153 Dominus
2230 4096 2374 4155 Deus
2398 4096 2570 4151 Israel
2597 4110 2616 4148 :
2652 4093 2761 4152 Pro
2784 4114 2844 4153 eo
2879 4098 3019 4170 quod
3055 4099 3252 4156 audisti
3280 4101 3433 4157 verba
3458 4116 3546 4157 oo-

1957 4188 2269 4257 luminis,'et
2302 4191 2638 4262 perterritum
2671 4201 2748 4247 est
2769 4208 2860 4249 cor.
2881 4202 3052 4260 tuum,
3083 4201 3131 4249 et
3160 4194 3470 4250 humiliatus
3490 4210 3544 4250 es

336 4288 452 4361 (21,
489 4286 567 4361 1.)
599 4287 891 4344 Duodecim
926 4302 1190 4343 annorum
1240 4295 1355 4341 erat
1405 4285 1680 4342 Manasses
1736 4303 1856 4341 cum
1959 4300 2136 4340 coram
2180 4284 2432 4351 Domino,
2454 4285 2650 4342 auditis
2680 4287 3006 4342 sermonibus
3051 4292 3235 4343 contra
3261 4289 3434 4343 locum
3468 4288 3541 4344 is-

260 4397 486 4454 regnare
525 4382 780 4453 coepisset,
811 4390 860 4435 et
888 4379 1266 4452 quinquaginta
1303 4380 1530 4452 quinque
1582 4380 1736 4435 annis
1782 4396 1862 4434 re-
1961 4384 2092 4443 tum,
2123 4384 2173 4431 et
2199 4375 2517 4431 habitatores
2542 4377 2678 4450 ejus,
2711 4378 2850 4448 quod
2886 4378 3123 4433 videlicet
3146 4379 3330 4449 fierent
3358 4380 3413 4433 in
3430 4390 3545 4434 stu-

264 4472 444 4545 gnavit
470 4473 528 4527 in
571 4470 930 4527 Hierusalem.
964 4469 1215 4542 Fecitque
1252 4468 1453 4524 malum
1498 4469 1553 4523 in
1581 4480 1857 4542 conspectu
1884 4482 1937 4544 D
1960 4485 2158 4541 parem,
2183 4477 2230 4523 et
2250 4468 2306 4523 in
2331 4467 2707 4524 maledictum:
2738 4479 2785 4525 et
2800 4471 3003 4526 scidisti
3028 4473 3330 4527 uestimenta
3354 4482 3469 4538 tua,
3495 4483 3546 4525 et

263 4563 485 4620 Domini
495 4564 657 4634 juxta
690 4561 836 4617 idola
876 4563 1131 4634 gentium,
1165 4578 1298 4635 quas
1327 4560 1517 4616 delevit
1542 4561 1799 4617 Dominus
1825 4580 1858 4617 a
1961 4561 2149 4633 ﬂeuisti
2193 4577 2372 4615 coram
2421 4577 2526 4627 me,
2582 4571 2632 4616 et
2681 4577 2774 4633 ego
2825 4562 3025 4628 audivi,
3060 4562 3187 4617 dicit
3238 4562 3497 4617 Dominus
3524 4574 3546 4613 :

266 4655 409 4727 {acie
446 4653 680 4725 ﬁliorum
703 4652 895 4709 Israel.
924 4652 1317 4726 Conversusque
1357 4661 1454 4719 est,
1480 4661 1529 4707 et
1576 4652 1859 4723 aediﬁcavit
1962 4652 2170 4709 Idcirco
2216 4651 2460 4724 colligam
2506 4663 2557 4709 te
2610 4655 2684 4708 ad
2714 4662 2890 4724 patres
2918 4663 3066 4720 tuos,
3097 4664 3147 4709 et
3175 4653 3435 4725 colligeris
3478 4672 3548 4710 aa

266 4745 498 4813 excelsa,
544 4762 664 4818 qua:
700 4746 1061 4830 dissipanerat.
1088 4744 1348 4801 Ezechias
1392 4753 1544 4816 pater
1591 4745 1708 4816 ejus
1750 4759 1770 4798 :
1813 4755 1863 4801 et
1961 4743 2256 4815 sepulcrum
2302 4753 2451 4798 tuum
2492 4745 2549 4799 in
2598 4762 2746 4816 pace,
2793 4753 2849 4799 ut
2895 4762 2998 4800 non
3048 4745 3255 4800 videant
3285 4744 3426 4799 oculi
3469 4746 3550 4801 tui
3585 4768 3589 4772 ι

268 4840 438 4896 erexit
456 4856 580 4894 aras
601 4837 758 4905 Baal,
782 4848 832 4893 et
854 4839 977 4910 fecit
999 4836 1171 4905 lucos,
1188 4839 1325 4894 sicut
1346 4838 1546 4910 fecerat
1563 4838 1742 4893 Achab
1768 4856 1865 4895 rea:
1964 4835 2141 4891 omnia
2163 4835 2326 4901 mala,
2346 4852 2465 4907 qua:
2485 4835 2796 4890 inducturus
2816 4852 2931 4891 sum
2955 4853 3111 4908 super
3128 4834 3302 4890 locum
3323 4836 3481 4890 istum
3498 4838 3569 4891 li.-

269 4930 471 4997 Israel,
509 4940 559 4987 et
599 4930 843 4986 adorabit
887 4947 1091 4986 omnem
1133 4930 1380 4986 militiam
1426 4928 1560 4997 ctzli,
1618 4939 1667 4986 et
1700 4930 1862 4986 coluit
2046 4945 2064 4978 ι
2106 4927 2353 4984 Territus
2383 4928 2488 4984 iste
2515 4928 2615 4984 Dei
2662 4928 3175 4987 comminationibus
3221 4927 3460 4993 ﬂeverat,
3494 4937 3552 4984 et

271 5036 412 5078 eam.
443 5017 514 5075 Et
540 5020 799 5076 exstruxit
827 5037 950 5075 aras
978 5020 1033 5075 in
1058 5020 1214 5077 domo
1240 5018 1479 5088 Domini,
1503 5020 1570 5076 de
1601 5037 1706 5094 qua
1728 5020 1864 5077 dixit
1970 5035 2071 5077 sua
2101 5022 2425 5078 vestimenta
2449 5022 2811 5078 consciderat.
2837 5028 2892 5076 et
2920 5021 2983 5076 tit
3009 5020 3253 5075 omnium
3285 5018 3553 5076 malorum

349 5235 378 5264 ι
405 5219 628 5277 Laudis.

350 5291 381 5334 ι»
412 5291 692 5347 Provocat.

353 5375 377 5404 τ
414 5362 521 5428 Qui
545 5364 799 5420 denudat.

2048 5226 2077 5268 ιι
2105 5226 2163 5283 ld
2176 5236 2260 5285 est
2283 5228 2347 5285 ll.
2370 5229 2530 5286 Para.
2560 5230 2651 5297 32,
2678 5230 2731 5285 5.
2764 5229 2832 5284 Et
2860 5242 3049 5284 revera
3074 5225 3323 5294 Beda,ex
3341 5231 3552 5297 quem!

1978 5298 2239 5373 diximus,
2290 5302 2589 5373 desumpsit
2630 5294 2907 5373 Claudius,
2956 5300 3072 5373 haec
3098 5299 3277 5365 habet,
3320 5294 3377 5373 in
3423 5294 3555 5350 libro

1979 5366 2424 5443 Paralipomenon
2446 5366 2765 5441 declaratur,
2798 5366 2899 5431 ubi
2924 5370 3187 5443 scriptum
3211 5378 3296 5428 est
3321 5370 3390 5426 de
3418 5380 3555 5438 prte-
3606 5423 3613 5437 ,

350 5434 379 5475 d
410 5432 593 5513 Multis
621 5434 920 5513 interjectis
948 5435 1103 5513 addit
1147 5436 1551 5513 subsequentia.
1602 5434 1781 5513 Atque
1802 5451 1872 5493 ex
1975 5438 2089 5496 fato
2117 5432 2264 5513 Rege
2290 5443 2542 5501 Ezechia.

283 5508 391 5567 hoc
419 5505 785 5581 quidemloco
810 5515 1024 5581 constat
1045 5505 1511 5581 Claudium'plane
1535 5505 1872 5581 sequi—Pate-
2054 5513 2073 5554 i
2115 5505 2355 5570 Ma'sena.

284 5581 457 5657 rium“,
481 5577 576 5657 qui
614 5578 666 5634 id
690 5580 869 5650 ipsum
891 5579 1019 5652 agit.
1351 5577 1369 5581 “
1613 5577 1634 5581 ⁷
2052 5582 2067 5635 i
2104 5584 2362 5657 Intellige.

359 5663 386 5732 ξ
416 5648 728 5732 Python“?
822 5721 838 5732 ,
862 5722 893 5732 __
930 5648 949 5652 ’
1178 5725 1190 5732 _
2055 5656 2082 5696 ι
2109 5656 2239 5725 Quae
2267 5648 2571 5732 sequuntur
2616 5659 2839 5732 tradidit
2877 5657 3211 5732 Augustinus
3236 5674 3389 5715 num.
3418 5650 3487 5712 l6
3507 5670 3554 5712 θ’

364 5722 397 5807 f_
411 5721 731 5807 thegendum
762 5721 997 5807 arbitror
1030 5725 1346 5807 retrahhatur.
1387 5799 1402 5807 _
1428 5796 1460 5807 __
1521 5804 1530 5807 Α
1731 5805 1738 5807 _
1792 5794 1856 5807 Μ
1984 5721 2151 5801 δεψιῖ
2182 5721 2361 5803 εαρρί
2386 5730 2472 5786 15.
2504 5738 2561 5787 et
2602 5747 2757 5803 seqq.
2782 5731 2904 5788 lilsri
2932 5721 2997 5788 de
3036 5730 3179 5788 Cura
3212 5739 3536 5788 mortuorum

366 5792 839 5869 ‘Explicationem
857 5795 957 5851 loci
982 5795 1142 5869 hujus
1155 5797 1296 5853 Beda
1318 5796 1552 5867 exhibet,
1572 5805 1764 5870 qumst.
1787 5794 1875 5852 26.
