  <div class='ocr_page' id='page_1' title='image "/cluster/home/n/w/nwhite01/storage/ocr_20150623/104/hvd.32044015466824/427.png"; bbox 0 0 4056 6350; ppageno 0'>
   <div class='ocr_carea' id='block_1_1' title="bbox 481 333 584 398">
    <p class='ocr_par' dir='ltr' id='par_1_1' title="bbox 481 333 584 398">
     <span class='ocr_line' id='line_1_1' title="bbox 481 333 584 398; baseline 0 0"><span class='ocrx_word' id='word_1_1' title='bbox 481 333 584 398; x_wconf 72' lang='grc' dir='ltr'><strong>8(Β</strong></span> 
     </span>
    </p>
   </div>
   <div class='ocr_carea' id='block_1_2' title="bbox 1544 304 2657 382">
    <p class='ocr_par' dir='ltr' id='par_1_2' title="bbox 1544 304 2657 382">
     <span class='ocr_line' id='line_1_2' title="bbox 1544 304 2657 382; baseline -0.012 0"><span class='ocrx_word' id='word_1_2' title='bbox 1544 320 1819 382; x_wconf 81' lang='lat' dir='ltr'><strong>CLAUDII</strong></span> <span class='ocrx_word' id='word_1_3' title='bbox 1857 310 2320 378; x_wconf 75' lang='lat' dir='ltr'><strong>TAURINENSIS</strong></span> <span class='ocrx_word' id='word_1_4' title='bbox 2349 304 2657 372; x_wconf 85' lang='lat' dir='ltr'><strong>EPlSCOPl</strong></span> 
     </span>
    </p>
   </div>
   <div class='ocr_carea' id='block_1_3' title="bbox 3639 299 3768 365">
    <p class='ocr_par' dir='ltr' id='par_1_3' title="bbox 3639 299 3768 365">
     <span class='ocr_line' id='line_1_3' title="bbox 3639 299 3768 365; baseline -0.016 -1"><span class='ocrx_word' id='word_1_5' title='bbox 3639 299 3768 365; x_wconf 69' lang='grc'><strong>804</strong></span> 
     </span>
    </p>
   </div>
   <div class='ocr_carea' id='block_1_4' title="bbox 482 419 3773 517">
    <p class='ocr_par' dir='ltr' id='par_1_4' title="bbox 482 419 3773 517">
     <span class='ocr_line' id='line_1_4' title="bbox 482 419 3773 517; baseline -0.01 -8"><span class='ocrx_word' id='word_1_6' title='bbox 482 454 786 510; x_wconf 84' lang='lat' dir='ltr'><strong>futurorum</strong></span> <span class='ocrx_word' id='word_1_7' title='bbox 820 441 888 502; x_wconf 91' lang='lat' dir='ltr'><strong>de</strong></span> <span class='ocrx_word' id='word_1_8' title='bbox 931 448 1234 517; x_wconf 71' lang='lat' dir='ltr'><strong>prmparata</strong></span> <span class='ocrx_word' id='word_1_9' title='bbox 1283 447 1460 498; x_wconf 89' lang='lat' dir='ltr'><strong>morte</strong></span> <span class='ocrx_word' id='word_1_10' title='bbox 1503 453 1747 504; x_wconf 81' lang='lat' dir='ltr'><strong>securus,</strong></span> <span class='ocrx_word' id='word_1_11' title='bbox 1795 437 1926 509; x_wconf 89' lang='lat' dir='ltr'><strong>quid</strong></span> <span class='ocrx_word' id='word_1_12' title='bbox 1983 437 2059 493; x_wconf 90' lang='lat' dir='ltr'><strong>ita</strong></span> <span class='ocrx_word' id='word_1_13' title='bbox 2086 438 2140 499; x_wconf 85' lang='grc' dir='ltr'><strong>Α</strong></span> <span class='ocrx_word' id='word_1_14' title='bbox 2163 433 2423 490; x_wconf 87' lang='lat' dir='ltr'><strong>tulerunt.</strong></span> <span class='ocrx_word' id='word_1_15' title='bbox 2452 430 2684 487; x_wconf 83' lang='lat' dir='ltr'><strong>Possunt</strong></span> <span class='ocrx_word' id='word_1_16' title='bbox 2722 426 2888 482; x_wconf 89' lang='lat' dir='ltr'><strong>etiam</strong></span> <span class='ocrx_word' id='word_1_17' title='bbox 2914 419 3138 496; x_wconf 76' lang='lat' dir='ltr'><strong>spiritus</strong></span> <span class='ocrx_word' id='word_1_18' title='bbox 3162 429 3502 479; x_wconf 86' lang='lat' dir='ltr'><strong>mortuorum</strong></span> <span class='ocrx_word' id='word_1_19' title='bbox 3538 420 3773 492; x_wconf 83' lang='lat' dir='ltr'><strong>aliqua,</strong></span> 
     </span>
    </p>
   </div>
   <div class='ocr_carea' id='block_1_5' title="bbox 481 531 2057 617">
    <p class='ocr_par' dir='ltr' id='par_1_5' title="bbox 481 531 2057 617">
     <span class='ocr_line' id='line_1_5' title="bbox 481 531 2057 617; baseline -0.011 -15"><span class='ocrx_word' id='word_1_20' title='bbox 481 544 827 617; x_wconf 87' lang='lat' dir='ltr'><strong>requieturus</strong></span> <span class='ocrx_word' id='word_1_21' title='bbox 849 545 992 594; x_wconf 89' lang='lat' dir='ltr'><strong>esset</strong></span> <span class='ocrx_word' id='word_1_22' title='bbox 1020 537 1075 591; x_wconf 91' lang='lat' dir='ltr'><strong>in</strong></span> <span class='ocrx_word' id='word_1_23' title='bbox 1102 551 1258 606; x_wconf 89' lang='lat' dir='ltr'><strong>pace,</strong></span> <span class='ocrx_word' id='word_1_24' title='bbox 1297 542 1358 589; x_wconf 87' lang='lat' dir='ltr'><strong>ut</strong></span> <span class='ocrx_word' id='word_1_25' title='bbox 1378 534 1467 589; x_wconf 90' lang='lat' dir='ltr'><strong>illa</strong></span> <span class='ocrx_word' id='word_1_26' title='bbox 1494 534 1673 588; x_wconf 83' lang='lat' dir='ltr'><strong>omnia</strong></span> <span class='ocrx_word' id='word_1_27' title='bbox 1700 546 1807 587; x_wconf 89' lang='lat' dir='ltr'><strong>non</strong></span> <span class='ocrx_word' id='word_1_28' title='bbox 1829 531 2057 585; x_wconf 84' lang='lat' dir='ltr'><strong>videret.</strong></span> 
     </span>
    </p>
   </div>
   <div class='ocr_carea' id='block_1_6' title="bbox 480 620 2062 704">
    <p class='ocr_par' dir='ltr' id='par_1_6' title="bbox 480 620 2062 704">
     <span class='ocr_line' id='line_1_6' title="bbox 480 620 2062 704; baseline -0.01 -13"><span class='ocrx_word' id='word_1_29' title='bbox 480 635 559 691; x_wconf 89' lang='lat' dir='ltr'><strong>lbi</strong></span> <span class='ocrx_word' id='word_1_30' title='bbox 579 644 710 704; x_wconf 83' lang='lat' dir='ltr'><strong>ergo</strong></span> <span class='ocrx_word' id='word_1_31' title='bbox 733 639 860 687; x_wconf 89' lang='lat' dir='ltr'><strong>sunt</strong></span> <span class='ocrx_word' id='word_1_32' title='bbox 903 628 1127 699; x_wconf 79' lang='lat' dir='ltr'><strong>spiritus</strong></span> <span class='ocrx_word' id='word_1_33' title='bbox 1155 625 1557 691; x_wconf 76' lang='lat' dir='ltr'><strong>defunctorum,</strong></span> <span class='ocrx_word' id='word_1_34' title='bbox 1604 624 1696 679; x_wconf 90' lang='lat' dir='ltr'><strong>ubi</strong></span> <span class='ocrx_word' id='word_1_35' title='bbox 1734 636 1841 678; x_wconf 89' lang='lat' dir='ltr'><strong>non</strong></span> <span class='ocrx_word' id='word_1_36' title='bbox 1874 620 2062 677; x_wconf 85' lang='lat' dir='ltr'><strong>vident</strong></span> 
     </span>
    </p>
   </div>
   <div class='ocr_carea' id='block_1_7' title="bbox 483 713 2065 799">
    <p class='ocr_par' dir='ltr' id='par_1_7' title="bbox 483 713 2065 799">
     <span class='ocr_line' id='line_1_7' title="bbox 483 713 2065 799; baseline -0.011 -15"><span class='ocrx_word' id='word_1_37' title='bbox 483 741 817 799; x_wconf 73' lang='lat' dir='ltr'><strong>quaecunque</strong></span> <span class='ocrx_word' id='word_1_38' title='bbox 861 730 1127 796; x_wconf 89' lang='lat' dir='ltr'><strong>aguntur,-</strong></span> <span class='ocrx_word' id='word_1_39' title='bbox 1153 729 1246 775; x_wconf 89' lang='lat' dir='ltr'><strong>aut</strong></span> <span class='ocrx_word' id='word_1_40' title='bbox 1274 718 1529 774; x_wconf 86' lang='lat' dir='ltr'><strong>eveniunt</strong></span> <span class='ocrx_word' id='word_1_41' title='bbox 1561 717 1615 771; x_wconf 93' lang='lat' dir='ltr'><strong>in</strong></span> <span class='ocrx_word' id='word_1_42' title='bbox 1654 716 1756 771; x_wconf 90' lang='lat' dir='ltr'><strong>ista</strong></span> <span class='ocrx_word' id='word_1_43' title='bbox 1779 715 1889 769; x_wconf 91' lang='lat' dir='ltr'><strong>vita</strong></span> <span class='ocrx_word' id='word_1_44' title='bbox 1914 725 1940 754; x_wconf 78' lang='grc' dir='ltr'><strong>ιι</strong></span> <span class='ocrx_word' id='word_1_45' title='bbox 1966 713 2065 767; x_wconf 90' lang='lat' dir='ltr'><strong>ho-</strong></span> 
     </span>
    </p>
   </div>
   <div class='ocr_carea' id='block_1_8' title="bbox 484 812 2066 890">
    <p class='ocr_par' dir='ltr' id='par_1_8' title="bbox 484 812 2066 890">
     <span class='ocr_line' id='line_1_8' title="bbox 484 812 2066 890; baseline -0.008 -10"><span class='ocrx_word' id='word_1_46' title='bbox 484 826 711 881; x_wconf 88' lang='lat' dir='ltr'><strong>minum.</strong></span> <span class='ocrx_word' id='word_1_47' title='bbox 735 821 1018 890; x_wconf 84' lang='lat' dir='ltr'><strong>Quomodo</strong></span> <span class='ocrx_word' id='word_1_48' title='bbox 1040 833 1168 889; x_wconf 88' lang='lat' dir='ltr'><strong>ergo</strong></span> <span class='ocrx_word' id='word_1_49' title='bbox 1189 819 1371 874; x_wconf 88' lang='lat' dir='ltr'><strong>vident</strong></span> <span class='ocrx_word' id='word_1_50' title='bbox 1395 812 1629 871; x_wconf 87' lang='lat' dir='ltr'><strong>tumulos</strong></span> <span class='ocrx_word' id='word_1_51' title='bbox 1655 822 1801 881; x_wconf 84' lang='lat' dir='ltr'><strong>suos,</strong></span> <span class='ocrx_word' id='word_1_52' title='bbox 1834 819 1928 868; x_wconf 91' lang='lat' dir='ltr'><strong>aut</strong></span> <span class='ocrx_word' id='word_1_53' title='bbox 1946 827 2066 868; x_wconf 88' lang='lat' dir='ltr'><strong>cor-</strong></span> 
     </span>
    </p>
   </div>
   <div class='ocr_carea' id='block_1_9' title="bbox 484 906 2063 990">
    <p class='ocr_par' dir='ltr' id='par_1_9' title="bbox 484 906 2063 990">
     <span class='ocr_line' id='line_1_9' title="bbox 484 906 2063 990; baseline -0.008 -17"><span class='ocrx_word' id='word_1_54' title='bbox 484 933 619 990; x_wconf 89' lang='lat' dir='ltr'><strong>pora</strong></span> <span class='ocrx_word' id='word_1_55' title='bbox 671 930 786 980; x_wconf 91' lang='lat' dir='ltr'><strong>sua,</strong></span> <span class='ocrx_word' id='word_1_56' title='bbox 814 922 997 969; x_wconf 91' lang='lat' dir='ltr'><strong>utrum</strong></span> <span class='ocrx_word' id='word_1_57' title='bbox 1024 912 1235 983; x_wconf 87' lang='lat' dir='ltr'><strong>abjecta</strong></span> <span class='ocrx_word' id='word_1_58' title='bbox 1268 911 1504 983; x_wconf 88' lang='lat' dir='ltr'><strong>jaceant,</strong></span> <span class='ocrx_word' id='word_1_59' title='bbox 1561 924 1629 963; x_wconf 90' lang='lat' dir='ltr'><strong>an</strong></span> <span class='ocrx_word' id='word_1_60' title='bbox 1662 906 1907 978; x_wconf 88' lang='lat' dir='ltr'><strong>sepulta?</strong></span> <span class='ocrx_word' id='word_1_61' title='bbox 1928 919 2063 977; x_wconf 91' lang='lat' dir='ltr'><strong>quo-</strong></span> 
     </span>
    </p>
   </div>
   <div class='ocr_carea' id='block_1_10' title="bbox 488 996 2069 1069">
    <p class='ocr_par' dir='ltr' id='par_1_10' title="bbox 488 996 2069 1069">
     <span class='ocr_line' id='line_1_10' title="bbox 488 996 2069 1069; baseline -0.009 -4"><span class='ocrx_word' id='word_1_62' title='bbox 488 1008 649 1065; x_wconf 87' lang='lat' dir='ltr'><strong>modo</strong></span> <span class='ocrx_word' id='word_1_63' title='bbox 680 1007 948 1061; x_wconf 90' lang='lat' dir='ltr'><strong>intersunt</strong></span> <span class='ocrx_word' id='word_1_64' title='bbox 977 1004 1209 1059; x_wconf 73' lang='lat' dir='ltr'><strong>miserim</strong></span> <span class='ocrx_word' id='word_1_65' title='bbox 1240 1003 1506 1067; x_wconf 89' lang='lat' dir='ltr'><strong>vivorum,</strong></span> <span class='ocrx_word' id='word_1_66' title='bbox 1534 1015 1657 1056; x_wconf 90' lang='lat' dir='ltr'><strong>cum</strong></span> <span class='ocrx_word' id='word_1_67' title='bbox 1705 996 1791 1054; x_wconf 98' lang='lat' dir='ltr'><strong>vel</strong></span> <span class='ocrx_word' id='word_1_68' title='bbox 1836 1014 1931 1053; x_wconf 90' lang='lat' dir='ltr'><strong>sua</strong></span> <span class='ocrx_word' id='word_1_69' title='bbox 1968 996 2069 1069; x_wconf 88' lang='lat' dir='ltr'><strong>ipsi</strong></span> 
     </span>
    </p>
   </div>
   <div class='ocr_carea' id='block_1_11' title="bbox 489 1088 2071 1171">
    <p class='ocr_par' dir='ltr' id='par_1_11' title="bbox 489 1088 2071 1171">
     <span class='ocr_line' id='line_1_11' title="bbox 489 1088 2071 1171; baseline -0.008 -15"><span class='ocrx_word' id='word_1_70' title='bbox 489 1101 631 1157; x_wconf 89' lang='lat' dir='ltr'><strong>mala</strong></span> <span class='ocrx_word' id='word_1_71' title='bbox 657 1099 952 1171; x_wconf 86' lang='lat' dir='ltr'><strong>patiantur,</strong></span> <span class='ocrx_word' id='word_1_72' title='bbox 982 1096 1026 1152; x_wconf 90' lang='lat' dir='ltr'><strong>si</strong></span> <span class='ocrx_word' id='word_1_73' title='bbox 1055 1095 1181 1150; x_wconf 86' lang='lat' dir='ltr'><strong>talia</strong></span> <span class='ocrx_word' id='word_1_74' title='bbox 1215 1094 1409 1149; x_wconf 88' lang='lat' dir='ltr'><strong>merita</strong></span> <span class='ocrx_word' id='word_1_75' title='bbox 1439 1098 1866 1148; x_wconf 81' lang='lat' dir='ltr'><strong>contraxerunt:</strong></span> <span class='ocrx_word' id='word_1_76' title='bbox 1896 1088 1982 1145; x_wconf 91' lang='lat' dir='ltr'><strong>vel</strong></span> <span class='ocrx_word' id='word_1_77' title='bbox 2014 1089 2071 1144; x_wconf 88' lang='lat' dir='ltr'><strong>in</strong></span> 
     </span>
    </p>
   </div>
   <div class='ocr_carea' id='block_1_12' title="bbox 491 1179 2071 1262">
    <p class='ocr_par' dir='ltr' id='par_1_12' title="bbox 491 1179 2071 1262">
     <span class='ocr_line' id='line_1_12' title="bbox 491 1179 2071 1262; baseline -0.007 -19"><span class='ocrx_word' id='word_1_78' title='bbox 491 1205 625 1262; x_wconf 87' lang='lat' dir='ltr'><strong>pace</strong></span> <span class='ocrx_word' id='word_1_79' title='bbox 659 1189 1020 1258; x_wconf 85' lang='lat' dir='ltr'><strong>requiescant,</strong></span> <span class='ocrx_word' id='word_1_80' title='bbox 1064 1185 1204 1241; x_wconf 88' lang='lat' dir='ltr'><strong>sicut</strong></span> <span class='ocrx_word' id='word_1_81' title='bbox 1228 1183 1356 1239; x_wconf 84' lang='lat' dir='ltr'><strong>huic</strong></span> <span class='ocrx_word' id='word_1_82' title='bbox 1401 1180 1561 1238; x_wconf 68' lang='lat' dir='ltr'><strong>Iasiae</strong></span> <span class='ocrx_word' id='word_1_83' title='bbox 1607 1179 1934 1252; x_wconf 88' lang='lat' dir='ltr'><strong>promissum</strong></span> <span class='ocrx_word' id='word_1_84' title='bbox 1963 1185 2071 1246; x_wconf 89' lang='lat' dir='ltr'><strong>est,</strong></span> 
     </span>
    </p>
   </div>
   <div class='ocr_carea' id='block_1_13' title="bbox 492 1272 2075 1349">
    <p class='ocr_par' dir='ltr' id='par_1_13' title="bbox 492 1272 2075 1349">
     <span class='ocr_line' id='line_1_13' title="bbox 492 1272 2075 1349; baseline -0.008 -10"><span class='ocrx_word' id='word_1_85' title='bbox 492 1283 585 1339; x_wconf 90' lang='lat' dir='ltr'><strong>ubi</strong></span> <span class='ocrx_word' id='word_1_86' title='bbox 609 1282 751 1337; x_wconf 90' lang='lat' dir='ltr'><strong>mala</strong></span> <span class='ocrx_word' id='word_1_87' title='bbox 786 1278 953 1345; x_wconf 86' lang='lat' dir='ltr'><strong>nulla,</strong></span> <span class='ocrx_word' id='word_1_88' title='bbox 983 1293 1084 1333; x_wconf 87' lang='lat' dir='ltr'><strong>nec</strong></span> <span class='ocrx_word' id='word_1_89' title='bbox 1110 1273 1385 1347; x_wconf 88' lang='lat' dir='ltr'><strong>patiendo,</strong></span> <span class='ocrx_word' id='word_1_90' title='bbox 1418 1290 1521 1331; x_wconf 89' lang='lat' dir='ltr'><strong>nec</strong></span> <span class='ocrx_word' id='word_1_91' title='bbox 1551 1272 1929 1349; x_wconf 86' lang='lat' dir='ltr'><strong>compatiendo</strong></span> <span class='ocrx_word' id='word_1_92' title='bbox 1955 1285 2075 1327; x_wconf 87' lang='lat' dir='ltr'><strong>sus-</strong></span> 
     </span>
    </p>
   </div>
   <div class='ocr_carea' id='block_1_14' title="bbox 495 1366 2076 1441">
    <p class='ocr_par' dir='ltr' id='par_1_14' title="bbox 495 1366 2076 1441">
     <span class='ocr_line' id='line_1_14' title="bbox 495 1366 2076 1441; baseline -0.009 -8"><span class='ocrx_word' id='word_1_93' title='bbox 495 1373 955 1441; x_wconf 87' lang='lat' dir='ltr'><strong>tineant,liberati</strong></span> <span class='ocrx_word' id='word_1_94' title='bbox 990 1372 1058 1427; x_wconf 91' lang='lat' dir='ltr'><strong>ab</strong></span> <span class='ocrx_word' id='word_1_95' title='bbox 1091 1369 1342 1427; x_wconf 89' lang='lat' dir='ltr'><strong>omnibus</strong></span> <span class='ocrx_word' id='word_1_96' title='bbox 1366 1367 1544 1435; x_wconf 90' lang='lat' dir='ltr'><strong>malis,</strong></span> <span class='ocrx_word' id='word_1_97' title='bbox 1576 1383 1695 1437; x_wconf 72' lang='lat' dir='ltr'><strong>qum</strong></span> <span class='ocrx_word' id='word_1_98' title='bbox 1723 1366 1975 1437; x_wconf 86' lang='lat' dir='ltr'><strong>patiendo</strong></span> <span class='ocrx_word' id='word_1_99' title='bbox 2020 1368 2076 1419; x_wconf 86' lang='lat' dir='ltr'><strong>et</strong></span> 
     </span>
    </p>
   </div>
   <div class='ocr_carea' id='block_1_15' title="bbox 494 1453 2077 1539">
    <p class='ocr_par' dir='ltr' id='par_1_15' title="bbox 494 1453 2077 1539">
     <span class='ocr_line' id='line_1_15' title="bbox 494 1453 2077 1539; baseline -0.01 -16"><span class='ocrx_word' id='word_1_100' title='bbox 494 1465 890 1538; x_wconf 85' lang='lat' dir='ltr'><strong>compatiendo,</strong></span> <span class='ocrx_word' id='word_1_101' title='bbox 914 1476 1037 1539; x_wconf 79' lang='lat' dir='ltr'><strong>cum</strong></span> <span class='ocrx_word' id='word_1_102' title='bbox 1059 1461 1149 1516; x_wconf 86' lang='lat' dir='ltr'><strong>hic</strong></span> <span class='ocrx_word' id='word_1_103' title='bbox 1175 1461 1435 1523; x_wconf 81' lang='lat' dir='ltr'><strong>viverent,</strong></span> <span class='ocrx_word' id='word_1_104' title='bbox 1468 1455 1842 1513; x_wconf 79' lang='lat' dir='ltr'><strong>sustinebant?</strong></span> <span class='ocrx_word' id='word_1_105' title='bbox 1870 1453 2077 1508; x_wconf 83' lang='lat' dir='ltr'><strong>Dixerit</strong></span> 
     </span>
    </p>
   </div>
   <div class='ocr_carea' id='block_1_16' title="bbox 496 1547 2078 1628">
    <p class='ocr_par' dir='ltr' id='par_1_16' title="bbox 496 1547 2078 1628">
     <span class='ocr_line' id='line_1_16' title="bbox 496 1547 2078 1628; baseline -0.008 -16"><span class='ocrx_word' id='word_1_106' title='bbox 496 1557 693 1628; x_wconf 85' lang='lat' dir='ltr'><strong>aliquis</strong></span> <span class='ocrx_word' id='word_1_107' title='bbox 722 1574 736 1610; x_wconf 90' lang='lat'>:</span> <span class='ocrx_word' id='word_1_108' title='bbox 767 1554 825 1610; x_wconf 86' lang='lat' dir='ltr'><strong>Si</strong></span> <span class='ocrx_word' id='word_1_109' title='bbox 854 1553 1000 1609; x_wconf 90' lang='lat' dir='ltr'><strong>nulla</strong></span> <span class='ocrx_word' id='word_1_110' title='bbox 1039 1560 1125 1608; x_wconf 86' lang='lat' dir='ltr'><strong>est</strong></span> <span class='ocrx_word' id='word_1_111' title='bbox 1156 1550 1387 1607; x_wconf 84' lang='lat' dir='ltr'><strong>mortuis</strong></span> <span class='ocrx_word' id='word_1_112' title='bbox 1411 1564 1544 1605; x_wconf 86' lang='lat' dir='ltr'><strong>cura</strong></span> <span class='ocrx_word' id='word_1_113' title='bbox 1570 1548 1636 1604; x_wconf 88' lang='lat' dir='ltr'><strong>de</strong></span> <span class='ocrx_word' id='word_1_114' title='bbox 1665 1547 1823 1611; x_wconf 87' lang='lat' dir='ltr'><strong>vivis,</strong></span> <span class='ocrx_word' id='word_1_115' title='bbox 1854 1558 2078 1616; x_wconf 88' lang='lat' dir='ltr'><strong>quomo—</strong></span> 
     </span>
    </p>
   </div>
   <div class='ocr_carea' id='block_1_17' title="bbox 496 1638 2081 1720">
    <p class='ocr_par' dir='ltr' id='par_1_17' title="bbox 496 1638 2081 1720">
     <span class='ocr_line' id='line_1_17' title="bbox 496 1638 2081 1720; baseline -0.009 -15"><span class='ocrx_word' id='word_1_116' title='bbox 496 1650 566 1706; x_wconf 93' lang='lat' dir='ltr'><strong>do</strong></span> <span class='ocrx_word' id='word_1_117' title='bbox 604 1649 694 1704; x_wconf 90' lang='lat' dir='ltr'><strong>ille</strong></span> <span class='ocrx_word' id='word_1_118' title='bbox 719 1648 869 1703; x_wconf 88' lang='lat' dir='ltr'><strong>dives</strong></span> <span class='ocrx_word' id='word_1_119' title='bbox 895 1645 1047 1720; x_wconf 85' lang='lat' dir='ltr'><strong>(Luc.</strong></span> <span class='ocrx_word' id='word_1_120' title='bbox 1069 1661 1184 1711; x_wconf 80' lang='lat' dir='ltr'><strong>xvi,</strong></span> <span class='ocrx_word' id='word_1_121' title='bbox 1210 1644 1325 1716; x_wconf 73' lang='lat'><strong>2&#39;7),</strong></span> <span class='ocrx_word' id='word_1_122' title='bbox 1356 1643 1449 1713; x_wconf 87' lang='lat' dir='ltr'><strong>qui</strong></span> <span class='ocrx_word' id='word_1_123' title='bbox 1472 1641 1612 1713; x_wconf 84' lang='lat' dir='ltr'><strong>apud</strong></span> <span class='ocrx_word' id='word_1_124' title='bbox 1641 1638 1844 1694; x_wconf 79' lang='lat' dir='ltr'><strong>inferos</strong></span> <span class='ocrx_word' id='word_1_125' title='bbox 1862 1646 2081 1709; x_wconf 86' lang='lat' dir='ltr'><strong>torque-</strong></span> 
     </span>
    </p>
   </div>
   <div class='ocr_carea' id='block_1_18' title="bbox 495 1731 2079 1811">
    <p class='ocr_par' dir='ltr' id='par_1_18' title="bbox 495 1731 2079 1811">
     <span class='ocr_line' id='line_1_18' title="bbox 495 1731 2079 1811; baseline -0.008 -14"><span class='ocrx_word' id='word_1_126' title='bbox 495 1742 674 1806; x_wconf 86' lang='lat' dir='ltr'><strong>batur,</strong></span> <span class='ocrx_word' id='word_1_127' title='bbox 708 1738 935 1811; x_wconf 83' lang='lat' dir='ltr'><strong>rogabat</strong></span> <span class='ocrx_word' id='word_1_128' title='bbox 957 1736 1230 1792; x_wconf 82' lang='lat' dir='ltr'><strong>Abrabam</strong></span> <span class='ocrx_word' id='word_1_129' title='bbox 1273 1744 1506 1806; x_wconf 84' lang='lat' dir='ltr'><strong>patrem,</strong></span> <span class='ocrx_word' id='word_1_130' title='bbox 1534 1741 1593 1789; x_wconf 88' lang='lat' dir='ltr'><strong>ut</strong></span> <span class='ocrx_word' id='word_1_131' title='bbox 1610 1734 1791 1788; x_wconf 91' lang='lat' dir='ltr'><strong>mittat</strong></span> <span class='ocrx_word' id='word_1_132' title='bbox 1810 1731 2079 1787; x_wconf 86' lang='lat' dir='ltr'><strong>Lazarum</strong></span> 
     </span>
    </p>
   </div>
   <div class='ocr_carea' id='block_1_19' title="bbox 2163 517 3782 596">
    <p class='ocr_par' dir='ltr' id='par_1_19' title="bbox 2163 517 3782 596">
     <span class='ocr_line' id='line_1_19' title="bbox 2163 517 3782 596; baseline -0.006 -17"><span class='ocrx_word' id='word_1_133' title='bbox 2163 540 2284 596; x_wconf 67' lang='lat' dir='ltr'><strong>qua:</strong></span> <span class='ocrx_word' id='word_1_134' title='bbox 2306 523 2393 578; x_wconf 87' lang='lat' dir='ltr'><strong>hic</strong></span> <span class='ocrx_word' id='word_1_135' title='bbox 2420 529 2675 593; x_wconf 86' lang='lat' dir='ltr'><strong>aguntur,</strong></span> <span class='ocrx_word' id='word_1_136' title='bbox 2702 535 2822 591; x_wconf 61' lang='lat' dir='ltr'><strong>quae</strong></span> <span class='ocrx_word' id='word_1_137' title='bbox 2855 517 3219 574; x_wconf 88' lang='lat' dir='ltr'><strong>necessarium</strong></span> <span class='ocrx_word' id='word_1_138' title='bbox 3248 522 3331 571; x_wconf 91' lang='lat' dir='ltr'><strong>est</strong></span> <span class='ocrx_word' id='word_1_139' title='bbox 3360 529 3454 571; x_wconf 90' lang='lat' dir='ltr'><strong>eos</strong></span> <span class='ocrx_word' id='word_1_140' title='bbox 3480 528 3676 580; x_wconf 85' lang='lat' dir='ltr'><strong>nosse,</strong></span> <span class='ocrx_word' id='word_1_141' title='bbox 3713 522 3782 570; x_wconf 79' lang='lat' dir='ltr'><strong>et</strong></span> 
     </span>
    </p>
   </div>
   <div class='ocr_carea' id='block_1_20' title="bbox 2164 606 3783 688">
    <p class='ocr_par' dir='ltr' id='par_1_20' title="bbox 2164 606 3783 688">
     <span class='ocr_line' id='line_1_20' title="bbox 2164 606 3783 688; baseline -0.008 -16"><span class='ocrx_word' id='word_1_142' title='bbox 2164 631 2301 688; x_wconf 90' lang='lat' dir='ltr'><strong>quos</strong></span> <span class='ocrx_word' id='word_1_143' title='bbox 2342 614 2708 671; x_wconf 87' lang='lat' dir='ltr'><strong>necessarium</strong></span> <span class='ocrx_word' id='word_1_144' title='bbox 2738 619 2823 668; x_wconf 90' lang='lat' dir='ltr'><strong>est</strong></span> <span class='ocrx_word' id='word_1_145' title='bbox 2863 627 2926 667; x_wconf 90' lang='lat' dir='ltr'><strong>ea</strong></span> <span class='ocrx_word' id='word_1_146' title='bbox 2954 625 3138 677; x_wconf 90' lang='lat' dir='ltr'><strong>nosse,</strong></span> <span class='ocrx_word' id='word_1_147' title='bbox 3169 623 3278 663; x_wconf 89' lang='lat' dir='ltr'><strong>non</strong></span> <span class='ocrx_word' id='word_1_148' title='bbox 3308 606 3480 663; x_wconf 89' lang='lat' dir='ltr'><strong>solum</strong></span> <span class='ocrx_word' id='word_1_149' title='bbox 3507 622 3783 679; x_wconf 59' lang='lat' dir='ltr'><strong>praesen—</strong></span> 
     </span>
    </p>
   </div>
   <div class='ocr_carea' id='block_1_21' title="bbox 2164 699 3785 781">
    <p class='ocr_par' dir='ltr' id='par_1_21' title="bbox 2164 699 3785 781">
     <span class='ocr_line' id='line_1_21' title="bbox 2164 699 3785 781; baseline -0.01 -12"><span class='ocrx_word' id='word_1_150' title='bbox 2164 715 2262 780; x_wconf 88' lang='lat' dir='ltr'><strong>tia,</strong></span> <span class='ocrx_word' id='word_1_151' title='bbox 2288 711 2372 767; x_wconf 87' lang='lat' dir='ltr'><strong>vel</strong></span> <span class='ocrx_word' id='word_1_152' title='bbox 2398 708 2691 781; x_wconf 66' lang='lat' dir='ltr'><strong>praeterita,</strong></span> <span class='ocrx_word' id='word_1_153' title='bbox 2740 720 2929 762; x_wconf 88' lang='lat' dir='ltr'><strong>verum</strong></span> <span class='ocrx_word' id='word_1_154' title='bbox 2964 705 3130 759; x_wconf 87' lang='lat' dir='ltr'><strong>etiam</strong></span> <span class='ocrx_word' id='word_1_155' title='bbox 3177 701 3378 765; x_wconf 85' lang='lat' dir='ltr'><strong>futura,</strong></span> <span class='ocrx_word' id='word_1_156' title='bbox 3430 699 3624 771; x_wconf 84' lang='lat' dir='ltr'><strong>spiritu</strong></span> <span class='ocrx_word' id='word_1_157' title='bbox 3664 699 3785 754; x_wconf 87' lang='lat' dir='ltr'><strong>Dei</strong></span> 
     </span>
    </p>
   </div>
   <div class='ocr_carea' id='block_1_22' title="bbox 2166 792 3783 873">
    <p class='ocr_par' dir='ltr' id='par_1_22' title="bbox 2166 792 3783 873">
     <span class='ocr_line' id='line_1_22' title="bbox 2166 792 3783 873; baseline -0.009 -13"><span class='ocrx_word' id='word_1_158' title='bbox 2166 804 2461 868; x_wconf 86' lang='lat' dir='ltr'><strong>revelanle,</strong></span> <span class='ocrx_word' id='word_1_159' title='bbox 2510 813 2857 873; x_wconf 85' lang='lat' dir='ltr'><strong>cognoscere.</strong></span> <span class='ocrx_word' id='word_1_160' title='bbox 2913 795 3065 851; x_wconf 88' lang='lat' dir='ltr'><strong>Sicut</strong></span> <span class='ocrx_word' id='word_1_161' title='bbox 3100 809 3209 850; x_wconf 87' lang='lat' dir='ltr'><strong>non</strong></span> <span class='ocrx_word' id='word_1_162' title='bbox 3246 806 3437 848; x_wconf 90' lang='lat' dir='ltr'><strong>omnes</strong></span> <span class='ocrx_word' id='word_1_163' title='bbox 3478 792 3783 857; x_wconf 81' lang='lat' dir='ltr'><strong>homines,</strong></span> 
     </span>
    </p>
   </div>
   <div class='ocr_carea' id='block_1_23' title="bbox 2168 884 3789 970">
    <p class='ocr_par' dir='ltr' id='par_1_23' title="bbox 2168 884 3789 970">
     <span class='ocr_line' id='line_1_23' title="bbox 2168 884 3789 970; baseline -0.01 -15"><span class='ocrx_word' id='word_1_164' title='bbox 2168 899 2262 955; x_wconf 90' lang='lat' dir='ltr'><strong>sed</strong></span> <span class='ocrx_word' id='word_1_165' title='bbox 2290 896 2583 970; x_wconf 81' lang='lat' dir='ltr'><strong>prOphetae,</strong></span> <span class='ocrx_word' id='word_1_166' title='bbox 2626 892 2751 948; x_wconf 88' lang='lat' dir='ltr'><strong>dum</strong></span> <span class='ocrx_word' id='word_1_167' title='bbox 2797 890 2888 946; x_wconf 92' lang='lat' dir='ltr'><strong>hic</strong></span> <span class='ocrx_word' id='word_1_168' title='bbox 2910 888 3170 951; x_wconf 80' lang='lat' dir='ltr'><strong>viverent,</strong></span> <span class='ocrx_word' id='word_1_169' title='bbox 3205 884 3617 958; x_wconf 84' lang='lat' dir='ltr'><strong>cognoscebant,</strong></span> <span class='ocrx_word' id='word_1_170' title='bbox 3661 896 3789 939; x_wconf 84' lang='lat' dir='ltr'><strong>nec</strong></span> 
     </span>
    </p>
   </div>
   <div class='ocr_carea' id='block_1_24' title="bbox 2169 974 3789 1062">
    <p class='ocr_par' dir='ltr' id='par_1_24' title="bbox 2169 974 3789 1062">
     <span class='ocr_line' id='line_1_24' title="bbox 2169 974 3789 1062; baseline -0.014 -14"><span class='ocrx_word' id='word_1_171' title='bbox 2169 991 2272 1062; x_wconf 84' lang='lat' dir='ltr'><strong>ipsi</strong></span> <span class='ocrx_word' id='word_1_172' title='bbox 2297 990 2499 1055; x_wconf 88' lang='lat' dir='ltr'><strong>omnia,</strong></span> <span class='ocrx_word' id='word_1_173' title='bbox 2530 987 2625 1042; x_wconf 89' lang='lat' dir='ltr'><strong>sed</strong></span> <span class='ocrx_word' id='word_1_174' title='bbox 2645 998 2764 1056; x_wconf 69' lang='lat' dir='ltr'><strong>qum</strong></span> <span class='ocrx_word' id='word_1_175' title='bbox 2791 982 2898 1039; x_wconf 91' lang='lat' dir='ltr'><strong>illis</strong></span> <span class='ocrx_word' id='word_1_176' title='bbox 2932 994 3052 1036; x_wconf 88' lang='lat' dir='ltr'><strong>esse</strong></span> <span class='ocrx_word' id='word_1_177' title='bbox 3096 977 3407 1043; x_wconf 88' lang='lat' dir='ltr'><strong>revelanda,</strong></span> <span class='ocrx_word' id='word_1_178' title='bbox 3445 975 3537 1031; x_wconf 88' lang='lat' dir='ltr'><strong>Dei</strong></span> <span class='ocrx_word' id='word_1_179' title='bbox 3569 974 3789 1046; x_wconf 74' lang='lat' dir='ltr'><strong>provi-</strong></span> 
     </span>
    </p>
   </div>
   <div class='ocr_carea' id='block_1_25' title="bbox 2171 1068 3789 1155">
    <p class='ocr_par' dir='ltr' id='par_1_25' title="bbox 2171 1068 3789 1155">
     <span class='ocr_line' id='line_1_25' title="bbox 2171 1068 3789 1155; baseline -0.011 -16"><span class='ocrx_word' id='word_1_180' title='bbox 2171 1082 2353 1139; x_wconf 89' lang='lat' dir='ltr'><strong>dentia</strong></span> <span class='ocrx_word' id='word_1_181' title='bbox 2396 1078 2694 1155; x_wconf 87' lang='lat' dir='ltr'><strong>judicabat.</strong></span> <span class='ocrx_word' id='word_1_182' title='bbox 2741 1074 2878 1131; x_wconf 79' lang='lat' dir='ltr'><strong>Mitti</strong></span> <span class='ocrx_word' id='word_1_183' title='bbox 2908 1086 3122 1145; x_wconf 89' lang='lat' dir='ltr'><strong>quoque</strong></span> <span class='ocrx_word' id='word_1_184' title='bbox 3148 1070 3217 1126; x_wconf 91' lang='lat' dir='ltr'><strong>ad</strong></span> <span class='ocrx_word' id='word_1_185' title='bbox 3256 1069 3410 1124; x_wconf 83' lang='lat' dir='ltr'><strong>vivos</strong></span> <span class='ocrx_word' id='word_1_186' title='bbox 3446 1068 3663 1138; x_wconf 83' lang='lat' dir='ltr'><strong>aliquos</strong></span> <span class='ocrx_word' id='word_1_187' title='bbox 3702 1081 3789 1121; x_wconf 77' lang='lat' dir='ltr'><strong>ex</strong></span> 
     </span>
    </p>
   </div>
   <div class='ocr_carea' id='block_1_26' title="bbox 2170 1159 3791 1239">
    <p class='ocr_par' dir='ltr' id='par_1_26' title="bbox 2170 1159 3791 1239">
     <span class='ocr_line' id='line_1_26' title="bbox 2170 1159 3791 1239; baseline -0.011 -7"><span class='ocrx_word' id='word_1_188' title='bbox 2170 1174 2421 1238; x_wconf 87' lang='lat' dir='ltr'><strong>mortuis,</strong></span> <span class='ocrx_word' id='word_1_189' title='bbox 2461 1174 2656 1228; x_wconf 87' lang='lat' dir='ltr'><strong>sicute</strong></span> <span class='ocrx_word' id='word_1_190' title='bbox 2704 1167 2983 1227; x_wconf 88' lang='lat' dir='ltr'><strong>contrario</strong></span> <span class='ocrx_word' id='word_1_191' title='bbox 3032 1163 3117 1239; x_wconf 85' lang='grc'><strong>(11</strong></span> <span class='ocrx_word' id='word_1_192' title='bbox 3165 1163 3348 1220; x_wconf 87' lang='lat' dir='ltr'><strong>Corin.</strong></span> <span class='ocrx_word' id='word_1_193' title='bbox 3391 1178 3487 1227; x_wconf 78' lang='lat' dir='ltr'><strong>xu,</strong></span> <span class='ocrx_word' id='word_1_194' title='bbox 3523 1160 3580 1234; x_wconf 77' lang='grc'><strong>2)</strong></span> <span class='ocrx_word' id='word_1_195' title='bbox 3611 1159 3791 1215; x_wconf 82' lang='lat' dir='ltr'><strong>Pau-</strong></span> 
     </span>
    </p>
   </div>
   <div class='ocr_carea' id='block_1_27' title="bbox 2172 1252 3792 1334">
    <p class='ocr_par' dir='ltr' id='par_1_27' title="bbox 2172 1252 3792 1334">
     <span class='ocr_line' id='line_1_27' title="bbox 2172 1252 3792 1334; baseline -0.013 -9"><span class='ocrx_word' id='word_1_196' title='bbox 2172 1270 2256 1325; x_wconf 88' lang='lat' dir='ltr'><strong>lus</strong></span> <span class='ocrx_word' id='word_1_197' title='bbox 2276 1284 2345 1324; x_wconf 76' lang='lat' dir='ltr'><strong>ex</strong></span> <span class='ocrx_word' id='word_1_198' title='bbox 2370 1266 2510 1323; x_wconf 84' lang='lat' dir='ltr'><strong>vivis</strong></span> <span class='ocrx_word' id='word_1_199' title='bbox 2534 1265 2589 1320; x_wconf 90' lang='lat' dir='ltr'><strong>in</strong></span> <span class='ocrx_word' id='word_1_200' title='bbox 2619 1263 2932 1334; x_wconf 82' lang='lat' dir='ltr'><strong>paradisum</strong></span> <span class='ocrx_word' id='word_1_201' title='bbox 2960 1266 3149 1328; x_wconf 88' lang='lat' dir='ltr'><strong>raptus</strong></span> <span class='ocrx_word' id='word_1_202' title='bbox 3177 1265 3281 1321; x_wconf 86' lang='lat' dir='ltr'><strong>est,</strong></span> <span class='ocrx_word' id='word_1_203' title='bbox 3309 1254 3487 1310; x_wconf 89' lang='lat' dir='ltr'><strong>divina</strong></span> <span class='ocrx_word' id='word_1_204' title='bbox 3512 1252 3792 1324; x_wconf 77' lang='lat' dir='ltr'><strong>Scriptu-</strong></span> 
     </span>
    </p>
   </div>
   <div class='ocr_carea' id='block_1_28' title="bbox 2174 1344 3793 1429">
    <p class='ocr_par' dir='ltr' id='par_1_28' title="bbox 2174 1344 3793 1429">
     <span class='ocr_line' id='line_1_28' title="bbox 2174 1344 3793 1429; baseline -0.012 -12"><span class='ocrx_word' id='word_1_205' title='bbox 2174 1378 2236 1419; x_wconf 88' lang='lat' dir='ltr'><strong>ra</strong></span> <span class='ocrx_word' id='word_1_206' title='bbox 2261 1366 2516 1415; x_wconf 88' lang='lat' dir='ltr'><strong>testatur.</strong></span> <span class='ocrx_word' id='word_1_207' title='bbox 2547 1354 2684 1411; x_wconf 83' lang='lat' dir='ltr'><strong>Nam</strong></span> <span class='ocrx_word' id='word_1_208' title='bbox 2714 1352 2797 1429; x_wconf 86' lang='grc' dir='ltr'><strong>(ιι</strong></span> <span class='ocrx_word' id='word_1_209' title='bbox 2838 1352 2967 1423; x_wconf 75' lang='lat' dir='ltr'><strong>Reg.</strong></span> <span class='ocrx_word' id='word_1_210' title='bbox 3000 1360 3196 1415; x_wconf 80' lang='lat' dir='ltr'><strong>xxvnt,</strong></span> <span class='ocrx_word' id='word_1_211' title='bbox 3226 1345 3338 1420; x_wconf 85' lang='lat'><strong>15.)</strong></span> <span class='ocrx_word' id='word_1_212' title='bbox 3372 1344 3586 1401; x_wconf 86' lang='lat' dir='ltr'><strong>Samuel</strong></span> <span class='ocrx_word' id='word_1_213' title='bbox 3630 1358 3793 1415; x_wconf 84' lang='lat' dir='ltr'><strong>pro—</strong></span> 
     </span>
    </p>
   </div>
   <div class='ocr_carea' id='block_1_29' title="bbox 2174 1438 3795 1525">
    <p class='ocr_par' dir='ltr' id='par_1_29' title="bbox 2174 1438 3795 1525">
     <span class='ocr_line' id='line_1_29' title="bbox 2174 1438 3795 1525; baseline -0.011 -16"><span class='ocrx_word' id='word_1_214' title='bbox 2174 1455 2337 1525; x_wconf 87' lang='lat' dir='ltr'><strong>pheta</strong></span> <span class='ocrx_word' id='word_1_215' title='bbox 2365 1450 2647 1507; x_wconf 85' lang='lat' dir='ltr'><strong>defunctus</strong></span> <span class='ocrx_word' id='word_1_216' title='bbox 2682 1448 2703 1487; x_wconf 69' lang='grc' dir='ltr'><strong>ί</strong></span> <span class='ocrx_word' id='word_1_217' title='bbox 2743 1446 2866 1502; x_wconf 89' lang='lat' dir='ltr'><strong>vivo</strong></span> <span class='ocrx_word' id='word_1_218' title='bbox 2880 1444 3007 1518; x_wconf 84' lang='lat' dir='ltr'><strong>&#39;regi</strong></span> <span class='ocrx_word' id='word_1_219' title='bbox 3049 1441 3199 1499; x_wconf 88' lang='lat' dir='ltr'><strong>Sauli</strong></span> <span class='ocrx_word' id='word_1_220' title='bbox 3229 1438 3603 1496; x_wconf 35' lang='lat' dir='ltr'><strong>etiamri&#39;utura</strong></span> <span class='ocrx_word' id='word_1_221' title='bbox 3620 1451 3795 1507; x_wconf 62' lang='lat' dir='ltr'><strong>pra-</strong></span> 
     </span>
    </p>
   </div>
   <div class='ocr_carea' id='block_1_30' title="bbox 2176 1525 3795 1611">
    <p class='ocr_par' dir='ltr' id='par_1_30' title="bbox 2176 1525 3795 1611">
     <span class='ocr_line' id='line_1_30' title="bbox 2176 1525 3795 1611; baseline -0.012 -10"><span class='ocrx_word' id='word_1_222' title='bbox 2176 1545 2334 1601; x_wconf 83' lang='lat' dir='ltr'><strong>dixit.</strong></span> <span class='ocrx_word' id='word_1_223' title='bbox 2393 1541 2651 1611; x_wconf 81' lang='lat' dir='ltr'><strong>Quamvis</strong></span> <span class='ocrx_word' id='word_1_224' title='bbox 2722 1537 2984 1603; x_wconf 88' lang='lat' dir='ltr'><strong>nonnulli,</strong></span> <span class='ocrx_word' id='word_1_225' title='bbox 3039 1548 3149 1590; x_wconf 89' lang='lat' dir='ltr'><strong>non</strong></span> <span class='ocrx_word' id='word_1_226' title='bbox 3196 1532 3376 1605; x_wconf 88' lang='lat' dir='ltr'><strong>ipsum</strong></span> <span class='ocrx_word' id='word_1_227' title='bbox 3431 1528 3613 1594; x_wconf 78' lang='lat' dir='ltr'><strong>fuisse,</strong></span> <span class='ocrx_word' id='word_1_228' title='bbox 3674 1525 3795 1599; x_wconf 77' lang='lat' dir='ltr'><strong>qui</strong></span> 
     </span>
    </p>
   </div>
   <div class='ocr_carea' id='block_1_31' title="bbox 2178 1622 3795 1711">
    <p class='ocr_par' dir='ltr' id='par_1_31' title="bbox 2178 1622 3795 1711">
     <span class='ocr_line' id='line_1_31' title="bbox 2178 1622 3795 1711; baseline -0.012 -15"><span class='ocrx_word' id='word_1_229' title='bbox 2178 1636 2444 1711; x_wconf 87' lang='lat' dir='ltr'><strong>potuisset</strong></span> <span class='ocrx_word' id='word_1_230' title='bbox 2478 1635 2702 1708; x_wconf 87' lang='lat' dir='ltr'><strong>magicis</strong></span> <span class='ocrx_word' id='word_1_231' title='bbox 2730 1632 2939 1688; x_wconf 89' lang='lat' dir='ltr'><strong>artibus</strong></span> <span class='ocrx_word' id='word_1_232' title='bbox 2957 1626 3193 1694; x_wconf 87' lang='lat' dir='ltr'><strong>evocari,</strong></span> <span class='ocrx_word' id='word_1_233' title='bbox 3235 1625 3328 1691; x_wconf 86' lang='lat' dir='ltr'><strong>sed</strong></span> <span class='ocrx_word' id='word_1_234' title='bbox 3352 1622 3579 1695; x_wconf 85' lang='lat' dir='ltr'><strong>aliquem</strong></span> <span class='ocrx_word' id='word_1_235' title='bbox 3605 1622 3795 1694; x_wconf 81' lang='lat' dir='ltr'><strong>spiri-</strong></span> 
     </span>
    </p>
   </div>
   <div class='ocr_carea' id='block_1_32' title="bbox 2181 1715 3799 1796">
    <p class='ocr_par' dir='ltr' id='par_1_32' title="bbox 2181 1715 3799 1796">
     <span class='ocr_line' id='line_1_32' title="bbox 2181 1715 3799 1796; baseline -0.011 -9"><span class='ocrx_word' id='word_1_236' title='bbox 2181 1739 2297 1787; x_wconf 90' lang='lat' dir='ltr'><strong>tum</strong></span> <span class='ocrx_word' id='word_1_237' title='bbox 2326 1736 2436 1784; x_wconf 90' lang='lat' dir='ltr'><strong>tam</strong></span> <span class='ocrx_word' id='word_1_238' title='bbox 2471 1726 2628 1782; x_wconf 89' lang='lat' dir='ltr'><strong>malis</strong></span> <span class='ocrx_word' id='word_1_239' title='bbox 2672 1724 2927 1796; x_wconf 85' lang='lat' dir='ltr'><strong>operibus</strong></span> <span class='ocrx_word' id='word_1_240' title='bbox 2953 1727 3363 1792; x_wconf 84' lang='lat' dir='ltr'><strong>congruentem,</strong></span> <span class='ocrx_word' id='word_1_241' title='bbox 3394 1717 3534 1772; x_wconf 87' lang='lat' dir='ltr'><strong>illius</strong></span> <span class='ocrx_word' id='word_1_242' title='bbox 3574 1715 3799 1772; x_wconf 75' lang='lat' dir='ltr'><strong>existi-</strong></span> 
     </span>
    </p>
   </div>
   <div class='ocr_carea' id='block_1_33' title="bbox 498 1810 3798 1903">
    <p class='ocr_par' dir='ltr' id='par_1_33' title="bbox 498 1810 3798 1903">
     <span class='ocr_line' id='line_1_33' title="bbox 498 1810 3798 1903; baseline -0.008 -15"><span class='ocrx_word' id='word_1_243' title='bbox 498 1833 564 1889; x_wconf 92' lang='lat' dir='ltr'><strong>ad</strong></span> <span class='ocrx_word' id='word_1_244' title='bbox 589 1810 829 1903; x_wconf 88' lang='lat' dir='ltr'><strong>quinque</strong></span> <span class='ocrx_word' id='word_1_245' title='bbox 870 1830 1072 1884; x_wconf 85' lang='lat' dir='ltr'><strong>fratres</strong></span> <span class='ocrx_word' id='word_1_246' title='bbox 1105 1844 1230 1883; x_wconf 83' lang='lat' dir='ltr'><strong>suos</strong></span> <span class='ocrx_word' id='word_1_247' title='bbox 1259 1826 1495 1882; x_wconf 89' lang='lat' dir='ltr'><strong>nondum</strong></span> <span class='ocrx_word' id='word_1_248' title='bbox 1527 1833 1786 1889; x_wconf 89' lang='lat' dir='ltr'><strong>mortuos,</strong></span> <span class='ocrx_word' id='word_1_249' title='bbox 1820 1831 1876 1879; x_wconf 91' lang='lat' dir='ltr'><strong>et</strong></span> <span class='ocrx_word' id='word_1_250' title='bbox 1901 1823 1930 1863; x_wconf 72' lang='grc' dir='ltr'><strong>ι’</strong></span> <span class='ocrx_word' id='word_1_251' title='bbox 1961 1828 2086 1895; x_wconf 85' lang='lat' dir='ltr'><strong>agat</strong></span> <span class='ocrx_word' id='word_1_252' title='bbox 2111 1810 2161 1879; x_wconf 83' lang='lat' dir='ltr'><strong>B</strong></span> <span class='ocrx_word' id='word_1_253' title='bbox 2188 1822 2340 1880; x_wconf 82' lang='lat' dir='ltr'><strong>ment</strong></span> <span class='ocrx_word' id='word_1_254' title='bbox 2376 1819 2783 1878; x_wconf 89' lang='lat' dir='ltr'><strong>similitudinem</strong></span> <span class='ocrx_word' id='word_1_255' title='bbox 2816 1817 3095 1895; x_wconf 79' lang='lat' dir='ltr'><strong>figurasse.</strong></span> <span class='ocrx_word' id='word_1_256' title='bbox 3144 1834 3162 1866; x_wconf 77' lang='grc' dir='ltr'><strong><em>ι</em></strong></span> <span class='ocrx_word' id='word_1_257' title='bbox 3195 1812 3322 1869; x_wconf 81' lang='lat' dir='ltr'><strong>Haec</strong></span> <span class='ocrx_word' id='word_1_258' title='bbox 3346 1819 3445 1883; x_wconf 82' lang='lat' dir='ltr'><strong>per</strong></span> <span class='ocrx_word' id='word_1_259' title='bbox 3484 1818 3798 1864; x_wconf 78' lang='lat' dir='ltr'><strong>excessum</strong></span> 
     </span>
    </p>
   </div>
   <div class='ocr_carea' id='block_1_34' title="bbox 498 1918 2081 1991">
    <p class='ocr_par' dir='ltr' id='par_1_34' title="bbox 498 1918 2081 1991">
     <span class='ocr_line' id='line_1_34' title="bbox 498 1918 2081 1991; baseline -0.007 -10"><span class='ocrx_word' id='word_1_260' title='bbox 498 1940 623 1982; x_wconf 90' lang='lat' dir='ltr'><strong>cum</strong></span> <span class='ocrx_word' id='word_1_261' title='bbox 662 1925 763 1990; x_wconf 84' lang='lat' dir='ltr'><strong>eis,</strong></span> <span class='ocrx_word' id='word_1_262' title='bbox 792 1940 860 1979; x_wconf 90' lang='lat' dir='ltr'><strong>ne</strong></span> <span class='ocrx_word' id='word_1_263' title='bbox 893 1935 916 1963; x_wconf 80' lang='grc' dir='ltr'><strong>ο</strong></span> <span class='ocrx_word' id='word_1_264' title='bbox 949 1922 1169 1977; x_wconf 87' lang='lat' dir='ltr'><strong>veniant</strong></span> <span class='ocrx_word' id='word_1_265' title='bbox 1211 1927 1264 1976; x_wconf 92' lang='lat' dir='ltr'><strong>et</strong></span> <span class='ocrx_word' id='word_1_266' title='bbox 1292 1919 1395 1991; x_wconf 86' lang='lat' dir='ltr'><strong>ipsi</strong></span> <span class='ocrx_word' id='word_1_267' title='bbox 1416 1919 1471 1973; x_wconf 91' lang='lat' dir='ltr'><strong>in</strong></span> <span class='ocrx_word' id='word_1_268' title='bbox 1499 1918 1749 1973; x_wconf 88' lang='lat' dir='ltr'><strong>eumdem</strong></span> <span class='ocrx_word' id='word_1_269' title='bbox 1781 1922 2081 1973; x_wconf 88' lang='lat' dir='ltr'><strong>tormento-</strong></span> 
     </span>
    </p>
   </div>
   <div class='ocr_carea' id='block_1_35' title="bbox 500 2007 2084 2081">
    <p class='ocr_par' dir='ltr' id='par_1_35' title="bbox 500 2007 2084 2081">
     <span class='ocr_line' id='line_1_35' title="bbox 500 2007 2084 2081; baseline -0.008 -8"><span class='ocrx_word' id='word_1_270' title='bbox 500 2032 623 2073; x_wconf 88' lang='lat' dir='ltr'><strong>rum</strong></span> <span class='ocrx_word' id='word_1_271' title='bbox 660 2015 873 2071; x_wconf 86' lang='lat' dir='ltr'><strong>locum?</strong></span> <span class='ocrx_word' id='word_1_272' title='bbox 911 2012 1019 2070; x_wconf 86' lang='lat' dir='ltr'><strong>Sed</strong></span> <span class='ocrx_word' id='word_1_273' title='bbox 1050 2010 1293 2081; x_wconf 88' lang='lat' dir='ltr'><strong>nunquid</strong></span> <span class='ocrx_word' id='word_1_274' title='bbox 1332 2010 1460 2081; x_wconf 83' lang='lat' dir='ltr'><strong>quia</strong></span> <span class='ocrx_word' id='word_1_275' title='bbox 1486 2010 1590 2065; x_wconf 90' lang='lat' dir='ltr'><strong>hoc</strong></span> <span class='ocrx_word' id='word_1_276' title='bbox 1626 2007 1715 2064; x_wconf 89' lang='lat' dir='ltr'><strong>ille</strong></span> <span class='ocrx_word' id='word_1_277' title='bbox 1737 2008 1889 2063; x_wconf 89' lang='lat' dir='ltr'><strong>dives</strong></span> <span class='ocrx_word' id='word_1_278' title='bbox 1927 2007 2084 2075; x_wconf 81' lang='lat' dir='ltr'><strong>dixit,</strong></span> 
     </span>
    </p>
   </div>
   <div class='ocr_carea' id='block_1_36' title="bbox 503 2097 2086 2177">
    <p class='ocr_par' dir='ltr' id='par_1_36' title="bbox 503 2097 2086 2177">
     <span class='ocr_line' id='line_1_36' title="bbox 503 2097 2086 2177; baseline -0.006 -12"><span class='ocrx_word' id='word_1_279' title='bbox 503 2109 643 2173; x_wconf 89' lang='lat' dir='ltr'><strong>ideo,</strong></span> <span class='ocrx_word' id='word_1_280' title='bbox 670 2107 801 2177; x_wconf 88' lang='lat' dir='ltr'><strong>quid</strong></span> <span class='ocrx_word' id='word_1_281' title='bbox 842 2106 1041 2162; x_wconf 76' lang='lat' dir='ltr'><strong>fratres</strong></span> <span class='ocrx_word' id='word_1_282' title='bbox 1083 2110 1326 2176; x_wconf 85' lang='lat' dir='ltr'><strong>agerent,</strong></span> <span class='ocrx_word' id='word_1_283' title='bbox 1358 2101 1445 2156; x_wconf 88' lang='lat' dir='ltr'><strong>vel</strong></span> <span class='ocrx_word' id='word_1_284' title='bbox 1481 2099 1610 2171; x_wconf 91' lang='lat' dir='ltr'><strong>quid</strong></span> <span class='ocrx_word' id='word_1_285' title='bbox 1630 2106 1965 2171; x_wconf 86' lang='lat' dir='ltr'><strong>paterentur,</strong></span> <span class='ocrx_word' id='word_1_286' title='bbox 1996 2097 2086 2155; x_wconf 85' lang='lat' dir='ltr'><strong>illo</strong></span> 
     </span>
    </p>
   </div>
   <div class='ocr_carea' id='block_1_37' title="bbox 503 2189 2088 2270">
    <p class='ocr_par' dir='ltr' id='par_1_37' title="bbox 503 2189 2088 2270">
     <span class='ocr_line' id='line_1_37' title="bbox 503 2189 2088 2270; baseline -0.007 -14"><span class='ocrx_word' id='word_1_287' title='bbox 503 2209 769 2270; x_wconf 87' lang='lat' dir='ltr'><strong>tempore,</strong></span> <span class='ocrx_word' id='word_1_288' title='bbox 801 2198 994 2253; x_wconf 82' lang='lat' dir='ltr'><strong>scivit?</strong></span> <span class='ocrx_word' id='word_1_289' title='bbox 1025 2196 1100 2251; x_wconf 86' lang='lat' dir='ltr'><strong>ita</strong></span> <span class='ocrx_word' id='word_1_290' title='bbox 1140 2194 1217 2250; x_wconf 86' lang='lat' dir='ltr'><strong>illi</strong></span> <span class='ocrx_word' id='word_1_291' title='bbox 1256 2192 1358 2248; x_wconf 84' lang='lat' dir='ltr'><strong>fuit</strong></span> <span class='ocrx_word' id='word_1_292' title='bbox 1386 2206 1513 2248; x_wconf 84' lang='lat' dir='ltr'><strong>cura</strong></span> <span class='ocrx_word' id='word_1_293' title='bbox 1552 2191 1618 2247; x_wconf 91' lang='lat' dir='ltr'><strong>de</strong></span> <span class='ocrx_word' id='word_1_294' title='bbox 1649 2191 1806 2257; x_wconf 86' lang='lat' dir='ltr'><strong>vivis,</strong></span> <span class='ocrx_word' id='word_1_295' title='bbox 1840 2189 2088 2261; x_wconf 86' lang='lat' dir='ltr'><strong>quamvis</strong></span> 
     </span>
    </p>
   </div>
   <div class='ocr_carea' id='block_1_38' title="bbox 503 2280 2089 2363">
    <p class='ocr_par' dir='ltr' id='par_1_38' title="bbox 503 2280 2089 2363">
     <span class='ocr_line' id='line_1_38' title="bbox 503 2280 2089 2363; baseline -0.008 -16"><span class='ocrx_word' id='word_1_296' title='bbox 503 2292 633 2363; x_wconf 90' lang='lat' dir='ltr'><strong>quid</strong></span> <span class='ocrx_word' id='word_1_297' title='bbox 657 2299 900 2363; x_wconf 85' lang='lat' dir='ltr'><strong>agerent,</strong></span> <span class='ocrx_word' id='word_1_298' title='bbox 946 2288 1168 2343; x_wconf 89' lang='lat' dir='ltr'><strong>omnino</strong></span> <span class='ocrx_word' id='word_1_299' title='bbox 1217 2286 1472 2351; x_wconf 89' lang='lat' dir='ltr'><strong>nesciret,</strong></span> <span class='ocrx_word' id='word_1_300' title='bbox 1503 2280 1957 2354; x_wconf 86' lang='lat' dir='ltr'><strong>quemadmodum</strong></span> <span class='ocrx_word' id='word_1_301' title='bbox 2004 2286 2089 2338; x_wconf 91' lang='lat' dir='ltr'><strong>est</strong></span> 
     </span>
    </p>
   </div>
   <div class='ocr_carea' id='block_1_39' title="bbox 504 2374 2090 2449">
    <p class='ocr_par' dir='ltr' id='par_1_39' title="bbox 504 2374 2090 2449">
     <span class='ocr_line' id='line_1_39' title="bbox 504 2374 2090 2449; baseline -0.006 -8"><span class='ocrx_word' id='word_1_302' title='bbox 504 2385 664 2441; x_wconf 87' lang='lat' dir='ltr'><strong>nobis</strong></span> <span class='ocrx_word' id='word_1_303' title='bbox 706 2399 838 2439; x_wconf 90' lang='lat' dir='ltr'><strong>cura</strong></span> <span class='ocrx_word' id='word_1_304' title='bbox 869 2383 935 2438; x_wconf 89' lang='lat' dir='ltr'><strong>de</strong></span> <span class='ocrx_word' id='word_1_305' title='bbox 963 2381 1213 2447; x_wconf 86' lang='lat' dir='ltr'><strong>mortuis,</strong></span> <span class='ocrx_word' id='word_1_306' title='bbox 1246 2379 1496 2449; x_wconf 91' lang='lat' dir='ltr'><strong>quamvis</strong></span> <span class='ocrx_word' id='word_1_307' title='bbox 1524 2374 1653 2448; x_wconf 86' lang='lat' dir='ltr'><strong>quid</strong></span> <span class='ocrx_word' id='word_1_308' title='bbox 1691 2385 1856 2448; x_wconf 85' lang='lat' dir='ltr'><strong>agant</strong></span> <span class='ocrx_word' id='word_1_309' title='bbox 1901 2376 2090 2447; x_wconf 81' lang='lat' dir='ltr'><strong>utique</strong></span> 
     </span>
    </p>
   </div>
   <div class='ocr_carea' id='block_1_40' title="bbox 505 2469 2091 2535">
    <p class='ocr_par' dir='ltr' id='par_1_40' title="bbox 505 2469 2091 2535">
     <span class='ocr_line' id='line_1_40' title="bbox 505 2469 2091 2535; baseline -0.007 -3"><span class='ocrx_word' id='word_1_310' title='bbox 505 2476 833 2532; x_wconf 88' lang='lat' dir='ltr'><strong>nesciamus.</strong></span> <span class='ocrx_word' id='word_1_311' title='bbox 862 2472 996 2528; x_wconf 77' lang='lat' dir='ltr'><strong>Nam</strong></span> <span class='ocrx_word' id='word_1_312' title='bbox 1027 2473 1071 2527; x_wconf 84' lang='lat' dir='ltr'><strong>si</strong></span> <span class='ocrx_word' id='word_1_313' title='bbox 1094 2470 1229 2527; x_wconf 89' lang='lat' dir='ltr'><strong>nihil</strong></span> <span class='ocrx_word' id='word_1_314' title='bbox 1254 2471 1321 2526; x_wconf 92' lang='lat' dir='ltr'><strong>de</strong></span> <span class='ocrx_word' id='word_1_315' title='bbox 1348 2469 1578 2525; x_wconf 90' lang='lat' dir='ltr'><strong>mortuis</strong></span> <span class='ocrx_word' id='word_1_316' title='bbox 1607 2482 1949 2535; x_wconf 90' lang='lat' dir='ltr'><strong>curaremus,</strong></span> <span class='ocrx_word' id='word_1_317' title='bbox 1982 2480 2091 2523; x_wconf 89' lang='lat' dir='ltr'><strong>non</strong></span> 
     </span>
    </p>
   </div>
   <div class='ocr_carea' id='block_1_41' title="bbox 508 2560 2093 2640">
    <p class='ocr_par' dir='ltr' id='par_1_41' title="bbox 508 2560 2093 2640">
     <span class='ocr_line' id='line_1_41' title="bbox 508 2560 2093 2640; baseline -0.007 -15"><span class='ocrx_word' id='word_1_318' title='bbox 508 2570 694 2640; x_wconf 90' lang='lat' dir='ltr'><strong>utique</strong></span> <span class='ocrx_word' id='word_1_319' title='bbox 722 2583 821 2639; x_wconf 90' lang='lat' dir='ltr'><strong>pro</strong></span> <span class='ocrx_word' id='word_1_320' title='bbox 864 2566 970 2622; x_wconf 83' lang='lat' dir='ltr'><strong>illis</strong></span> <span class='ocrx_word' id='word_1_321' title='bbox 1013 2566 1124 2620; x_wconf 88' lang='lat' dir='ltr'><strong>Deo</strong></span> <span class='ocrx_word' id='word_1_322' title='bbox 1176 2563 1622 2636; x_wconf 90' lang='lat' dir='ltr'><strong>supplicaremus.</strong></span> <span class='ocrx_word' id='word_1_323' title='bbox 1654 2561 1898 2633; x_wconf 89' lang='lat' dir='ltr'><strong>Denique</strong></span> <span class='ocrx_word' id='word_1_324' title='bbox 1919 2560 2093 2616; x_wconf 80' lang='lat' dir='ltr'><strong>Abra-</strong></span> 
     </span>
    </p>
   </div>
   <div class='ocr_carea' id='block_1_42' title="bbox 505 2654 2094 2728">
    <p class='ocr_par' dir='ltr' id='par_1_42' title="bbox 505 2654 2094 2728">
     <span class='ocr_line' id='line_1_42' title="bbox 505 2654 2094 2728; baseline -0.004 -11"><span class='ocrx_word' id='word_1_325' title='bbox 505 2662 782 2728; x_wconf 64' lang='lat' dir='ltr'><strong>harumce</strong></span> <span class='ocrx_word' id='word_1_326' title='bbox 811 2661 1077 2716; x_wconf 75' lang='lat' dir='ltr'><strong>Lazarum</strong></span> <span class='ocrx_word' id='word_1_327' title='bbox 1122 2658 1291 2723; x_wconf 90' lang='lat' dir='ltr'><strong>misit,</strong></span> <span class='ocrx_word' id='word_1_328' title='bbox 1339 2666 1395 2712; x_wconf 90' lang='lat' dir='ltr'><strong>et</strong></span> <span class='ocrx_word' id='word_1_329' title='bbox 1440 2657 1659 2728; x_wconf 84' lang='lat' dir='ltr'><strong>Moysen</strong></span> <span class='ocrx_word' id='word_1_330' title='bbox 1704 2670 1770 2711; x_wconf 93' lang='lat' dir='ltr'><strong>ac</strong></span> <span class='ocrx_word' id='word_1_331' title='bbox 1800 2654 2094 2726; x_wconf 87' lang='lat' dir='ltr'><strong>prophetas</strong></span> 
     </span>
    </p>
   </div>
   <div class='ocr_carea' id='block_1_43' title="bbox 2186 1904 3798 1989">
    <p class='ocr_par' dir='ltr' id='par_1_43' title="bbox 2186 1904 3798 1989">
     <span class='ocr_line' id='line_1_43' title="bbox 2186 1904 3798 1989; baseline -0.012 -14"><span class='ocrx_word' id='word_1_332' title='bbox 2186 1917 2388 1975; x_wconf 88' lang='lat' dir='ltr'><strong>idcirco</strong></span> <span class='ocrx_word' id='word_1_333' title='bbox 2425 1914 2770 1989; x_wconf 88' lang='lat' dir='ltr'><strong>protulimus,</strong></span> <span class='ocrx_word' id='word_1_334' title='bbox 2822 1919 2883 1966; x_wconf 90' lang='lat' dir='ltr'><strong>ut</strong></span> <span class='ocrx_word' id='word_1_335' title='bbox 2928 1907 3181 1968; x_wconf 87' lang='lat' dir='ltr'><strong>noverint</strong></span> <span class='ocrx_word' id='word_1_336' title='bbox 3220 1904 3469 1962; x_wconf 90' lang='lat' dir='ltr'><strong>homines</strong></span> <span class='ocrx_word' id='word_1_337' title='bbox 3509 1912 3798 1958; x_wconf 66' lang='lat' dir='ltr'><strong>aeternam</strong></span> 
     </span>
    </p>
   </div>
   <div class='ocr_carea' id='block_1_44' title="bbox 2186 1993 3801 2078">
    <p class='ocr_par' dir='ltr' id='par_1_44' title="bbox 2186 1993 3801 2078">
     <span class='ocr_line' id='line_1_44' title="bbox 2186 1993 3801 2078; baseline -0.011 -13"><span class='ocrx_word' id='word_1_338' title='bbox 2186 2009 2472 2065; x_wconf 89' lang='lat' dir='ltr'><strong>veritatem</strong></span> <span class='ocrx_word' id='word_1_339' title='bbox 2501 2021 2765 2078; x_wconf 57' lang='lat' dir='ltr'><strong>quaerere,</strong></span> <span class='ocrx_word' id='word_1_340' title='bbox 2793 2002 2885 2075; x_wconf 89' lang='lat' dir='ltr'><strong>qui</strong></span> <span class='ocrx_word' id='word_1_341' title='bbox 2914 2000 3103 2057; x_wconf 77' lang='lat' dir='ltr'><strong>volu‘nt</strong></span> <span class='ocrx_word' id='word_1_342' title='bbox 3138 1994 3360 2064; x_wconf 83' lang='lat' dir='ltr'><strong>‘salvari,</strong></span> <span class='ocrx_word' id='word_1_343' title='bbox 3409 2011 3441 2061; x_wconf 89' lang='lat' dir='ltr'><strong>a</strong></span> <span class='ocrx_word' id='word_1_344' title='bbox 3467 2006 3573 2066; x_wconf 87' lang='lat' dir='ltr'><strong>quo</strong></span> <span class='ocrx_word' id='word_1_345' title='bbox 3597 1993 3801 2050; x_wconf 75' lang='lat' dir='ltr'><strong>creati</strong></span> 
     </span>
    </p>
   </div>
   <div class='ocr_carea' id='block_1_45' title="bbox 2189 2089 3800 2171">
    <p class='ocr_par' dir='ltr' id='par_1_45' title="bbox 2189 2089 3800 2171">
     <span class='ocr_line' id='line_1_45' title="bbox 2189 2089 3800 2171; baseline -0.013 -14"><span class='ocrx_word' id='word_1_346' title='bbox 2189 2114 2394 2166; x_wconf 78' lang='lat' dir='ltr'><strong>sumus,</strong></span> <span class='ocrx_word' id='word_1_347' title='bbox 2449 2097 2623 2171; x_wconf 82' lang='lat' dir='ltr'><strong>(Acta.</strong></span> <span class='ocrx_word' id='word_1_348' title='bbox 2676 2111 2814 2161; x_wconf 77' lang='lat' dir='ltr'><strong>xvn,</strong></span> <span class='ocrx_word' id='word_1_349' title='bbox 2852 2091 2944 2165; x_wconf 73' lang='lat'><strong>28)</strong></span> <span class='ocrx_word' id='word_1_350' title='bbox 2995 2092 3052 2146; x_wconf 84' lang='lat' dir='ltr'><strong>in</strong></span> <span class='ocrx_word' id='word_1_351' title='bbox 3092 2107 3195 2167; x_wconf 86' lang='lat' dir='ltr'><strong>quo</strong></span> <span class='ocrx_word' id='word_1_352' title='bbox 3235 2089 3472 2152; x_wconf 73' lang='lat' dir='ltr'><strong>vivimus,</strong></span> <span class='ocrx_word' id='word_1_353' title='bbox 3504 2098 3595 2158; x_wconf 85' lang='lat' dir='ltr'><strong>per</strong></span> <span class='ocrx_word' id='word_1_354' title='bbox 3619 2100 3800 2157; x_wconf 74' lang='lat' dir='ltr'><strong>quem</strong></span> 
     </span>
    </p>
   </div>
   <div class='ocr_carea' id='block_1_46' title="bbox 2188 2183 3803 2244">
    <p class='ocr_par' dir='ltr' id='par_1_46' title="bbox 2188 2183 3803 2244">
     <span class='ocr_line' id='line_1_46' title="bbox 2188 2183 3803 2244; baseline -0.009 0"><span class='ocrx_word' id='word_1_355' title='bbox 2188 2203 2454 2244; x_wconf 87' lang='lat' dir='ltr'><strong>movemur</strong></span> <span class='ocrx_word' id='word_1_356' title='bbox 2483 2196 2531 2243; x_wconf 83' lang='lat' dir='ltr'><strong>et</strong></span> <span class='ocrx_word' id='word_1_357' title='bbox 2582 2198 2784 2241; x_wconf 80' lang='lat' dir='ltr'><strong>sumus.</strong></span> <span class='ocrx_word' id='word_1_358' title='bbox 2813 2183 3038 2238; x_wconf 85' lang='lat' dir='ltr'><strong>Animas</strong></span> <span class='ocrx_word' id='word_1_359' title='bbox 3066 2190 3248 2237; x_wconf 89' lang='lat' dir='ltr'><strong>autem</strong></span> <span class='ocrx_word' id='word_1_360' title='bbox 3276 2187 3511 2244; x_wconf 88' lang='lat' dir='ltr'><strong>sanctas,</strong></span> <span class='ocrx_word' id='word_1_361' title='bbox 3540 2191 3635 2231; x_wconf 88' lang='lat' dir='ltr'><strong>eas</strong></span> <span class='ocrx_word' id='word_1_362' title='bbox 3652 2190 3803 2232; x_wconf 85' lang='lat' dir='ltr'><strong>esse</strong></span> 
     </span>
    </p>
   </div>
   <div class='ocr_carea' id='block_1_47' title="bbox 2191 2266 3802 2347">
    <p class='ocr_par' dir='ltr' id='par_1_47' title="bbox 2191 2266 3802 2347">
     <span class='ocr_line' id='line_1_47' title="bbox 2191 2266 3802 2347; baseline -0.013 -6"><span class='ocrx_word' id='word_1_363' title='bbox 2191 2281 2487 2347; x_wconf 87' lang='lat' dir='ltr'><strong>credimus,</strong></span> <span class='ocrx_word' id='word_1_364' title='bbox 2531 2286 2587 2335; x_wconf 91' lang='lat' dir='ltr'><strong>et</strong></span> <span class='ocrx_word' id='word_1_365' title='bbox 2615 2294 2723 2333; x_wconf 91' lang='lat' dir='ltr'><strong>non</strong></span> <span class='ocrx_word' id='word_1_366' title='bbox 2753 2275 3006 2333; x_wconf 89' lang='lat' dir='ltr'><strong>humanis</strong></span> <span class='ocrx_word' id='word_1_367' title='bbox 3049 2271 3284 2329; x_wconf 89' lang='lat' dir='ltr'><strong>miseriis</strong></span> <span class='ocrx_word' id='word_1_368' title='bbox 3309 2271 3592 2334; x_wconf 85' lang='lat' dir='ltr'><strong>interesse,</strong></span> <span class='ocrx_word' id='word_1_369' title='bbox 3634 2266 3802 2322; x_wconf 80' lang='lat' dir='ltr'><strong>sicut</strong></span> 
     </span>
    </p>
   </div>
   <div class='ocr_carea' id='block_1_48' title="bbox 2193 2360 3800 2445">
    <p class='ocr_par' dir='ltr' id='par_1_48' title="bbox 2193 2360 3800 2445">
     <span class='ocr_line' id='line_1_48' title="bbox 2193 2360 3800 2445; baseline -0.011 -11"><span class='ocrx_word' id='word_1_370' title='bbox 2193 2377 2324 2434; x_wconf 91' lang='lat' dir='ltr'><strong>dicit</strong></span> <span class='ocrx_word' id='word_1_371' title='bbox 2375 2372 2565 2440; x_wconf 85' lang='lat' dir='ltr'><strong>isaias,</strong></span> <span class='ocrx_word' id='word_1_372' title='bbox 2613 2372 2704 2445; x_wconf 89' lang='lat' dir='ltr'><strong>qui</strong></span> <span class='ocrx_word' id='word_1_373' title='bbox 2765 2378 2882 2427; x_wconf 86' lang='lat' dir='ltr'><strong>erat</strong></span> <span class='ocrx_word' id='word_1_374' title='bbox 2930 2368 3073 2424; x_wconf 85' lang='lat' dir='ltr'><strong>filius</strong></span> <span class='ocrx_word' id='word_1_375' title='bbox 3128 2364 3383 2430; x_wconf 74' lang='lat' dir='ltr'><strong>Abrahze,</strong></span> <span class='ocrx_word' id='word_1_376' title='bbox 3432 2362 3499 2418; x_wconf 88' lang='lat' dir='ltr'><strong>ad</strong></span> <span class='ocrx_word' id='word_1_377' title='bbox 3548 2360 3733 2415; x_wconf 85' lang='lat' dir='ltr'><strong>Deum</strong></span> <span class='ocrx_word' id='word_1_378' title='bbox 3774 2371 3800 2416; x_wconf 66' lang='grc' dir='ltr'><strong>ξ</strong></span> 
     </span>
    </p>
   </div>
   <div class='ocr_carea' id='block_1_49' title="bbox 2196 2454 3803 2543">
    <p class='ocr_par' dir='ltr' id='par_1_49' title="bbox 2196 2454 3803 2543">
     <span class='ocr_line' id='line_1_49' title="bbox 2196 2454 3803 2543; baseline -0.011 -20"><span class='ocrx_word' id='word_1_379' title='bbox 2196 2468 2304 2543; x_wconf 78' lang='lat'><strong>(63,</strong></span> <span class='ocrx_word' id='word_1_380' title='bbox 2334 2465 2422 2539; x_wconf 92' lang='lat'><strong>16)</strong></span> <span class='ocrx_word' id='word_1_381' title='bbox 2457 2462 2559 2532; x_wconf 91' lang='lat' dir='ltr'><strong>Tu,</strong></span> <span class='ocrx_word' id='word_1_382' title='bbox 2590 2462 2837 2536; x_wconf 80' lang='lat' dir='ltr'><strong>Domine,</strong></span> <span class='ocrx_word' id='word_1_383' title='bbox 2864 2469 3014 2533; x_wconf 81' lang='lat' dir='ltr'><strong>pater</strong></span> <span class='ocrx_word' id='word_1_384' title='bbox 3042 2466 3218 2512; x_wconf 85' lang='lat' dir='ltr'><strong>noster</strong></span> <span class='ocrx_word' id='word_1_385' title='bbox 3245 2472 3298 2512; x_wconf 81' lang='lat' dir='ltr'><strong>es</strong></span> <span class='ocrx_word' id='word_1_386' title='bbox 3343 2471 3361 2512; x_wconf 90' lang='lat'><strong><em>:</em></strong></span> <span class='ocrx_word' id='word_1_387' title='bbox 3399 2454 3665 2509; x_wconf 73' lang='lat' dir='ltr'><strong>Abraham</strong></span> <span class='ocrx_word' id='word_1_388' title='bbox 3695 2465 3803 2507; x_wconf 54' lang='lat' dir='ltr'><strong>ab</strong></span> 
     </span>
    </p>
   </div>
   <div class='ocr_carea' id='block_1_50' title="bbox 2194 2552 3301 2624">
    <p class='ocr_par' dir='ltr' id='par_1_50' title="bbox 2194 2552 3301 2624">
     <span class='ocr_line' id='line_1_50' title="bbox 2194 2552 3301 2624; baseline -0.014 -6"><span class='ocrx_word' id='word_1_389' title='bbox 2194 2562 2343 2618; x_wconf 74' lang='lat' dir='ltr'><strong>scivit</strong></span> <span class='ocrx_word' id='word_1_390' title='bbox 2370 2577 2464 2616; x_wconf 84' lang='lat' dir='ltr'><strong>nos</strong></span> <span class='ocrx_word' id='word_1_391' title='bbox 2490 2571 2508 2611; x_wconf 92' lang='lat'><strong><em>:</em></strong></span> <span class='ocrx_word' id='word_1_392' title='bbox 2533 2566 2581 2613; x_wconf 86' lang='lat' dir='ltr'><strong>et</strong></span> <span class='ocrx_word' id='word_1_393' title='bbox 2605 2554 2777 2612; x_wconf 82' lang='lat' dir='ltr'><strong>Israel</strong></span> <span class='ocrx_word' id='word_1_394' title='bbox 2806 2570 2909 2609; x_wconf 87' lang='lat' dir='ltr'><strong>non</strong></span> <span class='ocrx_word' id='word_1_395' title='bbox 2933 2552 3165 2624; x_wconf 81' lang='lat' dir='ltr'><strong>cognovit</strong></span> <span class='ocrx_word' id='word_1_396' title='bbox 3190 2565 3301 2604; x_wconf 79' lang='lat' dir='ltr'><strong>nos.</strong></span> 
     </span>
    </p>
   </div>
   <div class='ocr_carea' id='block_1_51' title="bbox 2276 2637 3801 2723">
    <p class='ocr_par' dir='ltr' id='par_1_51' title="bbox 2276 2637 3801 2723">
     <span class='ocr_line' id='line_1_51' title="bbox 2276 2637 3801 2723; baseline -0.01 -14"><span class='ocrx_word' id='word_1_397' title='bbox 2276 2675 2294 2709; x_wconf 76' lang='grc' dir='ltr'>ι</span> <span class='ocrx_word' id='word_1_398' title='bbox 2331 2655 2462 2712; x_wconf 89' lang='lat' dir='ltr'><strong>Post</strong></span> <span class='ocrx_word' id='word_1_399' title='bbox 2497 2653 2615 2713; x_wconf 65' lang='lat' dir='ltr'><strong>haec</strong></span> <span class='ocrx_word' id='word_1_400' title='bbox 2656 2650 2905 2723; x_wconf 88' lang='lat' dir='ltr'><strong>sequitur</strong></span> <span class='ocrx_word' id='word_1_401' title='bbox 2949 2647 3180 2703; x_wconf 86' lang='lat' dir='ltr'><strong>historia</strong></span> <span class='ocrx_word' id='word_1_402' title='bbox 3219 2643 3286 2700; x_wconf 92' lang='lat' dir='ltr'><strong>de</strong></span> <span class='ocrx_word' id='word_1_403' title='bbox 3308 2642 3474 2715; x_wconf 86' lang='lat' dir='ltr'><strong>gestis</strong></span> <span class='ocrx_word' id='word_1_404' title='bbox 3492 2637 3673 2705; x_wconf 70' lang='lat' dir='ltr'><strong>Josiaa,</strong></span> <span class='ocrx_word' id='word_1_405' title='bbox 3710 2638 3801 2695; x_wconf 73' lang='lat' dir='ltr'><strong>ita</strong></span> 
     </span>
    </p>
   </div>
   <div class='ocr_carea' id='block_1_52' title="bbox 507 2730 2092 2822">
    <p class='ocr_par' dir='ltr' id='par_1_52' title="bbox 507 2745 2092 2820">
     <span class='ocr_line' id='line_1_52' title="bbox 507 2745 2092 2820; baseline -0.006 -10"><span class='ocrx_word' id='word_1_406' title='bbox 507 2754 600 2810; x_wconf 90' lang='lat' dir='ltr'><strong>hic</strong></span> <span class='ocrx_word' id='word_1_407' title='bbox 621 2770 716 2809; x_wconf 91' lang='lat' dir='ltr'><strong>eos</strong></span> <span class='ocrx_word' id='word_1_408' title='bbox 735 2753 937 2808; x_wconf 87' lang='lat' dir='ltr'><strong>habere</strong></span> <span class='ocrx_word' id='word_1_409' title='bbox 957 2749 1259 2820; x_wconf 88' lang='lat' dir='ltr'><strong>respondit,</strong></span> <span class='ocrx_word' id='word_1_410' title='bbox 1278 2763 1415 2819; x_wconf 91' lang='lat' dir='ltr'><strong>quos</strong></span> <span class='ocrx_word' id='word_1_411' title='bbox 1441 2749 1629 2804; x_wconf 87' lang='lat' dir='ltr'><strong>audire</strong></span> <span class='ocrx_word' id='word_1_412' title='bbox 1657 2748 1937 2813; x_wconf 88' lang='lat' dir='ltr'><strong>deberent,</strong></span> <span class='ocrx_word' id='word_1_413' title='bbox 1955 2745 2092 2801; x_wconf 90' lang='lat' dir='ltr'><strong>utad</strong></span> 
     </span>
    </p>
   </div>
   <div class='ocr_carea' id='block_1_53' title="bbox 2200 2730 3801 2822">
    <p class='ocr_par' dir='ltr' id='par_1_53' title="bbox 2200 2730 3801 2822">
     <span class='ocr_line' id='line_1_53' title="bbox 2200 2730 3801 2822; baseline -0.015 -14"><span class='ocrx_word' id='word_1_414' title='bbox 2200 2751 2387 2807; x_wconf 90' lang='lat' dir='ltr'><strong>dicens</strong></span> <span class='ocrx_word' id='word_1_415' title='bbox 2422 2769 2436 2806; x_wconf 85' lang='lat'><strong>:</strong></span> <span class='ocrx_word' id='word_1_416' title='bbox 2491 2748 2643 2822; x_wconf 79' lang='lat' dir='ltr'><strong>(Cap,</strong></span> <span class='ocrx_word' id='word_1_417' title='bbox 2680 2761 2841 2810; x_wconf 80' lang='lat' dir='ltr'><strong>xxut,</strong></span> <span class='ocrx_word' id='word_1_418' title='bbox 2872 2741 2959 2817; x_wconf 88' lang='lat'><strong>10)</strong></span> <span class='ocrx_word' id='word_1_419' title='bbox 2999 2738 3387 2796; x_wconf 69' lang='lat' dir='ltr'><strong>Contaminari!</strong></span> <span class='ocrx_word' id='word_1_420' title='bbox 3429 2749 3634 2806; x_wconf 84' lang='lat' dir='ltr'><strong>quoque</strong></span> <span class='ocrx_word' id='word_1_421' title='bbox 3676 2730 3801 2786; x_wconf 83' lang='lat' dir='ltr'><strong>To—</strong></span> 
     </span>
    </p>
   </div>
   <div class='ocr_carea' id='block_1_54' title="bbox 515 2831 3805 2921">
    <p class='ocr_par' dir='ltr' id='par_1_54' title="bbox 515 2831 3805 2921">
     <span class='ocr_line' id='line_1_54' title="bbox 515 2831 3805 2921; baseline -0.01 -21"><span class='ocrx_word' id='word_1_422' title='bbox 515 2847 608 2909; x_wconf 81' lang='lat' dir='ltr'><strong>i‘lla</strong></span> <span class='ocrx_word' id='word_1_423' title='bbox 628 2846 889 2917; x_wconf 80' lang='lat' dir='ltr'><strong>supplicia</strong></span> <span class='ocrx_word' id='word_1_424' title='bbox 912 2860 1019 2899; x_wconf 88' lang='lat' dir='ltr'><strong>non</strong></span> <span class='ocrx_word' id='word_1_425' title='bbox 1040 2844 1308 2898; x_wconf 87' lang='lat' dir='ltr'><strong>venirent.</strong></span> <span class='ocrx_word' id='word_1_426' title='bbox 1340 2842 1441 2897; x_wconf 89' lang='lat' dir='ltr'><strong>Ubi</strong></span> <span class='ocrx_word' id='word_1_427' title='bbox 1471 2856 1660 2896; x_wconf 89' lang='lat' dir='ltr'><strong>rursus</strong></span> <span class='ocrx_word' id='word_1_428' title='bbox 1694 2839 1932 2896; x_wconf 85' lang='lat' dir='ltr'><strong>occurrit</strong></span> <span class='ocrx_word' id='word_1_429' title='bbox 1964 2852 2098 2921; x_wconf 87' lang='lat' dir='ltr'><strong>quo-</strong></span> <span class='ocrx_word' id='word_1_430' title='bbox 2199 2843 2375 2917; x_wconf 70' lang='lat' dir='ltr'><strong>plwzh,</strong></span> <span class='ocrx_word' id='word_1_431' title='bbox 2398 2836 2537 2915; x_wconf 73' lang='lat' dir='ltr'><strong>quod</strong></span> <span class='ocrx_word' id='word_1_432' title='bbox 2574 2850 2649 2895; x_wconf 73' lang='grc' dir='ltr'><strong>εει</strong></span> <span class='ocrx_word' id='word_1_433' title='bbox 2675 2842 2730 2893; x_wconf 75' lang='lat' dir='ltr'><strong>in</strong></span> <span class='ocrx_word' id='word_1_434' title='bbox 2756 2834 2989 2892; x_wconf 69' lang='lat' dir='ltr'><strong>convalle</strong></span> <span class='ocrx_word' id='word_1_435' title='bbox 3018 2834 3114 2906; x_wconf 68' lang='lat' dir='ltr'><strong>ﬁlii</strong></span> <span class='ocrx_word' id='word_1_436' title='bbox 3140 2831 3354 2896; x_wconf 73' lang='grc' dir='ltr'><strong>Εηηοη,</strong></span> <span class='ocrx_word' id='word_1_437' title='bbox 3384 2837 3440 2882; x_wconf 73' lang='grc' dir='ltr'><strong>αι</strong></span> <span class='ocrx_word' id='word_1_438' title='bbox 3481 2840 3635 2881; x_wconf 72' lang='lat' dir='ltr'><strong>nemo</strong></span> <span class='ocrx_word' id='word_1_439' title='bbox 3657 2842 3805 2880; x_wconf 60' lang='lat' dir='ltr'><strong>con-</strong></span> 
     </span>
    </p>
   </div>
   <div class='ocr_carea' id='block_1_55' title="bbox 514 2915 3802 3007">
    <p class='ocr_par' dir='ltr' id='par_1_55' title="bbox 514 2915 3802 3007">
     <span class='ocr_line' id='line_1_55' title="bbox 514 2915 3802 3007; baseline -0.006 -14"><span class='ocrx_word' id='word_1_440' title='bbox 514 2938 675 2993; x_wconf 89' lang='lat' dir='ltr'><strong>modo</strong></span> <span class='ocrx_word' id='word_1_441' title='bbox 695 2915 830 3007; x_wconf 81' lang='lat' dir='ltr'><strong>quid</strong></span> <span class='ocrx_word' id='word_1_442' title='bbox 852 2937 942 2991; x_wconf 88' lang='lat' dir='ltr'><strong>hic</strong></span> <span class='ocrx_word' id='word_1_443' title='bbox 975 2943 1230 3006; x_wconf 87' lang='lat' dir='ltr'><strong>ageretur</strong></span> <span class='ocrx_word' id='word_1_444' title='bbox 1255 2933 1529 2988; x_wconf 84' lang='lat' dir='ltr'><strong>Abraham</strong></span> <span class='ocrx_word' id='word_1_445' title='bbox 1573 2941 1730 3002; x_wconf 88' lang='lat' dir='ltr'><strong>pater</strong></span> <span class='ocrx_word' id='word_1_446' title='bbox 1757 2933 1871 3001; x_wconf 89' lang='lat' dir='ltr'><strong>ipse</strong></span> <span class='ocrx_word' id='word_1_447' title='bbox 1896 2916 2101 2987; x_wconf 82' lang='lat' dir='ltr'><strong>nescie-</strong></span> <span class='ocrx_word' id='word_1_448' title='bbox 2201 2915 2428 2992; x_wconf 51' lang='grc' dir='ltr'><strong>ξεσταί-ει</strong></span> <span class='ocrx_word' id='word_1_449' title='bbox 2455 2932 2625 3004; x_wconf 84' lang='lat' dir='ltr'><strong>ﬁlium</strong></span> <span class='ocrx_word' id='word_1_450' title='bbox 2650 2946 2825 2995; x_wconf 83' lang='lat' dir='ltr'><strong>suum,</strong></span> <span class='ocrx_word' id='word_1_451' title='bbox 2857 2936 2950 2982; x_wconf 83' lang='lat' dir='ltr'><strong>aut</strong></span> <span class='ocrx_word' id='word_1_452' title='bbox 2977 2924 3144 2995; x_wconf 77' lang='lat' dir='ltr'><strong>filiam</strong></span> <span class='ocrx_word' id='word_1_453' title='bbox 3165 2939 3257 2997; x_wconf 81' lang='lat' dir='ltr'><strong>per</strong></span> <span class='ocrx_word' id='word_1_454' title='bbox 3289 2924 3460 2993; x_wconf 84' lang='lat' dir='ltr'><strong>ignem</strong></span> <span class='ocrx_word' id='word_1_455' title='bbox 3494 2915 3707 2972; x_wconf 68' lang='lat' dir='ltr'><strong>Holoch</strong></span> <span class='ocrx_word' id='word_1_456' title='bbox 3746 2918 3802 2971; x_wconf 70' lang='grc' dir='ltr'><strong>ε.</strong></span> 
     </span>
    </p>
   </div>
   <div class='ocr_carea' id='block_1_56' title="bbox 515 3024 2103 3097">
    <p class='ocr_par' dir='ltr' id='par_1_56' title="bbox 515 3024 2103 3097">
     <span class='ocr_line' id='line_1_56' title="bbox 515 3024 2103 3097; baseline -0.002 -13"><span class='ocrx_word' id='word_1_457' title='bbox 515 3030 628 3096; x_wconf 88' lang='lat' dir='ltr'><strong>bat,</strong></span> <span class='ocrx_word' id='word_1_458' title='bbox 658 3028 752 3084; x_wconf 87' lang='lat' dir='ltr'><strong>ubi</strong></span> <span class='ocrx_word' id='word_1_459' title='bbox 799 3028 1005 3085; x_wconf 78' lang='lat' dir='ltr'><strong>sciebat</strong></span> <span class='ocrx_word' id='word_1_460' title='bbox 1046 3042 1167 3081; x_wconf 89' lang='lat' dir='ltr'><strong>esse</strong></span> <span class='ocrx_word' id='word_1_461' title='bbox 1199 3025 1442 3097; x_wconf 78' lang='lat' dir='ltr'><strong>Moysen,</strong></span> <span class='ocrx_word' id='word_1_462' title='bbox 1497 3033 1553 3080; x_wconf 89' lang='lat' dir='ltr'><strong>et</strong></span> <span class='ocrx_word' id='word_1_463' title='bbox 1582 3024 1896 3097; x_wconf 90' lang='lat' dir='ltr'><strong>Prophetas,</strong></span> <span class='ocrx_word' id='word_1_464' title='bbox 1933 3025 1986 3079; x_wconf 91' lang='lat' dir='ltr'><strong>id</strong></span> <span class='ocrx_word' id='word_1_465' title='bbox 2016 3033 2103 3081; x_wconf 86' lang='lat' dir='ltr'><strong>est</strong></span> 
     </span>
    </p>
   </div>
   <div class='ocr_carea' id='block_1_57' title="bbox 514 3116 2099 3189">
    <p class='ocr_par' dir='ltr' id='par_1_57' title="bbox 514 3116 2099 3189">
     <span class='ocr_line' id='line_1_57' title="bbox 514 3116 2099 3189; baseline -0.003 -12"><span class='ocrx_word' id='word_1_466' title='bbox 514 3121 686 3178; x_wconf 86' lang='lat' dir='ltr'><strong>libros</strong></span> <span class='ocrx_word' id='word_1_467' title='bbox 728 3134 935 3185; x_wconf 88' lang='lat' dir='ltr'><strong>eorum,</strong></span> <span class='ocrx_word' id='word_1_468' title='bbox 963 3120 1161 3189; x_wconf 80' lang='lat' dir='ltr'><strong>quibus</strong></span> <span class='ocrx_word' id='word_1_469' title='bbox 1186 3116 1434 3173; x_wconf 90' lang='lat' dir='ltr'><strong>homines</strong></span> <span class='ocrx_word' id='word_1_470' title='bbox 1457 3117 1780 3184; x_wconf 89' lang='lat' dir='ltr'><strong>obediendo,</strong></span> <span class='ocrx_word' id='word_1_471' title='bbox 1827 3126 2099 3173; x_wconf 88' lang='lat' dir='ltr'><strong>tormenta</strong></span> 
     </span>
    </p>
   </div>
   <div class='ocr_carea' id='block_1_58' title="bbox 514 3209 2096 3282">
    <p class='ocr_par' dir='ltr' id='par_1_58' title="bbox 514 3209 2096 3282">
     <span class='ocr_line' id='line_1_58' title="bbox 514 3209 2096 3282; baseline -0.004 -11"><span class='ocrx_word' id='word_1_472' title='bbox 514 3214 725 3272; x_wconf 90' lang='lat' dir='ltr'><strong>inferna</strong></span> <span class='ocrx_word' id='word_1_473' title='bbox 769 3214 1022 3269; x_wconf 82' lang='lat' dir='ltr'><strong>vitarent.</strong></span> <span class='ocrx_word' id='word_1_474' title='bbox 1054 3212 1298 3282; x_wconf 86' lang='lat' dir='ltr'><strong>Denique</strong></span> <span class='ocrx_word' id='word_1_475' title='bbox 1327 3219 1553 3267; x_wconf 90' lang='lat' dir='ltr'><strong>noverat</strong></span> <span class='ocrx_word' id='word_1_476' title='bbox 1605 3211 1827 3266; x_wconf 88' lang='lat' dir='ltr'><strong>divitem</strong></span> <span class='ocrx_word' id='word_1_477' title='bbox 1857 3209 2007 3265; x_wconf 89' lang='lat' dir='ltr'><strong>illum</strong></span> <span class='ocrx_word' id='word_1_478' title='bbox 2039 3210 2096 3266; x_wconf 87' lang='lat' dir='ltr'><strong>in</strong></span> 
     </span>
    </p>
   </div>
   <div class='ocr_carea' id='block_1_59' title="bbox 516 3300 2097 3376">
    <p class='ocr_par' dir='ltr' id='par_1_59' title="bbox 516 3300 2097 3376">
     <span class='ocr_line' id='line_1_59' title="bbox 516 3300 2097 3376; baseline -0.003 -13"><span class='ocrx_word' id='word_1_479' title='bbox 516 3306 745 3371; x_wconf 87' lang='lat' dir='ltr'><strong>deliciis,</strong></span> <span class='ocrx_word' id='word_1_480' title='bbox 810 3320 1102 3376; x_wconf 87' lang='lat' dir='ltr'><strong>pauperem</strong></span> <span class='ocrx_word' id='word_1_481' title='bbox 1148 3319 1277 3359; x_wconf 90' lang='lat' dir='ltr'><strong>vero</strong></span> <span class='ocrx_word' id='word_1_482' title='bbox 1328 3303 1598 3358; x_wconf 84' lang='lat' dir='ltr'><strong>Lazarum</strong></span> <span class='ocrx_word' id='word_1_483' title='bbox 1658 3304 1714 3359; x_wconf 91' lang='lat' dir='ltr'><strong>in</strong></span> <span class='ocrx_word' id='word_1_484' title='bbox 1766 3303 2042 3359; x_wconf 85' lang='lat' dir='ltr'><strong>laboribus</strong></span> <span class='ocrx_word' id='word_1_485' title='bbox 2069 3300 2097 3343; x_wconf 75' lang='grc' dir='ltr'>ἀ</span> 
     </span>
    </p>
   </div>
   <div class='ocr_carea' id='block_1_60' title="bbox 517 3393 2097 3467">
    <p class='ocr_par' dir='ltr' id='par_1_60' title="bbox 517 3393 2097 3467">
     <span class='ocr_line' id='line_1_60' title="bbox 517 3393 2097 3467; baseline -0.004 -14"><span class='ocrx_word' id='word_1_486' title='bbox 517 3399 741 3453; x_wconf 79' lang='lat' dir='ltr'><strong>vixisse.</strong></span> <span class='ocrx_word' id='word_1_487' title='bbox 771 3397 904 3450; x_wconf 82' lang='lat' dir='ltr'><strong>Nam</strong></span> <span class='ocrx_word' id='word_1_488' title='bbox 926 3405 982 3450; x_wconf 88' lang='lat' dir='ltr'><strong>et</strong></span> <span class='ocrx_word' id='word_1_489' title='bbox 1003 3398 1109 3451; x_wconf 92' lang='lat' dir='ltr'><strong>hoc</strong></span> <span class='ocrx_word' id='word_1_490' title='bbox 1134 3395 1209 3449; x_wconf 87' lang='lat' dir='ltr'><strong>illi</strong></span> <span class='ocrx_word' id='word_1_491' title='bbox 1229 3396 1305 3449; x_wconf 89' lang='lat' dir='ltr'><strong>ait</strong></span> <span class='ocrx_word' id='word_1_492' title='bbox 1330 3412 1345 3448; x_wconf 88' lang='lat'><strong>:</strong></span> <span class='ocrx_word' id='word_1_493' title='bbox 1378 3394 1543 3467; x_wconf 86' lang='lat' dir='ltr'><strong>(Ibid.</strong></span> <span class='ocrx_word' id='word_1_494' title='bbox 1572 3394 1664 3465; x_wconf 77' lang='lat'><strong>‘25)</strong></span> <span class='ocrx_word' id='word_1_495' title='bbox 1689 3393 1969 3460; x_wconf 77' lang='lat' dir='ltr'><strong>Memento,</strong></span> <span class='ocrx_word' id='word_1_496' title='bbox 1997 3393 2097 3463; x_wconf 81' lang='lat' dir='ltr'><strong>ﬁli,</strong></span> 
     </span>
    </p>
   </div>
   <div class='ocr_carea' id='block_1_61' title="bbox 517 3484 2098 3561">
    <p class='ocr_par' dir='ltr' id='par_1_61' title="bbox 517 3484 2098 3561">
     <span class='ocr_line' id='line_1_61' title="bbox 517 3484 2098 3561; baseline -0.002 -19"><span class='ocrx_word' id='word_1_497' title='bbox 517 3490 643 3561; x_wconf 83' lang='lat' dir='ltr'><strong>quia</strong></span> <span class='ocrx_word' id='word_1_498' title='bbox 670 3487 899 3555; x_wconf 73' lang='lat' dir='ltr'><strong>recepisti</strong></span> <span class='ocrx_word' id='word_1_499' title='bbox 931 3487 1065 3541; x_wconf 86' lang='lat' dir='ltr'><strong>bona</strong></span> <span class='ocrx_word' id='word_1_500' title='bbox 1092 3488 1148 3539; x_wconf 84' lang='lat' dir='ltr'><strong>in</strong></span> <span class='ocrx_word' id='word_1_501' title='bbox 1176 3486 1279 3539; x_wconf 80' lang='lat' dir='ltr'><strong>vita</strong></span> <span class='ocrx_word' id='word_1_502' title='bbox 1309 3495 1399 3539; x_wconf 83' lang='lat' dir='ltr'><strong>tua</strong></span> <span class='ocrx_word' id='word_1_503' title='bbox 1431 3499 1449 3536; x_wconf 89' lang='lat'><strong><em>:</em></strong></span> <span class='ocrx_word' id='word_1_504' title='bbox 1478 3484 1715 3539; x_wconf 75' lang='lat' dir='ltr'><strong>Lazarus</strong></span> <span class='ocrx_word' id='word_1_505' title='bbox 1743 3494 1915 3539; x_wconf 80' lang='lat' dir='ltr'><strong>autem</strong></span> <span class='ocrx_word' id='word_1_506' title='bbox 1939 3484 2098 3539; x_wconf 87' lang='lat' dir='ltr'><strong>mala.</strong></span> 
     </span>
    </p>
   </div>
   <div class='ocr_carea' id='block_1_62' title="bbox 523 3574 2104 3649">
    <p class='ocr_par' dir='ltr' id='par_1_62' title="bbox 523 3574 2104 3649">
     <span class='ocr_line' id='line_1_62' title="bbox 523 3574 2104 3649; baseline -0.002 -13"><span class='ocrx_word' id='word_1_507' title='bbox 523 3579 741 3636; x_wconf 86' lang='lat' dir='ltr'><strong>Sciebat</strong></span> <span class='ocrx_word' id='word_1_508' title='bbox 764 3594 895 3649; x_wconf 87' lang='lat' dir='ltr'><strong>ergo</strong></span> <span class='ocrx_word' id='word_1_509' title='bbox 921 3579 1057 3643; x_wconf 54' lang='lat' dir='ltr'><strong>hac,</strong></span> <span class='ocrx_word' id='word_1_510' title='bbox 1080 3590 1201 3648; x_wconf 84' lang='lat' dir='ltr'><strong>quae</strong></span> <span class='ocrx_word' id='word_1_511' title='bbox 1224 3576 1413 3647; x_wconf 84' lang='lat' dir='ltr'><strong>utique</strong></span> <span class='ocrx_word' id='word_1_512' title='bbox 1443 3578 1584 3647; x_wconf 88' lang='lat' dir='ltr'><strong>apud</strong></span> <span class='ocrx_word' id='word_1_513' title='bbox 1624 3577 1797 3641; x_wconf 90' lang='lat' dir='ltr'><strong>vivos,</strong></span> <span class='ocrx_word' id='word_1_514' title='bbox 1829 3591 1939 3631; x_wconf 90' lang='lat' dir='ltr'><strong>non</strong></span> <span class='ocrx_word' id='word_1_515' title='bbox 1963 3574 2104 3646; x_wconf 90' lang='lat' dir='ltr'><strong>apud</strong></span> 
     </span>
    </p>
   </div>
   <div class='ocr_carea' id='block_1_63' title="bbox 522 3670 2107 3744">
    <p class='ocr_par' dir='ltr' id='par_1_63' title="bbox 522 3670 2107 3744">
     <span class='ocr_line' id='line_1_63' title="bbox 522 3670 2107 3744; baseline -0.004 -13"><span class='ocrx_word' id='word_1_516' title='bbox 522 3680 787 3739; x_wconf 82' lang='lat' dir='ltr'><strong>mortuos,</strong></span> <span class='ocrx_word' id='word_1_517' title='bbox 810 3680 963 3744; x_wconf 88' lang='lat' dir='ltr'><strong>gesta</strong></span> <span class='ocrx_word' id='word_1_518' title='bbox 1009 3670 1250 3727; x_wconf 86' lang='lat' dir='ltr'><strong>fuerunt.</strong></span> <span class='ocrx_word' id='word_1_519' title='bbox 1274 3671 1497 3737; x_wconf 75' lang='lat' dir='ltr'><strong>Verum,</strong></span> <span class='ocrx_word' id='word_1_520' title='bbox 1529 3685 1635 3725; x_wconf 90' lang='lat' dir='ltr'><strong>non</strong></span> <span class='ocrx_word' id='word_1_521' title='bbox 1662 3686 1787 3726; x_wconf 87' lang='lat' dir='ltr'><strong>cum</strong></span> <span class='ocrx_word' id='word_1_522' title='bbox 1816 3679 2107 3742; x_wconf 89' lang='lat' dir='ltr'><strong>agerentur</strong></span> 
     </span>
    </p>
   </div>
   <div class='ocr_carea' id='block_1_64' title="bbox 522 3764 2109 3836">
    <p class='ocr_par' dir='ltr' id='par_1_64' title="bbox 522 3764 2109 3836">
     <span class='ocr_line' id='line_1_64' title="bbox 522 3764 2109 3836; baseline -0.002 -12"><span class='ocrx_word' id='word_1_523' title='bbox 522 3768 576 3824; x_wconf 90' lang='lat' dir='ltr'><strong>in</strong></span> <span class='ocrx_word' id='word_1_524' title='bbox 603 3768 764 3835; x_wconf 88' lang='lat' dir='ltr'><strong>vivis,</strong></span> <span class='ocrx_word' id='word_1_525' title='bbox 809 3767 904 3823; x_wconf 81' lang='lat' dir='ltr'><strong>sed</strong></span> <span class='ocrx_word' id='word_1_526' title='bbox 932 3780 1058 3822; x_wconf 88' lang='lat' dir='ltr'><strong>cum</strong></span> <span class='ocrx_word' id='word_1_527' title='bbox 1099 3767 1182 3822; x_wconf 90' lang='lat' dir='ltr'><strong>eis</strong></span> <span class='ocrx_word' id='word_1_528' title='bbox 1222 3765 1453 3821; x_wconf 90' lang='lat' dir='ltr'><strong>mortuis</strong></span> <span class='ocrx_word' id='word_1_529' title='bbox 1480 3765 1676 3836; x_wconf 84' lang='lat' dir='ltr'><strong>potuit,</strong></span> <span class='ocrx_word' id='word_1_530' title='bbox 1717 3764 1925 3822; x_wconf 86' lang='lat' dir='ltr'><strong>Lazaro</strong></span> <span class='ocrx_word' id='word_1_531' title='bbox 1970 3766 2109 3822; x_wconf 89' lang='lat' dir='ltr'><strong>indi-</strong></span> 
     </span>
    </p>
   </div>
   <div class='ocr_carea' id='block_1_65' title="bbox 523 3858 2104 3932">
    <p class='ocr_par' dir='ltr' id='par_1_65' title="bbox 523 3858 2104 3932">
     <span class='ocr_line' id='line_1_65' title="bbox 523 3858 2104 3932; baseline 0 -16"><span class='ocrx_word' id='word_1_532' title='bbox 523 3869 704 3924; x_wconf 89' lang='lat' dir='ltr'><strong>cante,</strong></span> <span class='ocrx_word' id='word_1_533' title='bbox 737 3874 1086 3931; x_wconf 84' lang='lat' dir='ltr'><strong>cognoscere,</strong></span> <span class='ocrx_word' id='word_1_534' title='bbox 1112 3874 1182 3915; x_wconf 88' lang='lat' dir='ltr'><strong>ne</strong></span> <span class='ocrx_word' id='word_1_535' title='bbox 1210 3858 1407 3915; x_wconf 89' lang='lat' dir='ltr'><strong>falsum</strong></span> <span class='ocrx_word' id='word_1_536' title='bbox 1432 3862 1503 3915; x_wconf 91' lang='lat' dir='ltr'><strong>sit</strong></span> <span class='ocrx_word' id='word_1_537' title='bbox 1529 3859 1671 3930; x_wconf 90' lang='lat' dir='ltr'><strong>quod</strong></span> <span class='ocrx_word' id='word_1_538' title='bbox 1696 3859 1771 3914; x_wconf 89' lang='lat' dir='ltr'><strong>ait</strong></span> <span class='ocrx_word' id='word_1_539' title='bbox 1797 3861 2064 3932; x_wconf 87' lang='lat' dir='ltr'><strong>propheta</strong></span> <span class='ocrx_word' id='word_1_540' title='bbox 2091 3878 2104 3916; x_wconf 91' lang='lat'><strong>:</strong></span> 
     </span>
    </p>
   </div>
   <div class='ocr_carea' id='block_1_66' title="bbox 523 3941 2108 4025">
    <p class='ocr_par' dir='ltr' id='par_1_66' title="bbox 523 3941 2108 4025">
     <span class='ocr_line' id='line_1_66' title="bbox 523 3941 2108 4025; baseline 0.001 -20"><span class='ocrx_word' id='word_1_541' title='bbox 523 3941 624 4025; x_wconf 75' lang='lat' dir='ltr'><strong>(Ie.</strong></span> <span class='ocrx_word' id='word_1_542' title='bbox 650 3950 740 4017; x_wconf 79' lang='lat'><strong>65,</strong></span> <span class='ocrx_word' id='word_1_543' title='bbox 769 3951 857 4024; x_wconf 83' lang='lat'><strong>16)</strong></span> <span class='ocrx_word' id='word_1_544' title='bbox 904 3952 1172 4006; x_wconf 80' lang='lat' dir='ltr'><strong>Abraham</strong></span> <span class='ocrx_word' id='word_1_545' title='bbox 1192 3951 1405 4006; x_wconf 79' lang='lat' dir='ltr'><strong>nescivit</strong></span> <span class='ocrx_word' id='word_1_546' title='bbox 1428 3969 1541 4007; x_wconf 80' lang='lat' dir='ltr'><strong>nos.</strong></span> <span class='ocrx_word' id='word_1_547' title='bbox 1567 3949 1800 4007; x_wconf 87' lang='lat' dir='ltr'><strong>Proinde</strong></span> <span class='ocrx_word' id='word_1_548' title='bbox 1829 3950 2108 4008; x_wconf 88' lang='lat' dir='ltr'><strong>fatendum</strong></span> 
     </span>
    </p>
   </div>
   <div class='ocr_carea' id='block_1_67' title="bbox 521 4045 2109 4117">
    <p class='ocr_par' dir='ltr' id='par_1_67' title="bbox 521 4045 2109 4117">
     <span class='ocr_line' id='line_1_67' title="bbox 521 4045 2109 4117; baseline 0 -16"><span class='ocrx_word' id='word_1_549' title='bbox 521 4052 609 4101; x_wconf 85' lang='lat' dir='ltr'><strong>est</strong></span> <span class='ocrx_word' id='word_1_550' title='bbox 644 4045 858 4102; x_wconf 83' lang='lat' dir='ltr'><strong>nescire</strong></span> <span class='ocrx_word' id='word_1_551' title='bbox 900 4045 1118 4116; x_wconf 82' lang='lat' dir='ltr'><strong>quidem</strong></span> <span class='ocrx_word' id='word_1_552' title='bbox 1170 4053 1433 4112; x_wconf 89' lang='lat' dir='ltr'><strong>mortuos,</strong></span> <span class='ocrx_word' id='word_1_553' title='bbox 1469 4046 1601 4116; x_wconf 90' lang='lat' dir='ltr'><strong>quid</strong></span> <span class='ocrx_word' id='word_1_554' title='bbox 1639 4046 1731 4101; x_wconf 88' lang='lat' dir='ltr'><strong>hic</strong></span> <span class='ocrx_word' id='word_1_555' title='bbox 1760 4054 1970 4117; x_wconf 86' lang='lat' dir='ltr'><strong>agatur,</strong></span> <span class='ocrx_word' id='word_1_556' title='bbox 2012 4045 2109 4101; x_wconf 89' lang='lat' dir='ltr'><strong>sed</strong></span> 
     </span>
    </p>
   </div>
   <div class='ocr_carea' id='block_1_68' title="bbox 523 4136 2109 4208">
    <p class='ocr_par' dir='ltr' id='par_1_68' title="bbox 523 4136 2109 4208">
     <span class='ocr_line' id='line_1_68' title="bbox 523 4136 2109 4208; baseline 0 -15"><span class='ocrx_word' id='word_1_557' title='bbox 523 4138 653 4193; x_wconf 85' lang='lat' dir='ltr'><strong>dum</strong></span> <span class='ocrx_word' id='word_1_558' title='bbox 678 4137 769 4194; x_wconf 88' lang='lat' dir='ltr'><strong>hic</strong></span> <span class='ocrx_word' id='word_1_559' title='bbox 794 4138 974 4208; x_wconf 87' lang='lat' dir='ltr'><strong>agitur</strong></span> <span class='ocrx_word' id='word_1_560' title='bbox 1006 4156 1019 4191; x_wconf 88' lang='lat'><strong>:</strong></span> <span class='ocrx_word' id='word_1_561' title='bbox 1052 4145 1241 4208; x_wconf 67' lang='lat' dir='ltr'><strong>postea</strong></span> <span class='ocrx_word' id='word_1_562' title='bbox 1265 4153 1395 4193; x_wconf 86' lang='lat' dir='ltr'><strong>vero</strong></span> <span class='ocrx_word' id='word_1_563' title='bbox 1426 4136 1613 4192; x_wconf 88' lang='lat' dir='ltr'><strong>audire</strong></span> <span class='ocrx_word' id='word_1_564' title='bbox 1636 4138 1705 4193; x_wconf 89' lang='lat' dir='ltr'><strong>ab</strong></span> <span class='ocrx_word' id='word_1_565' title='bbox 1731 4138 1832 4205; x_wconf 88' lang='lat' dir='ltr'><strong>eis,</strong></span> <span class='ocrx_word' id='word_1_566' title='bbox 1860 4138 1952 4207; x_wconf 91' lang='lat' dir='ltr'><strong>qui</strong></span> <span class='ocrx_word' id='word_1_567' title='bbox 1982 4137 2109 4193; x_wconf 86' lang='lat' dir='ltr'><strong>hinc</strong></span> 
     </span>
    </p>
   </div>
   <div class='ocr_carea' id='block_1_69' title="bbox 524 4228 2110 4301">
    <p class='ocr_par' dir='ltr' id='par_1_69' title="bbox 524 4228 2110 4301">
     <span class='ocr_line' id='line_1_69' title="bbox 524 4228 2110 4301; baseline -0.003 -13"><span class='ocrx_word' id='word_1_568' title='bbox 524 4233 594 4288; x_wconf 80' lang='lat' dir='ltr'><strong>ad</strong></span> <span class='ocrx_word' id='word_1_569' title='bbox 620 4247 715 4287; x_wconf 84' lang='lat' dir='ltr'><strong>eos</strong></span> <span class='ocrx_word' id='word_1_570' title='bbox 748 4231 1031 4285; x_wconf 84' lang='lat' dir='ltr'><strong>moriendo</strong></span> <span class='ocrx_word' id='word_1_571' title='bbox 1072 4239 1327 4301; x_wconf 81' lang='lat' dir='ltr'><strong>pergunt,</strong></span> <span class='ocrx_word' id='word_1_572' title='bbox 1359 4244 1466 4284; x_wconf 88' lang='lat' dir='ltr'><strong>non</strong></span> <span class='ocrx_word' id='word_1_573' title='bbox 1514 4228 1736 4299; x_wconf 88' lang='lat' dir='ltr'><strong>quidem</strong></span> <span class='ocrx_word' id='word_1_574' title='bbox 1770 4229 1976 4294; x_wconf 87' lang='lat' dir='ltr'><strong>omnia,</strong></span> <span class='ocrx_word' id='word_1_575' title='bbox 2013 4228 2110 4284; x_wconf 85' lang='lat' dir='ltr'><strong>sed</strong></span> 
     </span>
    </p>
   </div>
   <div class='ocr_carea' id='block_1_70' title="bbox 523 4320 2111 4395">
    <p class='ocr_par' dir='ltr' id='par_1_70' title="bbox 523 4320 2111 4395">
     <span class='ocr_line' id='line_1_70' title="bbox 523 4320 2111 4395; baseline -0.003 -14"><span class='ocrx_word' id='word_1_576' title='bbox 523 4339 646 4395; x_wconf 70' lang='lat' dir='ltr'><strong>quae</strong></span> <span class='ocrx_word' id='word_1_577' title='bbox 679 4324 936 4380; x_wconf 83' lang='lat' dir='ltr'><strong>sinuntur</strong></span> <span class='ocrx_word' id='word_1_578' title='bbox 962 4322 1225 4387; x_wconf 87' lang='lat' dir='ltr'><strong>indicare,</strong></span> <span class='ocrx_word' id='word_1_579' title='bbox 1256 4321 1349 4392; x_wconf 81' lang='lat' dir='ltr'><strong>qui</strong></span> <span class='ocrx_word' id='word_1_580' title='bbox 1379 4321 1634 4376; x_wconf 82' lang='lat' dir='ltr'><strong>sinuntur</strong></span> <span class='ocrx_word' id='word_1_581' title='bbox 1670 4320 1834 4376; x_wconf 87' lang='lat' dir='ltr'><strong>etiam</strong></span> <span class='ocrx_word' id='word_1_582' title='bbox 1865 4321 1967 4376; x_wconf 90' lang='lat' dir='ltr'><strong>ista</strong></span> <span class='ocrx_word' id='word_1_583' title='bbox 1996 4334 2111 4376; x_wconf 85' lang='lat' dir='ltr'><strong>me-</strong></span> 
     </span>
    </p>
   </div>
   <div class='ocr_carea' id='block_1_71' title="bbox 524 4412 2109 4484">
    <p class='ocr_par' dir='ltr' id='par_1_71' title="bbox 524 4412 2109 4484">
     <span class='ocr_line' id='line_1_71' title="bbox 524 4412 2109 4484; baseline -0.003 -12"><span class='ocrx_word' id='word_1_584' title='bbox 524 4414 749 4473; x_wconf 82' lang='lat' dir='ltr'><strong>minisse</strong></span> <span class='ocrx_word' id='word_1_585' title='bbox 778 4431 790 4468; x_wconf 90' lang='lat'><strong>:</strong></span> <span class='ocrx_word' id='word_1_586' title='bbox 816 4422 872 4470; x_wconf 87' lang='lat' dir='ltr'><strong>et</strong></span> <span class='ocrx_word' id='word_1_587' title='bbox 898 4428 1018 4482; x_wconf 67' lang='lat' dir='ltr'><strong>qum</strong></span> <span class='ocrx_word' id='word_1_588' title='bbox 1053 4413 1175 4468; x_wconf 81' lang='lat' dir='ltr'><strong>illos</strong></span> <span class='ocrx_word' id='word_1_589' title='bbox 1203 4413 1399 4483; x_wconf 83' lang='lat' dir='ltr'><strong>quibus</strong></span> <span class='ocrx_word' id='word_1_590' title='bbox 1441 4412 1559 4468; x_wconf 71' lang='lat' dir='ltr'><strong>hmo</strong></span> <span class='ocrx_word' id='word_1_591' title='bbox 1604 4412 1862 4479; x_wconf 86' lang='lat' dir='ltr'><strong>indicant,</strong></span> <span class='ocrx_word' id='word_1_592' title='bbox 1892 4419 2109 4484; x_wconf 83' lang='lat' dir='ltr'><strong>oportet</strong></span> 
     </span>
    </p>
   </div>
   <div class='ocr_carea' id='block_1_72' title="bbox 526 4505 2107 4578">
    <p class='ocr_par' dir='ltr' id='par_1_72' title="bbox 526 4505 2107 4578">
     <span class='ocr_line' id='line_1_72' title="bbox 526 4505 2107 4578; baseline -0.004 -11"><span class='ocrx_word' id='word_1_593' title='bbox 526 4511 732 4567; x_wconf 85' lang='lat' dir='ltr'><strong>audire.</strong></span> <span class='ocrx_word' id='word_1_594' title='bbox 759 4507 993 4565; x_wconf 79' lang='lat' dir='ltr'><strong>Possunt</strong></span> <span class='ocrx_word' id='word_1_595' title='bbox 1026 4515 1083 4562; x_wconf 88' lang='lat' dir='ltr'><strong>et</strong></span> <span class='ocrx_word' id='word_1_596' title='bbox 1110 4508 1180 4561; x_wconf 88' lang='lat' dir='ltr'><strong>ab</strong></span> <span class='ocrx_word' id='word_1_597' title='bbox 1205 4505 1428 4577; x_wconf 77' lang='lat' dir='ltr'><strong>angelis,</strong></span> <span class='ocrx_word' id='word_1_598' title='bbox 1457 4507 1550 4578; x_wconf 88' lang='lat' dir='ltr'><strong>qui</strong></span> <span class='ocrx_word' id='word_1_599' title='bbox 1579 4506 1760 4572; x_wconf 85' lang='lat' dir='ltr'><strong>rebus,</strong></span> <span class='ocrx_word' id='word_1_600' title='bbox 1795 4520 1913 4575; x_wconf 84' lang='lat' dir='ltr'><strong>quae</strong></span> <span class='ocrx_word' id='word_1_601' title='bbox 1939 4521 2107 4578; x_wconf 82' lang='lat' dir='ltr'><strong>agun-</strong></span> 
     </span>
    </p>
   </div>
   <div class='ocr_carea' id='block_1_73' title="bbox 526 4597 2106 4670">
    <p class='ocr_par' dir='ltr' id='par_1_73' title="bbox 526 4597 2106 4670">
     <span class='ocr_line' id='line_1_73' title="bbox 526 4597 2106 4670; baseline -0.003 -13"><span class='ocrx_word' id='word_1_602' title='bbox 526 4611 616 4658; x_wconf 90' lang='lat' dir='ltr'><strong>tur</strong></span> <span class='ocrx_word' id='word_1_603' title='bbox 642 4601 756 4667; x_wconf 87' lang='lat' dir='ltr'><strong>hic,</strong></span> <span class='ocrx_word' id='word_1_604' title='bbox 794 4607 997 4670; x_wconf 82' lang='lat' dir='ltr'><strong>praesto</strong></span> <span class='ocrx_word' id='word_1_605' title='bbox 1042 4605 1189 4663; x_wconf 86' lang='lat' dir='ltr'><strong>sunt,</strong></span> <span class='ocrx_word' id='word_1_606' title='bbox 1232 4597 1421 4652; x_wconf 86' lang='lat' dir='ltr'><strong>audire</strong></span> <span class='ocrx_word' id='word_1_607' title='bbox 1459 4597 1662 4667; x_wconf 87' lang='lat' dir='ltr'><strong>aliquid</strong></span> <span class='ocrx_word' id='word_1_608' title='bbox 1711 4598 1931 4663; x_wconf 91' lang='lat' dir='ltr'><strong>mortui,</strong></span> <span class='ocrx_word' id='word_1_609' title='bbox 1963 4597 2106 4669; x_wconf 84' lang='lat' dir='ltr'><strong>quod</strong></span> 
     </span>
    </p>
   </div>
   <div class='ocr_carea' id='block_1_74' title="bbox 526 4687 2107 4765">
    <p class='ocr_par' dir='ltr' id='par_1_74' title="bbox 526 4687 2107 4765">
     <span class='ocr_line' id='line_1_74' title="bbox 526 4687 2107 4765; baseline -0.004 -15"><span class='ocrx_word' id='word_1_610' title='bbox 526 4707 965 4765; x_wconf 72' lang='lat' dir='ltr'><strong>unumquemque</strong></span> <span class='ocrx_word' id='word_1_611' title='bbox 1011 4690 1227 4747; x_wconf 86' lang='lat' dir='ltr'><strong>illorum</strong></span> <span class='ocrx_word' id='word_1_612' title='bbox 1255 4690 1444 4745; x_wconf 85' lang='lat' dir='ltr'><strong>audire</strong></span> <span class='ocrx_word' id='word_1_613' title='bbox 1482 4689 1704 4755; x_wconf 87' lang='lat' dir='ltr'><strong>debere,</strong></span> <span class='ocrx_word' id='word_1_614' title='bbox 1742 4687 1972 4757; x_wconf 90' lang='lat' dir='ltr'><strong>judicat,</strong></span> <span class='ocrx_word' id='word_1_615' title='bbox 2019 4688 2107 4744; x_wconf 88' lang='lat' dir='ltr'><strong>cui</strong></span> 
     </span>
    </p>
   </div>
   <div class='ocr_carea' id='block_1_75' title="bbox 524 4776 2109 4856">
    <p class='ocr_par' dir='ltr' id='par_1_75' title="bbox 524 4776 2109 4856">
     <span class='ocr_line' id='line_1_75' title="bbox 524 4776 2109 4856; baseline -0.006 -10"><span class='ocrx_word' id='word_1_616' title='bbox 524 4796 716 4847; x_wconf 86' lang='lat' dir='ltr'><strong>cuncta</strong></span> <span class='ocrx_word' id='word_1_617' title='bbox 756 4785 1000 4856; x_wconf 79' lang='lat' dir='ltr'><strong>subjecta</strong></span> <span class='ocrx_word' id='word_1_618' title='bbox 1043 4791 1190 4840; x_wconf 78' lang='lat' dir='ltr'><strong>sunt.</strong></span> <span class='ocrx_word' id='word_1_619' title='bbox 1227 4782 1342 4837; x_wconf 86' lang='lat' dir='ltr'><strong>Nisi</strong></span> <span class='ocrx_word' id='word_1_620' title='bbox 1381 4781 1531 4837; x_wconf 74' lang='lat' dir='ltr'><strong>eiiim</strong></span> <span class='ocrx_word' id='word_1_621' title='bbox 1561 4789 1747 4837; x_wconf 84' lang='lat' dir='ltr'><strong>essent</strong></span> <span class='ocrx_word' id='word_1_622' title='bbox 1788 4781 1984 4853; x_wconf 81' lang='lat' dir='ltr'><strong>angeli,</strong></span> <span class='ocrx_word' id='word_1_623' title='bbox 2013 4776 2109 4852; x_wconf 85' lang='lat' dir='ltr'><strong>qui</strong></span> 
     </span>
    </p>
   </div>
   <div class='ocr_carea' id='block_1_76' title="bbox 527 4874 2106 4955">
    <p class='ocr_par' dir='ltr' id='par_1_76' title="bbox 527 4874 2106 4955">
     <span class='ocr_line' id='line_1_76' title="bbox 527 4874 2106 4955; baseline -0.004 -16"><span class='ocrx_word' id='word_1_624' title='bbox 527 4890 750 4955; x_wconf 84' lang='lat' dir='ltr'><strong>possent</strong></span> <span class='ocrx_word' id='word_1_625' title='bbox 777 4881 1063 4943; x_wconf 76' lang='lat' dir='ltr'><strong>interesse,</strong></span> <span class='ocrx_word' id='word_1_626' title='bbox 1099 4883 1158 4931; x_wconf 84' lang='lat' dir='ltr'><strong>et</strong></span> <span class='ocrx_word' id='word_1_627' title='bbox 1184 4876 1450 4941; x_wconf 75' lang='lat' dir='ltr'><strong>vivorum,</strong></span> <span class='ocrx_word' id='word_1_628' title='bbox 1490 4883 1548 4929; x_wconf 90' lang='lat' dir='ltr'><strong>et</strong></span> <span class='ocrx_word' id='word_1_629' title='bbox 1574 4884 1915 4932; x_wconf 84' lang='lat' dir='ltr'><strong>mortuorum</strong></span> <span class='ocrx_word' id='word_1_630' title='bbox 1945 4874 2106 4943; x_wconf 82' lang='lat' dir='ltr'><strong>locis,</strong></span> 
     </span>
    </p>
   </div>
   <div class='ocr_carea' id='block_1_77' title="bbox 529 4963 2112 5042">
    <p class='ocr_par' dir='ltr' id='par_1_77' title="bbox 529 4963 2112 5042">
     <span class='ocr_line' id='line_1_77' title="bbox 529 4963 2112 5042; baseline -0.004 -12"><span class='ocrx_word' id='word_1_631' title='bbox 529 4988 638 5030; x_wconf 82' lang='lat' dir='ltr'><strong>non</strong></span> <span class='ocrx_word' id='word_1_632' title='bbox 689 4974 921 5030; x_wconf 75' lang='lat' dir='ltr'><strong>dixisset</strong></span> <span class='ocrx_word' id='word_1_633' title='bbox 947 4970 1198 5027; x_wconf 77' lang='lat' dir='ltr'><strong>dominus</strong></span> <span class='ocrx_word' id='word_1_634' title='bbox 1217 4966 1376 5024; x_wconf 68' lang='lat' dir='ltr'><strong>Iesus</strong></span> <span class='ocrx_word' id='word_1_635' title='bbox 1404 4986 1419 5021; x_wconf 88' lang='lat'>:</span> <span class='ocrx_word' id='word_1_636' title='bbox 1476 4963 1630 5040; x_wconf 84' lang='lat' dir='ltr'><strong>(Luc.</strong></span> <span class='ocrx_word' id='word_1_637' title='bbox 1659 4982 1773 5034; x_wconf 74' lang='lat' dir='ltr'><strong>xvi,</strong></span> <span class='ocrx_word' id='word_1_638' title='bbox 1802 4968 1893 5042; x_wconf 71' lang='lat'><strong>2‘2)</strong></span> <span class='ocrx_word' id='word_1_639' title='bbox 1928 4968 2112 5024; x_wconf 82' lang='lat' dir='ltr'><strong>Conti-</strong></span> 
     </span>
    </p>
   </div>
   <div class='ocr_carea' id='block_1_78' title="bbox 528 5062 2112 5141">
    <p class='ocr_par' dir='ltr' id='par_1_78' title="bbox 528 5062 2112 5141">
     <span class='ocr_line' id='line_1_78' title="bbox 528 5062 2112 5141; baseline -0.003 -18"><span class='ocrx_word' id='word_1_640' title='bbox 528 5072 604 5141; x_wconf 76' lang='lat' dir='ltr'><strong>git</strong></span> <span class='ocrx_word' id='word_1_641' title='bbox 633 5068 969 5123; x_wconf 51' lang='lat' dir='ltr'><strong>antemnam</strong></span> <span class='ocrx_word' id='word_1_642' title='bbox 1019 5067 1226 5136; x_wconf 80' lang='lat' dir='ltr'><strong>inopem</strong></span> <span class='ocrx_word' id='word_1_643' title='bbox 1270 5062 1444 5129; x_wconf 77' lang='lat' dir='ltr'><strong>illum,</strong></span> <span class='ocrx_word' id='word_1_644' title='bbox 1496 5072 1543 5118; x_wconf 80' lang='lat' dir='ltr'><strong>et</strong></span> <span class='ocrx_word' id='word_1_645' title='bbox 1580 5062 1765 5133; x_wconf 71' lang='lat' dir='ltr'><strong>aﬁ‘em‘</strong></span> <span class='ocrx_word' id='word_1_646' title='bbox 1811 5063 1876 5117; x_wconf 82' lang='lat' dir='ltr'><strong>ab</strong></span> <span class='ocrx_word' id='word_1_647' title='bbox 1912 5063 2112 5133; x_wconf 80' lang='lat' dir='ltr'><strong>angelis</strong></span> 
     </span>
    </p>
   </div>
   <div class='ocr_carea' id='block_1_79' title="bbox 528 5153 2113 5226">
    <p class='ocr_par' dir='ltr' id='par_1_79' title="bbox 528 5153 2113 5226">
     <span class='ocr_line' id='line_1_79' title="bbox 528 5153 2113 5226; baseline -0.003 -11"><span class='ocrx_word' id='word_1_648' title='bbox 528 5162 583 5216; x_wconf 88' lang='lat' dir='ltr'><strong>in</strong></span> <span class='ocrx_word' id='word_1_649' title='bbox 628 5161 801 5215; x_wconf 73' lang='lat' dir='ltr'><strong>sinum</strong></span> <span class='ocrx_word' id='word_1_650' title='bbox 845 5159 1089 5213; x_wconf 64' lang='lat' dir='ltr'><strong>Abrahae.</strong></span> <span class='ocrx_word' id='word_1_651' title='bbox 1141 5155 1296 5211; x_wconf 81' lang='lat' dir='ltr'><strong>Nunc</strong></span> <span class='ocrx_word' id='word_1_652' title='bbox 1341 5170 1472 5226; x_wconf 86' lang='lat' dir='ltr'><strong>ergo</strong></span> <span class='ocrx_word' id='word_1_653' title='bbox 1514 5154 1622 5220; x_wconf 86' lang='lat' dir='ltr'><strong>hic,</strong></span> <span class='ocrx_word' id='word_1_654' title='bbox 1657 5169 1802 5210; x_wconf 90' lang='lat' dir='ltr'><strong>nunc</strong></span> <span class='ocrx_word' id='word_1_655' title='bbox 1846 5153 1954 5209; x_wconf 89' lang='lat' dir='ltr'><strong>illic</strong></span> <span class='ocrx_word' id='word_1_656' title='bbox 1990 5169 2113 5210; x_wconf 87' lang='lat' dir='ltr'><strong>esse</strong></span> 
     </span>
    </p>
   </div>
   <div class='ocr_carea' id='block_1_80' title="bbox 528 5245 2113 5325">
    <p class='ocr_par' dir='ltr' id='par_1_80' title="bbox 528 5245 2113 5325">
     <span class='ocr_line' id='line_1_80' title="bbox 528 5245 2113 5325; baseline -0.003 -16"><span class='ocrx_word' id='word_1_657' title='bbox 528 5259 842 5324; x_wconf 86' lang='lat' dir='ltr'><strong>potuerunt,</strong></span> <span class='ocrx_word' id='word_1_658' title='bbox 874 5252 970 5325; x_wconf 81' lang='lat' dir='ltr'><strong>qui</strong></span> <span class='ocrx_word' id='word_1_659' title='bbox 996 5251 1125 5309; x_wconf 76' lang='lat' dir='ltr'><strong>hinc</strong></span> <span class='ocrx_word' id='word_1_660' title='bbox 1150 5261 1174 5292; x_wconf 72' lang='grc' dir='ltr'><em>ε</em></span> <span class='ocrx_word' id='word_1_661' title='bbox 1200 5249 1373 5316; x_wconf 88' lang='lat' dir='ltr'><strong>illum,</strong></span> <span class='ocrx_word' id='word_1_662' title='bbox 1409 5262 1571 5319; x_wconf 85' lang='lat' dir='ltr'><strong>quem</strong></span> <span class='ocrx_word' id='word_1_663' title='bbox 1599 5245 1742 5305; x_wconf 80' lang='lat' dir='ltr'><strong>Deus</strong></span> <span class='ocrx_word' id='word_1_664' title='bbox 1769 5245 1960 5314; x_wconf 84' lang='lat' dir='ltr'><strong>voluit,</strong></span> <span class='ocrx_word' id='word_1_665' title='bbox 1992 5248 2113 5305; x_wconf 81' lang='lat' dir='ltr'><strong>abs-</strong></span> 
     </span>
    </p>
   </div>
   <div class='ocr_carea' id='block_1_81' title="bbox 602 5425 1001 5484">
    <p class='ocr_par' dir='ltr' id='par_1_81' title="bbox 602 5425 1001 5484">
     <span class='ocr_line' id='line_1_81' title="bbox 602 5425 1001 5484; baseline -0.003 0"><span class='ocrx_word' id='word_1_666' title='bbox 602 5436 631 5472; x_wconf 74' lang='grc' dir='ltr'>ι</span> <span class='ocrx_word' id='word_1_667' title='bbox 664 5425 1001 5484; x_wconf 68' lang='lat' dir='ltr'><strong>Hominibus.</strong></span> 
     </span>
    </p>
   </div>
   <div class='ocr_carea' id='block_1_82' title="bbox 603 5500 933 5626">
    <p class='ocr_par' dir='ltr' id='par_1_82' title="bbox 603 5500 933 5626">
     <span class='ocr_line' id='line_1_82' title="bbox 603 5500 869 5572; baseline -0.004 -18"><span class='ocrx_word' id='word_1_668' title='bbox 603 5500 632 5541; x_wconf 67' lang='grc' dir='ltr'>δ</span> <span class='ocrx_word' id='word_1_669' title='bbox 661 5500 869 5572; x_wconf 80' lang='lat' dir='ltr'><strong>Ageret.</strong></span> 
     </span>
     <span class='ocr_line' id='line_1_83' title="bbox 606 5568 933 5626; baseline -0.006 0"><span class='ocrx_word' id='word_1_670' title='bbox 606 5582 629 5611; x_wconf 70' lang='grc' dir='ltr'><strong>θ</strong></span> <span class='ocrx_word' id='word_1_671' title='bbox 668 5568 933 5626; x_wconf 77' lang='lat' dir='ltr'><strong>Ventrem.</strong></span> 
     </span>
    </p>
   </div>
   <div class='ocr_carea' id='block_1_83' title="bbox 601 5639 1307 5708">
    <p class='ocr_par' dir='ltr' id='par_1_83' title="bbox 601 5639 1307 5708">
     <span class='ocr_line' id='line_1_84' title="bbox 601 5639 1307 5708; baseline -0.001 -9"><span class='ocrx_word' id='word_1_672' title='bbox 601 5640 629 5683; x_wconf 73' lang='grc' dir='ltr'><em>ά</em></span> <span class='ocrx_word' id='word_1_673' title='bbox 654 5640 887 5700; x_wconf 78' lang='lat' dir='ltr'><strong>Additur</strong></span> <span class='ocrx_word' id='word_1_674' title='bbox 919 5639 1307 5708; x_wconf 73' lang='lat' dir='ltr'><strong>doloribusque.</strong></span> 
     </span>
    </p>
   </div>
   <div class='ocr_carea' id='block_1_84' title="bbox 606 5713 824 5769">
    <p class='ocr_par' dir='ltr' id='par_1_84' title="bbox 606 5713 824 5769">
     <span class='ocr_line' id='line_1_85' title="bbox 606 5713 824 5769; baseline -0.005 1"><span class='ocrx_word' id='word_1_675' title='bbox 606 5724 632 5755; x_wconf 72' lang='grc' dir='ltr'><strong>ο</strong></span> <span class='ocrx_word' id='word_1_676' title='bbox 667 5713 824 5769; x_wconf 68' lang='lat' dir='ltr'><strong>Illuc.</strong></span> 
     </span>
    </p>
   </div>
   <div class='ocr_carea' id='block_1_85' title="bbox 612 5779 2113 5852">
    <p class='ocr_par' dir='ltr' id='par_1_85' title="bbox 612 5779 2113 5852">
     <span class='ocr_line' id='line_1_86' title="bbox 612 5779 2113 5852; baseline -0.003 -11"><span class='ocrx_word' id='word_1_677' title='bbox 612 5785 635 5825; x_wconf 70' lang='grc' dir='ltr'><em>τ</em></span> <span class='ocrx_word' id='word_1_678' title='bbox 672 5785 829 5842; x_wconf 77' lang='lat' dir='ltr'><strong>Edita</strong></span> <span class='ocrx_word' id='word_1_679' title='bbox 872 5804 885 5840; x_wconf 71' lang='grc' dir='ltr'>ι</span> <span class='ocrx_word' id='word_1_680' title='bbox 918 5784 1031 5840; x_wconf 71' lang='lat' dir='ltr'><strong>vivo</strong></span> <span class='ocrx_word' id='word_1_681' title='bbox 1075 5779 1225 5837; x_wconf 78' lang='lat' dir='ltr'><strong>Sauli</strong></span> <span class='ocrx_word' id='word_1_682' title='bbox 1269 5783 1428 5836; x_wconf 82' lang='lat' dir='ltr'><strong>etiam</strong></span> <span class='ocrx_word' id='word_1_683' title='bbox 1473 5780 1621 5852; x_wconf 80' lang='lat' dir='ltr'><strong>Regi.</strong></span> <span class='ocrx_word' id='word_1_684' title='bbox 1655 5780 1889 5840; x_wconf 63' lang='lat' dir='ltr'><strong>Praestat</strong></span> <span class='ocrx_word' id='word_1_685' title='bbox 1924 5788 2113 5839; x_wconf 83' lang='lat' dir='ltr'><strong>nostra</strong></span> 
     </span>
    </p>
   </div>
   <div class='ocr_carea' id='block_1_86' title="bbox 534 5853 718 5925">
    <p class='ocr_par' dir='ltr' id='par_1_86' title="bbox 534 5853 718 5925">
     <span class='ocr_line' id='line_1_87' title="bbox 534 5853 718 5925; baseline -0.016 -11"><span class='ocrx_word' id='word_1_686' title='bbox 534 5853 718 5925; x_wconf 73' lang='lat' dir='ltr'><strong>lectio.</strong></span> 
     </span>
    </p>
   </div>
   <div class='ocr_carea' id='block_1_87' title="bbox 2134 4550 2189 4615">
    <p class='ocr_par' dir='ltr' id='par_1_87' title="bbox 2134 4550 2189 4615">
     <span class='ocr_line' id='line_1_88' title="bbox 2134 4550 2189 4615; baseline 0 -2"><span class='ocrx_word' id='word_1_687' title='bbox 2134 4550 2189 4615; x_wconf 89' lang='lat' dir='ltr'><strong>D</strong></span> 
     </span>
    </p>
   </div>
   <div class='ocr_carea' id='block_1_88' title="bbox 2281 3008 3807 3095">
    <p class='ocr_par' dir='ltr' id='par_1_88' title="bbox 2281 3008 3807 3095">
     <span class='ocr_line' id='line_1_89' title="bbox 2281 3008 3807 3095; baseline -0.01 -16"><span class='ocrx_word' id='word_1_688' title='bbox 2281 3045 2302 3079; x_wconf 73' lang='grc' dir='ltr'>ι</span> <span class='ocrx_word' id='word_1_689' title='bbox 2332 3025 2609 3095; x_wconf 87' lang='lat' dir='ltr'><strong>Frequens</strong></span> <span class='ocrx_word' id='word_1_690' title='bbox 2631 3030 2717 3079; x_wconf 90' lang='lat' dir='ltr'><strong>est</strong></span> <span class='ocrx_word' id='word_1_691' title='bbox 2744 3022 2798 3075; x_wconf 88' lang='lat' dir='ltr'><strong>in</strong></span> <span class='ocrx_word' id='word_1_692' title='bbox 2829 3016 3126 3091; x_wconf 88' lang='lat' dir='ltr'><strong>Scripturis</strong></span> <span class='ocrx_word' id='word_1_693' title='bbox 3165 3015 3360 3071; x_wconf 90' lang='lat' dir='ltr'><strong>borum</strong></span> <span class='ocrx_word' id='word_1_694' title='bbox 3407 3010 3615 3066; x_wconf 87' lang='lat' dir='ltr'><strong>mentio</strong></span> <span class='ocrx_word' id='word_1_695' title='bbox 3642 3008 3807 3064; x_wconf 84' lang='lat' dir='ltr'><strong>loco-</strong></span> 
     </span>
    </p>
   </div>
   <div class='ocr_carea' id='block_1_89' title="bbox 2204 3098 3806 3181">
    <p class='ocr_par' dir='ltr' id='par_1_89' title="bbox 2204 3098 3806 3181">
     <span class='ocr_line' id='line_1_90' title="bbox 2204 3098 3806 3181; baseline -0.017 -2"><span class='ocrx_word' id='word_1_696' title='bbox 2204 3133 2347 3181; x_wconf 82' lang='lat' dir='ltr'><strong>rum,</strong></span> <span class='ocrx_word' id='word_1_697' title='bbox 2373 3115 2609 3175; x_wconf 83' lang='lat' dir='ltr'><strong>maxime</strong></span> <span class='ocrx_word' id='word_1_698' title='bbox 2652 3114 2707 3168; x_wconf 90' lang='lat' dir='ltr'><strong>in</strong></span> <span class='ocrx_word' id='word_1_699' title='bbox 2736 3110 2876 3167; x_wconf 92' lang='lat' dir='ltr'><strong>libro</strong></span> <span class='ocrx_word' id='word_1_700' title='bbox 2906 3108 3117 3181; x_wconf 84' lang='lat' dir='ltr'><strong>Regum</strong></span> <span class='ocrx_word' id='word_1_701' title='bbox 3149 3113 3205 3162; x_wconf 90' lang='lat' dir='ltr'><strong>et</strong></span> <span class='ocrx_word' id='word_1_702' title='bbox 3257 3100 3509 3159; x_wconf 68' lang='lat' dir='ltr'><strong>Jeremiaa</strong></span> <span class='ocrx_word' id='word_1_703' title='bbox 3545 3098 3806 3170; x_wconf 83' lang='lat' dir='ltr'><strong>Prophe-</strong></span> 
     </span>
    </p>
   </div>
   <div class='ocr_carea' id='block_1_90' title="bbox 2206 3192 3806 3267">
    <p class='ocr_par' dir='ltr' id='par_1_90' title="bbox 2206 3192 3806 3267">
     <span class='ocr_line' id='line_1_91' title="bbox 2206 3192 3806 3267; baseline -0.011 0"><span class='ocrx_word' id='word_1_704' title='bbox 2206 3219 2293 3267; x_wconf 62' lang='grc' dir='ltr'><strong>ιω.</strong></span> <span class='ocrx_word' id='word_1_705' title='bbox 2320 3209 2419 3265; x_wconf 86' lang='lat' dir='ltr'><strong>Est</strong></span> <span class='ocrx_word' id='word_1_706' title='bbox 2445 3216 2623 3263; x_wconf 90' lang='lat' dir='ltr'><strong>autem</strong></span> <span class='ocrx_word' id='word_1_707' title='bbox 2672 3204 2829 3260; x_wconf 88' lang='lat' dir='ltr'><strong>vallis</strong></span> <span class='ocrx_word' id='word_1_708' title='bbox 2877 3200 3091 3267; x_wconf 83' lang='lat' dir='ltr'><strong>Ennon,</strong></span> <span class='ocrx_word' id='word_1_709' title='bbox 3114 3199 3229 3256; x_wconf 89' lang='lat' dir='ltr'><strong>sive</strong></span> <span class='ocrx_word' id='word_1_710' title='bbox 3255 3196 3352 3253; x_wconf 77' lang='lat' dir='ltr'><strong>filii</strong></span> <span class='ocrx_word' id='word_1_711' title='bbox 3385 3195 3599 3258; x_wconf 86' lang='lat' dir='ltr'><strong>Ennon,</strong></span> <span class='ocrx_word' id='word_1_712' title='bbox 3633 3192 3806 3264; x_wconf 64' lang='lat' dir='ltr'><strong>juxta</strong></span> 
     </span>
    </p>
   </div>
   <div class='ocr_carea' id='block_1_91' title="bbox 2204 3286 3806 3360">
    <p class='ocr_par' dir='ltr' id='par_1_91' title="bbox 2204 3286 3806 3360">
     <span class='ocr_line' id='line_1_92' title="bbox 2204 3286 3806 3360; baseline -0.012 0"><span class='ocrx_word' id='word_1_713' title='bbox 2204 3318 2418 3360; x_wconf 90' lang='lat' dir='ltr'><strong>murum</strong></span> <span class='ocrx_word' id='word_1_714' title='bbox 2469 3297 2769 3359; x_wconf 77' lang='lat' dir='ltr'><strong>Jerusalem</strong></span> <span class='ocrx_word' id='word_1_715' title='bbox 2821 3303 3011 3351; x_wconf 90' lang='lat' dir='ltr'><strong>contra</strong></span> <span class='ocrx_word' id='word_1_716' title='bbox 3062 3293 3347 3357; x_wconf 90' lang='lat' dir='ltr'><strong>orientem,</strong></span> <span class='ocrx_word' id='word_1_717' title='bbox 3376 3286 3433 3343; x_wconf 85' lang='lat' dir='ltr'><strong>in</strong></span> <span class='ocrx_word' id='word_1_718' title='bbox 3458 3302 3562 3358; x_wconf 85' lang='lat' dir='ltr'><strong>qua</strong></span> <span class='ocrx_word' id='word_1_719' title='bbox 3596 3296 3806 3340; x_wconf 82' lang='lat' dir='ltr'><strong>nemus</strong></span> 
     </span>
    </p>
   </div>
   <div class='ocr_carea' id='block_1_92' title="bbox 2204 3376 3804 3468">
    <p class='ocr_par' dir='ltr' id='par_1_92' title="bbox 2204 3376 3804 3468">
     <span class='ocr_line' id='line_1_93' title="bbox 2204 3376 3804 3468; baseline -0.012 -16"><span class='ocrx_word' id='word_1_720' title='bbox 2204 3394 2649 3468; x_wconf 86' lang='lat' dir='ltr'><strong>pulcherrimum,</strong></span> <span class='ocrx_word' id='word_1_721' title='bbox 2702 3388 2851 3445; x_wconf 86' lang='lat' dir='ltr'><strong>Siloe</strong></span> <span class='ocrx_word' id='word_1_722' title='bbox 2901 3385 3141 3445; x_wconf 87' lang='lat' dir='ltr'><strong>fontibus</strong></span> <span class='ocrx_word' id='word_1_723' title='bbox 3193 3382 3472 3455; x_wconf 88' lang='lat' dir='ltr'><strong>irrigatur.</strong></span> <span class='ocrx_word' id='word_1_724' title='bbox 3536 3376 3804 3448; x_wconf 84' lang='lat' dir='ltr'><strong>Topbeth</strong></span> 
     </span>
    </p>
   </div>
   <div class='ocr_carea' id='block_1_93' title="bbox 2207 3471 3807 3549">
    <p class='ocr_par' dir='ltr' id='par_1_93' title="bbox 2207 3471 3807 3549">
     <span class='ocr_line' id='line_1_94' title="bbox 2207 3471 3807 3549; baseline -0.016 0"><span class='ocrx_word' id='word_1_725' title='bbox 2207 3501 2387 3549; x_wconf 88' lang='lat' dir='ltr'><strong>autem</strong></span> <span class='ocrx_word' id='word_1_726' title='bbox 2409 3490 2437 3531; x_wconf 71' lang='grc' dir='ltr'>ιι</span> <span class='ocrx_word' id='word_1_727' title='bbox 2456 3496 2576 3543; x_wconf 90' lang='lat' dir='ltr'><strong>erat</strong></span> <span class='ocrx_word' id='word_1_728' title='bbox 2595 3486 2745 3542; x_wconf 90' lang='lat' dir='ltr'><strong>locus</strong></span> <span class='ocrx_word' id='word_1_729' title='bbox 2778 3485 2834 3540; x_wconf 90' lang='lat' dir='ltr'><strong>in</strong></span> <span class='ocrx_word' id='word_1_730' title='bbox 2858 3483 3048 3540; x_wconf 88' lang='lat' dir='ltr'><strong>eadem</strong></span> <span class='ocrx_word' id='word_1_731' title='bbox 3077 3473 3491 3545; x_wconf 79' lang='lat' dir='ltr'><strong>convallejuxta</strong></span> <span class='ocrx_word' id='word_1_732' title='bbox 3518 3471 3807 3527; x_wconf 83' lang='lat' dir='ltr'><strong>Piscinam</strong></span> 
     </span>
    </p>
   </div>
   <div class='ocr_carea' id='block_1_94' title="bbox 2205 3569 3808 3653">
    <p class='ocr_par' dir='ltr' id='par_1_94' title="bbox 2205 3569 3808 3653">
     <span class='ocr_line' id='line_1_95' title="bbox 2205 3569 3808 3653; baseline -0.014 -12"><span class='ocrx_word' id='word_1_733' title='bbox 2205 3584 2447 3650; x_wconf 87' lang='lat' dir='ltr'><strong>fullonis,</strong></span> <span class='ocrx_word' id='word_1_734' title='bbox 2487 3580 2642 3653; x_wconf 85' lang='lat' dir='ltr'><strong>cujus</strong></span> <span class='ocrx_word' id='word_1_735' title='bbox 2689 3578 2937 3634; x_wconf 88' lang='lat' dir='ltr'><strong>meminit</strong></span> <span class='ocrx_word' id='word_1_736' title='bbox 2976 3572 3282 3645; x_wconf 82' lang='lat' dir='ltr'><strong>Scriptura,</strong></span> <span class='ocrx_word' id='word_1_737' title='bbox 3315 3578 3370 3627; x_wconf 87' lang='lat' dir='ltr'><strong>et</strong></span> <span class='ocrx_word' id='word_1_738' title='bbox 3400 3569 3560 3640; x_wconf 78' lang='lat' dir='ltr'><strong>juxta</strong></span> <span class='ocrx_word' id='word_1_739' title='bbox 3602 3578 3808 3637; x_wconf 83' lang='lat' dir='ltr'><strong>agrum</strong></span> 
     </span>
    </p>
   </div>
   <div class='ocr_carea' id='block_1_95' title="bbox 2216 3660 3809 3745">
    <p class='ocr_par' dir='ltr' id='par_1_95' title="bbox 2216 3660 3809 3745">
     <span class='ocr_line' id='line_1_96' title="bbox 2216 3660 3809 3745; baseline -0.015 -11"><span class='ocrx_word' id='word_1_740' title='bbox 2216 3683 2231 3723; x_wconf 83' lang='lat' dir='ltr'><strong>i</strong></span> <span class='ocrx_word' id='word_1_741' title='bbox 2251 3674 2648 3741; x_wconf 84' lang='lat' dir='ltr'><strong>Acheldemach,</strong></span> <span class='ocrx_word' id='word_1_742' title='bbox 2664 3672 2755 3745; x_wconf 85' lang='lat' dir='ltr'><strong>qui</strong></span> <span class='ocrx_word' id='word_1_743' title='bbox 2776 3686 2945 3742; x_wconf 91' lang='lat' dir='ltr'><strong>usque</strong></span> <span class='ocrx_word' id='word_1_744' title='bbox 2965 3667 3125 3724; x_wconf 90' lang='lat' dir='ltr'><strong>hodie</strong></span> <span class='ocrx_word' id='word_1_745' title='bbox 3145 3669 3481 3722; x_wconf 88' lang='lat' dir='ltr'><strong>monstratur</strong></span> <span class='ocrx_word' id='word_1_746' title='bbox 3499 3660 3569 3715; x_wconf 86' lang='lat' dir='ltr'><strong>ad</strong></span> <span class='ocrx_word' id='word_1_747' title='bbox 3582 3668 3809 3713; x_wconf 81' lang='lat' dir='ltr'><strong>austra-</strong></span> 
     </span>
    </p>
   </div>
   <div class='ocr_carea' id='block_1_96' title="bbox 2210 3749 3806 3844">
    <p class='ocr_par' dir='ltr' id='par_1_96' title="bbox 2210 3749 3806 3844">
     <span class='ocr_line' id='line_1_97' title="bbox 2210 3749 3806 3844; baseline -0.014 -17"><span class='ocrx_word' id='word_1_748' title='bbox 2210 3772 2313 3827; x_wconf 90' lang='lat' dir='ltr'><strong>lem</strong></span> <span class='ocrx_word' id='word_1_749' title='bbox 2334 3770 2547 3844; x_wconf 86' lang='lat' dir='ltr'><strong>plagam</strong></span> <span class='ocrx_word' id='word_1_750' title='bbox 2568 3768 2767 3825; x_wconf 89' lang='lat' dir='ltr'><strong>montis</strong></span> <span class='ocrx_word' id='word_1_751' title='bbox 2786 3765 2937 3822; x_wconf 89' lang='lat' dir='ltr'><strong>Sion.</strong></span> <span class='ocrx_word' id='word_1_752' title='bbox 2964 3760 3225 3818; x_wconf 90' lang='lat' dir='ltr'><strong>Solebant</strong></span> <span class='ocrx_word' id='word_1_753' title='bbox 3246 3767 3426 3815; x_wconf 87' lang='lat' dir='ltr'><strong>autem</strong></span> <span class='ocrx_word' id='word_1_754' title='bbox 3448 3756 3503 3810; x_wconf 93' lang='lat' dir='ltr'><strong>in</strong></span> <span class='ocrx_word' id='word_1_755' title='bbox 3525 3749 3806 3823; x_wconf 88' lang='lat' dir='ltr'><strong>Topbeth,</strong></span> 
     </span>
    </p>
   </div>
   <div class='ocr_carea' id='block_1_97' title="bbox 2212 3846 3809 3936">
    <p class='ocr_par' dir='ltr' id='par_1_97' title="bbox 2212 3846 3809 3936">
     <span class='ocr_line' id='line_1_98' title="bbox 2212 3846 3809 3936; baseline -0.014 -15"><span class='ocrx_word' id='word_1_756' title='bbox 2212 3866 2338 3936; x_wconf 89' lang='lat' dir='ltr'><strong>quia</strong></span> <span class='ocrx_word' id='word_1_757' title='bbox 2372 3864 2525 3919; x_wconf 91' lang='lat' dir='ltr'><strong>locus</strong></span> <span class='ocrx_word' id='word_1_758' title='bbox 2552 3869 2673 3917; x_wconf 91' lang='lat' dir='ltr'><strong>erat</strong></span> <span class='ocrx_word' id='word_1_759' title='bbox 2698 3854 3119 3921; x_wconf 75' lang='lat' dir='ltr'><strong>ammnissimus,</strong></span> <span class='ocrx_word' id='word_1_760' title='bbox 3155 3851 3168 3902; x_wconf 83' lang='lat' dir='ltr'><strong>i</strong></span> <span class='ocrx_word' id='word_1_761' title='bbox 3202 3847 3471 3920; x_wconf 89' lang='lat' dir='ltr'><strong>hodieque</strong></span> <span class='ocrx_word' id='word_1_762' title='bbox 3510 3846 3809 3900; x_wconf 82' lang='lat' dir='ltr'><strong>hortorum</strong></span> 
     </span>
    </p>
   </div>
   <div class='ocr_carea' id='block_1_98' title="bbox 2210 3940 3810 4033">
    <p class='ocr_par' dir='ltr' id='par_1_98' title="bbox 2210 3940 3810 4033">
     <span class='ocr_line' id='line_1_99' title="bbox 2210 3940 3810 4033; baseline -0.015 -16"><span class='ocrx_word' id='word_1_763' title='bbox 2210 3962 2415 4033; x_wconf 72' lang='lat' dir='ltr'><strong>prmbet</strong></span> <span class='ocrx_word' id='word_1_764' title='bbox 2448 3957 2691 4024; x_wconf 86' lang='lat' dir='ltr'><strong>delicias,</strong></span> <span class='ocrx_word' id='word_1_765' title='bbox 2720 3954 2897 4028; x_wconf 89' lang='lat' dir='ltr'><strong>posita</strong></span> <span class='ocrx_word' id='word_1_766' title='bbox 2935 3967 3032 4007; x_wconf 89' lang='lat' dir='ltr'><strong>ara</strong></span> <span class='ocrx_word' id='word_1_767' title='bbox 3079 3945 3389 4004; x_wconf 85' lang='lat' dir='ltr'><strong>sacrificare</strong></span> <span class='ocrx_word' id='word_1_768' title='bbox 3437 3940 3810 4014; x_wconf 67' lang='lat' dir='ltr'><strong>daemonibus,</strong></span> 
     </span>
    </p>
   </div>
   <div class='ocr_carea' id='block_1_99' title="bbox 2212 4028 3809 4123">
    <p class='ocr_par' dir='ltr' id='par_1_99' title="bbox 2212 4028 3809 4123">
     <span class='ocr_line' id='line_1_100' title="bbox 2212 4028 3809 4123; baseline -0.014 -14"><span class='ocrx_word' id='word_1_769' title='bbox 2212 4028 2553 4123; x_wconf 74' lang='lat' dir='ltr'><strong>nefandoque</strong></span> <span class='ocrx_word' id='word_1_770' title='bbox 2594 4050 2717 4121; x_wconf 90' lang='lat' dir='ltr'><strong>igne</strong></span> <span class='ocrx_word' id='word_1_771' title='bbox 2750 4058 2877 4103; x_wconf 87' lang='lat' dir='ltr'><strong>suos</strong></span> <span class='ocrx_word' id='word_1_772' title='bbox 2902 4054 3223 4100; x_wconf 87' lang='lat' dir='ltr'><strong>consecrare</strong></span> <span class='ocrx_word' id='word_1_773' title='bbox 3246 4036 3473 4104; x_wconf 90' lang='lat' dir='ltr'><strong>liberos,</strong></span> <span class='ocrx_word' id='word_1_774' title='bbox 3504 4033 3621 4089; x_wconf 76' lang='lat' dir='ltr'><strong>sive</strong></span> <span class='ocrx_word' id='word_1_775' title='bbox 3646 4028 3809 4087; x_wconf 86' lang='lat' dir='ltr'><strong>bolo-</strong></span> 
     </span>
    </p>
   </div>
   <div class='ocr_carea' id='block_1_100' title="bbox 2213 4121 3812 4206">
    <p class='ocr_par' dir='ltr' id='par_1_100' title="bbox 2213 4121 3812 4206">
     <span class='ocr_line' id='line_1_101' title="bbox 2213 4121 3812 4206; baseline -0.016 -6"><span class='ocrx_word' id='word_1_776' title='bbox 2213 4121 2481 4200; x_wconf 33' lang='lat' dir='ltr'><strong>caustum&#39;</strong></span> <span class='ocrx_word' id='word_1_777' title='bbox 2504 4140 2719 4206; x_wconf 81' lang='lat' dir='ltr'><strong>offerre,</strong></span> <span class='ocrx_word' id='word_1_778' title='bbox 2767 4136 2905 4192; x_wconf 90' lang='lat' dir='ltr'><strong>sicut</strong></span> <span class='ocrx_word' id='word_1_779' title='bbox 2932 4135 2986 4191; x_wconf 90' lang='lat' dir='ltr'><strong>in</strong></span> <span class='ocrx_word' id='word_1_780' title='bbox 3008 4132 3146 4188; x_wconf 90' lang='lat' dir='ltr'><strong>libro</strong></span> <span class='ocrx_word' id='word_1_781' title='bbox 3184 4128 3476 4185; x_wconf 88' lang='lat' dir='ltr'><strong>verborum</strong></span> <span class='ocrx_word' id='word_1_782' title='bbox 3494 4123 3714 4183; x_wconf 79' lang='lat' dir='ltr'><strong>dierum</strong></span> <span class='ocrx_word' id='word_1_783' title='bbox 3737 4121 3812 4176; x_wconf 84' lang='lat' dir='ltr'><strong>de</strong></span> 
     </span>
    </p>
   </div>
   <div class='ocr_carea' id='block_1_101' title="bbox 2211 4212 3812 4303">
    <p class='ocr_par' dir='ltr' id='par_1_101' title="bbox 2211 4212 3812 4303">
     <span class='ocr_line' id='line_1_102' title="bbox 2211 4212 3812 4303; baseline -0.014 -13"><span class='ocrx_word' id='word_1_784' title='bbox 2211 4235 2394 4290; x_wconf 82' lang='lat' dir='ltr'><strong>Acbaz</strong></span> <span class='ocrx_word' id='word_1_785' title='bbox 2442 4247 2569 4303; x_wconf 89' lang='lat' dir='ltr'><strong>rege</strong></span> <span class='ocrx_word' id='word_1_786' title='bbox 2621 4230 2881 4299; x_wconf 87' lang='lat' dir='ltr'><strong>scriptum</strong></span> <span class='ocrx_word' id='word_1_787' title='bbox 2926 4233 3012 4282; x_wconf 90' lang='lat' dir='ltr'><strong>est</strong></span> <span class='ocrx_word' id='word_1_788' title='bbox 3040 4243 3052 4279; x_wconf 89' lang='lat'>:</span> <span class='ocrx_word' id='word_1_789' title='bbox 3083 4220 3273 4297; x_wconf 89' lang='lat' dir='ltr'><strong>(Para.</strong></span> <span class='ocrx_word' id='word_1_790' title='bbox 3322 4233 3519 4285; x_wconf 76' lang='lat' dir='ltr'><strong>nvm,</strong></span> <span class='ocrx_word' id='word_1_791' title='bbox 3562 4212 3618 4288; x_wconf 76' lang='lat'><strong>3)</strong></span> <span class='ocrx_word' id='word_1_792' title='bbox 3673 4213 3812 4291; x_wconf 73' lang='lat' dir='ltr'><strong>Ipse</strong></span> 
     </span>
    </p>
   </div>
   <div class='ocr_carea' id='block_1_102' title="bbox 2212 4308 3813 4399">
    <p class='ocr_par' dir='ltr' id='par_1_102' title="bbox 2212 4308 3813 4399">
     <span class='ocr_line' id='line_1_103' title="bbox 2212 4308 3813 4399; baseline -0.012 -16"><span class='ocrx_word' id='word_1_793' title='bbox 2212 4336 2308 4393; x_wconf 70' lang='lat' dir='ltr'><strong>est,</strong></span> <span class='ocrx_word' id='word_1_794' title='bbox 2349 4327 2439 4399; x_wconf 85' lang='lat' dir='ltr'><strong>qui</strong></span> <span class='ocrx_word' id='word_1_795' title='bbox 2483 4324 2707 4379; x_wconf 76' lang='lat' dir='ltr'><strong>adolevit</strong></span> <span class='ocrx_word' id='word_1_796' title='bbox 2738 4324 3010 4377; x_wconf 84' lang='lat' dir='ltr'><strong>incensum</strong></span> <span class='ocrx_word' id='word_1_797' title='bbox 3041 4320 3097 4373; x_wconf 83' lang='lat' dir='ltr'><strong>in</strong></span> <span class='ocrx_word' id='word_1_798' title='bbox 3120 4316 3253 4372; x_wconf 84' lang='lat' dir='ltr'><strong>valle</strong></span> <span class='ocrx_word' id='word_1_799' title='bbox 3278 4313 3589 4377; x_wconf 82' lang='lat' dir='ltr'><strong>Benennon,</strong></span> <span class='ocrx_word' id='word_1_800' title='bbox 3614 4320 3667 4365; x_wconf 83' lang='lat' dir='ltr'><strong>et</strong></span> <span class='ocrx_word' id='word_1_801' title='bbox 3693 4308 3813 4365; x_wconf 65' lang='lat' dir='ltr'><strong>lxa-</strong></span> 
     </span>
    </p>
   </div>
   <div class='ocr_carea' id='block_1_103' title="bbox 2213 4403 3809 4485">
    <p class='ocr_par' dir='ltr' id='par_1_103' title="bbox 2213 4403 3809 4485">
     <span class='ocr_line' id='line_1_104' title="bbox 2213 4403 3809 4485; baseline -0.011 -9"><span class='ocrx_word' id='word_1_802' title='bbox 2213 4420 2367 4476; x_wconf 81' lang='lat' dir='ltr'><strong>travit</strong></span> <span class='ocrx_word' id='word_1_803' title='bbox 2403 4416 2540 4481; x_wconf 79' lang='lat' dir='ltr'><strong>ﬁlios</strong></span> <span class='ocrx_word' id='word_1_804' title='bbox 2582 4432 2703 4471; x_wconf 79' lang='lat' dir='ltr'><strong>suos</strong></span> <span class='ocrx_word' id='word_1_805' title='bbox 2737 4415 2794 4468; x_wconf 89' lang='lat' dir='ltr'><strong>in</strong></span> <span class='ocrx_word' id='word_1_806' title='bbox 2821 4415 2939 4485; x_wconf 87' lang='lat' dir='ltr'><strong>igne</strong></span> <span class='ocrx_word' id='word_1_807' title='bbox 2964 4413 3251 4467; x_wconf 80' lang='lat' dir='ltr'><strong>Benennon</strong></span> <span class='ocrx_word' id='word_1_808' title='bbox 3287 4406 3603 4478; x_wconf 87' lang='lat' dir='ltr'><strong>:siquidem</strong></span> <span class='ocrx_word' id='word_1_809' title='bbox 3632 4403 3809 4459; x_wconf 79' lang='lat' dir='ltr'><strong>lilium</strong></span> 
     </span>
    </p>
   </div>
   <div class='ocr_carea' id='block_1_104' title="bbox 2216 4494 3808 4581">
    <p class='ocr_par' dir='ltr' id='par_1_104' title="bbox 2216 4494 3808 4581">
     <span class='ocr_line' id='line_1_105' title="bbox 2216 4494 3808 4581; baseline -0.013 -12"><span class='ocrx_word' id='word_1_810' title='bbox 2216 4510 2406 4569; x_wconf 86' lang='lat' dir='ltr'><strong>Ennon</strong></span> <span class='ocrx_word' id='word_1_811' title='bbox 2436 4508 2722 4581; x_wconf 84' lang='lat' dir='ltr'><strong>signiﬁcat.</strong></span> <span class='ocrx_word' id='word_1_812' title='bbox 2767 4503 2934 4561; x_wconf 81' lang='lat' dir='ltr'><strong>Vallis</strong></span> <span class='ocrx_word' id='word_1_813' title='bbox 2961 4511 3141 4559; x_wconf 90' lang='lat' dir='ltr'><strong>autem</strong></span> <span class='ocrx_word' id='word_1_814' title='bbox 3164 4502 3355 4557; x_wconf 91' lang='lat' dir='ltr'><strong>Ennon</strong></span> <span class='ocrx_word' id='word_1_815' title='bbox 3383 4499 3645 4555; x_wconf 87' lang='lat' dir='ltr'><strong>bebraice</strong></span> <span class='ocrx_word' id='word_1_816' title='bbox 3674 4494 3808 4551; x_wconf 86' lang='lat' dir='ltr'><strong>dici-</strong></span> 
     </span>
    </p>
   </div>
   <div class='ocr_carea' id='block_1_105' title="bbox 2215 4594 3807 4667">
    <p class='ocr_par' dir='ltr' id='par_1_105' title="bbox 2215 4594 3807 4667">
     <span class='ocr_line' id='line_1_106' title="bbox 2215 4594 3807 4667; baseline -0.014 -4"><span class='ocrx_word' id='word_1_817' title='bbox 2215 4616 2303 4663; x_wconf 88' lang='lat' dir='ltr'><strong>tur</strong></span> <span class='ocrx_word' id='word_1_818' title='bbox 2354 4604 2386 4645; x_wconf 66' lang='grc' dir='ltr'><strong>ὶ</strong></span> <span class='ocrx_word' id='word_1_819' title='bbox 2432 4602 2683 4667; x_wconf 85' lang='lat' dir='ltr'><strong>Gebenn,</strong></span> <span class='ocrx_word' id='word_1_820' title='bbox 2738 4596 2891 4667; x_wconf 87' lang='lat' dir='ltr'><strong>cujus</strong></span> <span class='ocrx_word' id='word_1_821' title='bbox 2938 4595 3156 4651; x_wconf 86' lang='lat' dir='ltr'><strong>nomine</strong></span> <span class='ocrx_word' id='word_1_822' title='bbox 3194 4594 3251 4649; x_wconf 89' lang='lat' dir='ltr'><strong>in</strong></span> <span class='ocrx_word' id='word_1_823' title='bbox 3293 4607 3436 4648; x_wconf 87' lang='lat' dir='ltr'><strong>novo</strong></span> <span class='ocrx_word' id='word_1_824' title='bbox 3476 4596 3807 4645; x_wconf 82' lang='lat' dir='ltr'><strong>testamento</strong></span> 
     </span>
    </p>
   </div>
   <div class='ocr_carea' id='block_1_106' title="bbox 2211 4682 3808 4773">
    <p class='ocr_par' dir='ltr' id='par_1_106' title="bbox 2211 4682 3808 4773">
     <span class='ocr_line' id='line_1_107' title="bbox 2211 4682 3808 4773; baseline -0.012 -17"><span class='ocrx_word' id='word_1_825' title='bbox 2211 4713 2373 4773; x_wconf 64' lang='lat' dir='ltr'><strong>paena</strong></span> <span class='ocrx_word' id='word_1_826' title='bbox 2404 4696 2701 4752; x_wconf 78' lang='lat' dir='ltr'><strong>iniernrum</strong></span> <span class='ocrx_word' id='word_1_827' title='bbox 2730 4691 2978 4764; x_wconf 89' lang='lat' dir='ltr'><strong>gehenna</strong></span> <span class='ocrx_word' id='word_1_828' title='bbox 3013 4686 3427 4761; x_wconf 81' lang='lat' dir='ltr'><strong>cognominatur</strong></span> <span class='ocrx_word' id='word_1_829' title='bbox 3451 4699 3468 4740; x_wconf 88' lang='lat'><strong>:</strong></span> <span class='ocrx_word' id='word_1_830' title='bbox 3491 4686 3623 4756; x_wconf 84' lang='lat' dir='ltr'><strong>quia</strong></span> <span class='ocrx_word' id='word_1_831' title='bbox 3648 4682 3808 4738; x_wconf 89' lang='lat' dir='ltr'><strong>nimi-</strong></span> 
     </span>
    </p>
   </div>
   <div class='ocr_carea' id='block_1_107' title="bbox 2215 4779 3804 4856">
    <p class='ocr_par' dir='ltr' id='par_1_107' title="bbox 2215 4779 3804 4856">
     <span class='ocr_line' id='line_1_108' title="bbox 2215 4779 3804 4856; baseline -0.009 -9"><span class='ocrx_word' id='word_1_832' title='bbox 2215 4804 2358 4856; x_wconf 90' lang='lat' dir='ltr'><strong>rum,</strong></span> <span class='ocrx_word' id='word_1_833' title='bbox 2392 4789 2533 4845; x_wconf 90' lang='lat' dir='ltr'><strong>sicut</strong></span> <span class='ocrx_word' id='word_1_834' title='bbox 2557 4788 2611 4842; x_wconf 92' lang='lat' dir='ltr'><strong>in</strong></span> <span class='ocrx_word' id='word_1_835' title='bbox 2655 4782 2897 4842; x_wconf 86' lang='lat' dir='ltr'><strong>convalle</strong></span> <span class='ocrx_word' id='word_1_836' title='bbox 2926 4780 3140 4848; x_wconf 86' lang='lat' dir='ltr'><strong>Ennon,</strong></span> <span class='ocrx_word' id='word_1_837' title='bbox 3169 4781 3259 4852; x_wconf 91' lang='lat' dir='ltr'><strong>qui</strong></span> <span class='ocrx_word' id='word_1_838' title='bbox 3289 4779 3449 4835; x_wconf 85' lang='lat' dir='ltr'><strong>idolis</strong></span> <span class='ocrx_word' id='word_1_839' title='bbox 3469 4780 3804 4848; x_wconf 83' lang='lat' dir='ltr'><strong>servierunt,</strong></span> 
     </span>
    </p>
   </div>
   <div class='ocr_carea' id='block_1_108' title="bbox 2214 4872 3807 4953">
    <p class='ocr_par' dir='ltr' id='par_1_108' title="bbox 2214 4872 3807 4953">
     <span class='ocr_line' id='line_1_109' title="bbox 2214 4872 3807 4953; baseline -0.008 -14"><span class='ocrx_word' id='word_1_840' title='bbox 2214 4884 2269 4940; x_wconf 91' lang='lat' dir='ltr'><strong>in</strong></span> <span class='ocrx_word' id='word_1_841' title='bbox 2294 4897 2379 4949; x_wconf 90' lang='lat' dir='ltr'><strong>ea,</strong></span> <span class='ocrx_word' id='word_1_842' title='bbox 2400 4877 2682 4953; x_wconf 85' lang='lat' dir='ltr'><strong>prophetis</strong></span> <span class='ocrx_word' id='word_1_843' title='bbox 2702 4873 3109 4940; x_wconf 86' lang='lat' dir='ltr'><strong>attestantibus,</strong></span> <span class='ocrx_word' id='word_1_844' title='bbox 3134 4872 3435 4944; x_wconf 88' lang='lat' dir='ltr'><strong>perierunt,</strong></span> <span class='ocrx_word' id='word_1_845' title='bbox 3450 4873 3528 4927; x_wconf 89' lang='lat' dir='ltr'><strong>ita</strong></span> <span class='ocrx_word' id='word_1_846' title='bbox 3553 4881 3807 4943; x_wconf 85' lang='lat' dir='ltr'><strong>peccato-</strong></span> 
     </span>
    </p>
   </div>
   <div class='ocr_carea' id='block_1_109' title="bbox 2214 4965 3807 5042">
    <p class='ocr_par' dir='ltr' id='par_1_109' title="bbox 2214 4965 3807 5042">
     <span class='ocr_line' id='line_1_110' title="bbox 2214 4965 3807 5042; baseline -0.008 -10"><span class='ocrx_word' id='word_1_847' title='bbox 2214 4991 2305 5033; x_wconf 88' lang='lat' dir='ltr'><strong>res</strong></span> <span class='ocrx_word' id='word_1_848' title='bbox 2360 4990 2429 5030; x_wconf 79' lang='lat' dir='ltr'><strong>ex</strong></span> <span class='ocrx_word' id='word_1_849' title='bbox 2468 4973 2575 5040; x_wconf 89' lang='lat' dir='ltr'><strong>bis,</strong></span> <span class='ocrx_word' id='word_1_850' title='bbox 2624 4987 2743 5042; x_wconf 67' lang='lat' dir='ltr'><strong>qua:</strong></span> <span class='ocrx_word' id='word_1_851' title='bbox 2774 4974 3159 5039; x_wconf 85' lang='lat' dir='ltr'><strong>peccaverunt,</strong></span> <span class='ocrx_word' id='word_1_852' title='bbox 3208 4975 3411 5021; x_wconf 70' lang='lat' dir='ltr'><strong>mterna</strong></span> <span class='ocrx_word' id='word_1_853' title='bbox 3451 4965 3807 5021; x_wconf 87' lang='lat' dir='ltr'><strong>damnatione</strong></span> 
     </span>
    </p>
   </div>
   <div class='ocr_carea' id='block_1_110' title="bbox 2222 5050 3806 5138">
    <p class='ocr_par' dir='ltr' id='par_1_110' title="bbox 2222 5050 3806 5138">
     <span class='ocr_line' id='line_1_111' title="bbox 2222 5050 3806 5138; baseline -0.006 -16"><span class='ocrx_word' id='word_1_854' title='bbox 2222 5050 2577 5138; x_wconf 81' lang='lat' dir='ltr'><strong>1puniuntur.</strong></span> <span class='ocrx_word' id='word_1_855' title='bbox 2609 5061 2853 5132; x_wconf 85' lang='lat' dir='ltr'><strong>Denique</strong></span> <span class='ocrx_word' id='word_1_856' title='bbox 2868 5059 3169 5115; x_wconf 82' lang='lat' dir='ltr'><strong>Hieremias</strong></span> <span class='ocrx_word' id='word_1_857' title='bbox 3197 5070 3320 5113; x_wconf 89' lang='lat' dir='ltr'><strong>cum</strong></span> <span class='ocrx_word' id='word_1_858' title='bbox 3337 5053 3572 5113; x_wconf 87' lang='lat' dir='ltr'><strong>referret</strong></span> <span class='ocrx_word' id='word_1_859' title='bbox 3596 5070 3806 5127; x_wconf 73' lang='lat' dir='ltr'><strong>przccc-</strong></span> 
     </span>
    </p>
   </div>
   <div class='ocr_carea' id='block_1_111' title="bbox 2216 5144 3805 5230">
    <p class='ocr_par' dir='ltr' id='par_1_111' title="bbox 2216 5144 3805 5230">
     <span class='ocr_line' id='line_1_112' title="bbox 2216 5144 3805 5230; baseline -0.008 -17"><span class='ocrx_word' id='word_1_860' title='bbox 2216 5159 2363 5230; x_wconf 90' lang='lat' dir='ltr'><strong>pisse</strong></span> <span class='ocrx_word' id='word_1_861' title='bbox 2414 5156 2518 5211; x_wconf 89' lang='lat' dir='ltr'><strong>sibi</strong></span> <span class='ocrx_word' id='word_1_862' title='bbox 2569 5154 2880 5219; x_wconf 90' lang='lat' dir='ltr'><strong>Dominum,</strong></span> <span class='ocrx_word' id='word_1_863' title='bbox 2928 5165 2993 5206; x_wconf 90' lang='lat' dir='ltr'><strong>ac</strong></span> <span class='ocrx_word' id='word_1_864' title='bbox 3043 5149 3245 5205; x_wconf 76' lang='lat' dir='ltr'><strong>dixisse</strong></span> <span class='ocrx_word' id='word_1_865' title='bbox 3298 5167 3311 5202; x_wconf 91' lang='lat'><strong>:</strong></span> <span class='ocrx_word' id='word_1_866' title='bbox 3357 5146 3533 5222; x_wconf 87' lang='lat' dir='ltr'><strong>(Hier.</strong></span> <span class='ocrx_word' id='word_1_867' title='bbox 3584 5163 3699 5206; x_wconf 73' lang='lat' dir='ltr'><strong>xu.</strong></span> <span class='ocrx_word' id='word_1_868' title='bbox 3749 5144 3805 5218; x_wconf 64' lang='grc' dir='ltr'><strong>ἓ)</strong></span> 
     </span>
    </p>
   </div>
   <div class='ocr_carea' id='block_1_112' title="bbox 2215 5239 3809 5320">
    <p class='ocr_par' dir='ltr' id='par_1_112' title="bbox 2215 5239 3809 5320">
     <span class='ocr_line' id='line_1_113' title="bbox 2215 5239 3809 5320; baseline -0.008 -17"><span class='ocrx_word' id='word_1_869' title='bbox 2215 5247 2479 5320; x_wconf 83' lang='lat' dir='ltr'><strong>Egredere</strong></span> <span class='ocrx_word' id='word_1_870' title='bbox 2525 5244 2593 5300; x_wconf 85' lang='lat' dir='ltr'><strong>ad</strong></span> <span class='ocrx_word' id='word_1_871' title='bbox 2644 5242 2831 5300; x_wconf 83' lang='lat' dir='ltr'><strong>vallem</strong></span> <span class='ocrx_word' id='word_1_872' title='bbox 2890 5241 2990 5314; x_wconf 80' lang='lat' dir='ltr'><strong>ﬁlii</strong></span> <span class='ocrx_word' id='word_1_873' title='bbox 3022 5240 3237 5308; x_wconf 86' lang='lat' dir='ltr'><strong>Ennon,</strong></span> <span class='ocrx_word' id='word_1_874' title='bbox 3264 5255 3383 5314; x_wconf 71' lang='lat' dir='ltr'><strong>quae</strong></span> <span class='ocrx_word' id='word_1_875' title='bbox 3418 5249 3496 5295; x_wconf 72' lang='lat' dir='ltr'><strong>est</strong></span> <span class='ocrx_word' id='word_1_876' title='bbox 3515 5239 3681 5312; x_wconf 67' lang='lat' dir='ltr'><strong>juxta</strong></span> <span class='ocrx_word' id='word_1_877' title='bbox 3724 5239 3809 5292; x_wconf 83' lang='lat' dir='ltr'><strong>in-</strong></span> 
     </span>
    </p>
   </div>
   <div class='ocr_carea' id='block_1_113' title="bbox 2297 5418 3803 5491">
    <p class='ocr_par' dir='ltr' id='par_1_113' title="bbox 2297 5418 3803 5491">
     <span class='ocr_line' id='line_1_114' title="bbox 2297 5418 3803 5491; baseline -0.006 -7"><span class='ocrx_word' id='word_1_878' title='bbox 2297 5426 2323 5465; x_wconf 79' lang='grc'><strong>⁸</strong></span> <span class='ocrx_word' id='word_1_879' title='bbox 2350 5423 2478 5483; x_wconf 82' lang='lat' dir='ltr'><strong>Haec</strong></span> <span class='ocrx_word' id='word_1_880' title='bbox 2490 5424 2672 5482; x_wconf 82' lang='lat' dir='ltr'><strong>omnia</strong></span> <span class='ocrx_word' id='word_1_881' title='bbox 2687 5421 2910 5478; x_wconf 84' lang='lat' dir='ltr'><strong>tradidit</strong></span> <span class='ocrx_word' id='word_1_882' title='bbox 2934 5419 3096 5491; x_wconf 76' lang='lat' dir='ltr'><strong>Beda,</strong></span> <span class='ocrx_word' id='word_1_883' title='bbox 3120 5418 3531 5491; x_wconf 42' lang='lat'><strong>“339.3738,</strong></span> <span class='ocrx_word' id='word_1_884' title='bbox 3548 5420 3693 5479; x_wconf 61' lang='lat' dir='ltr'><strong>39c!</strong></span> <span class='ocrx_word' id='word_1_885' title='bbox 3712 5420 3803 5478; x_wconf 82' lang='lat'><strong>50.</strong></span> 
     </span>
    </p>
   </div>
   <div class='ocr_carea' id='block_1_114' title="bbox 2288 5489 3809 5623">
    <p class='ocr_par' dir='ltr' id='par_1_114' title="bbox 2288 5489 3809 5623">
     <span class='ocr_line' id='line_1_115' title="bbox 2288 5489 3809 5623; baseline 0.005 -77"><span class='ocrx_word' id='word_1_886' title='bbox 2288 5495 2609 5623; x_wconf 48' lang='grc' dir='ltr'><strong>ξέἰιίυξξϋιίε</strong></span> <span class='ocrx_word' id='word_1_887' title='bbox 2634 5494 2854 5555; x_wconf 87' lang='lat' dir='ltr'><strong>additur</strong></span> <span class='ocrx_word' id='word_1_888' title='bbox 2885 5493 2990 5550; x_wconf 73' lang='lat' dir='ltr'><strong>sive</strong></span> <span class='ocrx_word' id='word_1_889' title='bbox 3019 5489 3252 5566; x_wconf 62' lang='lat' dir='ltr'><strong>nupta</strong></span> <span class='ocrx_word' id='word_1_890' title='bbox 3280 5509 3301 5553; x_wconf 83' lang='lat'><strong><em>;</em></strong></span> <span class='ocrx_word' id='word_1_891' title='bbox 3341 5503 3639 5566; x_wconf 80' lang='lat' dir='ltr'><strong>utrumque</strong></span> <span class='ocrx_word' id='word_1_892' title='bbox 3658 5492 3809 5552; x_wconf 75' lang='lat' dir='ltr'><strong>eni-</strong></span> 
     </span>
    </p>
   </div>
   <div class='ocr_carea' id='block_1_115' title="bbox 2220 5580 2495 5622">
    <p class='ocr_par' dir='ltr' id='par_1_115' title="bbox 2220 5580 2495 5622">
     <span class='ocr_line' id='line_1_116' title="bbox 2220 5580 2495 5622; baseline 0 0"><span class='ocrx_word' id='word_1_893' title='bbox 2220 5580 2382 5622; x_wconf 79' lang='lat' dir='ltr'><strong>SCI&#39;IDI</strong></span> <span class='ocrx_word' id='word_1_894' title='bbox 2391 5580 2495 5622; x_wconf 87' lang='lat' dir='ltr'><strong>tur.</strong></span> 
     </span>
    </p>
   </div>
   <div class='ocr_carea' id='block_1_116' title="bbox 2296 5638 2672 5716">
    <p class='ocr_par' dir='ltr' id='par_1_116' title="bbox 2296 5638 2672 5716">
     <span class='ocr_line' id='line_1_117' title="bbox 2296 5638 2672 5716; baseline 0 -22"><span class='ocrx_word' id='word_1_895' title='bbox 2296 5639 2312 5716; x_wconf 62' lang='grc' dir='ltr'><strong>ξ</strong></span> <span class='ocrx_word' id='word_1_896' title='bbox 2342 5638 2672 5716; x_wconf 62' lang='grc' dir='ltr'><strong>ᾼριιβιᾱεηει.</strong></span> 
     </span>
    </p>
   </div>
   <div class='ocr_carea' id='block_1_117' title="bbox 2294 5706 2891 5782">
    <p class='ocr_par' dir='ltr' id='par_1_117' title="bbox 2294 5706 2891 5782">
     <span class='ocr_line' id='line_1_118' title="bbox 2294 5706 2891 5782; baseline 0.002 -18"><span class='ocrx_word' id='word_1_897' title='bbox 2294 5707 2309 5782; x_wconf 60' lang='grc' dir='ltr'><em>ᾇ</em></span> <span class='ocrx_word' id='word_1_898' title='bbox 2355 5707 2505 5782; x_wconf 68' lang='lat' dir='ltr'><strong>Unde</strong></span> <span class='ocrx_word' id='word_1_899' title='bbox 2530 5727 2692 5782; x_wconf 76' lang='lat' dir='ltr'><strong>usque</strong></span> <span class='ocrx_word' id='word_1_900' title='bbox 2722 5706 2891 5765; x_wconf 73' lang='lat' dir='ltr'><strong>hodie.</strong></span> 
     </span>
    </p>
   </div>
   <div class='ocr_carea' id='block_1_118' title="bbox 2290 5780 2638 5837">
    <p class='ocr_par' dir='ltr' id='par_1_118' title="bbox 2290 5780 2638 5837">
     <span class='ocr_line' id='line_1_119' title="bbox 2290 5780 2638 5837; baseline 0.006 -2"><span class='ocrx_word' id='word_1_901' title='bbox 2290 5780 2317 5820; x_wconf 56' lang='grc' dir='ltr'><strong>κ</strong></span> <span class='ocrx_word' id='word_1_902' title='bbox 2349 5780 2638 5837; x_wconf 71' lang='lat' dir='ltr'><strong>Geliennaiz.</strong></span> 
     </span>
    </p>
   </div>
   <div class='ocr_carea' id='block_1_119' title="bbox 2298 5849 2637 5907">
    <p class='ocr_par' dir='ltr' id='par_1_119' title="bbox 2298 5849 2637 5907">
     <span class='ocr_line' id='line_1_120' title="bbox 2298 5849 2637 5907; baseline 0.006 -2"><span class='ocrx_word' id='word_1_903' title='bbox 2298 5849 2319 5891; x_wconf 73' lang='grc' dir='ltr'>ι</span> <span class='ocrx_word' id='word_1_904' title='bbox 2352 5850 2637 5907; x_wconf 82' lang='lat' dir='ltr'><strong>Punientut‘</strong></span> 
     </span>
    </p>
   </div>
  </div>
