4056 6350
247 294 359 361 803

935 286 1400 368 QUESTIONES
1430 284 1581 350 XXX
1619 288 1846 351 SUPER
1884 280 2133 347 LiBROS
2166 280 2434 344 REGUM.
2472 314 2544 326 -—
2579 276 2783 340 LIBER
2817 274 2904 339 IV.

3412 276 3523 344 800

245 418 357 474 ιι·οέ
379 430 468 468 am
492 422 658 485 porta:
695 412 896 484 ﬁctilis,
922 415 1083 484 paulo
1105 424 1228 484 post
1254 414 1385 471 dicit
1418 431 1430 467 :
1466 413 1533 468 Et
1561 430 1665 468 non
1684 428 1837 466 voca.
1862 389 1943 475 A'
2010 407 2164 476 Quos
2197 405 2355 477 paulo
2384 411 2504 476 post
2530 404 2595 458 de
2617 403 2806 459 eodem
2850 418 2985 475 rege.
3011 394 3210 460 dicitur
3235 422 3249 460 :
3272 402 3345 477 (υ.
3376 376 3445 463 l5
3469 414 3522 463 et

244 510 390 566 bitur
417 507 563 562 locus
588 506 685 560 iste
713 505 937 577 amplius
962 505 1212 577 Topltetlt,
1238 516 1283 561 st
1317 506 1467 562 vallis
1494 505 1597 575 ﬁlii
1623 506 1833 571 Ennon,

243 603 337 660 sed
379 598 532 655 vallis
561 599 837 654 occisionis
868 613 888 653 .'
918 610 966 653 et
993 599 1259 670 dissipabo
1289 596 1753 663 consiliumluda,
1786 605 1837 651 et

245 692 586 749 Hierusalem
622 694 679 747 in
724 691 841 747 loco
877 693 1001 759 isto,
1048 702 1098 749 et
1155 693 1448 748 subvertant
1495 707 1589 747 eos
1636 691 1835 762 gladio.

245 787 384 858 (Isa.
417 786 511 852 50,
540 786 631 857 3i)
655 785 823 841 Isaias
850 802 1069 857 quoque
1110 786 1555 845 manifestissime
1586 786 1839 856 Topbeth

242 881 522 936 infernum
555 879 811 950 appellat,
842 882 929 936 cui
958 897 1083 937 cum
1120 890 1441 951 perpetuum
1469 878 1667 936 diaboli
1694 880 1838 935 inte-

242 973 417 1027 ritum
444 973 546 1028 sub
568 973 793 1028 nomine
823 973 999 1031 Assur
1023 974 1378 1040 describeret,
1401 973 1591 1029 dicens
1615 990 1629 1027 :
1652 971 1697 1025 A
1719 988 1842 1028 voce

241 1068 389 1120 enim
409 1065 623 1122 Domini
645 1066 847 1137 pavebit
901 1065 1068 1123 Assur
1106 1068 1251 1138 virga
1281 1082 1558 1138 percussus
1592 1082 1606 1121 :
1633 1063 1705 1119 Et
1739 1067 1840 1121 erit

245 1160 506 1215 uansitus
556 1158 714 1229 virga:
767 1158 1048 1228 fundatus,
1096 1174 1256 1229 quam
1303 1158 1623 1229 requiescere
1676 1156 1838 1227 faciet

244 1249 512 1305 Dominus
543 1266 700 1322 super
742 1266 883 1317 eum,
908 1250 1095 1305 statim
1141 1249 1435 1320 quomodo,
1479 1256 1536 1307 et
1576 1249 1668 1305 ubi
1694 1254 1843 1305 esset

243 1342 528 1413 periturus
557 1341 756 1407 subdit,
780 1340 969 1397 dicens
997 1357 1010 1395 :
1044 1338 1360 1410 Prwparata
1385 1348 1459 1396 est
1481 1340 1617 1395 enim
1640 1339 1704 1394 ab
1727 1340 1842 1395 lteri

250 1434 486 1505 Tophetli
539 1451 571 1489 a
628 1450 746 1505 rege
786 1443 1109 1505 praeparata,
1161 1433 1429 1504 profunda
1489 1442 1539 1487 et
1591 1431 1839 1488 dilatata.

249 1523 491 1580 Pulchre
517 1527 612 1591 ait,
635 1534 691 1581 et
718 1525 966 1591 dilatata,
986 1525 1113 1595 quia
1159 1523 1388 1595 Tophetlt
1430 1523 1631 1580 dicitur
1654 1522 1841 1580 latitu-

248 1617 319 1670 do
353 1629 373 1668 :
407 1619 730 1671 nutrimenta
771 1616 946 1686 inquit
988 1616 1126 1686 ejus,
1168 1615 1330 1686 ignis,
1367 1624 1416 1669 et
1445 1614 1589 1685 ligna
1631 1614 1799 1670 multa
1821 1628 1841 1668 :

243 1709 408 1777 [latus
433 1708 646 1763 Domini
668 1709 803 1763 sicut
830 1716 1033 1764 torrens
1061 1707 1334 1779 sulphuris
1360 1707 1678 1763 succendens
1698 1723 1835 1763 eam.

1940 498 2027 575 Μ)
2074 496 2297 556 Excelsa
2334 516 2555 571 quoque,
2598 516 2716 570 qum
2774 509 2922 552 erant
2972 496 3027 552 in
3080 494 3411 555 Hierusalem
3449 501 3523 557 ad

1938 593 2206 649 dexteram
2233 602 2434 665 partem
2461 592 2653 647 montis
2676 592 2999 663 offensionis,
3025 609 3141 664 qua;
3165 594 3523 664 wdiﬁcaverat

1939 702 2031 740 rex
2066 682 2316 740 Salomon
2342 685 2587 739 Astarotlt
2631 682 2774 739 idolo
2809 683 3166 748 Sidoniorum,
3217 697 3264 741 et
3293 683 3523 743 Clmmos

1939 779 2217 848 offensioni
2270 776 2448 843 Moab,
2508 787 2555 832 et
2612 775 2817 839 Moloch
2877 776 3256 833 abominationi
3287 779 3525 847 filiorum

1939 868 2183 933 Ammon,
2227 867 2411 939 polluit
2464 885 2575 933 rex,
2605 878 2653 923 et
2685 870 2925 924 contrivit
2969 878 3196 936 statuas,
3226 878 3275 926 et
3303 874 3527 930 succidit

1939 958 2107 1027 lucos,
2158 958 2471 1032 replevitque
2511 958 2627 1014 loca
2669 977 2849 1015 eorum
2913 961 3114 1016 ossibus
3172 971 3523 1019 mortuorunt.

2016 1070 2034 1103 ι
2064 1050 2209 1106 Luce
2254 1060 2340 1106 est
2382 1050 2603 1117 clarius,
2633 1051 2775 1121 quod
2811 1051 3026 1109 excelsa
3056 1053 3338 1111 nominare
3390 1056 3529 1115 solet

1941 1143 2224 1214 Scriptura
2268 1143 2387 1198 loca
2426 1142 2480 1197 in
2530 1141 2757 1199 collibus
2801 1144 2981 1213 posita
3023 1143 3420 1213 frondentibus,
3466 1147 3524 1202 in

1940 1236 2135 1306 quibus
2158 1234 2242 1290 vel
2270 1232 2604 1289 dmmonibus
2631 1232 3000 1299 immolabant,
3029 1234 3115 1290 vel
3136 1236 3301 1290 etiam
3343 1235 3526 1294 Domi-

1940 1348 2032 1399 no,
2056 1331 2298 1387 locorum
2326 1329 2640 1386 amoenitate
2680 1326 2881 1395 allecti,
2925 1338 3115 1386 contra
3150 1330 3525 1401 interdictum,

1939 1424 2133 1485 relicto
2149 1420 2331 1492 altari,
2348 1423 2493 1497 quod
2512 1431 2629 1479 erat
2658 1424 2713 1481 in
2742 1422 2959 1495 templo,
2977 1424 3183 1482 hostias
3202 1424 3524 1484 oll'erebaut.
3604 1486 3607 1491 ,

1942 1512 2099 1572 Unde
2152 1512 2347 1585 saepius
2381 1516 2436 1571 in
2475 1515 2577 1573 hoc
2628 1515 2765 1572 libro
2801 1516 2868 1573 de
2920 1515 3178 1587 Regibus,
3225 1519 3318 1599 qui
3346 1519 3527 1577 minus

1939 1602 2180 1677 perfecte
2199 1606 2333 1677 justi
2358 1604 2532 1672 fuere,
2553 1605 2753 1662 dicitur
2778 1624 2790 1661 :
2823 1619 3178 1665 verumtamen
3191 1609 3397 1666 excelsa
3422 1626 3528 1667 non
3585 1651 3604 1669 .

1941 1696 2176 1757 abstulit.
2236 1698 2467 1755 Montem
2526 1707 2705 1756 autem
2751 1701 3055 1771 oﬂ‘ensionis
3103 1712 3342 1759 montem
3397 1702 3528 1759 idoli

246 1798 650 1857 Contaminavit
694 1810 876 1857 autem
921 1800 1100 1857 Josias
1126 1777 1396 1871 Topbeth,
1422 1802 1509 1857 vel
1537 1817 1662 1859 ossa
1688 1812 1836 1859 mbr-

1947 1788 2095 1857 dicit,
2124 1789 2252 1862 quia
2276 1789 2532 1845 nimirum
2554 1791 2963 1847 consuetudinis
2998 1800 3080 1848 est
3122 1791 3529 1864 Scripturarum

250 1901 468 1949 tuorum
496 1895 590 1960 ibi,
630 1895 772 1951 sicut
812 1895 880 1967 in
911 1896 1264 1966 sequentibus
1302 1896 1369 1951 de
1399 1895 1523 1952 aliis
1568 1897 1837 1954 idolorum

247 1984 386 2041 locis
430 1986 623 2043 fecisse
651 1987 869 2058 legitur,
922 1987 1007 2044 vel
1052 1987 1233 2057 aliqua
1257 1987 1514 2057 quaelibet
1558 1989 1840 2045 immunda

248 2079 588 2151 dispergens,
642 2088 909 2150 quatenus
960 2079 1350 2136 abominationi
1424 2080 1626 2151 potius,
1677 2096 1840 2151 quam

248 2170 599 2227 delectationi
646 2179 827 2243 aptus.
855 2171 1128 2239 omnibus,
1177 2173 1271 2244 qui
1315 2173 1645 2244 aspicerent,
1688 2173 1843 2231 locus

250 2270 557 2334 appareret.

329 2376 349 2408 ι
378 2356 533 2425 Quod
558 2357 806 2428 sequitur
826 2357 894 2415 de
913 2357 1105 2415 eodem
1142 2372 1269 2432 rege
1300 2355 1489 2415 Josia:
1517 2358 1585 2433 (v.
1612 2359 1702 2431 ll)
1736 2358 1840 2414 Ab-

252 2448 401 2506 stulit
430 2465 634 2522 quoque
661 2468 840 2524 equos,
857 2468 987 2523 quos
1009 2451 1261 2507 dederant
1278 2468 1422 2522 reges
1444 2451 1592 2507 Iuda
1617 2450 1754 2519 Soli,
1786 2453 1844 2509 in

250 2541 473 2598 introitu
496 2543 674 2615 templi
698 2544 934 2602 Domini.
962 2545 1030 2601 Et
1065 2546 1227 2617 paulo
1263 2554 1420 2617 post:
1446 2542 1649 2602 Curras
1669 2555 1844 2602 autem

254 2632 397 2692 Solis
418 2638 697 2693 combussit
718 2639 849 2709 igni,
881 2639 1119 2695 ostendit
1142 2652 1168 2681 α
1192 2640 1436 2696 omnium
1457 2640 1698 2711 gentium
1722 2640 1845 2695 ido-

253 2727 486 2785 lolatriae
512 2738 567 2786 et
619 2732 992 2802 superstitioni
1026 2730 1241 2789 Judzeos
1295 2747 1362 2789 eo
1393 2739 1639 2804 tempore
1673 2729 1845 2788 fuisse

254 2824 614 2895 mancipatos,
671 2826 747 2881 ita
786 2833 848 2883 ut
894 2827 951 2881 in
1001 2826 1413 2883 venerationem
1466 2825 1628 2893 Solis,
1682 2841 1845 2896 quem

256 2933 412 2974 more
452 2918 745 2977 Gentilium
786 2922 956 2977 Deum
1013 2935 1137 2980 esse
1185 2922 1503 2987 credebant,
1552 2919 1847 2976 simulacro

256 3006 399 3078 ejus,
431 3010 576 3080 quod
618 3009 881 3077 fecerant,
918 3026 1130 3079 currus,
1176 3026 1451 3082 equosque
1483 3010 1845 3075 subdiderint,

256 3106 311 3155 et
338 3100 444 3155 hoc
469 3100 524 3155 in
550 3101 707 3158 atriis
734 3102 916 3174 templi
936 3102 1172 3159 Domini.
1222 3102 1315 3160 Sic
1339 3103 1486 3158 enim
1513 3103 1688 3159 solent
1713 3115 1844 3172 gen-
1870 3136 1918 3200 Ε

258 3192 384 3249 tiles
411 3194 637 3266 pingere
685 3196 771 3251 vel
813 3195 997 3254 facere
1034 3196 1383 3254 simulacrum
1430 3195 1594 3262 Solis,
1624 3202 1684 3251 ut
1711 3209 1846 3266 pue-

256 3298 382 3343 rum
430 3285 731 3341 imberbem
781 3286 837 3343 in
880 3302 1046 3343 curru
1100 3296 1384 3357 ponentes,
1430 3302 1599 3359 equos
1644 3287 1845 3352 eidem,

259 3374 417 3444 quasi
443 3385 604 3431 curru
618 3376 817 3431 cmlum
838 3386 1085 3447 petentes
1110 3375 1415 3449 subjugant.
1432 3377 1531 3433 Cui
1557 3384 1847 3448 propterea

255 3466 413 3539 pueri
466 3476 656 3541 aptant
703 3471 1011 3543 imaginem,
1071 3472 1199 3542 quia
1250 3469 1360 3536 Sol,
1410 3472 1559 3529 velut
1606 3473 1847 3542 quotidie

259 3576 402 3618 novo
426 3572 548 3617 ortu
575 3571 753 3630 natus,
780 3564 835 3619 in
868 3564 1077 3621 nullum
1104 3580 1204 3637 per
1243 3564 1438 3623 saecula
1466 3566 1675 3623 senium
1702 3566 1842 3623 inci-

259 3653 362 3709 dit.
396 3652 469 3710 Ut
493 3663 674 3710 autem
725 3656 903 3712 eidem
933 3672 1129 3714 currus
1165 3664 1220 3714 et
1268 3672 1437 3729 equos
1464 3660 1729 3727 tribuant,
1780 3659 1848 3714 de

258 3745 525 3803 miraculo
579 3756 858 3819 sumptum
924 3748 1058 3807 Elim
1123 3751 1436 3822 propheta),
1499 3753 1626 3824 quia
1681 3768 1847 3808 curru

260 3840 421 3911 igneo
444 3848 501 3894 et
535 3839 690 3910 equis
716 3840 889 3912 igneis
908 3849 991 3900 est
1019 3852 1206 3914 raptus
1232 3844 1301 3899 ad
1324 3843 1546 3910 caelum,
1571 3841 1850 3900 Johannes

260 3932 887 4004 Constantinopolitanus
909 3934 1205 4005 Episcopus
1218 3934 1470 3990 aestimat.
1497 3935 1524 3974 δ
1545 3934 1683 4002 Quia
1702 3934 1848 3991 enim

260 4038 444 4094 graece
498 4026 634 4086 ἥλιος
677 4025 879 4081 dicitur
926 4024 1041 4095 Sol,
1067 4027 1208 4084 sicut
1236 4027 1402 4082 etiam
1426 4024 1700 4095 Sedulius,
1723 4042 1847 4083 cum

260 4114 329 4170 de
365 4113 550 4170 Hazliae
574 4130 800 4173 ascensu
822 4125 1061 4184 caneret,
1093 4118 1330 4173 ostendit
1357 4118 1547 4175 dicens
1573 4133 1589 4174 :

388 4252 544 4319 Quam
567 4254 706 4319 bene
722 4254 943 4306 fulminei
970 4256 1245 4319 praelucens
1267 4259 1442 4308 semita
1467 4256 1578 4309 cceli

386 4316 621 4384 gonvenit
654 4317 795 4384 Illic,
823 4316 1001 4384 merito
1019 4325 1102 4382 qui
1121 4330 1173 4370 et
1204 4322 1403 4384 nomine
1423 4320 1617 4384 fulgens
1641 4354 1659 4383 ,

387 4375 489 4447 liae
512 4390 606 4442 Ope
638 4375 818 4443 dignus
841 4380 971 4447 erat!
997 4375 1105 4431 nam
1131 4384 1169 4431 si
1195 4383 1441 4447 sermonis
1468 4375 1643 4447 Xchivi

390 4438 493 4489 Una
518 4438 609 4503 per
631 4438 886 4493 accentum
912 4446 935 4476 α
962 4451 1182 4495 mutetur
1203 4445 1386 4508 littera,
1409 4444 1491 4496 Sol
1515 4452 1593 4495 est
1616 4458 1629 4494 :

262 4562 547 4624 audientes
569 4566 744 4625 Graeci
771 4571 839 4626 ab
873 4568 899 4610 ἀ
933 4569 1216 4639 lsraelitis,
1248 4588 1385 4644 quos
1409 4572 1623 4629 divinas
1650 4574 1851 4633 habere

260 4658 477 4715 litteras
542 4660 687 4718 fama
758 4663 1053 4734 prodebat,
1123 4666 1440 4738 praedicari,
1497 4668 1642 4739 quod
1706 4668 1851 4725 Elias

261 4768 428 4809 curru
482 4754 639 4826 igneo
679 4762 736 4810 et
781 4758 937 4827 equis
981 4758 1052 4814 sit
1101 4756 1276 4831 igneis
1307 4759 1375 4815 ad
1404 4759 1646 4816 cmlestia
1678 4768 1852 4818 transo

262 4840 457 4907 latus:
491 4846 574 4900 vel
633 4854 781 4903 certe
818 4849 922 4905 hoc
968 4849 1144 4920 ipsum
1188 4849 1333 4907 inter
1361 4850 1466 4907 alia
1497 4852 1767 4924 depictum
1793 4855 1851 4911 in

262 4939 473 5008 pariete
496 4938 758 5007 videntes,
779 4941 1125 4999 crediderunt
1148 4942 1346 5000 vicinia
1368 4944 1849 5019 deceptinominis,

264 5029 410 5084 Solis
439 5027 528 5086 hic
571 5033 855 5088 transitum
904 5050 1001 5105 per
1036 5034 1203 5092 caelos
1238 5051 1359 5093 esse
1400 5037 1762 5111 designatum,
1800 5047 1858 5095 et

263 5121 592 5178 miraculum
615 5124 874 5181 divinitus
890 5124 1099 5183 factum
1119 5136 1593 5185 commutaverunt
1615 5131 1671 5185 in
1694 5146 1856 5202 argu-

264 5224 514 5272 mentum
562 5219 766 5276 erroris
809 5220 1047 5275 humana
1098 5220 1329 5276 stultitia
1390 5222 1851 5278 commendatum.

265 5308 417 5376 Quos
476 5309 675 5366 imitati
710 5311 812 5383 ipsi
862 5310 1034 5367 Judaei
1075 5321 1411 5385 satagerunt,
1459 5328 1530 5370 ne
1583 5313 1641 5371 in
1673 5312 1858 5386 aliquo

265 5399 565 5458 Gentilium
585 5405 920 5462 stultissimis
943 5407 1122 5462 minus
1151 5405 1303 5462 stulti
1331 5413 1607 5478 parerent.
1650 5426 1674 5463 ι

342 5554 375 5653 ἶ
401 5541 560 5669 3310?:
582 5544 758 5615 generi
776 5544 1092 5603 idololatria:
1119 5553 1168 5605 et
1191 5545 1593 5617 superstitionis.

346 5612 375 5653 δ
401 5612 601 5741 gms

346 5693 370 5724 ο
458 5693 664 5742 utatur.

336 5751 376 5795 ἀ
411 5754 741 5812 lsraeliticis.

350 5836 387 5897 οη
406 5825 596 5898 Απενι.
620 5827 850 5895 Praestat
877 5837 1067 5889 nostra
1090 5830 1270 5889 lectio.

1941 1883 2306 1954 o/fensionem,
2337 1878 2478 1939 idola
2516 1898 2848 1954 nuncupare,
2878 1884 3006 1955 quia
3034 1883 3117 1939 vel
3138 1883 3192 1939 in
3227 1884 3334 1940 illis
3360 1884 3531 1941 Oileu-

1940 1974 2086 2030 ditur
2119 1970 2280 2039 Deus,
2311 1973 2397 2031 vel
2445 1971 2826 2041 offensionum,
2852 1984 2906 2031 et
2935 1976 3146 2032 ruinam
3190 1978 3303 2033 suis
3346 1990 3369 2018 ο
3400 1977 3531 2033 affe-

1940 2073 2069 2120 runt
2097 2065 2398 2121 cultoribus
2430 2084 2442 2120 :
2476 2066 2617 2124 sicut
2653 2068 2707 2123 in
2744 2068 2849 2124 hac
2878 2068 2997 2140 ipsa
3032 2071 3301 2126 sententia
3337 2071 3358 2111 τ
3403 2072 3533 2128 sub-

1941 2166 2233 2230 sequenter
2304 2158 2606 2226 intimatur,
2673 2159 2803 2215 dum
2857 2161 3061 2217 dicitur
3110 2178 3126 2216 :
3191 2162 3333 2236 (ΙΙΙ.
3390 2162 3529 2236 Reg.

1942 2266 2021 2319 ΣΙ,
2049 2252 2102 2324 7)
2130 2252 2283 2319 Quod
2302 2252 2651 2322 (ediﬁcaverat
2673 2253 2930 2310 Salomon
2952 2271 3044 2310 rex
3064 2254 3259 2323 Israel,
3283 2255 3533 2331 Astarotlt

1941 2342 2084 2397 idolo
2134 2343 2496 2411 Sidoniorum,
2542 2355 2589 2399 et
2642 2343 2868 2401 Chamos
2922 2347 3202 2417 offensioni
3236 2346 3394 2403 Moab
3426 2363 3445 2401 :
3481 2359 3535 2405 et

1944 2434 2152 2492 Moloclt
2183 2437 2563 2493 abominationi
2594 2436 2828 2508 ﬁliorum
2859 2439 3105 2496 Ammon.
3140 2440 3242 2497 Ubi
3268 2442 3372 2499 hoc
3392 2457 3534 2514 quo-

1942 2543 2068 2598 que,
2092 2529 2146 2585 ni
2176 2527 2355 2597 fallor,
2398 2529 2576 2601 palam
2618 2531 2941 2597 ostenditur,
2972 2533 3118 2603 quod
3167 2534 3374 2590 utinam
3423 2550 3534 2592 non

1944 2619 2346 2686 ostenderetur,
2397 2621 2524 2691 quia
2573 2620 2828 2677 videlicet
2857 2619 3117 2678 Salomon
3175 2624 3243 2680 de
3292 2624 3535 2682 admisso

1944 2711 2261 2767 idololatriae
2293 2711 2500 2768 scelere
2522 2726 2798 2782 nunquam
2825 2712 3067 2785 perfecte
3091 2715 3366 2787 pmnituit.
3396 2714 3534 2773 Nam

1946 2798 2011 2859 si~
2054 2804 2258 2874 fructus
2304 2804 2620 2877 poenitentia:
2661 2807 2849 2877 dignos
2870 2806 3086 2878 faceret,
3116 2817 3389 2880 satageret
3407 2818 3538 2865 ante

1946 2895 2149 2960 omnia,
2179 2900 2239 2949 ut
2264 2894 2429 2960 idola,
2454 2911 2575 2965 qua:
2597 2896 2983 2964 mdiﬁcaverat,
3008 2898 3074 2954 de
3098 2899 3320 2954 civitate
3346 2909 3539 2957 sancta

1949 2985 2292 3055 tollerentur,
2338 2997 2395 3044 et
2447 2990 2643 3046 nonin
2692 2991 3007 3049 scandalum
3051 2992 3360 3061 stultorum,
3418 3009 3541 3065 quas

1949 3080 2086 3152 ipse,
2133 3098 2256 3137 cum
2293 3081 2484 3139 fuisset
2519 3084 2973 3154 sapientissimus,
3028 3099 3258 3142 errones
3309 3085 3535 3155 fecerat,

1948 3176 2104 3246 quasi
2159 3178 2452 3248 sapienter,
2485 3193 2550 3234 ac
2582 3185 2731 3234 recte
2759 3177 2905 3235 facta
2937 3178 3267 3249 reliquisset.
3296 3179 3539 3238 Meminit

1949 3283 2131 3339 supra,
2159 3277 2214 3325 et
2258 3266 2420 3342 hujus
2447 3270 2550 3327 loci
2593 3270 2875 3343 Scriptura
2902 3271 3091 3331 dicens
3122 3291 3136 3327 :
3169 3272 3314 3333 Tunc
3368 3274 3541 3344 (ediﬁ-

1948 3362 2081 3416 cavit
2128 3360 2383 3418 Salomon
2410 3362 2595 3431 fanum
2633 3362 2859 3420 Cltamos
2914 3364 3056 3420 idolo
3080 3363 3238 3421 Moab
3263 3366 3319 3421 in
3341 3373 3537 3435 nasute,

1945 3455 2128 3525 quiest
2151 3465 2335 3511 contra
2367 3455 2726 3525 Hierusalem,
2770 3468 2818 3514 et
2850 3457 3059 3514 Moloclt
3078 3459 3280 3516 idolum
3304 3459 3541 3530 ﬁliorum

1948 3542 2191 3601 Ammon.
2253 3546 2364 3604 Nec
2414 3548 2587 3604 videri
2637 3550 2800 3606 debet
2858 3551 3215 3617 contrarium,
3262 3552 3406 3622 quod
3463 3552 3541 3609 ibi

1948 3650 2125 3704 mons,
2167 3637 2224 3692 in
2252 3652 2360 3709 quo
2390 3638 2533 3695 facta
2559 3647 2688 3699 sunt
2714 3641 2831 3697 tunc
2857 3641 3024 3708 idola,
3061 3651 3253 3700 contra
3288 3642 3544 3701 Hierusa-

1947 3725 2073 3793 lem,
2128 3729 2219 3785 hic
2248 3730 2303 3785 in
2355 3728 2660 3789 Jerusalem
2684 3748 2806 3789 esse
2849 3735 3058 3805 positus
3090 3734 3373 3801 asseritur,
3411 3736 3541 3805 quia

1946 3819 2204 3875 nimirum
2261 3822 2315 3876 in
2346 3830 2497 3878 tanta
2544 3832 2666 3879 erat
2708 3823 2861 3880 urbis
2889 3826 3087 3882 vicinia
3126 3827 3358 3896 positus,
3387 3835 3450 3882 ut
3471 3826 3541 3883 ad

1949 3911 2122 3981 ipsam
2153 3913 2447 3981 pertinere,
2485 3915 2512 3956 ⁸
2537 3923 2593 3970 et
2643 3916 2817 3984 ipsam
2852 3931 3070 3988 quoque
3100 3915 3374 3986 sordibus,
3419 3932 3543 3990 quae

1948 4002 2005 4057 in
2026 4018 2092 4059 eo
2121 4006 2568 4076 congerebantur,
2597 4007 2863 4079 attingere
2898 4008 3190 4067 videretur.
3228 4031 3248 4065 ι

2022 4098 2136 4170 (24,
2173 4099 2241 4155 id
2266 4108 2314 4156 et
2343 4101 2456 4175 15.)
2492 4101 2783 4160 Transtulit
2842 4104 3380 4184 (Nabuchodonosor)
3429 4126 3541 4166 om-

1951 4208 2069 4248 nem
2127 4189 2427 4249 Jerusalem
2484 4206 2534 4252 et
2585 4196 2850 4254 universos
2908 4200 3169 4272 principes
3205 4216 3224 4256 :
3271 4201 3542 4258 transtulit

1950 4301 2155 4357 quoque
2176 4284 2420 4342 Joacltim
2450 4288 2505 4342 in
2529 4286 2875 4359 Babylonem,
2903 4300 2953 4346 et
2976 4289 3195 4348 Iudices
3208 4300 3365 4348 terra!
3387 4292 3540 4349 duxit

1949 4377 2007 4432 in
2052 4380 2403 4450 captivitatem
2431 4383 2494 4437 de
2513 4383 2811 4440 Jerusalem
2836 4386 2893 4440 in
2915 4384 3261 4459 Babylonem,
3283 4397 3334 4444 et
3363 4403 3544 4446 omnes

1828 4480 1831 4481 '
1873 4502 1929 4565 Β
1952 4468 2089 4525 viros
2123 4472 2385 4541 robustos,
2412 4483 2520 4530 etc.
2549 4475 2705 4545 Quod
2737 4476 2984 4536 referens
3018 4479 3085 4537 de
3108 4479 3544 4539 Nabuchodono-

1957 4576 2070 4631 sor,
2112 4565 2240 4635 quia
2284 4568 2624 4625 transtulerit
2667 4586 2883 4628 omnem
2925 4572 3282 4641 Hierusalem,
3314 4581 3374 4631 et
3412 4574 3542 4630 unto

1955 4671 2146 4713 versos
2189 4656 2484 4731 principes,
2515 4669 2572 4717 et
2599 4678 2789 4722 omnes
2814 4663 2986 4722 fortes
3013 4667 3310 4734 exercitus,
3347 4666 3539 4724 decem

1952 4746 2123 4805 millia
2165 4750 2220 4805 in
2278 4752 2670 4822 captivitatem,
2720 4755 2927 4813 addidit
2984 4756 3256 4828 scriptura
3307 4757 3539 4817 dicens:

1957 4834 2051 4914 (V.
2091 4842 2178 4915 16)
2213 4842 2282 4899 Et
2311 4863 2514 4907 omnem
2541 4851 2799 4921 artiﬁcem
2830 4862 2879 4909 et
2907 4851 3185 4910 clusorem.

2036 4954 2054 4989 ι
2083 4937 2197 4993 Hoc
2224 4949 2324 4996 'est
2357 4943 2502 5014 quod
2541 4959 2703 5014 supra
2736 4945 2911 5005 eidem
2949 4945 3146 5019 populo
3176 4945 3351 5003 Israel
3370 4946 3563 5004 Pbili-‘

1957 5030 2104 5085 stiim
2164 5044 2456 5105 regnantes
2502 5036 2698 5093 fecisse
2745 5046 3075 5107 narrantur,
3132 5054 3257 5095 cum
3300 5040 3539 5097 dicitur:

1960 5121 2015 5197 (I
2037 5122 2165 5196 Reg.
2196 5124 2285 5197 15)
2316 5125 2489 5185 Porro
2516 5127 2665 5201 faber
2686 5128 2945 5200 ferrarius
2974 5145 3079 5185 non
3105 5130 3464 5187 inveniebatur
3489 5132 3545 5187 in

1960 5217 2103 5271 omni
2136 5226 2277 5273 terra
2302 5216 2475 5274 Israel
2500 5232 2518 5271 :
2547 5227 2790 5275 caverant
2809 5220 2947 5275 enim
2969 5217 3281 5290 Philistiim,
3315 5239 3378 5280 ne
3410 5221 3546 5292 forte

1960 5310 2193 5383 {soerent
2220 5311 2431 5369 Hebrtei
2456 5312 2714 5386 gladium,
2757 5323 2852 5369 aut
2879 5314 3148 5385 lanceam.
3205 5316 3361 5374 Sicut
3399 5316 3546 5372 enim

1961 5413 2091 5464 tunc
2115 5405 2193 5463 illi
2214 5413 2497 5474 caverunt,
2532 5420 2603 5462 ne
2646 5405 2911 5463 habentes
2948 5405 3133 5464 fabros
3156 5408 3415 5469 ferrartos
3447 5405 3552 5466 He-

2042 5547 2066 5627 ξ
2102 5547 2468 5627 _S_ubsequenti.
2500 5547 2948 5627 Praestatunostra
2973 5546 3154 5627 lectio.
3514 5616 3540 5627 ν

2039 5619 2066 5661 ⁸
2093 5618 2166 5674 Et
2211 5618 2327 5691 ipsa
2362 5636 2568 5694 quoque
2596 5619 2862 5694 sordibus,
2899 5636 3018 5694 quat
3062 5621 3122 5677 in
3162 5618 3551 5694 «congrege:

1961 5691 2532 5819 bgntiir,lattaminare
2567 5691 2855 5750 videretur.
2897 5691 3166 5751 Praestare
3196 5691 3415 5755 videtur

1962 5778 1989 5820 Β
2015 5778 2073 5818 ra
2127 5776 2191 5819 ec
2216 5778 2289 5819 to.
