4056 6350
248 361 360 421 809

933 365 1393 434 QUESTIONES
1425 369 1576 428 XXX
1613 369 1840 427 SUPER
1877 368 2124 426 LIBROS
2163 368 2426 426 REGUM.
2463 398 2535 409 —
2567 365 2771 446 LIBER
2806 367 2897 424 IV.

3402 368 3502 424 8'10

251 496 276 523 α
304 484 438 549 Qua:
461 489 653 551 quarta
675 481 857 537 saeculi
885 490 1017 540 aetas
1035 501 1066 540 a
1088 486 1258 542 David
1285 502 1458 560 usque
1481 490 1549 545 ad
1576 488 1829 544 transmi—
1855 487 1908 549 Α
1931 486 2091 539 vitam
2114 502 2334 556 agamus
2358 487 2412 538 in
2435 486 2576 538 omni
2611 485 2818 555 pietate,
2854 491 2904 537 et
2943 483 3179 538 castitate
3202 498 3218 536 :
3243 486 3339 539 hoc
3369 487 3506 540 enim

250 576 553 647 grationem
585 574 893 646 Babylonis,
929 577 1092 633 habet
1119 595 1290 636 annos
1315 581 1469 651 juxta
1509 581 1830 636 Hebraicam

246 669 536 723 veritatem
582 655 1004 737 quadringentos
1045 673 1380 742 septuaginta
1427 681 1538 728 tres
1566 673 1596 713 ι»
1632 691 1645 726 :
1677 672 1831 742 juxta

249 760 608 832 Septuaginta
638 761 959 830 interpretes
991 763 1192 834 aliquid
1232 768 1477 838 amplius.
1517 767 1832 823 Generatio-

245 867 344 908 nes
378 853 537 921 juxta
576 860 835 923 utrosque
865 855 1078 912 codices
1119 861 1500 929 septemdecim
1535 875 1710 930 :quas
1757 868 1833 915 ta-

243 958 372 999 men
427 944 768 1014 Evangelista
817 945 1100 1004 Matthaeus
1149 951 1286 1006 certi
1343 951 1586 1022 mysterii
1633 950 1828 1021 gratia,

244 1037 656 1106 quattuordecim
688 1039 860 1107 ponit,
892 1056 922 1093 a
948 1056 1054 1109 qua
1081 1041 1307 1112 juvenili
1345 1051 1504 1099 aetate
1543 1044 1599 1097 in
1634 1041 1831 1113 populo

243 1127 340 1182 Dei
369 1129 575 1200 Regum
609 1137 852 1200 tempora
884 1142 1185 1202 coeperunt.
1239 1134 1366 1192 Haec
1391 1151 1623 1204 namque
1653 1134 1706 1189 in
1736 1134 1864 1189 ho--

243 1222 484 1276 minibus
510 1230 640 1278 artas
671 1231 816 1292 apta,
856 1227 922 1280 ad
957 1228 1362 1304 gubernandum
1399 1229 1537 1284 solet
1575 1229 1826 1283 existere.

242 1309 540 1367 Sedechias
571 1322 751 1369 autem
789 1317 1187 1387 suprascriptus
1219 1318 1361 1374 filius
1397 1318 1558 1374 Josia:
1585 1320 1831 1390 regnavit

241 1403 401 1458 annis
431 1406 678 1460 undecim
712 1423 726 1460 :
759 1409 919 1478 hujus
959 1410 1246 1466 undecimo
1292 1427 1454 1476 anno,
1502 1427 1690 1480 regum
1730 1427 1827 1465 au-

241 1499 354 1547 tem
384 1493 673 1564 Babylonis
699 1506 912 1565 octavo,
941 1501 1236 1555 secundum
1263 1500 1379 1556 dies
1407 1500 1622 1556 lunares
1643 1516 1830 1556 mense

241 1593 462 1654 quarto,
486 1586 672 1654 quinta
702 1589 788 1642 die
808 1590 1031 1656 mensis,
1062 1591 1216 1661 juxta
1268 1591 1474 1647 solares
1514 1607 1644 1646 vero
1691 1591 1824 1658 dies,

240 1676 721 1734 octavo-kalendas
761 1679 907 1746 Julii,
948 1682 1076 1736 luna
1111 1683 1320 1752 quinta,
1361 1699 1522 1752 quem
1561 1683 1638 1736 illi
1670 1684 1831 1753 quin-

241 1777 358 1823 tum
388 1769 531 1826 diem
566 1783 904 1843 computant,
946 1775 1083 1830 feria
1123 1778 1369 1846 septima,
1411 1786 1596 1847 aperta
1635 1788 1718 1836 est
1753 1779 1829 1833 ci-

1933 577 2140 643 bonum,
2165 586 2214 630 et
2246 587 2511 648 acceptum
2547 586 2620 630 est
2657 593 2834 630 coram
2862 574 3134 630 Saluatore
3174 587 3348 632 nostra
3375 579 3506 645 Deo,

1931 669 2019 738 qui
2042 684 2216 721 omnes
2245 669 2477 723 homines
2506 667 2612 722 vult
2647 667 2817 721 salvos
2843 667 2982 736 ﬁeri,
3020 678 3070 721 et
3103 670 3159 722 in
3193 671 3510 739 agnitionem

1931 758 2161 811 veritatis
2187 759 2376 812 venire.
2428 759 2508 812 Ex
2545 760 2649 814 hoc
2680 760 2876 829 quippe
2906 760 3070 814 etiam
3100 759 3207 816 illis
3241 763 3512 817 credenti-

1931 849 2034 904 bus
2060 857 2368 905 constructa
2394 863 2521 906 sunt
2563 853 2832 906 domicilia
2864 853 3036 921 pacis,
3082 852 3321 909 basilica:
3351 854 3509 910 Chri—

1931 942 2228 996 stianarum
2255 944 2748 1014 congregationum,
2789 952 2843 1000 et
2881 945 3161 1001 novellataa
3202 947 3375 1001 vinea:
3417 963 3514 1018 po.

1931 1034 2178 1105 pulcrum
2213 1035 2478 1100 ﬁdelium,
2503 1044 2557 1090 et
2590 1037 2816 1105 plantati
2845 1037 3010 1105 horti,
3045 1040 3136 1094 ubi
3163 1039 3327 1094 etiam
3371 1040 3516 1095 inter

1931 1125 2114 1185 omnia
2147 1125 2294 1180 olera
2332 1141 2562 1196 granum
2590 1127 2721 1183 illud
2747 1128 2950 1199 sinapis
2978 1139 3188 1202 regnat,
3227 1132 3326 1186 sub
3359 1129 3515 1200 cujus

1930 1221 2263 1276 umbraculis
2287 1220 2463 1290 longe,
2493 1221 2702 1292 lateque
2730 1221 3014 1293 porrectis,
3058 1225 3221 1279 etiam
3255 1225 3516 1297 altipetax

1931 1311 2185 1380 superbia
2209 1311 2470 1380 gentium,
2506 1320 2759 1384 tanquam
2795 1314 2849 1368 in
2884 1315 3006 1369 coeli
3042 1315 3351 1373 volatilibus
3382 1334 3513 1374 con-

1930 1404 2203 1475 fugiendo,
2237 1405 2547 1475 requiescit.
2610 1405 2747 1460 Nam
2776 1409 2919 1476 quod
2948 1409 3112 1463 etiam
3147 1420 3269 1480 post
3294 1420 3514 1481 septua-

1931 1497 2079 1567 ginta
2122 1512 2292 1552 annos
2335 1498 2629 1552 secundum
2674 1497 2912 1566 ejusdem
2961 1499 3241 1557 Hieremiae
3282 1504 3516 1574 pr0pbe-

1935 1595 2062 1648 tiam
2102 1595 2307 1650 reditur
2344 1611 2410 1650 ex
2448 1597 2778 1666 captivitate,
2813 1603 2870 1652 et
2903 1599 3162 1667 templum
3201 1609 3512 1666 renovatur,

1931 1687 2052 1755 quis
2074 1687 2248 1744 ﬁdelis
2272 1688 2474 1743 Christi
2501 1705 2607 1743 non
2645 1688 2931 1760 intelligat,
2971 1696 3093 1760 post
3126 1691 3337 1747 evoluta
3381 1700 3518 1747 tem-

1929 1792 2098 1847 pora,
2155 1796 2274 1850 qua:
2323 1781 2616 1850 septenarii
2676 1781 2883 1836 dierum
2935 1784 3158 1846 numeri,
3198 1785 3517 1854 repetitione

238 1861 403 1927 vitas,
426 1871 482 1917 et
505 1863 734 1932 ingreSSI
760 1874 885 1920 sunt
913 1882 1102 1922 omnes
1141 1869 1414 1938 principes
1444 1885 1630 1943 regum
1657 1873 1830 1944 Baby-
1855 1860 1904 1919 B
1933 1877 2333 1937 transcurrunt,
2372 1873 2537 1926 etiam
2578 1873 2753 1939 nobis,
2797 1873 2852 1928 id
2888 1883 2970 1930 est
3013 1876 3266 1931 Ecclesia:
3312 1875 3406 1930 Dei
3448 1877 3518 1931 ad

239 1953 404 2018 Ionis,
439 1957 904 2027 possederuntque
931 1959 1227 2026 civitatem,
1260 1970 1314 2015 et
1346 1963 1619 2032 captivum
1653 1973 1831 2020 trans—

241 2048 514 2100 duxerunt
553 2051 808 2119 populum
860 2051 915 2105 in
954 2052 1299 2121 Babylonem.
1358 2054 1426 2108 Et
1473 2056 1596 2111 inde
1639 2066 1829 2127 postea

239 2137 599 2195 Nabuzardan
651 2143 902 2214 princeps
949 2146 1154 2201 militia:
1216 2149 1486 2202 exercitus
1542 2149 1830 2220 Babylonis

239 2244 432 2284 mense
459 2232 668 2300 quinto,
697 2234 910 2288 decima
933 2236 1019 2291 die
1035 2239 1478 2304 mensislunaris,
1494 2240 1830 2297 solarisvero

239 2324 433 2391 quinto
452 2322 706 2381 kalendas
732 2326 984 2398 Augusti,
1017 2329 1142 2386 luna
1169 2332 1397 2400 decima,
1427 2350 1589 2403 quam
1617 2335 1830 2392 Hebraei

239 2411 514 2470 decimum
541 2418 680 2473 diem
703 2421 877 2489 quinti
905 2423 1107 2478 mensis
1131 2433 1344 2491 vocant,
1371 2437 1394 2462 ο
1423 2426 1682 2481 destructi
1706 2438 1832 2484 sunt

239 2507 386 2560 muri
413 2509 665 2577 civitatis,
714 2520 768 2566 et
805 2515 1059 2584 templum
1093 2518 1300 2584 pariter
1336 2518 1636 2585 incensum,
1670 2529 1831 2591 atque

242 2607 517 2656 vastatum
541 2615 644 2670 est,
681 2621 842 2671 anno,
877 2622 943 2661 ex
974 2623 1080 2677 quo
1111 2607 1324 2662 fundari
1357 2611 1540 2682 cmpit,
1574 2611 1831 2680 quadrin-

153 2747 156 2750 ,
240 2693 569 2760 gentesimo,
597 2703 650 2750 et
675 2698 974 2768 trigesimo.
1025 2700 1081 2754 Si
1109 2715 1238 2755 vero
1267 2717 1298 2754 a
1328 2717 1416 2756 me
1440 2710 1714 2770 qumratur
1733 2719 1832 2773 per

242 2783 376 2850 quid
405 2786 572 2841 sciam
615 2787 754 2844 hoc:
782 2799 874 2844 aut
919 2791 1188 2860 quomodo
1227 2793 1402 2862 potuit
1442 2793 1546 2847 hoc
1590 2793 1732 2856 ﬁeri,
1771 2803 1832 2848 ut

245 2877 446 2932 talibus
481 2878 690 2946 diebus,
723 2881 808 2935 vel
847 2884 1235 2952 comprehensa
1279 2884 1446 2940 fuerit
1486 2886 1699 2950 civitas,
1747 2886 1832 2940 vel

243 2967 505 3024 incensa:
527 2974 846 3042 respondeo,
871 2975 996 3043 quia
1024 2976 1140 3044 ipso
1174 2992 1314 3031 anno
1346 2977 1554 3032 decimo
1573 2976 1831 3034 kalendas

241 3058 446 3130 Aprilis
472 3064 698 3128 exstitit,
715 3066 1008 3120 secundum
1037 3067 1152 3122 dies
1187 3067 1424 3132 lunares,
1464 3069 1591 3122 anni
1631 3069 1832 3138 princi-

241 3153 416 3225 pium,
442 3163 495 3210 el
525 3157 687 3227 primi
721 3160 922 3214 mensis
952 3159 1186 3214 initium.
1239 3159 1360 3215 Jam
1409 3162 1524 3231 ipsa
1564 3162 1619 3215 in
1663 3160 1834 3232 Baby-

245 3246 452 3301 loniam
499 3251 903 3322 transmigratio
926 3293 940 3317 ,
987 3267 1093 3321 quo
1132 3253 1296 3306 etiam
1357 3268 1455 3322 per
1505 3252 1836 3308 Hieremiam

240 3341 567 3413 prophetam
602 3341 822 3410 spiritus
848 3342 944 3397 Dei
982 3342 1154 3410 jubet,
1195 3351 1254 3398 ut
1290 3352 1536 3414 pergant,
1586 3351 1641 3398 et
1681 3351 1838 3399 orent

246 3449 352 3505 pro
375 3433 452 3488 eis
496 3433 644 3502 ipsis,
685 3434 741 3487 in
770 3449 1001 3504 quorum
1040 3451 1206 3507 regno
1234 3437 1666 3507 peregrinantur,
1692 3436 1835 3506 quod

241 3523 304 3578 in
331 3523 546 3578 illorum
570 3538 704 3593 pace
734 3523 897 3578 etiam
924 3540 1029 3594 pax
1060 3534 1202 3581 esset
1240 3527 1492 3592 istorum,
1526 3533 1580 3581 et
1605 3526 1836 3584 aediﬁca-

242 3625 375 3673 rent
401 3616 610 3682 domos,
634 3625 689 3671 et
716 3616 1048 3671 novellarent
1075 3617 1282 3684 vineas,
1306 3625 1360 3673 et
1379 3619 1691 3689 plantarent
1717 3619 1838 3674 hor-

244 3720 360 3777 tos,
392 3710 514 3781 quis
541 3726 650 3765 non
680 3718 937 3781 agnoscat
957 3711 1084 3780 quid
1106 3710 1598 3781 prteﬁguraverint,
1626 3711 1720 3780 qui
1751 3717 1834 3765 at-

244 3801 487 3859 tenderit
514 3819 671 3858 veros
705 3802 998 3869 lsraelitas,
1043 3803 1099 3856 in
1141 3803 1337 3872 quibus
1383 3803 1536 3858 dolus
1577 3818 1686 3858 non
1734 3811 1836 3870 est,

243 3911 347 3966 per
382 3895 734 3965 apostolicam
760 3894 1215 3964 dispensationem
1249 3909 1368 3947 cum
1404 3894 1714 3962 evangelico
1753 3908 1838 3946 sa-

244 3994 532 4041 cramento
561 3987 627 4041 ad
659 4001 880 4056 regnum
907 3989 1148 4057 gentium
1189 3988 1644 4059 transmigrasse?
1687 3987 1841 4042 Unde

241 4077 408 4132 nobis
425 4076 710 4147 Apostolus
733 4087 988 4150 tanquam
1013 4077 1339 4134 Hieremiam
1369 4079 1640 4150 replicans
1667 4079 1798 4134 dicit
1823 4097 1834 4131 :

248 4169 304 4241 (I
337 4169 567 4224 Timoth.
598 4188 662 4238 ιι,
685 4171 738 4243 1)
785 4171 909 4226 Volo
946 4189 1066 4244 ergo
1095 4174 1322 4243 primum
1351 4173 1583 4226 omnium
1607 4173 1724 4242 ﬁeri
1746 4172 1840 4226 de-

246 4263 609 4333 precationes,
663 4265 925 4318 orationes
953 4306 966 4331 ,
1015 4265 1495 4337 interpellationes,
1548 4267 1841 4336 gratiarum

221 4356 486 4415 actiones
520 4373 615 4426 pro
645 4357 882 4411 omnibus
921 4357 1235 4422 hominibus,
1279 4377 1372 4429 pro
1396 4358 1620 4430 regibus,
1654 4370 1701 4412 et
1736 4359 1839 4423 his,

245 4448 340 4516 qui
384 4449 438 4501 in
483 4449 800 4504 sublimitate
835 4458 980 4517 sunt,
1027 4459 1083 4504 ut
1129 4452 1379 4521 quietam,
1423 4460 1473 4505 et
1502 4449 1842 4522 tranquillam

326 4597 352 4624 ⁸
393 4585 526 4640 Vide

249 4652 318 4708 de
342 4652 582 4713 Civitate.

259 4823 1309 4853 -——-—-———————

573 4602 694 4658 quae
738 4587 904 4644 tradit
933 4587 1264 4660 Augustinus
1297 4604 1414 4661 cap.
1456 4589 1549 4658 45,
1587 4587 1712 4644 libri
1748 4604 1839 4643 xvi
1867 4621 1924 4681 Β

1933 1963 2079 2017 illam
2106 1965 2386 2021 ccelestem
2414 1965 2750 2022 Hierusalem
2782 1985 2848 2024 ex
2884 1969 3044 2040 hujus
3068 1971 3246 2026 saeculi
3277 1972 3518 2041 peregri-

1930 2055 2152 2110 natione
2165 2058 2512 2138 redeundum
2531 2059 2554 2110 ?
2574 2074 2672 2129 per
2699 2075 2858 2128 quem
2878 2062 2901 2114 ?
2926 2061 3029 2115 nisi
3049 2077 3148 2131 per
3163 2062 3348 2116 Jesum
3368 2062 3519 2117 Chri-

1932 2154 2097 2212 stum,
2128 2164 2256 2203 vere
2281 2148 2632 2206 Sacerdotem
2674 2167 2949 2222 magnum,
2972 2151 3125 2220 cujus
3154 2152 3380 2222 ﬁguram
3428 2167 3518 2222 ge-

1931 2239 2088 2292 rebat
2133 2238 2221 2294 ille
2260 2238 2416 2296 Jesus
2457 2243 2722 2298 Sacerdos
2764 2259 2991 2314 magnus
3030 2242 3174 2298 illius
3218 2244 3475 2313 temporis
3499 2283 3518 2310 ,

1933 2341 2039 2396 quo
2086 2329 2346 2399 templum
2393 2331 2718 2387 tediﬁcatum
2765 2341 2890 2398 est,
2932 2341 3054 2402 post
3105 2333 3520 2402 captivitatem,

1933 2438 2095 2493 quem
2139 2425 2402 2494 propheta
2444 2426 2734 2481 Zacharias
2771 2427 2906 2481 vidit
2945 2427 3000 2480 in
3044 2426 3261 2481 sordido
3306 2426 3514 2492 habitu,

1931 2514 2254 2586 devictoque
2275 2517 2524 2582 diabolo,
2544 2518 2634 2587 qui
2662 2519 2728 2572 ad
2755 2519 2871 2586 ejus
2893 2521 3292 2574 accusationem
3315 2518 3514 2581 stabat,

1933 2606 2171 2661 ablatam
2197 2607 2271 2661 illi
2294 2609 2565 2663 sordidam
2589 2617 2815 2675 vestem,
2849 2618 2905 2665 et
2929 2611 3112 2665 datum
3142 2609 3520 2664 indumentum

1935 2690 2160 2750 honoris
2205 2705 2260 2750 et
2287 2697 2470 2765 gloria:
2495 2717 2507 2751 :
2531 2699 2671 2753 sicut
2709 2715 2904 2769 corpus
2942 2699 3069 2755 Iesu
3111 2697 3334 2764 Christi,
3374 2698 3520 2769 quod

1936 2796 2020 2842 est
2049 2788 2314 2854 Ecclesia,
2345 2792 2656 2846 adversario
2690 2793 2745 2846 in
2774 2792 2881 2846 line
2919 2800 3221 2862 temporum
3244 2806 3343 2862 per
3370 2789 3520 2859 judi-

1933 2881 2078 2934 cium
2120 2890 2392 2950 superato,
2436 2899 2467 2936 a
2512 2883 2660 2938 luctu
2702 2883 3154 2953 peregrinationis
3198 2883 3251 2936 in
3295 2880 3524 2952 gloriam

1932 2975 2276 3043 sempiterna:
2302 2975 2494 3030 salutis
2521 2983 2846 3031 assumetur.
2904 2975 3060 3042 Quod
3093 2975 3260 3028 etiam
3295 2973 3350 3028 in
3379 2973 3525 3043 psal-

1932 3081 2023 3120 mo
2085 3067 2441 3122 dedicationis
2505 3069 2698 3122 domus
2745 3067 2843 3122 Dei
2905 3067 3246 3136 apertissime
3307 3065 3523 3121 canitur

1934 3154 2107 3228 (Psal.
2134 3175 2286 3224 xxnt,
2312 3157 2401 3228 12)
2427 3177 2439 3212 :
2465 3157 2775 3213 Convertisti
2795 3157 3060 3229 planctum
3085 3173 3255 3211 meum
3285 3159 3341 3212 in
3384 3173 3519 3226 gau-

1864 3231 1910 3294 C
1941 3248 2086 3303 dium
2131 3251 2303 3304 mihi:
2332 3251 2633 3305 conscidisti
2677 3267 2886 3305 saccum
2926 3267 3120 3316 meum,
3167 3258 3216 3304 et
3249 3248 3524 3304 accinxisti

1938 3355 2021 3394 me
2046 3339 2252 3407 laetitia,
2278 3350 2334 3395 ut
2355 3350 2523 3396 cantet
2552 3343 2646 3395 tibi
2669 3341 2838 3412 gloria
2873 3357 3002 3405 mea,
3037 3350 3087 3394 et
3125 3356 3230 3394 non
3274 3356 3525 3411 compun-

1939 3448 2054 3502 gar.
2097 3433 2228 3499 Quis
2256 3442 2434 3504 potest
2457 3449 2526 3488 ex
2552 3433 2837 3489 occasione
2871 3433 3094 3487 alterius
3119 3433 3298 3502 operis
3317 3431 3518 3502 omnia,

1940 3539 2060 3594 qua:
2091 3525 2145 3579 in
2170 3524 2276 3581 illis
2309 3525 2584 3582 veteribus
2606 3524 2846 3596 legibus,
2872 3532 2926 3580 et
2943 3524 3336 3594 Prophetarum
3369 3523 3524 3578 libris

1941 3616 2175 3689 ﬁgurate
2205 3616 2483 3673 Christum
2521 3617 2864 3683 annuntiant,
2883 3624 3084 3687 quanta
3111 3615 3241 3671 libet
3269 3614 3528 3684 perstrin-

1942 3724 2070 3779 gere
2096 3709 2379 3775 brevitate,
2419 3711 2524 3765 nisi
2557 3710 2697 3765 forte
2728 3710 2850 3778 quis
2868 3717 3021 3779 putet
3046 3709 3262 3778 ingenio
3290 3707 3429 3772 ﬁeri,
3463 3713 3527 3759 ut

1942 3820 2006 3860 ea
2047 3821 2166 3874 qua)
2210 3821 2392 3860 rerum
2426 3806 2615 3861 ordine
2653 3821 2749 3859 sua
2779 3813 3022 3874 tempora
3050 3809 3426 3866 cucurrerunt,
3457 3801 3526 3856 ad

1943 3898 2146 3953 Christi
2169 3898 2593 3968 signiﬁcationes
2624 3896 3031 3967 interpretando
3060 3894 3383 3950 vertantur?
3413 3893 3528 3950 Hoc

1945 3987 2083 4043 forte
2100 3987 2268 4042 Judaei
2298 3998 2524 4058 possunt
2549 3990 2747 4054 dicere,
2781 3989 2895 4043 sive
2919 3987 3140 4060 Pagani.
3199 3988 3292 4042 Eis
3317 3995 3524 4054 autem,

1945 4083 2036 4153 qui
2078 4097 2135 4137 se
2165 4081 2498 4138 Christianos
2548 4083 2727 4153 putari
2773 4082 2980 4147 volunt,
3024 4080 3222 4151 premit
3263 4081 3528 4137 cervicem

1946 4174 2236 4244 apostolica
2266 4175 2560 4229 auctoritas
2591 4175 2777 4230 dicens
2798 4173 2850 4246 (Ι
2879 4173 3059 4228 Corin.
3100 4189 3156 4239 x,
3198 4173 3288 4245 6):
3334 4171 3528 4226 Omnia

1947 4267 2056 4320 ha’c
2082 4268 2137 4321 in
2162 4267 2334 4337 ﬁgura
2354 4267 2716 4337 contingebant
2737 4266 2860 4321 illis.
2899 4267 2967 4322 Et
2989 4267 3106 4322 haec
3129 4267 3310 4321 omnia
3343 4265 3528 4335 ﬁgura

1946 4367 2147 4414 nostrae
2172 4358 2408 4413 fuerunt.

2129 4451 2363 4521 Explicit
2409 4460 2662 4506 tractatus
2694 4451 2815 4506 libri
2849 4451 3051 4524 Regum
3098 4462 3336 4524 quartus.

2021 4586 2050 4626 ι)
2087 4583 2235 4656 Edit.
2264 4585 2573 4656 oetuaginta
2598 4594 2728 4642 tres.

2024 4668 2044 4696 ο
2088 4655 2187 4712 llic
2207 4656 2407 4727 aliquid
2431 4655 2602 4713 deest.

1802 4818 3516 4850 ,W.

842 4962 1231 5094 INCIPIT
1310 4964 1861 5120 PRIEI‘ATIO
1953 4963 2358 5094 CLAUDII
2440 4962 2939 5094 EPISCOPI.

331 5287 470 5356 Quia
496 5285 662 5356 igitur
676 5285 789 5355 jam
815 5286 1024 5340 fautore
1056 5286 1190 5351 Deo,
1220 5285 1274 5340 in
1296 5285 1665 5356 superioribus
1689 5284 1842 5339 libris

253 5383 587 5454 quibusdam
613 5380 1127 5453 interrogationibus
1167 5381 1272 5434 tuis
1311 5381 1444 5436 satis
1486 5379 1689 5434 factum
1724 5395 1844 5435 esse

251 5484 413 5549 puto,
465 5473 634 5530 frater
688 5474 1006 5530 charissime
1067 5473 1419 5537 Theutmire,
1476 5487 1619 5527 nunc
1664 5480 1846 5527 autem

256 5568 524 5643 quasdam
554 5568 879 5638 quaestiones
907 5577 1050 5634 tuas,
1086 5566 1139 5621 in
1168 5565 1275 5643 line
1303 5566 1425 5621 libri
1457 5564 1615 5634 hujus
1653 5581 1848 5620 conne-

256 5641 411 5718 ctere
450 5662 748 5739 studemus,
778 5662 902 5731 quia
933 5641 1258 5733 superﬂuum
1290 5661 1420 5716 mihi
1445 5661 1620 5716 visum
1661 5669 1760 5723 est,
1787 5669 1847 5715 ut

256 5752 437 5806 nudas
458 5751 650 5807 littera:
670 5754 994 5823 qurcstioncs
1017 5753 1156 5808 inter
1186 5753 1490 5823 spirituales
1520 5753 1848 5823 permiscere

261 5841 578 5900 debuissem
603 5843 873 5914 allegoriae
906 5845 1083 5900 tiores.
1131 5845 1384 5912 Quaedam
1413 5861 1542 5903 vero
1564 5852 1848 5902 remanent

633 5932 910 6029 Puncta
957 5933 1114 6002 CIV.

1949 5289 2281 5356 indiscussm,
2307 5290 2432 5361 quia
2464 5305 2564 5344 nec
2598 5289 2653 5343 in
2683 5288 2921 5358 antiquis
2952 5286 3396 5347 translationibus
3430 5293 3530 5349 ali-

1949 5381 2078 5452 quid
2099 5383 2294 5437 exinde
2317 5381 2630 5437 translatum
2659 5382 2856 5452 reperi,
2897 5397 2998 5438 nec
3040 5383 3094 5437 in
3131 5383 3398 5455 majorum
3433 5403 3533 5444 no-

1950 5482 2188 5530 strorum
2217 5473 2489 5544 opusculis
2533 5472 2734 5542 aliquid
2779 5474 3084 5543 expositum
3122 5474 3248 5546 legi.
3301 5476 3369 5531 Et
3415 5478 3533 5534 haec

1952 5583 2040 5622 me
2080 5567 2330 5636 ignorare
2360 5566 2550 5629 fateor,
2581 5565 2706 5635 quia
2751 5581 2851 5620 nec
2889 5566 3164 5637 quidpiam
3197 5583 3282 5622 me
3326 5568 3532 5640 aliquid

1953 5658 2145 5712 exinde
2172 5657 2366 5729 legisse
2395 5657 2731 5712 reminiscor.
2795 5658 2860 5713 Et
2888 5658 3007 5714 ideo
3034 5659 3100 5712 de
3123 5659 3390 5728 imperitia
3421 5677 3531 5715 non

1953 5749 2234 5816 erubesco,
2270 5749 2395 5819 quia
2417 5747 2645 5804 lectione
2674 5766 2781 5804 non
2809 5750 3036 5815 doceor;
3063 5767 3163 5804 nec
3197 5750 3262 5804 de
3293 5751 3533 5819 periculo

1956 5841 2208 5910 formido,
2243 5842 2391 5914 quia,
2432 5857 2553 5914 quae
2590 5857 2700 5899 non
2729 5842 2993 5914 intelligo,
3028 5843 3224 5897 docere
3264 5854 3372 5896 non
3405 5856 3520 5912 prze

3089 5934 3166 5992 26
