4056 6350
513 349 614 408 8H

1600 300 1872 383 cmiinn
1908 300 2370 371 TAURINENSIS
2406 292 2709 360 EPISCOPI

3674 264 3786 323 8l2

513 378 614 408 011
1613 378 1677 383 νὴ

512 478 690 525 sumo.
746 455 816 513 Et
835 453 966 510 dum
994 444 1323 520 quaestiones
1347 446 1470 497 tuas
1497 438 1555 492 in
1574 433 1825 491 manibus
1859 428 1998 484 meis
2025 432 2100 481 te-
2123 424 2177 487 Α
2198 434 2356 476 versa
2386 424 2473 473 est
2497 416 2562 471 de
2587 416 2734 467 terra
2759 396 3070 462 Philistiim,
3107 401 3359 466 quaerens
3392 378 3622 456 quaesivi
3658 396 3789 434 cum

1944 524 1949 525 ν
2044 521 2059 525 -
2293 513 2326 525 ἰ
2731 503 2781 525 ε..
2819 492 3041 525 summa;
3081 479 3545 525 qundﬂlinnihlls-
3581 482 3638 525 et.
3677 488 3789 525 non

513 479 690 525 sumo.
747 479 816 513 nl.
835 479 966 510 uuru
994 479 1323 520 quam-unca
1350 479 1470 497 υιιιιυ
1498 479 1555 492 ι..
1576 479 1824 491 .........,.._
1861 479 1993 484 ..ηπ
2037 479 2068 481 ν,
2123 479 2177 487 __

513 572 723 621 nerem,
744 550 912 607 linitis
928 545 1041 617 jam
1061 531 1620 614 superioribuslibris,
1644 537 1704 583 ut
1723 521 2099 595 respondendo
2198 513 2370 569 multa
2416 506 2694 578 diligentia
2731 503 2785 557 in
2815 492 3046 557 diversis
3081 479 3545 545 translationibus,
3581 482 3638 528 et
3677 488 3793 527 non

1691 619 1705 621 -
2344 619 2353 621 -
2382 604 2408 621 νο
2453 598 2611 621 ημιΛ
2641 608 2882 621 ...ηηηυνη
2930 584 3023 621 cm“
3052 579 3284 621 Ionidem
3312 584 3596 621 manuum.
3626 580 3793 621 διωρι-

517 579 723 621 nerem,
744 579 912 607 uulua
928 579 1041 617 1ιιιιιι
1062 579 1123 599 au
1165 579 1214 596 ω
1229 579 1298 594 ιυ.
1312 579 1430 593 ..ιι-υ
1449 579 1620 595 ...,--_,
1650 579 1702 583 _-
1726 579 1744 583 ν
1763 579 1834 595 η,

517 647 722 720 aliquid
748 640 942 699 exinde
969 579 1353 703 scriptitarem,
1372 621 1620 696 pervenit
1641 619 1710 674 ad
1738 629 1933 672 manus
1952 625 2102 666 meas
2200 604 2413 677 repperi
2443 598 2611 656 Habel
2638 608 2906 665 magnum,
2930 584 3027 651 sed
3052 579 3284 653 lapidem
3312 584 3596 643 maguum,
3626 580 3796 635 super

1313 719 1317 720 ν
1578 713 1592 720 ’
1642 711 1671 720 ⁷’
1882 705 1943 720 ”⁴
2041 710 2095 720 "‘
2346 719 2353 720 ί
2393 700 2761 720 tun-“munt
2789 702 2969 720 «mnam
2994 675 3302 720 indumenti
3328 666 3545 720 Domini
3573 666 3624 719 ὲ),

519 666 586 708 all
668 666 722 702 la
748 666 942 699 exutus:
969 666 1075 692 acu
1119 666 1353 691 usa-mu,
1412 666 1463 679 ν.
1482 666 1620 677 μη..-
1641 666 1710 674 ..,.
1738 666 1925 672 ...νῇη
2262 666 2279 677 _
2298 666 2316 676 _

519 666 745 815 epgutola
772 750 839 791 ex
864 730 1057 800 Aquis,
1080 666 1234 795 ιιῖθςίο
1268 666 1475 774 (Ιὶι-θέω
1508 711 1731 784 palatio,
1776 705 2009 778 qualiter
2040 710 2102 757 tu
2202 719 2362 777 quem
2392 700 2767 772 imposuerunt
2788 702 2974 749 arcam
2994 675 3306 741 testamenti
3326 666 3545 745 Domini
3573 666 3624 719 b.

520 801 719 893 librum
741 830 1006 885 tractatus
1032 819 1161 884 mei,
1187 827 1349 885 quem
1371 810 1470 866 tibi
1500 813 1623 861 ante
1646 801 1926 860 biennium
1963 810 2105 866 prae-

804 914 1062 989 epistolas
1108 911 1178 965 ad
1208 884 1553 964 Corinthios,
1594 895 1982 966 Episcoporum
2001 884 2103 991 .ju-

525 977 897 1082 dicitipatque
943 1003 1275 1075 Optimatum
1313 989 1676 1049 damnandum
1695 1025 1710 1051 ,
1760 983 1828 1038 ad
1858 977 2109 1036 eumdem

674 1072 879 1161 dictum
910 1072 1175 1168 palatium
1209 1081 1527 1158 praesentari
1551 1077 1767 1134 feceris.
1798 1072 1969 1140 Quem
1998 1077 2110 1124 tra-

1189 1178 1204 1184 ·
1428 1172 1442 1184 ·
1683 1167 1697 1184 ι
1746 1161 2083 1184 ---ει.-...ι......

528 1161 733 1257 ctutum
777 1161 977 1248 ibidem
1026 1197 1132 1239 non
1173 1172 1563 1237 damnandum,
1605 1167 1700 1224 sed
1741 1161 2110 1224 scribendum.

531 1290 689 1350 amici
727 1287 835 1344 mei
862 1296 969 1338 non
1006 1277 1180 1333 solum
1209 1284 1237 1313 α
1272 1266 1570 1329 humiliter,
1604 1261 1701 1317 sed
1727 1259 1889 1315 etiam
1912 1251 2115 1309 amabi-

680 1378 1051 1446 susceperunt.
1094 1367 1345 1438 Ignoscat
1380 1358 1479 1413 tibi
1513 1353 1772 1410 Dominus
1807 1348 1962 1404 testis
1990 1345 2117 1398 vita:

532 1488 687 1537 meae,
707 1477 762 1526 et
788 1464 1015 1537 largitor
1037 1457 1219 1530 operis
1244 1452 1376 1518 mei,
1404 1447 1497 1519 qui
1521 1461 1629 1501 non
1655 1440 1882 1500 timuisti
1911 1450 2117 1493 sermo-

533 1566 693 1622 nibus
726 1533 1017 1618 detrahere
1050 1546 1321 1612 veritatis,
1367 1548 1421 1598 et
1464 1539 1658 1595 sedens
1695 1533 1983 1589 adversum
2029 1540 2119 1612 me

534 1653 775 1726 loqueris
798 1645 1159 1707 mendacium,
1198 1646 1256 1693 et
1290 1635 1550 1691 adversus
1584 1628 1754 1683 lilium
1795 1621 1984 1679 matris
2017 1618 2121 1672 Ec-

533 1711 718 1805 clesiae
753 1738 984 1813 posuisti
1019 1729 1353 1793 scandalum,
1397 1732 1769 1791 mortemque,
1810 1728 1974 1786 quam
2008 1711 2122 1768 Oza

535 1798 859 1907 pro—illicita
892 1821 1309 1899 praesumptione
1353 1812 1578 1886 pertulit
1618 1810 1675 1866 in
1715 1819 1960 1877 corpore,
1998 1798 2121 1874 (sic)
2150 1810 2202 1872 Β

537 1930 585 1986 si
612 1928 689 1983 ita
712 1925 887 1989 vives,
916 1925 1098 1994 gestas
1124 1915 1182 1971 in
1210 1917 1393 1968 mente

613 2109 664 2183 (I
692 2108 823 2180 Reg.
871 2119 913 2171 ι,
956 2098 1071 2174 18.)
1099 2096 1178 2154 De
1205 2110 1272 2151 eo
1314 2091 1461 2183 quod
1494 2088 1755 2175 scriptum
1785 2090 1869 2139 est
1888 2099 1907 2175 _:
1938 2078 2127 2135 Vultus

540 2170 656 2272 ejus
675 2170 880 2269 quo'que
902 2170 1010 2248 non
1031 2170 1153 2244 sunt
1179 2182 1406 2256 amplius
1449 2182 1508 2235 in
1552 2172 1759 2233 diversa
1800 2170 2029 2228 mutati:
2054 2170 2131 2225 ita

545 2257 584 2349 ti
608 2257 967 2359 Septuaginta
1010 2274 1400 2348 interpretibus
1449 2271 1709 2340 scriptum
1759 2266 2006 2322 habetur.
2060 2257 2131 2313 Et

544 2383 673 2439 abiit
695 2378 884 2435 mulier
906 2377 963 2432 in
991 2374 1129 2429 viam
1152 2385 1325 2433 suam,
1361 2375 1409 2420 et
1444 2362 1656 2419 intravit
1685 2362 1743 2414 in
1774 2356 1996 2427 hospitio
2034 2368 2131 2407 suo

547 2474 626 2547 (id
648 2479 735 2527 est
756 2468 933 2524 adhuc
961 2467 1016 2520 in
1046 2461 1219 2535 Sylo),
1240 2469 1287 2514 et
1315 2454 1647 2512 manducauit
1674 2466 1791 2505 cum
1816 2449 1922 2504 viro
1952 2463 2068 2510 suo,
2086 2452 2133 2501 et

547 2538 693 2630 bibit,
721 2571 770 2618 et
798 2560 959 2632 [acies
980 2557 1095 2629 ejus
1116 2570 1219 2609 non
1245 2549 1472 2606 concidit
1501 2543 1728 2616 amplius
1759 2560 1770 2596 :
1799 2543 1852 2596 id
1874 2548 1977 2604 est,
2005 2538 2134 2607 quia

545 2664 833 2728 postquam
861 2664 1081 2722 precem
1106 2660 1263 2701 suam
1284 2640 1473 2698 ell'udit
1513 2653 1582 2694 ex
1613 2644 1725 2693 toto
1761 2634 1942 2693 animo
1977 2633 2028 2686 in
2056 2640 2137 2684 ta-

546 2724 839 2805 bernaculo
858 2740 1098 2805 Domini,
1122 2746 1180 2793 et
1201 2735 1339 2794 dixit
1378 2733 1448 2789 ad
1495 2731 1644 2787 illam
1682 2727 1800 2783 Heli
1841 2724 2133 2781 sacerdos:

557 2840 703 2895 Vade
729 2840 787 2893 in
812 2851 958 2908 pace.
1010 2833 1153 2888 Deus
1184 2826 1355 2885 Israel
1390 2831 1475 2881 det
1506 2824 1601 2879 tibi
1630 2821 1931 2894 petitionem
1968 2826 2135 2878 tuam,

549 2948 708 3004 quam
733 2926 905 3000 petisti
933 2942 968 2980 a
1003 2923 1257 2987 Domino,
1289 2917 1497 2976 conlisa
1526 2917 1594 2971 de
1620 2910 1835 2967 Domini
1876 2908 2138 2971 bonitate,

552 2999 610 3082 et
638 2999 919 3080 Pontiﬁcis
947 3014 1192 3081 oraculo,
1221 3028 1329 3071 non
1352 3009 1517 3068 anxia
1540 3006 1685 3063 sicut
1698 3010 1875 3066 antea,
1899 3000 1995 3057 sed
2017 2999 2140 3054 laeta

554 3122 621 3176 de
640 3114 859 3173 Domini
879 3107 1232 3174 conﬁdentia,
1252 3118 1473 3163 reversa
1498 3107 1584 3159 est
1609 3099 1665 3155 in
1705 3097 1924 3152 domum
1962 3106 2136 3148 suam.

2944 820 3037 880 Π.

2216 1249 2320 1290 non
2343 1242 2556 1298 semper
2586 1224 2650 1289 ad
2677 1216 3116 1277 dominationem,
3139 1206 3232 1263 sed
3257 1203 3325 1259 ad
3350 1199 3658 1259 doctrinam
3684 1208 3809 1264 per-

2217 1289 2375 1382 tinet.
2432 1289 2501 1375 Et
2546 1318 2665 1372 ideo
2698 1312 2907 1383 judiees
2944 1306 3181 1361 doctores
3222 1291 3400 1372 populi
3438 1289 3809 1363 appellantur.

2220 1380 2375 1472 Sicut
2401 1413 2610 1468 Dehora
2641 1380 2919 1466 scribitur,
2936 1397 3075 1469 quod
3102 1390 3333 1465 (Iudith.
3350 1384 3496 1470 md,
3515 1395 3563 1438 et
3586 1380 3641 1453 5)
3653 1380 3813 1472 judi-

2221 1506 2408 1563 caverit
2444 1498 2613 1556 Israel
2638 1515 2656 1563 ;
2678 1497 2733 1551 id
2762 1502 2846 1553 est
2882 1468 3145 1550 docuerit,
3183 1490 3238 1537 et
3271 1479 3392 1551 ideo
3419 1468 3647 1530 Samuel
3671 1468 3817 1541 judi-

2222 1598 2366 1655 cavit
2400 1592 2568 1652 lsrael
2613 1588 2865 1646 omnibus
2913 1581 3102 1647 diebus
3144 1574 3269 1631 vita:
3319 1586 3452 1634 sure,
3497 1568 3629 1637 quia
3668 1564 3814 1617 viam

2224 1689 2600 1747 mandatorum
2626 1680 2721 1738 Dei
2740 1677 2923 1734 docuit
2954 1670 3142 1735 Israel,
3164 1680 3355 1724 omnes
3380 1662 3496 1718 dies
3521 1658 3655 1715 vita:
3684 1670 3816 1712 suat.

2984 1808 3051 1865 Υ.

2298 1951 2377 2010 (x,
2402 1933 2482 2005 2.)
2514 1931 2590 1987 De
2612 1945 2677 1986 eo
2697 1926 2840 1998 quod
2864 1924 3123 1994 scriptum
3152 1926 3272 1975 est:
3295 1931 3418 1972 cum
3440 1910 3699 1967 tinxisset
3724 1905 3825 1962 Sa-

2226 2028 2371 2087 muel
2400 2026 2529 2082 Saul
2552 2038 2758 2095 regem,
2784 2019 2860 2074 ait
2896 2017 2961 2072 ad
3002 2024 3162 2071 eum‘:
3187 2010 3320 2067 Cum
3364 2006 3560 2062 abieris
3601 2000 3763 2055 hodie
3793 2014 3827 2050 α

2228 2142 2333 2188 me,
2366 2121 2591 2176 invenies
2621 2117 2752 2170 duos
2800 2113 2935 2167 viros
2980 2109 3141 2180 juxta
3185 2102 3483 2176 sepulcrum
3528 2090 3735 2151 Rachel
3772 2091 3827 2144 in

2231 2215 2419 2289 ﬁnibus
2450 2209 2729 2281 Benjamin
2755 2203 2997 2260 salientes
3026 2215 3243 2270 magnas
3288 2193 3471 2254 'oveas,
3500 2198 3548 2243 et
3576 2182 3830 2240 liberabis

2232 2307 2481 2384 pepulum
2522 2301 2733 2357 Domini
2764 2298 2827 2353 de
2850 2312 3009 2351 manu
3052 2290 3385 2347 inimicorum
3420 2282 3556 2355 ejus.
3617 2277 3831 2349 Magna:

2234 2401 2403 2456 foveae
2440 2392 2818 2468 signiﬁcabant
2844 2388 3205 2450 alllictionem,
3247 2391 3303 2437 et
3330 2377 3719 2450 dejectionem,
3751 2378 3832 2445 at:

2237 2509 2340 2566 que
2374 2463 2776 2546 tribulationem
2808 2483 3193 2543 lsraelitarum,
3225 2491 3343 2547 qua:
3376 2470 3733 2545 patiebantur
3762 2463 3835 2518 ab

2237 2555 2576 2644 Ammonius,
2607 2586 2662 2633 et
2683 2573 2999 2645 AIIOphylis,
3023 2578 3077 2625 et
3101 2568 3311 2624 (iacteris
3339 2563 3608 2624 hostibus,
3636 2557 3738 2629 qui
3779 2555 3836 2610 in

2239 2681 2469 2739 circuitu
2513 2691 2699 2733 eorum
2745 2677 2919 2729 erant.
2984 2667 3100 2737 Duo
3142 2676 3272 2718 vero
3308 2660 3412 2714 viri
3455 2652 3838 2712 transilientes

2241 2787 2353 2835 eas,
2396 2767 2716 2842 praesagium
2746 2769 2903 2819 erant
2933 2743 3250 2830 magnarum
3278 2749 3651 2810 victoriarum,
3695 2756 3841 2813 quas

2243 2865 2505 2922 Dominus
2531 2861 2640 2932 egit
2664 2873 2763 2931 per
2784 2870 3004 2911 manum
3035 2850 3163 2905 Saul
3194 2849 3259 2903 de
3283 2845 3425 2902 Naas
3446 2858 3576 2915 rege
3606 2842 3843 2897 Ammo-

2244 2956 2510 3020 nitarum,
2534 2959 2589 3006 et
2614 2946 2860 3017 Satrapis
2880 2942 3307 2999 Philistinorum.

2996 3077 3084 3134 Ἦ.

554 3212 624 3267 Et
664 3210 771 3267 hoc
808 3213 892 3263 est
922 3202 1067 3275 quod
1106 3196 1369 3263 dicit;Et
1407 3195 1571 3267 facies
1611 3192 1728 3263 ejus
1769 3205 1876 3247 non
1918 3183 2144 3241 concidit

2323 3200 2531 3270 Quaeris
2572 3199 2739 3255 etiam
2781 3212 2880 3251 cur
2914 3192 3044 3249 Saul
3073 3190 3160 3247 bis
3190 3193 3425 3260 ungatur
3452 3185 3506 3241 in
3538 3196 3754 3253 regem,
3794 3188 3853 3237 et

558 3301 808 3373 amplius.

1325 3357 1387 3413 ll.
1602 3405 1607 3411 .

633 3483 788 3557 (Cap.
832 3478 1028 3552 ",18.)
1068 3478 1147 3532 De
1186 3488 1253 3529 eo
1299 3470 1444 3540 quod
1489 3465 1749 3557 scriptum
1788 3468 1873 3518 est
1897 3478 1910 3515 :
1935 3456 2152 3514 Samuel

562 3551 744 3632 autem
761 3551 1092 3628 ministrabat
1118 3574 1241 3620 ante
1266 3562 1453 3632 faciem
1478 3556 1691 3611 Domini
1724 3569 1857 3625 puer
1885 3551 2152 3605 accinctus

562 3668 715 3741 cphot
746 3665 906 3720 lineo.
954 3659 1131 3731 Ephot
1153 3663 1337 3710 autem
1365 3648 1511 3721 quod
1537 3654 1623 3704 est
1661 3646 1718 3701 in
1755 3642 1963 3709 Exodo,
2011 3641 2150 3713 (cap.

563 3738 693 3826 xxv,
725 3758 780 3833 7)
818 3771 975 3828 super
998 3747 1264 3807 humerale
1312 3744 1528 3801 dicitur.
1578 3738 1696 3794 Non
1740 3744 1921 3792 autem
1967 3747 2157 3789 omnes

566 3826 893 3909 Sacerdotes
924 3845 1089 3902 talem
1121 3841 1415 3895 utebantur
1442 3846 1605 3903 super
1635 3826 1993 3893 humeralem,
2018 3840 2157 3895 qua-

563 3944 673 4001 lem
706 3954 953 3999 summus
985 3931 1254 3995 Pontifex,
1297 3929 1437 3984 sicut
1476 3924 1680 3989 Aaron,
1708 3929 1763 3978 et
1787 3919 1992 3993 posteri
2019 3916 2158 3986 ejus,

567 4037 712 4108 quod
738 4041 885 4091 esset
910 4044 982 4086 ex
1011 4041 1166 4091 auro,
1192 4032 1249 4081 et
1265 4020 1508 4092 jacynto,
1536 4024 1592 4071 et
1609 4028 1869 4086 purpura,
1898 4020 1974 4066 et»
1998 4024 2160 4064 cocco

569 4136 734 4196 atque
765 4125 935 4181 bisso.
990 4118 1154 4174 Aliud
1186 4122 1272 4170 est
1307 4112 1455 4167 enim
1483 4124 1551 4164 ex
1579 4122 1746 4177 supra
1771 4104 1929 4160 dictis
1968 4101 2163 4158 colori-

569 4194 673 4277 bus
706 4233 774 4275 ex
816 4230 950 4270 auro
977 4212 1180 4268 habere
1213 4210 1549 4267 contextum,
1592 4199 1737 4254 aliud
1764 4198 1821 4252 in
1856 4194 2163 4252 similitudi-

569 4327 644 4369 ne
671 4308 1012 4368 sacerdotum
1040 4300 1293 4371 simplex,
1330 4304 1386 4351 et
1429 4295 1631 4350 lineum
1654 4305 1669 4345 :
1693 4291 1797 4349 hoc
1844 4295 2027 4342 autem
2071 4298 2163 4356 ge-

570 4425 677 4465 nus
714 4400 1044 4467 vestimenti,
1082 4395 1227 4469 quod
1260 4409 1417 4466 super
1457 4387 1723 4445 humerale
1770 4402 1871 4442 nos
1909 4384 2163 4449 dicimus,

572 4501 775 4558 scimus
800 4493 943 4565 apud
972 4491 1231 4548 Hebraeos
1266 4485 1416 4557 ephot
1452 4480 1733 4554 appellari,
1773 4486 1829 4536 et
1864 4476 1995 4534 solis
2035 4491 2166 4531 eon-

570 4590 760 4647 venire
795 4581 1171 4642 Pontiﬁcibus.
1226 4576 1335 4633 Sed
1374 4574 1463 4630 hic
1499 4572 1682 4628 statim
1722 4569 1852 4624 illud
1896 4566 2163 4631 occurrit,

573 4683 720 4754 quod
765 4675 1009 4741 Samuel,
1053 4672 1145 4743 qui
1196 4668 1387 4724 Levita
1426 4662 1557 4733 fuit,
1603 4661 1859 4719 scribitur
1909 4657 2169 4715 habuisse

576 4750 753 4834 artatis
779 4773 957 4828 adhuc
988 4765 1233 4839 puerilis,
1271 4761 1456 4833 ephot,
1495 4759 1545 4811 id
1578 4763 1661 4811 est
1699 4750 2166 4824 superhumerale,

574 4869 779 4923 lineum
804 4863 1009 4918 factum
1034 4857 1113 4913 illi
1154 4856 1223 4910 ab
1259 4854 1376 4926 ejus
1410 4857 1602 4904 matre.
1656 4846 1772 4900 Non
1820 4852 1940 4899 erat
1980 4842 2172 4911 utique

578 4958 711 5021 tale,
740 4952 996 5025 quoniam
1027 4964 1150 5005 cum
1178 4946 1338 5000 datus
1363 4951 1443 4998 est
1465 4937 1788 4994 nutriendus
1812 4933 1987 4988 adhuc
2012 4948 2169 5003 puer,

582 5064 692 5105 non
721 5053 838 5101 erat
866 5055 1110 5099 summus
1147 5034 1433 5113 Sacerdos.
1492 5026 1599 5087 Sed
1637 5028 1743 5105 hoc
1783 5027 1837 5080 in
1878 5025 2018 5079 lihm
2063 5021 2173 5078 for-

587 5138 889 5196 mationum
927 5136 1123 5189 littera:
1159 5137 1214 5184 et
1244 5128 1489 5197 spiritus,
1539 5123 1594 5176 in
1638 5125 1891 5181 tractatu,
1920 5114 2174 5170 videlicet

588 5230 782 5295 Exodi,
815 5242 972 5298 quem
1008 5232 1137 5279 ante
1167 5219 1375 5289 aliquos
1410 5229 1582 5270 annos
1620 5209 1997 5281 exposuimus,
2028 5206 2177 5263 θυω-

586 5324 795 5383 cienter
815 5335 847 5374 a
873 5317 1032 5374 nobis
1057 5311 1364 5383 expositum
1386 5316 1489 5365 est.

1335 5409 1420 5467 ιιι.

668 5536 765 5611 (vr,
786 5534 1278 5607 l8.)lnterrogatus
1303 5523 1468 5581 etiam
1491 5518 1622 5591 quid
1651 5517 1725 5573 sit
1745 5513 1914 5570 Habe!
1932 5528 2181 5585 magnum

590 5644 759 5704 super
779 5604 941 5701 quem
980 5627 1277 5681 posuerunt
1320 5628 1505 5671 arcam
1553 5607 1788 5673 Domini,
1833 5604 2050 5677 quando
2098 5617 2185 5658 re-

666 5806 698 5837 ι
733 5789 1051 5847 humaniter,
1079 5790 1139 5835 ut
1162 5785 1316 5849 puto.

2248 3296 2422 3354 David
2443 3293 2625 3358 tertio,
2653 3307 2775 3347 cum
2801 3290 2906 3345 hoc
2932 3302 3040 3343 non
3063 3287 3142 3343 ita
3165 3285 3258 3350 sit,
3292 3290 3353 3340 ut
3388 3280 3516 3338 Saul
3534 3278 3621 3334 bis
3640 3284 3851 3331 unctus

2251 3391 2447 3457 fuerit,
2479 3388 2573 3446 sed
2608 3385 2777 3443 semel
2806 3392 2862 3441 et
2888 3382 3059 3437 David
3085 3380 3190 3435 bis.
3241 3377 3409 3433 David
3438 3366 3614 3431 tamen
3646 3369 3854 3441 legitur

2252 3490 2452 3541 unctus
2471 3494 2593 3538 esse
2621 3495 2652 3534 a
2680 3476 2952 3541 Samuele,
2982 3474 3033 3549 (Ι
3058 3473 3187 3546 Reg.
3212 3486 3329 3542 cap.
3352 3485 3466 3533 xvi,
3496 3464 3582 3535 15)
3605 3464 3857 3535 primum

2256 3580 2313 3635 in
2342 3578 2501 3633 domo
2522 3576 2692 3646 patris
2720 3572 2826 3637 sui,
2853 3568 2940 3642 (II
2968 3568 3100 3639 Reg.
3122 3580 3178 3633 v,
3203 3566 3260 3626 5)
3290 3562 3484 3619 deinde
3502 3564 3624 3631 post
3652 3558 3711 3612 in
3746 3554 3858 3610 Be~

2256 3671 2395 3726 bron
2422 3683 2584 3739 super
2608 3666 2825 3721 domum
2845 3661 3061 3726 Iudam,
3090 3662 3251 3715 tertio
3275 3672 3331 3711 Ill
3356 3650 3717 3709 Hierusalem.
3751 3648 3859 3702 Da-

2260 3764 2370 3830 vid,
2397 3763 2490 3833 qui
2518 3761 2907 3830 interpretatur
2932 3755 3084 3826 fortis
3111 3767 3291 3815 manu,
3310 3749 3423 3805 sive
3445 3740 3859 3800 desiderabilis:

2262 3854 2491 3926 ﬁguram
2517 3860 2757 3921 gestasse
2785 3847 2998 3904 Domini
3028 3842 3347 3907 Salvatoris,
3373 3855 3478 3895 non
3500 3837 3725 3892 dubium
3751 3842 3859 3889 est.

2262 3947 2364 4015 Qui
2395 3945 2551 4015 quasi
2580 3943 2636 3997 in
2660 3941 2821 3997 domo
2846 3948 3073 4011 paterna
3098 3945 3293 3992 unctus
3310 3942 3415 3999 est,
3446 3930 3697 4003 quoniam
3733 3936 3865 3983 tan-

2265 4045 2380 4093 tum
2401 4051 2501 4106 per
2523 4034 2717 4105 legem,
2751 4039 2807 4087 et
2846 4030 3147 4100 Prophetas
3177 4026 3351 4100 (Psal.
3396 4038 3555 4089 Lxxv,
3586 4018 3644 4092 2)
3668 4020 3731 4072 in
3760 4019 3868 4073 Ju—

2266 4128 2383 4182 dtea
2415 4136 2570 4180 notus
2606 4133 2742 4190 erat,
2768 4133 2815 4177 et
2843 4122 3015 4177 Israel
3037 4136 3287 4192 magnum
3314 4119 3430 4190 ejus
3453 4115 3749 4169 habebatur
3770 4127 3871 4168 tto-

2266 4237 2405 4274 men.
2451 4217 2556 4273 Sed
2587 4224 2775 4288 postea
2801 4215 2858 4270 in
2882 4213 3100 4270 Hebrou
3126 4226 3290 4282 super
3311 4223 3526 4265 omnem
3542 4202 3748 4259 Iudam
3777 4205 3872 4261 de

2269 4328 2377 4368 nuo
2407 4319 2601 4367 unctus
2640 4318 2746 4375 est,
2787 4309 3041 4379 quoniam
3071 4322 3171 4378 per
3204 4303 3639 4376 prmdicatiouem
3682 4298 3873 4354 Evan-

2270 4403 2499 4477 gelicam
2520 4410 2575 4458 et
2593 4400 2981 4473 Apostolicam,
3009 4400 3063 4454 in
3089 4398 3341 4453 universa
3368 4404 3513 4450 terra
3540 4390 3875 4446 admirabile

2272 4495 2474 4552 factum
2500 4503 2582 4550 est
2608 4510 2804 4549 nomen
2834 4493 2972 4563 ejus,
3004 4491 3058 4544 id
3086 4497 3171 4545 est
3202 4490 3257 4543 in
3296 4484 3559 4549 Ecclesia,
3605 4484 3699 4537 ubi
3738 4496 3872 4536 vera

2274 4586 2547 4643 confessio
2577 4585 2701 4640 lidei
2730 4591 2832 4648 est,
2872 4581 2998 4653 quia
3026 4579 3200 4636 Iudas
3234 4579 3627 4647 interpretatur
3656 4573 3871 4641 confes-

2274 4679 2374 4732 sio.
2430 4676 2614 4731 Tertio
2652 4682 2885 4746 ungetur
2926 4679 3112 4727 noster
3145 4670 3336 4733 David,
3388 4667 3442 4721 id
3478 4675 3561 4721 est
3603 4664 3874 4721 Damius

2278 4770 2436 4825 Jesus
2456 4769 2705 4824 Christus
2733 4768 2785 4821 in
2817 4781 3047 4835 corpore
3076 4778 3194 4828 suo,
3222 4762 3366 4832 quod
3396 4769 3479 4815 est
3510 4757 3786 4822 Ecclesia,
3820 4756 3875 4810 in

2279 4860 2643 4925 Hierusalem,
2674 4859 2728 4913 id
2757 4864 2841 4913 est
2870 4858 2926 4911 in
2964 4856 3160 4910 visione
3191 4854 3368 4925 paris;
3406 4849 3623 4921 quando
3659 4848 3879 4903 devicta

2278 4959 2456 5009 morte
2486 4951 2537 5023 (ι
2560 4950 2682 5017 Cor.
2719 4964 2808 5027 xv,
2837 4946 2927 5018 54)
2960 4946 3319 5021 absorbebitnr
3352 4960 3490 4999 mors
3537 4944 3591 4996 in
3633 4942 3878 5008 uictoria,

2283 5057 2330 5103 et
2365 5042 2585 5101 mortale
2612 5043 2708 5095 hoc
2738 5041 2920 5095 induet
2948 5038 3421 5095 immortalitatem.
3457 5036 3643 5107 (Apoc.
3666 5034 3881 5098 “1,17,

2284 5149 2332 5194 et
2363 5138 2454 5209 2|)
2498 5136 2761 5202 Quoniam
2794 5133 3047 5203 absterget
3081 5132 3223 5187 Deus
3251 5147 3455 5186 omnem
3484 5128 3783 5199 lacrymam
3821 5125 3884 5179 ab

2285 5230 2451 5287 oculis
2483 5228 2820 5290 Sanctorum,
2852 5235 2898 5279 et
2926 5240 3069 5279 mors
3116 5240 3218 5277 non
3252 5224 3352 5278 erit
3393 5221 3557 5285 ultra,
3598 5234 3777 5288 neque
3812 5217 3869 5270 lu

2286 5336 2420 5390 ctus,
2476 5337 2637 5392 neque
2680 5319 2898 5385 clamor,
2945 5316 3037 5372 sed
3084 5333 3176 5371 nec
3219 5314 3375 5370 dolor
3422 5312 3585 5367 ullus.
3633 5308 3743 5364 Sed
3791 5309 3889 5363 erit

2293 5418 2433 5471 Deus
2472 5414 2650 5470 omnia
2693 5413 2750 5467 in
2801 5409 3062 5465 omnibus.
3117 5407 3271 5462 Hanc
3322 5405 3537 5461 tertiam
3564 5401 3892 5457 unctionem

2288 5508 2551 5579 percipiet
2570 5514 2758 5564 noster
2770 5504 2958 5569 David,
2976 5501 3032 5557 id
3046 5509 3130 5557 est
3148 5501 3410 5557 Dominus
3427 5498 3586 5554 Iesus
3605 5495 3891 5557 (ΗΠ-ἰδίω,

2292 5601 2350 5657 in
2391 5601 2621 5672 corpore
2657 5614 2776 5665 suo,
2824 5597 2969 5668 quod
2988 5603 3075 5651 est
3112 5593 3355 5650 Ecclesia
3428 5591 3484 5646 in
3526 5588 3640 5645 ﬁne
3680 5584 3893 5651 saeculi,

666 5826 700 5909 ί
733 5826 1143 5917 alb-el
1166 5826 1433 5918 Iratify-num
1476 5844 1663 5899 Urbem
1709 5857 1827 5900 esse
1865 5841 1941 5915 ait
1984 5840 2038 5893 in
2080 5832 2299 5890 termino
2322 5826 2505 5885 Israel.
