4056 6350
304 286 414 357 813

955 289 1416 361 Qil/ESTIONES
1454 288 1601 363 XXX
1642 290 1869 361 SUPER
1904 290 2150 363 LIBROS
2190 298 2455 373 REGIUM.
2493 335 2563 347 -—
2601 306 2804 364 LIBER
2842 306 2926 365 IV.

3468 318 3572 391 8M

301 404 359 477 (ι
380 404 505 461 εον,
527 418 619 471 ιν,
642 402 735 479 g4)
755 404 966 477 quando
996 408 1274 483 ιναάξάενῇς
1300 422 1515 491 regnum
1545 407 1675 475 Deo,
1701 417 1749 464 et
1776 407 1887 483 Pa—
1911 411 1966 473 Α
1989 411 2224 471 divinam
2266 415 2321 475 in
2374 420 2547 501 capite
2591 423 2923 491 unctionem,
2971 440 3079 497 non
3115 425 3282 487 lorica
3326 430 3567 510 indutus,

295 499 393 566 tri,
423 507 475 567 et
503 499 825 566 evacuaverit
842 499 1167 571 principatus
1197 512 1243 554 ιι.

371 684 524 760 (Cap.
546 702 636 754 xv,
662 685 739 761 1.)
761 686 972 756 otiaris
989 688 1172 757 etiam,
1198 704 1320 761 cum
1348 690 1608 761 Dominus
1644 693 1883 753 misisset

292 775 426 835 Saul
448 789 733 849 percutere
757 788 1073 850 peccatores
1099 781 1383 849 Amalech,
1414 782 1567 855 (vers.
1594 783 1647 858 6)
1668 801 1768 841 cur
1785 803 1881 858 pe-

286 869 468 940 percit
490 869 712 934 Cllineo,
743 869 930 945 dicens
946 879 1072 943 post
1089 888 1262 944 pauca
1284 892 1296 928 :
1325 871 1403 947 Tu
1422 876 1561 935 enim
1582 875 1753 947 fecisti
1775 879 1877 932 mi-

287 961 633 1015 sericordiam
662 977 782 1021 cum
814 962 1053 1021 omnibus
1080 964 1207 1034 ﬁliis
1240 964 1435 1037 Ιδταᾷιν
1474 983 1593 1029 cum
1631 970 1879 1027 ascende-

288 1061 406 1107 rent
444 1052 508 1107 de
533 1050 788 1124 ﬁggpto.
836 1054 1052 1123 Erinde
1079 1056 1278 1127 quaeris
1303 1057 1424 1129 quis
1456 1056 1621 1125 fuerit
1644 1060 1728 1114 hic
1756 1060 1878 1119 Chi-

286 1163 439 1213 neus,
492 1154 550 1203 et
591 1147 685 1207 ubi
726 1147 955 1221 legitur,
1002 1149 1144 1221 hanc
1188 1150 1382 1209 fecisse
1422 1153 1873 1219 misericordiam.

282 1235 525 1293 Chineus
576 1237 753 1311 dictus
798 1247 886 1305 est
939 1238 1145 1309 familia
1192 1241 1371 1313 populi
1424 1243 1758 1307 descendens
1807 1264 1876 1303 ex

282 1329 458 1399 stirpe
483 1328 669 1401 liietro
688 1332 862 1388 soceri
894 1331 1085 1406 Moysi,
1113 1333 1271 1404 quiet
1284 1336 1391 1391 alio
1403 1338 1622 1397 nomine
1635 1337 1876 1411 Raguhet

282 1419 464 1477 dictus
475 1426 558 1476 est
574 1438 587 1473 :
604 1420 660 1481 hi
670 1421 815 1481 enim
828 1432 1050 1494 propter
1061 1424 1321 1483 honorem
1337 1427 1431 1482 Dei
1444 1429 1564 1484 cmli
1575 1469 1588 1495 ,
1604 1429 1758 1500 cujus
1773 1430 1873 1489 mi-

280 1512 476 1569 rabilia
488 1526 585 1583 per
596 1511 815 1584 Moysen
828 1503 1216 1586 cognoverunt,
1232 1527 1288 1574 et
1298 1519 1397 1590 ipsi
1421 1536 1518 1591 per
1540 1537 1711 1583 annos
1733 1538 1869 1596 qua-

279 1601 529 1672 draginta
541 1604 597 1659 in
608 1604 823 1669 deserto
834 1606 1105 1677 viderunt.
1139 1607 1295 1666 Circa
1309 1627 1468 1681 quem
1482 1614 1869 1686 desertum’ipsi

277 1693 681 1764 habitaverunt,
700 1704 757 1752 et
777 1696 978 1757 idcirco
999 1698 1312 1766 familiares,
1340 1711 1397 1758 et
1415 1704 1683 1772 benevoli,
1704 1714 1865 1777 atque

1985 521 2093 603 non
2117 516 2396 603 protectus
2423 514 2632 589 clypeo,
2658 533 2764 574 non
2798 518 2918 577 telis
2943 522 3200 603 munitus,
3234 527 3327 594 sed
3363 528 3572 599 habens

1986 596 2416 665 benedictionem
2440 606 2536 675 Dei
2560 610 2802 677 omnium
2833 596 3213 685 potentiorem.
3258 616 3411 695 Quod
3438 596 3570 697 ergo

1982 703 2119 761 opus
2154 700 2291 760 erat,
2325 697 2452 771 quia
2477 714 2584 765 non
2621 700 2877 775 credebat
2914 719 3028 771 rex,
3079 716 3299 783 coactus
3337 720 3421 779 est
3451 712 3569 783 jam

1980 784 2211 841 virtutes
2250 802 2528 860 exponere
2561 809 2687 850 suas
2727 812 2740 849 :
2786 795 3039 867 Dixitque
3075 799 3246 865 David
3279 782 3347 869 ad
3384 821 3567 879 regem

1983 876 2036 949 (Ι
2066 877 2193 950 Reg.
2210 895 2345 947 xvn,
2368 900 2499 939 vers.
2528 884 2621 952 54,
2644 885 2713 942 55
2741 895 2788 942 et
2811 886 2902 958 56)
2926 906 2940 947 :
2972 886 3229 947 Pascebat
3249 910 3429 957 servus
3445 876 3568 957 tuus

1979 972 2146 1043 patris
2182 973 2267 1028 sui
2299 990 2522 1047 gregem,
2550 985 2599 1032 et
2620 978 2854 1034 veniebat
2876 979 2977 1049 leo,
3016 983 3097 1038 vel
3122 1001 3299 1051 ursus,
3332 988 3558 1046 tollebat-

1977 1077 2076 1132 que
2105 1064 2321 1123 arietem
2344 1066 2410 1120 de
2429 1067 2600 1122 medio
2626 1072 2815 1142 gregis,
2843 1080 2892 1126 et
2916 1074 3168 1145 sequebar
3203 1093 3311 1142 eos,
3357 1076 3406 1132 Et
3449 1098 3567 1151 per-
3602 1137 3609 1148 ,

1978 1153 2252 1219 cutiebam,
2280 1157 2625 1229 eruebamque
2667 1160 2733 1216 de
2768 1179 2950 1219 eorum
2991 1182 3079 1225 ore
3111 1167 3369 1237 prwdam,
3402 1180 3452 1237 et
3487 1171 3566 1237 illi

1978 1244 2356 1315 consurgebant
2394 1246 2671 1305 adversum
2709 1268 2811 1318 me,
2834 1263 2882 1306 et
2930 1257 3378 1326 apprehendebam
3422 1274 3565 1320 men—

1975 1344 2087 1390 tum
2114 1352 2314 1404 eorum,
2343 1348 2389 1392 et
2415 1341 2761 1410 stt/focabam,
2783 1345 3257 1422 interﬁciebamque
3288 1370 3397 1409 eos.
3444 1355 3565 1412 Erit

1975 1426 2136 1496 igitur
2162 1437 2209 1482 et
2240 1427 2544 1487 Pbilistcrus
2572 1432 2657 1486 hic
2686 1434 3105 1507 incircumcisus,
3132 1445 3284 1514 quasi
3318 1462 3455 1503 unus
3498 1465 3565 1505 ea:

1974 1516 2068 1570 eis.
2124 1516 2365 1574 Credidit
2400 1536 2496 1576 rex
2536 1523 2674 1593 signi
2715 1529 3086 1599 magnitudine
3121 1546 3467 1606 provocatus,
3508 1547 3564 1596 et

1974 1607 2113 1662 dixit
2141 1609 2207 1663 ad
2234 1610 2401 1665 David
2426 1628 2440 1665 :
2469 1610 2700 1675 Induere
2738 1627 3015 1675 armatura
3055 1639 3193 1689 mea,
3227 1634 3276 1685 et
3306 1627 3382 1681 sic
3410 1646 3563 1702 egre-

1973 1694 2113 1750 dere.
2157 1695 2308 1765 Quod
2335 1713 2458 1755 cum
2484 1699 2721 1770 fecisset,
2737 1703 2891 1774 juxta
2921 1724 3127 1767 morem
3169 1694 3562 1789 progredi'non

275 1784 440 1841 amici
464 1785 783 1855 ﬁliislsrael,
800 1789 996 1860 populo
1006 1791 1490 1850 videlicetHebrzeo
1518 1811 1733 1867 semper
1759 1774 1854 1852 lue

1972 1786 2207 1854 valebat,
2233 1790 2358 1860 quia
2385 1808 2492 1847 non
2522 1794 2869 1864 permittebat
2894 1797 2997 1856 hoc
3032 1800 3150 1859 fieri
3172 1774 3344 1863 'ner.

274 1888 426 1947 runt,
450 1890 504 1945 ct
523 1883 638 1953 ipsa
661 1899 690 1937 a
718 1882 988 1959 Sqmuele,
1020 1884 1148 1941 Saul
1169 1887 1456 1945 recordata
1468 1890 1866 1947 estmiscricor—

274 1973 388 2039 dia,
413 1990 574 2044 quam
598 1975 725 2033 ﬁliis
736 1976 1150 2047 lsrael,quando
1161 1967 1489 2045 exieruntde
1501 1980 1760 2053 Egypto,
1777 1996 1867 2039 ex-

273 2064 583 2120 bibuerunt.
626 2066 702 2122 De
714 2069 816 2123 hac
826 2070 994 2141 stirpe
1008 2071 1107 2137 fuit
1123 2071 1150 2111 ιι
1164 2072 1308 2129 Aber
1319 2072 1554 2135 Chineus
1566 2075 1650 2129 vir
1662 2085 1864 2132 sancta:

271 2154 520 2210 mulieris
529 2154 703 2223 Jahel,
720 2158 963 2230 (Jud.1v,
981 2162 1068 2234 17)
1081 2178 1201 2233 qua:
1214 2164 1269 2217 in
1285 2165 1521 2220 tentorio
1543 2181 1641 2221 suo
1665 2169 1864 2223 occidit

273 2243 516 2305 Sisaram
538 2247 754 2317 hostem
774 2250 1007 2320 filiorum
1028 2249 1215 2321 lsrael,
1242 2256 1434 2331 ducem
1446 2258 1589 2328 regis
1602 2268 1624 2297 ο
1643 2257 1856 2316 Gabini.

997 2343 1123 2402 Vill.
1496 2404 1499 2409 .

341 2428 578 2503 Inquiris
623 2432 801 2499 adhuc
843 2451 941 2494 cur
1005 2436 1225 2494 Samuel
1271 2440 1424 2513 Agag
1485 2442 1599 2513 regi
1659 2443 1861 2499 dixerit

269 2519 327 2594 (1
354 2520 484 2594 Reg.
517 2540 611 2592 xv,
640 2526 731 2597 52)
761 2541 776 2580 :
801 2525 1009 2584 Siccine
1039 2540 1248 2603 separat
1282 2548 1467 2587 amara
1503 2549 1643 2589 mors
1666 2534 1692 2588 2
1721 2533 1857 2590 Cum

267 2617 376 2677 hoc
400 2632 511 2673 non
539 2617 756 2677 Samuel
775 2620 943 2693 Agag,
972 2624 1068 2680 sed
1087 2623 1239 2696 Agag
1259 2614 1857 2684 occidendus'Samueli

267 2713 485 2773 dixerit.
541 2715 773 2771 Verbum
801 2717 924 2783 hoc,
946 2719 1089 2788 quod
1108 2719 1356 2789 inquiris,
1380 2721 1508 2790 quid
1528 2722 1599 2779 sit
1616 2723 1808 2779 siccine
1831 2723 1858 2776 γ

266 2822 377 2875 non
409 2814 605 2861 natura
629 2807 712 2863 sui
749 2808 806 2864 in
839 2808 952 2879 ipsa
997 2810 1248 2877 historia,
1284 2814 1379 2868 sed
1409 2813 1721 2884 interpretis
1759 2830 1855 2870 vo-

264 2899 588 2971 luptuositas
638 2900 769 2958 fecit
818 2903 1127 2961 obscurum.
1187 2904 1316 2960 Tale
1364 2912 1450 2960 est
1492 2906 1660 2971 enim,
1708 2907 1853 2976 quod

1968 1886 2056 1933 cet
2081 1886 2141 1932 ut
2166 1881 2342 1936 nudus
2375 1883 2637 1951 vinceret,
2677 1895 2733 1943 et
2753 1903 2861 1943 non
2894 1886 3044 1946 arma
3091 1886 3268 1951 Saulis
3301 1898 3559 1963 virtutem

1967 1972 2209 2028 victoria:
2244 1975 2577 2049 partirentur
2599 1994 2613 2033 :
2638 1994 2705 2035 ne
2732 1980 2940 2039 diceret
2967 1998 3083 2052 rex,
3108 1989 3363 2057 quoniam
3402 2008 3556 2049 arma

1964 2062 2215 2120 vicerunt
2264 2082 2413 2133 mea,
2460 2069 2689 2141 proiecit
2729 2089 2917 2143 arma,
2960 2085 3017 2133 et
3063 2078 3240 2137 induit
3278 2062 3552 2142 ﬁduciam.

1964 2155 2252 2227 Egreditur
2276 2161 2515 2230 inermis,
2540 2173 2594 2220 et
2624 2165 2883 2222 loricatus
2925 2166 3032 2224 ﬁde
3060 2170 3340 2243 egreditur
3368 2187 3556 2247 pastor

1963 2255 2018 2320 et
2044 2248 2198 2305 miles
2222 2249 2423 2319 :jactat
2452 2255 2686 2326 lapidem
2728 2274 2837 2333 non
2881 2270 3077 2316 natura
3108 2266 3352 2336 corporis
3388 2270 3551 2338 fixus,

1963 2340 2056 2393 sed
2085 2340 2285 2397 virtute
2314 2343 2461 2411 ﬁdei,
2485 2356 2541 2402 et
2571 2364 2679 2402 uno
2713 2357 2891 2405 rotatu
2925 2350 3104 2409 fundae
3130 2354 3185 2410 in
3212 2355 3391 2415 fronte
3431 2377 3554 2433 per—

1959 2430 2127 2517 cussit
2152 2432 2525 2504 blasphemum
2554 2456 2566 2490 :
2597 2453 2702 2508 quo
2737 2449 3023 2497 corruente
3060 2446 3321 2513 cucurrit,
3359 2430 3549 2527 etac-

1959 2532 2117 2593 cepto
2138 2524 2316 2596 gladio
2346 2528 2461 2599 ejus
2489 2534 2789 2605 amputavit
2823 2545 2988 2605 caput
3022 2536 3189 2606 illius,
3227 2550 3287 2596 ut
3322 2524 3551 2616 complc-

1957 2623 2110 2670 retur
2142 2616 2274 2674 illud
2315 2622 2460 2695 quod
2495 2622 2759 2699 scriptum
2807 2635 2892 2682 est
2932 2625 3107 2699 (Psal.
3158 2647 3238 2699 rx,
3286 2633 3375 2706 17)
3421 2654 3434 2690 :
3480 2637 3548 2692 In

1955 2712 2197 2781 operibus
2224 2730 2475 2770 manuum
2496 2732 2715 2771 suarum
2737 2719 3137 2790 comprehensus
3170 2733 3248 2779 est
3281 2738 3542 2799 peccator.

1954 2800 2024 2855 Et
2047 2803 2126 2859 sic
2151 2804 2207 2858 in
2238 2807 2455 2865 nomine
2490 2807 2703 2864 Domini
2748 2813 3047 2881 reportavit
3081 2830 3149 2871 ex
3190 2816 3347 2875 hoste
3382 2821 3551 2879 victo-

1954 2892 2093 2948 riam
2122 2912 2135 2948 :
2161 2903 2217 2950 et
2244 2897 2467 2953 abstulit
2496 2899 2549 2981 in
2583 2907 2827 2972 tempore
2851 2901 2941 2957 illo
2972 2908 3321 2976 opprobrium
3352 2926 3383 2965 a
3421 2910 3548 2970 ﬁliis

265 2990 435 3049 dicit:
458 2990 647 3048 siccine
672 3010 685 3046 :
711 2991 859 3053 velut
883 2994 928 3049 si
952 2995 1183 3063 diceret;
1223 2996 1303 3052 sic
1343 3004 1583 3066 separat,
1631 3006 1724 3053 aut
1772 3006 1853 3055 ta-

1958 2985 2135 3042 lsrael.
2188 2987 2328 3057 Quid
2362 2999 2543 3048 tamen
2583 2994 2687 3048 ista
2729 2994 3058 3066 signiﬁcant,
3108 3000 3162 3054 in
3204 3001 3342 3067 libro
3356 3005 3547 3076 primo

262 3079 390 3157 liter
411 3094 626 3153 separat
655 3102 841 3143 amara
875 3090 1061 3145 mors?
1101 3089 1231 3147 Tale
1266 3092 1412 3161 quod
1451 3099 1507 3146 et
1545 3092 1600 3147 in
1636 3091 1849 3147 cantico
1878 3142 1919 3162 η
1950 3080 2131 3149 operis
2152 3080 2312 3152 huius
2335 3097 2405 3161 9X
2430 3084 2587 3140 dictis
2614 3085 2883 3157 maiorum
2910 3097 3237 3162 nostrorum.
3274 3105 3334 3151 ut
3361 3098 3546 3161 Domi-

261 3173 667 3237 Deuteronomii
706 3177 914 3251 (xxxn,
961 3180 1017 3252 5)
1058 3182 1321 3251 scriptum
1361 3183 1663 3253 reperitur,
1709 3181 1851 3239 inter

261 3278 460 3329 cetera
491 3271 568 3326 ait
590 3286 606 3326 :
628 3270 906 3329 Generatio
932 3291 1119 3345 prava,
1143 3283 1296 3346 atque
1332 3292 1599 3346 perversa,
1620 3275 1850 3331 haeccine

263 3360 439 3415 reddis
466 3359 690 3418 Domino
714 3364 741 3418 ?
775 3364 901 3419 dum
926 3364 981 3419 in
1007 3365 1230 3435 antiqua
1259 3366 1611 3421 translatione
1649 3367 1846 3422 decen-

260 3452 370 3509 tius
419 3461 475 3509 et
508 3453 710 3512 clarius
749 3455 1009 3525 scriptum
1045 3456 1468 3519 habetur:ch
1505 3457 1731 3527 Domino
1770 3476 1849 3514 re-

260 3543 511 3613 tribuisti,
536 3545 759 3618 populus
782 3546 939 3603 stulte
965 3558 1013 3603 et
1041 3549 1292 3620 insipiens
1313 3549 1341 3605 .9

1013 3661 1107 3718 1X.

327 3771 831 3843 Addimus,etquod
846 3780 899 3829 tu
924 3776 1147 3847 rogasti,
1170 3777 1312 3847 quod
1334 3792 1439 3832 non
1463 3776 1599 3832 dixit
1618 3777 1759 3834 Deus
1781 3777 1848 3833 ad

258 3862 624 3937 Samuel(xvr,
643 3865 695 3933 1)
717 3884 729 3919 :
748 3866 898 3933 vade,
914 3876 962 3921 et
984 3885 1117 3939 unge
1140 3869 1268 3923 milii
1285 3864 1459 3924 David
1476 3884 1494 3921 :
1510 3872 1601 3925 sed
1628 3870 1775 3935 vade,
1799 3879 1849 3925 et

255 3972 390 4027 unge
405 3956 533 4010 mihi
545 3956 609 4012 de
621 3957 749 4027 ﬁliis
763 3957 897 4023 lsai,
912 3970 1145 4025 etc.,cur
1160 3962 1339 4026 dubie,
1355 3970 1526 4017 etnon
1544 3962 1850 4030 specialiter

218 4062 223 4067 ‘
254 4047 431 4102 David
470 4050 799 4105 nominavit?
853 4050 931 4106 N'e
954 4052 1163 4109 scilicet
1201 4044 1481 4125 pateretur
1512 4054 1680 4109 David
1706 4055 1849 4125 quod

250 4155 450 4217 passus
470 4150 553 4196 est
585 4140 779 4214 Joseph
810 4141 964 4215 (Gen.
986 4161 1193 4213 xxxvn,
1213 4146 1246 4201 5
1268 4157 1314 4200 et
1337 4147 1491 4219 θείῃ).
1523 4147 1677 4202 Sicut
1703 4148 1848 4202 enim

253 4224 329 4287 illi
354 4232 694 4313 addiscentes
720 4233 960 4289 futurum
978 4235 1078 4291 sibi
1092 4237 1219 4291 olim
1233 4253 1436 4309 regem,
1453 4249 1548 4295 aut
1564 4234 1848 4294 Dominum

251 4318 492 4378 insidiati
532 4333 675 4392 sunt,
718 4334 773 4381 et
800 4333 923 4398 post
961 4324 1159 4385 multas
1201 4329 1427 4400 injurias
1471 4331 1843 4398 vendiderunt,

251 4412 328 4468 sic
358 4414 663 4473 formidinis
684 4419 916 4474 dandum
942 4428 1079 4488 erat,
1105 4437 1174 4477 ne
1186 4431 1240 4477 et
1265 4423 1353 4478 isti
1385 4423 1499 4479 haec
1513 4425 1697 4480 eadem
1731 4441 1847 4495 per-

1952 3187 2056 3228 nus
2082 3173 2247 3241 dedit,
2286 3183 2340 3237 et
2364 3177 2608 3234 invenire
2635 3179 2930 3251 potuimus,
2954 3182 3068 3254 jam
3094 3187 3400 3257 expositum
3438 3198 3543 3248 est.

2342 3364 2350 3371 ,
2692 3291 2786 3349 x1.
3134 3298 3137 3301 ·

2019 3374 2140 3432 Jam
2160 3393 2308 3437 nunc
2337 3379 2470 3437 illud
2504 3384 2649 3452 quod
2680 3383 2737 3439 in
2765 3386 2935 3455 priori
2971 3397 3126 3459 parte
3163 3394 3348 3463 operis
3382 3396 3544 3466 hujus
3602 3466 3609 3471 _

1948 3472 2414 3539 prmtermisimus,
2444 3476 2589 3544 quod
2625 3492 2729 3533 nec
2758 3486 2819 3534 tu
2858 3479 3229 3555 interrogasti,
3268 3488 3543 3562 paulisper

1848 3600 1853 3607 κ
1948 3565 2300 3633 proponendo
2326 3568 2625 3637 aggrediar.
2667 3568 2845 3636 Quare
2868 3572 3064 3632 dixerit
3095 3576 3352 3638 Dominus
3376 3584 3539 3639 nimi-

1946 3669 2094 3721 rum,
2143 3658 2402 3726 praescius
2436 3657 2744 3717 futurorum
2764 3662 2967 3735 (Actor.
3018 3683 3140 3735 xm,
3183 3668 3273 3743 22)
3310 3691 3325 3727 :
3368 3675 3541 3730 inveni

1946 3745 2120 3803 David
2148 3749 2321 3817 [ilium
2359 3748 2510 3805 Iesse
2542 3754 2711 3809 virum
2747 3757 3034 3812 secundum
3077 3776 3169 3815 cor
3203 3779 3375 3819 meum
3405 3779 3424 3817 :
3449 3769 3540 3836 qui

1949 3840 2113 3910 faciat
2157 3859 2333 3897 omnes
2370 3843 2661 3900 voluntates
2705 3863 2848 3902 meas
2876 3862 2895 3901 :
2921 3864 3046 3906 cum
3093 3852 3247 3919 talia,
3293 3863 3351 3910 et
3390 3864 3538 3913 tanta

1949 3932 2111 3987 homo
2158 3935 2274 4003 ipse
2321 3936 2677 3993 commiserit.
2733 3936 2889 4005 Quod
2931 3941 3151 4011 quidem
3201 3945 3253 4000 si
3307 3947 3376 4003 de
3418 3948 3537 4018 ipso

1948 4023 2117 4079 David
2136 4065 2150 4089 ,
2190 4025 2283 4096 qui
2316 4028 2605 4096 reprobate
2631 4027 2824 4099 Saule,
2865 4040 2921 4089 et
2950 4036 3255 4106 exstincto,
3295 4037 3396 4096 fuit
3438 4056 3536 4099 rex

1947 4113 2148 4181 Israel,
2194 4116 2394 4171 dictum
2434 4118 2832 4191 intelligamus,
2879 4131 3033 4195 patet
3078 4126 3362 4199 profecto,
3407 4133 3535 4203 quia

1948 4205 2093 4263 Deus
2113 4208 2372 4279 praescius
2402 4210 2702 4268 futurorum
2731 4220 2835 4281 est,
2862 4215 2955 4286 qui
2978 4218 3222 4286 praevidit
3252 4222 3307 4276 in
3329 4237 3395 4279 eo
3416 4231 3536 4280 tan-

1949 4308 2058 4355 tam
2113 4301 2390 4372 pietatem,
2447 4312 2664 4375 tamque
2710 4321 2963 4364 veracem
3010 4310 3417 4379 paenitentiam,
3473 4322 3536 4371 ut

1948 4400 2092 4449 esset
2118 4394 2173 4449 in
2203 4410 2389 4450 eorum
2425 4412 2672 4463 numero,
2700 4399 2767 4453 de
2794 4400 2990 4469 quibus
3028 4401 3144 4471 ipse
3172 4399 3306 4459 dicit
3353 4404 3527 4476 (Psal.

248 4517 544 4576 petrarent,
572 4511 715 4567 unde
738 4510 1041 4583 ignorantia
1067 4515 1288 4570 cautelae
1321 4514 1510 4571 elfecta
1534 4525 1619 4571 est
1637 4500 1831 4573 mater.

1958 4502 2097 4551 uxr,
2124 4504 2254 4541 vers.
2281 4487 2367 4559 l):
2390 4487 2543 4543 Beati
2562 4507 2787 4567 quorum
2808 4494 3040 4549 remissa:
3058 4504 3181 4551 sunt
3205 4497 3529 4568 iniquitates,

998 4627 1068 4686 Χ.

320 4737 372 4812 (ι
398 4738 526 4813 Reg.
558 4756 693 4808 xvn,
721 4742 814 4811 59,
844 4743 932 4810 40,
963 4752 1012 4803 et
1033 4742 1151 4817 49.)
1181 4744 1255 4803 De
1282 4759 1347 4800 eo
1384 4746 1526 4816 quod
1571 4746 1832 4818 scriptum

243 4841 329 4891 est
350 4850 363 4887 :
386 4832 530 4904 quod
565 4833 732 4890 David
765 4843 955 4893 contra
983 4834 1317 4905 Philistazum
1340 4853 1571 4909 pergens
1598 4843 1667 4896 ad
1697 4856 1834 4912 pra:-

246 4922 487 4993 liandum
506 4941 659 4983 arma
681 4924 813 4983 Saul
832 4937 1053 4998 portare
1077 4929 1268 4997 noluit,
1302 4931 1397 4986 sed
1432 4932 1671 5003 quinque
1704 4932 1835 5005 lapi-

242 5015 340 5081 des
364 5016 434 5071 de
460 5025 702 5081 torrente
726 5019 784 5075 in
816 5036 1003 5091 peram
1039 5022 1206 5091 misit,
1238 5031 1420 5089 tamen
1448 5041 1615 5080 unum
1656 5025 1831 5083 solum

242 5106 505 5179 proiecit:
527 5110 749 5168 veniens
774 5113 922 5168 enim
947 5113 1116 5171 David
1136 5115 1201 5177 de
1228 5116 1444 5188 pascuis
1465 5117 1666 5185 ovium,
1687 5126 1833 5192 post-

240 5210 405 5268 quam
452 5208 648 5256 unctus
692 5212 775 5261 est
811 5201 1056 5273 iussione
1099 5205 1197 5261 Dei
1238 5205 1356 5261 oleo
1401 5206 1827 5274 benedictionis,

240 5291 547 5351 ministerio
572 5294 790 5367 quidem
824 5296 1079 5363 hominis,
1118 5299 1215 5357 sed
1250 5297 1346 5359 Dei
1377 5308 1531 5369 nutu,
1565 5303 1707 5371 quod
1742 5317 1834 5357 su-

238 5392 522 5462 perposuit
554 5395 717 5464 capiti
755 5394 875 5466 ejus
915 5410 1084 5452 cornu
1115 5397 1427 5457 chrismatis
1468 5398 1616 5455 omni
1648 5397 1831 5455 diade-

237 5493 409 5551 mate,
432 5492 488 5539 et
505 5500 747 5558 purpura
770 5488 1037 5560 potiorem
1062 5487 1113 5557 ἀ,
1147 5495 1203 5547 et
1236 5490 1317 5546 sic
1345 5490 1588 5562 perrexit
1619 5491 1829 5547 habens

239 5632 370 5748 Sall
382 5620 546 5680 Deest
596 5625 778 5696 itaque
824 5627 1020 5683 solutio
1060 5630 1370 5700 quaestionis
1393 5671 1409 5695 ,
1450 5645 1569 5701 qum
1608 5632 1830 5703 reSpicit

311 5761 341 5803 δ
381 5761 562 5821 Haber
588 5764 815 5826 Cinwus.

1941 4587 1989 4632 et
2027 4595 2249 4648 quorum
2288 4588 2422 4634 tecta
2467 4588 2591 4636 sunt
2629 4593 2859 4654 peccata.
2906 4584 3106 4642 Beatus
3152 4589 3246 4651 vir,
3296 4589 3382 4644 cui
3426 4606 3532 4646 non

1940 4669 2213 4738 imputavit
2263 4669 2514 4727 Dominus
2561 4683 2849 4744 peccatum.
2900 4675 3036 4732 Cum
3081 4692 3211 4749 ergo
3250 4679 3531 4748 praesciret

1941 4775 2068 4816 eum
2088 4761 2231 4816 Deus
2259 4770 2629 4832 peccaturum,
2650 4773 2705 4818 et
2732 4774 2953 4835 peccata
2973 4782 3070 4821 sua
3096 4767 3181 4837 pia
3202 4752 3524 4835 humilitate,

1940 4862 1996 4913 et
2023 4854 2229 4910 sincera
2246 4856 2564 4926 pmnitentia
2580 4856 2898 4924 deleturum,
2927 4874 3025 4914 cur
3049 4875 3156 4914 non
3182 4859 3386 4919 diceret
3410 4879 3422 4915 :
3445 4862 3528 4916 in-

1939 4948 2053 5003 veni
2091 4946 2263 5003 David
2294 4949 2464 5004 virum
2495 4949 2783 5005 secundum
2805 4967 2897 5004 cor
2924 4967 3117 5017 meum,
3149 4951 3237 5008 cui
3265 4967 3371 5007 non
3407 4962 3527 5008 erat

1935 5039 2298 5109 imputaturus
2332 5049 2634 5111 peccatum,
2672 5051 2782 5096 tam
2824 5042 2995 5099 multa
3027 5043 3171 5113 bona
3204 5042 3442 5112 facienti,
3470 5054 3526 5103 et

1933 5148 2058 5189 cum
2089 5142 2236 5189 tanta
2263 5135 2464 5204 pietate
2493 5136 2715 5202 viventi,
2749 5144 2805 5191 ct
2830 5136 2884 5192 in
2914 5137 3031 5207 ipsa
3058 5137 3259 5207 pietate
3280 5153 3377 5209 pro
3395 5153 3522 5209 pec-

1933 5224 2070 5279 catis
2096 5225 2208 5280 suis
2233 5224 2561 5282 sacriﬁcium
2587 5226 2804 5281 contriti
2829 5226 3051 5297 spiritus
3071 5227 3362 5285 offerenti?
3388 5229 3521 5285 Pro-

1933 5325 2052 5386 pter
2080 5320 2196 5373 haec
2228 5319 2411 5373 omnia
2447 5319 2733 5375 verissime
2757 5318 2964 5375 dictum
2991 5328 3076 5376 est
3104 5339 3118 5374 :
3144 5321 3317 5376 inveni
3351 5320 3520 5377 David

1931 5408 2217 5465 secundum
2254 5427 2345 5464 cor
2378 5426 2570 5475 meum,
2610 5410 2700 5478 qui
2737 5409 2867 5465 licet
2898 5411 3186 5466 secundum
3216 5427 3308 5466 cor
3343 5428 3518 5477 suum,

1934 5518 2042 5559 non
2072 5511 2220 5559 esset
2243 5503 2386 5574 quod
2410 5504 2673 5572 peccavit,
2708 5512 2887 5562 tamen
2918 5506 3212 5565 secundum
3235 5521 3332 5565 cor
3358 5521 3514 5565 suum

2007 5649 2027 5717 ‘f
2069 5638 2229 5717 {abin
2258 5638 2389 5710 regis
2412 5640 2563 5717 Aget.
2588 5690 2601 5717 κ

2001 5709 2027 5749 ἀ
2066 5706 2277 5776 Potius,
2310 5706 2369 5764 ut
2391 5706 2646 5769 arbitror.
