4056 6350
537 318 644 379 815

1642 312 1916 371 CLAUDII
1955 310 2419 369 TAURINENSIS
2456 310 2767 370 EPISCOPI

3693 312 3799 370 816

532 434 655 500 fuit,
690 433 834 501 quod
873 444 973 502 pro
999 429 1240 501 peccatis
1270 430 1383 485 suis
1414 443 1648 501 congrua
1676 430 1995 501 paenitentia
2032 445 2115 485 sa-
2140 434 2193 495 Α
2216 433 2445 487 cundum
2475 449 2566 487 cor
2587 449 2781 498 meum,
2813 431 2904 503 qui
2931 430 3089 500 faciet
3119 445 3294 484 omnes
3319 428 3612 484 voluntates
3634 447 3799 487 meas.

531 522 749 581 tisfeclt.
796 521 910 578 Hoc
945 538 1074 594 ergo
1110 530 1282 577 sctum
1318 521 1371 574 in
1410 521 1502 575 illo
1542 521 1837 576 secundum
1874 536 1969 576 cor
2006 536 2117 575 non

530 616 652 683 fuit,
673 614 817 686 quod
834 615 909 669 illi
931 615 1073 670 Deus
1094 631 1203 671 non
1226 614 1530 685 imputavit.
1575 612 1690 668 Hoc
1709 613 1889 682 itaque
1915 612 2114 678 ablato,

529 708 586 764 id
619 714 704 763 est
737 724 846 763 non
882 708 1166 778 imputato,
1202 706 1331 776 quid
1361 705 1618 762 remansit
1644 705 1747 759 nisi
1779 705 1921 759 unde
1944 694 2114 759 veris-

530 799 667 855 sime
715 798 1218 854 dicereturzinveni
1256 797 1423 851 David
1452 796 1737 851 secundum
1776 811 1867 849 cor
1903 794 2118 849 meum?

510 888 590 945 Si
619 898 801 945 autem
832 891 934 944 hoc
960 890 1273 960 prophetice
1298 889 1500 944 dictum
1539 890 1604 943 de
1638 888 1855 944 Christo
1889 887 2117 941 velimus

518 981 798 1059 accipere,
817 980 994 1036 nullus
1012 981 1187 1035 nodus
1211 981 1522 1050 QUEBSIIODIS
1537 981 1797 1036 occurrit.
1821 977 1931 1034 Nisi
1956 977 2112 1044 forte,

459 1104 469 1117 .
530 1077 592 1124 ut
628 1078 908 1139 quaeratur
943 1086 973 1124 a
1004 1070 1159 1126 nobis
1198 1072 1466 1141 quomodo
1500 1071 1776 1125 Christum
1823 1077 1969 1124 recte
2010 1069 2117 1125 isto

530 1162 750 1217 nomine
783 1177 977 1218 vocare
1005 1163 1274 1232 potuerit?
1308 1162 1415 1217 Sed
1449 1163 1842 1232 respondemus
1865 1181 1876 1215 :
1899 1169 2119 1231 propter

512 1264 702 1311 semen
748 1256 939 1322 David,
987 1272 1053 1311 ex
1104 1272 1210 1325 quo
1248 1271 1469 1311 carnem
1517 1255 1765 1311 Christus
1805 1255 2113 1325 assumpsit.

531 1347 640 1403 Nec
666 1348 781 1404 sine
804 1349 1052 1418 exemplo
1076 1350 1339 1404 rationem
1370 1348 1530 1417 hujus
1560 1350 1613 1404 in
1641 1349 1854 1406 Christo
1883 1349 2119 1404 nominis

529 1438 861 1495 reddidimus
885 1458 897 1493 :
919 1441 1223 1495 invenimus
1242 1441 1460 1512 quidem
1480 1440 1821 1510 apertissime
1840 1439 2119 1495 Christum

527 1527 733 1597 Jesum,
762 1546 827 1586 ac
854 1532 1173 1601 prophetam
1202 1532 1271 1586 ab
1301 1532 1551 1587 Ezechiel
1582 1531 1756 1586 David
1794 1546 1913 1587 esse
1944 1528 2129 1601 appel:

526 1625 716 1693 latum,
744 1628 836 1683 ubi
860 1628 1055 1700 legitur
1073 1644 1141 1683 ex
1169 1644 1402 1699 persona
1432 1628 1528 1683 Dei
1549 1627 1726 1682 Patris
1747 1626 1958 1698 (χχχιιι,
1986 1624 2077 1694 23)
2103 1644 2115 1677 :

528 1717 598 1772 Et
631 1720 893 1773 suscitabo
929 1737 1086 1791 super
1125 1738 1314 1792 pecora
1358 1738 1471 1775 mea
1512 1728 1773 1791 pastorem
1813 1737 1995 1785 unum,
2032 1718 2122 1789 qui

2222 521 2329 578 Sed
2367 524 2621 593 quoniam
2655 532 2870 580 secutus
2900 523 3165 592 adjungit,
3195 530 3251 576 et
3273 523 3403 577 dicit
3429 541 3442 575 :
3470 521 3633 591 hujus
3664 522 3802 579 Deus

2215 631 2281 670 ea:
2319 617 2532 683 semine,
2579 616 2866 671 secundum
2914 616 3310 685 promissionem
3352 614 3578 668 adduxit
3635 613 3806 669 Israel

2218 705 2549 763 Salvatorem
2575 707 2779 774 Iesum,
2808 707 2966 761 altius
2994 705 3319 777 signiﬁcavit
3341 706 3395 760 in
3423 707 3655 761 Domino
3679 705 3806 762 Iesu

2217 800 2396 870 potius
2416 815 2537 855 esse
2558 798 2961 869 intelligendum
2985 798 3113 853 illud
3141 797 3535 861 testimonium,
3562 797 3655 866 qui
3678 812 3807 852 vere

2218 891 2345 961 facit
2379 908 2553 947 omnes
2588 892 2880 946 voluntates
2908 889 3087 943 Patris
3113 888 3230 953 Dei,
3267 905 3430 958 quam
3462 889 3517 943 in
3552 888 3645 942 illo
3683 904 3808 960 rege

2218 983 2404 1049 David,
2458 982 2545 1053 qui
2592 983 2718 1039 licet
2762 983 3059 1038 secundum
3106 982 3439 1066 superiorem
3487 980 3809 1049 disputatio-

2218 1072 2343 1130 n'em
2378 1074 2618 1130 remissis
2649 1075 2889 1146 peccatis
2916 1080 3139 1151 propter
3180 1073 3327 1143 piam
3374 1086 3591 1142 quoque
3635 1075 3811 1143 ι)ωηί-

2219 1166 2444 1221 tentiam
2478 1181 2585 1220 non
2613 1164 2882 1219 immerito
2916 1163 3021 1218 dici
3050 1163 3221 1231 possit
3248 1162 3486 1220 iuventus
3520 1164 3809 1217 secundum

2219 1274 2310 1312 cor
2336 1256 2467 1324 Dei;
2494 1265 2675 1311 tamen
2694 1270 2883 1311 omnes
2899 1255 3209 1309 voluntates
3232 1252 3329 1309 Dei
3350 1260 3625 1323 quomodo
3646 1254 3814 1309 fecit?

2220 1348 2455 1417 quicum
2477 1344 2928 1402 excellentissime
2947 1344 3280 1410 laudaretur,
3303 1346 3521 1415 quando
3538 1359 3662 1412 ejus
3683 1355 3814 1399 tem-

2220 1453 2377 1509 pora,
2404 1444 2460 1491 et
2479 1435 2643 1501 facta,
2683 1434 2962 1506 Scriptura
2979 1436 3248 1500 narravit,
3264 1442 3481 1490 notatus
3503 1443 3591 1489 est
3611 1444 3810 1500 tamen,

2223 1543 2249 1572 ι
2278 1529 2420 1600 quod
2443 1545 2549 1584 non
2575 1528 2841 1583 destruxit
2875 1527 3091 1583 excelsa
3127 1526 3219 1580 ubi
3263 1526 3612 1581 sacriﬁcabat
3649 1543 3814 1597 popu-

2222 1622 2306 1677 lus
2344 1622 2439 1675 Dei
2466 1630 2652 1677 contra
2678 1628 3004 1691 prteceptum
3041 1619 3159 1685 Dei,
3189 1618 3316 1689 quia
3347 1620 3729 1675 tantummodo
3759 1621 3811 1676 in

2226 1717 2634 1771 tabernaculum
2689 1713 2985 1769 testimonii
3039 1713 3140 1768 sibi
3203 1712 3501 1767 sacriﬁcari
3552 1712 3810 1781 iusserat,

524 1819 707 1881 pascat
733 1828 817 1877 ea,
842 1828 1047 1866 servum
1079 1829 1253 1866 meum
1278 1811 1469 1876 David,
1515 1822 1562 1864 et
1601 1810 1710 1881 ipse
1746 1820 1921 1880 pascet
1955 1828 2037 1875 ea,
2072 1816 2121 1863 et
2149 1805 2197 1865 B
2226 1806 2489 1874 quamvis,
2523 1813 2577 1860 et
2605 1805 2659 1859 in
2698 1804 2890 1860 iisdem
2926 1803 3156 1859 excelsis
3190 1804 3368 1858 eidem
3409 1805 3817 1861 sacriﬁcaretur

524 1901 634 1973 ipse
657 1904 756 1957 erit
777 1903 859 1957 his
879 1903 935 1957 in
965 1902 1261 1957 Pastorem.
1317 1902 1430 1973 Ego
1453 1911 1629 1956 autem
1660 1902 1912 1956 Dominus
1934 1918 2022 1955 ero
2046 1901 2119 1955 eis

524 1996 582 2048 in
617 1994 803 2049 Deum.
850 1994 922 2048 Et
964 2012 1141 2050 servus
1179 2012 1324 2049 meus
1377 1994 1545 2048 David
1580 1994 1817 2065 princeps
1863 1994 1917 2046 in
1950 1992 2119 2046 medio

524 2102 704 2140 eorum
745 2100 764 2138 :
800 2103 893 2157 ego
948 2087 1206 2142 Dominus
1254 2086 1459 2140 locutus
1502 2102 1638 2140 sum.
1694 2085 1761 2139 Et
1809 2084 1914 2139 alio
1959 2085 2117 2139 loco:

526 2176 763 2245 (xxxvn,
794 2176 890 2249 22)
922 2177 991 2231 Et
1029 2193 1143 2244 res,
1177 2178 1372 2247 inquit,
1402 2193 1536 2230 unus
1562 2176 1657 2229 erit
1687 2176 1927 2229 omnibus
1963 2176 2126 2247 ἐθηρε-

514 2282 669 2332 rans,
696 2278 745 2321 et
775 2284 877 2323 non
907 2276 1059 2322 erunt
1099 2267 1243 2322 ultra
1290 2268 1409 2322 duae
1447 2277 1641 2339 gentes,
1682 2284 1774 2322 nec
1823 2267 2124 2322 dividentur

523 2362 751 2434 amplius
778 2365 835 2418 in
864 2364 970 2418 duo
1001 2381 1179 2434 regna.
1216 2362 1400 2435 Neque
1426 2362 1729 2434 polluentur
1751 2362 1891 2417 ultra
1923 2364 1978 2416 in
2007 2363 2123 2416 ido-

523 2453 590 2509 lis
618 2455 747 2517 suis,
774 2464 823 2509 et
851 2455 1327 2509 abominationibus
1348 2454 1476 2520 suis,
1503 2464 1551 2508 et
1570 2455 1626 2508 in
1649 2455 1849 2508 cunctis
1874 2453 2122 2524 iniquita-

520 2547 660 2602 tibus
699 2548 831 2602 suis.
868 2547 939 2602 Et
977 2547 1146 2603 salvos
1176 2565 1263 2602 eos
1294 2548 1491 2617 faciam
1525 2547 1590 2601 de
1620 2547 1874 2602 universis
1911 2548 2119 2602 sedibus

519 2639 652 2705 suis,
685 2639 741 2692 in
776 2638 965 2711 quibus
997 2648 1336 2709 peccaverunt
1360 2652 1378 2690 :
1400 2647 1450 2692 et
1491 2637 1755 2692 mundabo
1792 2655 1897 2703 eos,
1937 2648 1984 2692 et
2021 2637 2121 2691 erit

521 2731 649 2785 mihi
667 2730 914 2803 populus,
945 2739 993 2785 et
1012 2748 1104 2803 ego
1131 2748 1219 2785 ero
1232 2732 1306 2785 eis
1320 2729 1482 2785 Deus.
1506 2728 1578 2783 Et
1590 2747 1768 2785 servus
1782 2747 1926 2785 meus
1946 2729 2119 2784 David

521 2840 615 2877 rea:
650 2840 807 2893 super
839 2840 945 2878 eos.
995 2822 1064 2876 Et
1107 2822 1301 2877 Pastor
1342 2838 1478 2877 unus
1519 2822 1615 2877 erit
1648 2823 1881 2876 omnium
1914 2838 2113 2876 eorum.

519 2915 661 2971 Osee
688 2931 904 2986 quoque
932 2916 1197 2986 propheta
1225 2929 1350 2970 cum
1379 2914 1758 2984 pronuntiaret
1786 2921 2000 2984 tempus
2027 2913 2119 2967 Ju-

518 3008 764 3063 dzeorum
810 3005 971 3078 quale
1021 3022 1165 3061 nunc
1223 3006 1448 3071 habent,
1480 3015 1536 3061 et
1589 3007 1647 3061 in
1693 3006 1967 3062 Christum
2022 3022 2117 3061 eos

520 3105 710 3169 postea
740 3098 1069 3164 credituros,
1097 3097 1350 3153 eumdem
1391 3096 1669 3153 Christum
1697 3096 1868 3152 David
1895 3096 2113 3153 nomine

2221 1896 2333 1951 Deo
2363 1914 2374 1949 :
2398 1910 2519 1965 quae
2538 1896 2880 1965 postmodum
2905 1894 3116 1950 excelsa
3153 1910 3219 1949 ex
3256 1895 3375 1964 ipso
3402 1895 3579 1951 David
3611 1899 3816 1953 semine

2220 1995 2548 2059 propagatus
2575 2002 2673 2041 rex
2694 1986 2955 2041 Ezechias
2973 2002 3098 2042 cum
3121 1987 3432 2043 testimonio
3462 2004 3678 2061 magna:
3705 2006 3817 2047 sua

2223 2078 2399 2134 laudis
2425 2080 2639 2134 evertit.
2684 2076 2791 2149 (IV
2822 2078 2953 2151 Reg.
2978 2095 3138 2147 xvm,
3167 2079 3248 2153 4.)

2950 2170 3045 2226 XII

2290 2262 2597 2334 Interrogas
2624 2277 2791 2333 quare
2828 2262 2957 2317 Saul
2986 2264 3155 2319 iratus
3189 2264 3328 2320 dixit
3365 2266 3434 2320 ad
3475 2265 3718 2323 Joathan
3755 2268 3816 2325 ﬁ-

2222 2354 2354 2411 lium
2375 2370 2533 2410 suum
2551 2373 2563 2408 :
2581 2352 2634 2426 (I
2648 2354 2776 2426 Reg.
2795 2371 2886 2420 xx,
2899 2354 2989 2426 30)
3013 2353 3121 2409 Fili
3144 2356 3378 2412 mulieris
3392 2359 3563 2414 virum
3580 2361 3721 2416 ultro
3736 2381 3816 2417 ra.

2221 2446 2555 2518 pientis:has
2590 2447 2722 2501 tales
2754 2447 3008 2503 mulieres
3040 2446 3273 2519 (qualem
3310 2450 3651 2523 im'properat
3691 2456 3815 2512 Saul

2222 2545 2454 2593 matrem
2468 2536 2634 2592 fuisse
2648 2535 2779 2591 Jona
2788 2537 2938 2610 than)
2953 2554 3125 2610 graeca
3142 2539 3322 2611 lingua
3335 2542 3514 2612 lupas,
3528 2544 3585 2599 id
3597 2556 3684 2601 est
3706 2564 3815 2603 me—

2222 2629 2450 2683 retrices
2462 2636 2640 2693 vocat,
2655 2627 2797 2699 quod
2815 2629 2903 2682 illa
2916 2645 3025 2684 non
3038 2619 3156 2684 fuit.
3174 2631 3326 2703 Lupa
3338 2637 3603 2691 meretrix
3619 2638 3816 2693 dicitur

2223 2736 2255 2775 a
2285 2721 2586 2791 rapacitate
2611 2728 2822 2787 vocata,
2853 2731 2907 2776 et
2937 2737 2970 2775 a
2991 2722 3213 2778 libidine
3254 2725 3496 2795 ejusdem
3542 2730 3814 2798 animalis,

2219 2813 2361 2883 quod
2392 2813 2460 2867 ad
2486 2827 2545 2867 se
2572 2812 2747 2883 rapiat
2774 2812 3019 2879 miseros,
3050 2823 3106 2869 et
3132 2816 3540 2886 apprehendat:
3566 2822 3723 2889 inde,
3763 2832 3816 2879 et

2221 2902 2503 2973 lupanaria
2536 2902 2679 2957 dicta
2708 2903 2846 2969 loca,
2871 2905 2963 2959 ubi
2989 2908 3303 2963 meretrices
3323 2919 3467 2964 sunt.
3500 2911 3560 2965 In
3589 2910 3820 2983 Septua-

2220 2994 2370 3065 ginta
2392 3003 2573 3050 autem
2602 2996 2860 3066 scriptum
2891 3005 2975 3052 est
2998 3015 3011 3051 :
3036 3006 3086 3052 et
3112 3000 3281 3054 iratus
3310 3001 3485 3071 factus
3518 3015 3597 3059 est
3628 3007 3686 3059 in
3714 3007 3820 3060 ira-

2222 3088 2417 3142 cundia
2453 3086 2587 3143 Saul
2631 3088 2700 3142 ad
2737 3089 3007 3145 Jonatltan
3055 3092 3232 3161 valde,
3284 3103 3334 3148 et
3377 3096 3513 3150 dixit
3547 3099 3598 3151 ei
3628 3113 3650 3150 .'
3676 3098 3820 3167 ﬁlius

519 3163 865 3261 prOphetavit
908 3163 1095 3245 dicens
1120 3208 1132 3244 :
1159 3189 1265 3261 (ιιι,
1305 3189 1362 3262 4)
1396 3188 1661 3255 Quoniam
1705 3188 1887 3244 diebus
1935 3188 2114 3245 multis
2144 3163 2189 3227 (ἶ
2220 3173 2536 3246 puellarum,
2578 3177 2669 3247 qui
2709 3194 2764 3231 δε
2796 3178 2935 3232 ultro
2981 3181 3363 3252 coinquinant:
3387 3187 3533 3255 quod
3580 3163 3816 3243 lanium-

517 3279 769 3334 sedebunt
798 3278 895 3349 lilii
919 3278 1090 3333 Israel
1134 3279 1245 3332 sine
1279 3295 1416 3348 rege,
1447 3279 1558 3332 sine
1592 3279 1846 3349 principe,
1884 3280 1998 3334 sine
2028 3297 2117 3334 sa-

519 3368 744 3436 criﬁcio,
780 3369 895 3422 sine
934 3367 1114 3433 altari,
1157 3369 1268 3422 sine
1309 3368 1625 3435 sacerdotio,
1669 3369 1780 3423 sine
1813 3370 2117 3439 manifesta-

520 3458 749 3513 tionibus
786 3472 805 3509 :
838 3460 980 3514 sicut
1030 3474 1173 3512 nunc
1216 3473 1335 3513 esse
1377 3458 1622 3513 Judaeum
1659 3460 1884 3530 ambigit
1932 3476 2111 3518 nemo.

521 3548 632 3605 Sed
656 3550 801 3621 quod
841 3551 917 3604 ait
959 3548 1245 3620 Apostolus
1303 3548 1505 3604 Paulus
1569 3548 1830 3606 Gentibus
1889 3551 2115 3621 loquens

521 3639 703 3714 (Rom.
718 3658 798 3709 ιι,
812 3640 927 3713 50);
945 3639 1092 3697 Sicut
1112 3641 1250 3695 enim
1266 3636 1362 3696 vos
1384 3639 1669 3712 aliquando
1692 3659 1796 3696 non
1817 3642 2113 3699 credidistis

508 3731 631 3786 ‘Deo
668 3746 685 3784 :
721 3748 859 3788 nunc
899 3742 1078 3787 autem
1122 3732 1540 3787 misericordiam
1578 3733 1837 3787 consecuti
1882 3737 2006 3789 estis
2059 3737 2116 3790 in

517 3823 732 3879 illorum
752 3824 1140 3880 incredulitate.
1181 3823 1271 3879 Sic
1294 3832 1340 3877 et
1363 3824 1462 3895 ipsi
1486 3841 1623 3880 nunc
1645 3843 1749 3880 non
1778 3827 2112 3883 crediderunt

517 3918 575 3972 in
594 3927 762 3974 vestra
777 3918 1138 3973 misericordia
1161 3932 1179 3969 :
1203 3927 1259 3972 ut
1289 3927 1337 3973 et
1359 3920 1457 3989 ipsi
1486 3920 1898 3976 misericordiam
1934 3939 2115 3978 conse-

516 4018 751 4081 quantur
778 4011 926 4065 :hoe
978 4011 1244 4081 propheta
1290 4010 1396 4093 iste
1445 4019 1597 4066 tanto
1641 4020 1767 4068 ante
1812 4015 2112 4084 praedicens

519 4114 748 4155 securus
779 4100 1025 4170 adjunxit
1044 4098 1189 4174 (Ose.
1224 4116 1308 4167 ιιι,
1332 4118 1461 4156 vers.
1488 4101 1543 4174 5)
1574 4122 1587 4156 :
1621 4102 1690 4157 Et
1715 4114 1828 4174 post
1858 4117 2114 4162 reverten-

518 4200 609 4247 tur
631 4192 731 4263 ﬁlii
761 4192 930 4247 Israel
957 4208 976 4245 .'
998 4203 1047 4247 et
1086 4195 1349 4265 inquirent
1388 4194 1674 4251 Dominum
1720 4197 1888 4252 Deum
1934 4216 2108 4268 suum,

517 4291 568 4337 et
594 4282 770 4339 David
802 4300 972 4355 regem
999 4300 1173 4351 suum,
1202 4292 1251 4338 et
1285 4294 1574 4356 stupescent
1603 4286 1659 4340 in
1692 4286 1941 4354 Domino,
1975 4298 2022 4344 et
2058 4292 2114 4344 in

519 4374 667 4429 bonis
690 4376 854 4447 ipsius
882 4376 937 4429 in
963 4376 1257 4430 novissimis
1285 4375 1487 4430 diebus.
1541 4376 1680 4432 Ecce
1708 4379 1798 4433 hic
1817 4394 1915 4448 per
1944 4380 2113 4436 David

2220 3266 2342 3321 dem
2378 3265 2521 3321 valet
2558 3280 2722 3337 quam
2759 3277 2814 3324 et
2848 3268 2979 3325 illud
3020 3274 3164 3341 quod
3201 3289 3365 3344 supra
3402 3278 3672 3349 scriptum
3706 3290 3812 3337 est.

2945 3366 3079 3421 XIII.

2290 3453 2426 3526 (xxi,
2455 3454 2533 3528 1.)
2553 3454 2831 3528 Perquiris
2859 3472 2982 3513 cum
3009 3458 3183 3515 David
3209 3460 3417 3533 fugeret
3442 3473 3570 3520 ante
3587 3464 3813 3533 Saul,et

2216 3546 2364 3600 venit
2392 3546 2461 3602 ad
2494 3548 2809 3604 Abimelech
2852 3552 3212 3618 sacerdotem,
3254 3562 3310 3607 et
3346 3557 3601 3625 qumsivit
3637 3559 3709 3613 ab
3749 3574 3814 3616 eo

2214 3652 2419 3708 panes:
2449 3650 2504 3694 et
2544 3643 2823 3712 respondit
2858 3642 3113 3699 sacerdos
3148 3658 3256 3698 non
3288 3645 3478 3700 habere
3514 3665 3569 3702 se
3593 3666 3810 3719 ponant,

2216 3731 2319 3784 nisi
2359 3748 2548 3802 panem
2589 3742 2851 3799 sanctum,
2897 3736 2987 3805 qui
3029 3734 3267 3789 sublatus
3306 3736 3481 3805 fuerat
3522 3738 3589 3793 de
3627 3741 3811 3805 altari,

2215 3839 2378 3894 quem
2399 3840 2505 3879 non
2530 3824 2730 3882 licebat
2749 3826 3037 3881 comedere
3060 3827 3164 3882 nisi
3189 3828 3318 3883 solis
3337 3830 3728 3896 sacerdotibus,
3757 3841 3813 3888 et

2216 3917 2525 3972 sciscitatus
2551 3925 2635 3972 est
2668 3933 2816 3985 eum,
2851 3925 3033 3973 utrum
3064 3920 3217 3988 pueri
3248 3921 3431 3975 mundi
3459 3933 3664 3987 essent,
3689 3940 3814 3980 ma—

2215 4011 2361 4067 xime
2392 4027 2424 4066 a
2450 4011 2787 4079 mulieribus,
2825 4027 2932 4081 quo
2964 4014 3326 4083 respondente
3350 4031 3362 4067 :
3385 4015 3431 4067 si
3469 4017 3535 4069 de
3565 4016 3815 4071 mulieri-

2215 4104 2311 4158 bus
2336 4104 2534 4174 agitur,
2565 4104 2630 4158 ab
2647 4104 2781 4170 heri,
2811 4113 2860 4158 et
2882 4105 3076 4159 nudius
3098 4106 3282 4160 tertius
3309 4109 3660 4164 continuimus
3687 4128 3814 4180 nos,

2213 4209 2262 4255 et
2282 4202 2496 4272 fuerunt
2519 4220 2647 4258 vasa
2669 4220 2954 4273 puerorum
2982 4216 3184 4261 sancta.
3236 4206 3380 4263 Vasa
3410 4222 3698 4278 puerorum
3730 4208 3820 4264 di-

2214 4293 2293 4346 xit
2333 4303 2539 4361 sancta,
2580 4295 2635 4349 id
2670 4303 2759 4351 est
2799 4312 2831 4352 a
2877 4297 3194 4354 mulieribus
3235 4307 3415 4356 castas
3449 4307 3675 4366 mentes,
3723 4300 3823 4359 vd

2214 4398 2466 4454 corpora,
2494 4385 2620 4456 quia
2650 4385 2834 4443 multis
2862 4388 2996 4445 locis
3041 4391 3096 4445 iu
3127 4391 3301 4447 veteri
3333 4392 3528 4463 populo
3562 4393 3818 4462 sancti/i-

519 4482 739 4534 nomen,
783 4469 1140 4539 prophetatus
1180 4476 1262 4522 est
1299 4467 1566 4536 Christus,
1603 4472 1857 4542 quoniam
1895 4475 2111 4545 quando
2136 4523 2189 4553 η
2215 4476 2352 4529 catio
2393 4490 2493 4546 pro
2530 4476 2858 4534 abstinentia
2902 4480 3215 4547 mulierum,
3257 4483 3395 4538 solet
3424 4482 3707 4553 appellari,
3753 4495 3819 4538 ut

472 4570 487 4631 ς
520 4559 624 4615 ista
657 4560 1139 4630 prophetabantur,
1172 4559 1260 4613 ille
1295 4559 1463 4615 David
1500 4576 1597 4616 rex
1634 4561 1801 4619 Israel
1835 4565 1950 4635 jam
1981 4566 2110 4621 olim
2135 4559 2188 4583 ¹¹
2214 4576 2300 4624 est
2349 4567 2480 4624 illud
2524 4570 2580 4624 in
2620 4569 2911 4641 Evangelia
2933 4571 3117 4639 (Joan.
3159 4589 3236 4638 ιιι,
3281 4572 3371 4646 55)
3403 4592 3415 4627 :
3448 4574 3817 4628 Ascenderunt

517 4663 648 4709 ante
683 4652 1000 4708 dormierat.
1053 4651 1315 4708 Dominus
1355 4664 1535 4710 autem
1571 4653 1730 4711 Jesus
1760 4672 1830 4711 ex
1871 4658 1988 4729 ejus
2029 4674 2114 4713 se-
2215 4660 2365 4715 multi
2384 4660 2769 4734 Jerosolymam
2799 4664 2864 4718 de
2896 4665 3103 4735 regione
3140 4675 3261 4722 ante
3307 4666 3445 4721 diem
3487 4667 3680 4737 festum
3706 4685 3815 4738 pa-

517 4748 665 4801 mine
689 4746 866 4802 fuerat
894 4747 947 4800 in
969 4761 1135 4801 carne
1154 4755 1434 4809 venturus,
1463 4756 1685 4818 propter
1704 4751 1847 4818 quod
1872 4752 2109 4821 prophe—

517 4840 625 4895 tico
653 4839 906 4910 loquendi
938 4842 1097 4895 modo
1133 4840 1501 4910 appellabatur
1528 4839 1718 4895 David.
1764 4841 1987 4897 Videtur
2013 4859 2110 4899 au-

518 4939 629 4984 tem
664 4932 938 5002 apostolus
967 4931 1164 4986 Paulus
1195 4935 1298 4989 hoc
1338 4933 1706 4987 testimonium
1746 4934 1821 4988 ita
1861 4937 2110 5005 posuisse

518 5019 576 5073 in
603 5019 829 5075 Actibus
851 5022 1234 5091 apostolorum,
1268 5031 1327 5077 ut
1354 5039 1460 5078 non
1487 5022 1591 5078 nisi
1622 5022 1690 5078 de
1722 5024 1814 5079 illo
1844 5041 1971 5096 rege
2005 5027 2108 5082 Da-

518 5109 630 5177 vid,
658 5112 752 5180 qui
778 5112 925 5166 Sauli
948 5115 1231 5179 successit,
1269 5115 1442 5184 possit
1466 5114 1707 5187 intelligi.
1761 5116 1895 5173 Nam
1931 5128 1986 5175 et
2025 5120 2107 5175 in-

517 5211 604 5257 ter
628 5211 826 5258 cratera
858 5206 1053 5263 exinde
1091 5206 1263 5277 inquit
1296 5206 1434 5279 (Act.
1477 5223 1597 5274 xm,
1636 5208 1727 5280 2‘2)
1761 5224 1776 5262 :
1816 5210 2110 5281 postulave-

519 5305 645 5351 runt
676 5314 864 5369 regem,
894 5309 942 5354 et
970 5300 1114 5354 dedit
1139 5299 1246 5355 illis
1281 5299 1425 5355 Deus
1450 5298 1583 5356 Saul
1618 5302 1788 5371 [ilium
1814 5301 1903 5358 Cis
1934 5306 2107 5359 virum

518 5387 585 5441 de
605 5388 743 5443 tribu
769 5390 1049 5463 Benjamin
1077 5394 1134 5446 in
1159 5393 1310 5447 annis
1333 5392 1711 5464 quadraginta,
1739 5403 1786 5447 et
1812 5405 1985 5450 amoto
2012 5396 2105 5451 illo

517 5482 784 5537 suscitavit
812 5482 916 5537 illis
939 5483 1079 5539 Deus
1104 5484 1275 5539 David
1313 5501 1501 5555 regem.
1558 5484 1655 5540 Cui
1680 5495 1730 5541 et
1753 5488 2105 5544 testimonium

515 5574 786 5644 perhibens
821 5576 953 5631 dixit
982 5591 998 5628 :
1026 5576 1211 5631 Inveni
1236 5576 1404 5630 David
1439 5578 1609 5647 ﬁlium
1644 5576 1792 5634 Iesse
1819 5580 1991 5637 virum
2018 5599 2101 5637 se-

589 5723 615 5752 ι
654 5711 722 5766 ill
758 5713 891 5782 Reg.
943 5729 1003 5779 ιι,
1050 5712 1105 5779 2,
1136 5721 1192 5768 et
1232 5713 1302 5767 ὃς
1330 5722 1511 5770 tamen
1558 5716 1794 5771 nondum
1837 5717 2104 5776 aediﬁcato

515 5782 737 5853 templo,
768 5785 994 5841 vetitum
1020 5785 1239 5841 minime
1275 5787 1509 5842 arbitror
1543 5788 1599 5843 in
1635 5788 1863 5845 excelsis
1893 5790 2101 5847 sacriﬁ-

2210 4754 2373 4820 scltw,
2420 4763 2478 4807 ut
2532 4755 2921 4825 sanctiﬁcarent
2957 4774 3011 4810 se
3055 4758 3195 4827 ipsos
3225 4776 3244 4814 :
3268 4759 3323 4814 id
3377 4767 3462 4815 est
3512 4768 3572 4813 ut
3619 4760 3817 4815 mundi

2211 4852 2439 4900 essenta
2452 4845 2770 4904 mulieribus
2782 4849 2837 4903 in
2853 4848 3193 4906 solemnitate
3204 4850 3465 4922 paschali.
3502 4851 3660 4919 Quod
3674 4866 3815 4906 vero

2211 4937 2458 5007 sequitur
2488 4954 2501 4991 :
2530 4954 2695 5008 porro
2720 4940 2808 4994 via
2831 4940 2946 4996 haec
2972 4940 3173 5012 polluta
3198 4952 3296 5010 est,
3327 4956 3437 4998 non
3471 4941 3609 4997 dixit
3628 4940 3697 4997 de
3716 4942 3817 4996 via

2212 5028 2429 5100 pedum,
2467 5030 2551 5086 vel
2591 5030 2785 5101 plateis
2821 5032 3079 5102 regionis,
3112 5033 3207 5088 sed
3241 5033 3309 5088 de
3350 5033 3457 5089 ista
3498 5034 3610 5087 vita
3654 5046 3815 5089 mor-

2211 5122 2331 5189 tali,
2362 5138 2481 5193 qute
2517 5140 2709 5180 revera
2737 5124 2824 5180 via
2858 5135 2959 5187 est.
2997 5126 3052 5181 in
3078 5141 3183 5196 qua
3214 5143 3320 5182 non
3361 5136 3447 5182 est
3459 5126 3660 5195 justus,
3705 5129 3816 5197 qui

2213 5210 2381 5269 faciat
2413 5216 2635 5283 bonum,
2671 5224 2727 5271 et
2762 5232 2869 5273 non
2909 5227 3115 5289 peccet,
3155 5228 3210 5275 et
3253 5209 3344 5274 ubi
3395 5219 3539 5273 inter
3581 5225 3818 5275 sanctos

2210 5322 2369 5364 nemo
2411 5310 2809 5366 immaculatus.
2857 5310 2933 5365 De
2970 5326 3076 5381 qua
3125 5312 3212 5367 via
3255 5321 3377 5367 orat
3418 5313 3680 5383 propheta
3718 5312 3819 5368 di-

2211 5414 2340 5456 cens
2365 5418 2377 5453 :
2415 5397 2566 5454 Viam
2588 5402 2882 5472 iniquitatis
2906 5419 3085 5458 amove
3112 5422 3143 5457 a
3173 5420 3274 5458 me.
3304 5402 3371 5458 Et
3395 5404 3597 5459 iterum
3625 5423 3639 5457 :
3664 5421 3819 5475 gres-

2207 5508 2296 5546 sus
2339 5509 2480 5548 meos
2524 5493 2691 5564 dirige
2728 5494 3014 5550 secundum
3055 5495 3321 5565 eloquium
3360 5506 3543 5563 tuum,
3596 5504 3655 5550 ut
3694 5513 3817 5553 non

2205 5584 2515 5657 dominetur;
2542 5585 2669 5639 mihi
2712 5590 2881 5641 omnis
2923 5588 3203 5658 injustitla.
3263 5588 3468 5644 Deinde
3504 5587 3761 5658 sequitur
3790 5604 3812 5645 :

2205 5736 2331 5795 care
2358 5735 2487 5776 vero
2512 5722 2651 5795 Deo.
2694 5722 2831 5777 Sunt
2858 5724 3045 5795 etiam,
3082 5725 3174 5795 qui
3209 5725 3277 5780 ad
3317 5723 3665 5783 Salomonem
3701 5736 3811 5783 re-

2208 5791 2404 5860 ferant,
2428 5794 2570 5861 quod
2598 5792 2852 5851 Claudius
2878 5796 2947 5851 de
2971 5791 3173 5853 Davide
3195 5796 3287 5852 ait.
