4056 6350
279 359 388 419 δη

920 320 1384 419 eumsrtonss
1422 343 1573 400 xxx
1612 341 1840 400 SUPER
1879 337 2125 397 uanos
2162 336 2428 395 nucum.
2469 368 2537 379 .-
2576 335 2774 392 LIBER
2814 337 2902 393 tv.
2936 295 2960 311 ’

3439 337 3544 396 818

210 472 221 483 ’
280 481 377 539 sed
414 487 465 534 et
494 476 609 548 ipsa
633 475 691 528 in
714 472 851 528 vasis
880 471 1009 525 meis
1040 465 1457 537 sanctiﬁcabitur
1499 463 1653 518 hodie
1681 476 1700 514 :
1727 477 1792 517 ac
1820 461 1868 517 si
1895 462 1949 522 Α
1972 459 2064 515 sed
2079 471 2180 515 nec
2192 458 2338 529 ipsos
2360 471 2551 524 caecos,
2587 454 2670 510 vel
2684 454 2903 510 claudos
2925 454 2978 511 in
2999 470 3153 512 muro
3172 455 3376 528 positos
3395 464 3547 529 pote-

282 579 474 646 aperte
514 557 679 634 dicat,
714 566 806 637 qui
836 581 869 620 a
904 562 1217 619 mulieribus
1252 560 1387 616 casti
1424 558 1492 613 ab
1518 557 1658 624 heri,
1692 565 1748 612 et
1774 572 1872 612 nu-

206 722 215 729 ,
286 665 412 721 dius
432 661 626 718 tertius
654 657 876 723 fuimus,
907 662 1130 725 accepto
1158 658 1346 708 sancto
1379 663 1520 720 pane
1557 647 1727 701 vitam
1769 662 1870 702 no-

288 765 461 813 stram
488 752 544 809 in
582 750 832 807 castitate
860 745 1068 812 saltem,
1103 742 1190 800 vel
1234 750 1318 807 tot
1360 740 1570 807 diebus,
1605 745 1664 796 et
1704 737 1873 795 multo

287 843 523 918 amplius
554 839 940 899 custodiemus.
1021 926 1141 983 xw

1973 558 2051 613 ris
2086 569 2411 628 expugnare.

2047 740 2135 813 (II
2184 741 2313 812 Reg.
2361 740 2414 795 5.
2443 740 2521 814 7.)
2563 740 2640 795 De
2696 648 2960 809 exovlluod
3017 739 3282 808 scriptum
3317 745 3440 794 est:
3471 754 3557 793 ce-

1974 833 2049 905 pit
2091 840 2263 886 autem
2301 831 2472 888 David
2514 849 2685 886 arcem
2734 830 2881 896 Sion,
2942 832 3036 887 sed
3086 840 3377 903 postquam
3413 830 3557 886 eam

1976 923 2147 979 David
2193 923 2357 994 cepit,
2401 922 2685 979 aediﬁcavit
2735 939 2916 980 arcem
2962 912 3100 993 ejus,
3152 924 3308 994 quasi
3337 938 3560 995 ,σοι-ρο-

292 1028 295 1029 ⁷
364 1022 905 1101 (xxm.)Sequiturde
925 1017 1308 1074 Ceilacivitate
1328 1013 1876 1071 nimisstolidainter—
1977 1021 2055 1076 ris
2122 1027 2302 1090 caput,
2344 1025 2400 1072 et
2447 1018 2658 1073 vocavit
2699 1034 2821 1074 eam
2875 1017 3025 1073 Sion.
3060 1017 3085 1056 ἀ
3138 1016 3250 1071 Arx
3322 1024 3406 1072 est
3462 1032 3558 1072 ca-

288 1116 503 1188 rogatio
559 1121 688 1179 tua,
726 1127 792 1168 eo
820 1111 963 1182 quod
996 1124 1118 1165 eam
1173 1113 1538 1178 expugnasset
1591 1105 1783 1169 David.
1829 1104 1877 1159 Si
1977 1124 2095 1185 put,
2134 1121 2190 1167 et
2248 1112 2530 1167 summitas
2567 1112 2840 1180 civitatis,
2894 1112 3020 1182 quia
3081 1119 3322 1166 castrum
3364 1112 3421 1166 in
3470 1125 3574 1187 ca—~

288 1208 439 1264 aliud
475 1220 675 1261 nomen
694 1204 992 1268 habuisset,
1017 1217 1221 1267 annon,
1262 1214 1387 1255 cum
1408 1188 1535 1255 eam,
1567 1197 1742 1253 DaVid
1768 1212 1877 1252 non
1975 1204 2089 1276 pite
2116 1202 2353 1259 civitatis
2388 1209 2610 1273 propter
2632 1202 3009 1259 fortitudinem
3034 1200 3237 1259 factum
3259 1208 3362 1258 est.

288 1296 640 1370 expugnavit,
698 1293 795 1350 sed
843 1293 1143 1358 obsessam,
1203 1298 1366 1361 atque
1405 1296 1769 1360 expugnatam
1810 1287 1878 1341 ab

288 1390 542 1445 hostibus
588 1385 860 1443 liberavit.
910 1384 977 1438 Et
1034 1383 1171 1439 dicis
1245 1391 1300 1437 te
1351 1381 1574 1437 minime
1620 1379 1878 1435 recorda-

289 1483 363 1546 ri,
412 1480 556 1553 quod
616 1479 683 1534 de
724 1478 830 1533 hac
868 1476 1089 1531 civitate
1137 1474 1469 1530 mentionem
1521 1472 1689 1527 faciat
1728 1470 1881 1525 Scri-

288 1584 456 1647 ptura
493 1572 697 1638 divina,
742 1569 850 1625 nisi
889 1568 944 1623 in
988 1569 1257 1639 propheta
1297 1565 1460 1629 Isaia,
1498 1565 1594 1619 ubi
1634 1563 1831 1633 legitur
1862 1580 1874 1616 :

299 1667 397 1722 Vae
449 1664 594 1721 Ceila
647 1664 849 1727 civitas,
910 1678 1070 1732 quam
1116 1659 1427 1731 expugnavit
1477 1655 1683 1721 David;
1738 1655 1882 1726 quod

290 1767 517 1823 omnino
567 1764 917 1819 falsissimum
984 1767 1086 1826 est,
1145 1774 1269 1813 cum
1312 1758 1367 1811 in
1425 1755 1567 1810 Isaia
1612 1755 1880 1825 propheta

291 1860 561 1930 scriptum
604 1857 677 1911 sit
709 1852 880 1925 (xxxx,
907 1852 959 1924 1)
1011 1870 1023 1905 :
1081 1849 1174 1904 Vae
1209 1848 1389 1903 Arihel
1433 1846 1634 1911 Arihel,
1675 1845 1876 1910 civitas,
1907 1843 1956 1904 B

289 1968 455 2026 quam
483 1948 794 2019 expugnavit
843 1944 1047 2010 David;
1095 1949 1151 1997 et
1183 1940 1502 2011 intelligitur
1544 1940 1649 1994 hoc
1677 1938 1881 1992 dixisse

292 2044 365 2099 de
417 2050 635 2095 terrena
702 2036 1059 2091 Hierusalem.
1116 2033 1263 2089 Ceila
1309 2031 1624 2102 supradicta
1686 2029 1881 2084 civitas

292 2131 400 2187 fuit
421 2131 477 2185 in
512 2130 655 2184 tribu
680 2126 837 2192 Juda,
867 2127 959 2181 ubi
982 2126 1257 2196 quondam
1286 2123 1427 2178 sedit
1446 2121 1637 2185 David,
1664 2120 1884 2191 quando

294 2222 541 2294 fugiebat
582 2218 710 2275 Saul
751 2237 763 2272 :
798 2226 853 2272 et
892 2233 1036 2272 nunc
1079 2223 1181 2282 est,
1220 2224 1281 2270 ut
1324 2215 1379 2269 in
1435 2214 1693 2268 Locorum
1728 2212 1885 2285 (libro

293 2316 546 2387 legimus,
622 2311 756 2366 Villa
796 2308 942 2365 Ceila
986 2311 1056 2365 ad
1118 2307 1424 2364 orientalem
1464 2306 1675 2379 plagam
1724 2305 1887 2361 Eleu-
1914 2312 1928 2323 '

296 2404 625 2477 theropoleos
665 2401 990 2474 pergentibus
1017 2398 1248 2463 Hebron,
1283 2398 1436 2469 quasi
1466 2398 1520 2451 in
1543 2400 1725 2451 octavo
1766 2396 1887 2450 mil-

297 2499 481 2563 liaria,
525 2497 582 2551 in
623 2511 729 2567 qua
787 2492 1082 2565 sepulcrum
1146 2497 1472 2545 monstratur
1513 2486 1725 2542 Abacuc
1766 2503 1889 2557 pro—

294 2590 472 2661 phetae
513 2599 565 2640 α.

1019 2676 1116 2733 XV

377 2773 533 2841 Quod
570 2787 699 2828 vero
720 2769 953 2841 inquiris
973 2768 1041 2824 de
1063 2766 1339 2824 montibus
1376 2765 1602 2832 Gelboe,
1659 2764 1749 2836 qui
1773 2780 1890 2820 ma-

300 2863 485 2919 ledicti
538 2868 665 2917 sunt
712 2876 742 2915 a
780 2860 952 2915 David
1013 2859 1070 2913 in
1099 2867 1274 2913 morte
1315 2857 1466 2923 Saul,
1516 2864 1699 2910 utrum
1730 2854 1890 2925 juxta

302 2957 544 3010 litteram
590 2961 734 3007 stare
766 2952 958 3022 possit,
1004 2950 1219 3005 annon?
1267 2949 1661 3021 Exaggerantis
1700 2947 1887 3014 animi,

303 3058 361 3104 et
406 3048 562 3102 nimii
604 3047 804 3102 doloris
853 3046 1019 3101 verba
1068 3052 1211 3110 sunt,
1268 3044 1413 3114 quod
1450 3042 1609 3112 juxta
1652 3042 1891 3097 litteram

305 3150 457 3197 stare
501 3154 608 3193 non
657 3145 856 3208 potest,
901 3146 958 3191 ut
980 3137 1051 3191 ibi
1098 3152 1205 3199 ros,
1250 3144 1343 3188 aut
1386 3133 1561 3205 pluvia
1583 3141 1761 3209 postea
1787 3147 1891 3185 non

307 3233 501 3303 fuerit;
549 3231 678 3301 quid
721 3240 898 3284 tamen
921 3230 1023 3285 ista
1056 3227 1383 3300 signiﬁcent,
1426 3226 1480 3281 in
1519 3225 1703 3297 priore
1732 3230 1891 3294 parte

254 3392 265 3401 θ
306 3324 493 3395 operis
514 3322 695 3394 hujus,
715 3320 828 3390 iam
850 3321 1157 3390 expositum
1176 3327 1277 3376 est.

1040 3412 1183 3489 im.

383 3549 469 3623 (11
515 3549 646 3621 Reg.
670 3549 722 3605 5.
766 3547 843 3620 6.)
892 3548 1047 3617 Quod
1092 3564 1221 3604 vero
1275 3548 1613 3604 dicitzAbiit
1664 3564 1778 3615 rex,
1842 3555 1892 3602 et

311 3658 487 3697 omnes
513 3642 628 3707 viri,
674 3643 762 3712 qui
784 3650 931 3695 erant
972 3658 1090 3695 cum
1128 3658 1188 3695 eo
1229 3643 1285 3695 in
1326 3638 1658 3696 Hierusalem
1682 3640 1753 3694 ad
1773 3638 1899 3694 Hie-

312 3734 548 3787 busaaum
587 3732 935 3787 habitatorem
975 3742 1148 3787 terrae.
1187 3731 1392 3787 Nomen
1428 3732 1766 3787 Hierusalem
1799 3746 1899 3802 per

312 3814 755 3896 anticipation'em
813 3826 916 3880 hoc
957 3824 1074 3879 loco
1120 3826 1338 3892 dicitur,
1389 3825 1531 3879 sicut
1566 3832 1622 3879 et
1658 3825 1716 3879 in
1759 3824 1899 3879 libro

311 3918 564 3976 Iudicum
612 3920 871 3974 scribitur
918 3919 1058 3990 (cap.
1110 3919 1162 3972 1.
1189 3919 1239 3971 7.
1270 3918 1350 3989 8.)
1392 3918 1775 3974 Adonibezech
1802 3934 1900 3974 rex

312 4009 674 4076 Hierusalem,
712 4011 741 4050 ιι
783 4025 903 4081 quae
929 4025 1072 4065 nunc
1097 4022 1119 4048 ο
1156 4008 1378 4075 Hiebus,
1408 4018 1463 4065 et
1484 4024 1655 4079 usque
1678 4012 1746 4064 ad
1769 4017 1903 4064 tem-

311 4118 451 4174 pora
491 4101 657 4156 David
696 4103 879 4157 taliter
926 4112 1234 4172 nuncupata
1282 4110 1385 4167 est,
1429 4103 1525 4157 sed
1561 4103 1795 4173 scriptor
1814 4102 1902 4157 hi-

314 4195 502 4249 storia
553 4209 650 4263 per
710 4194 1150 4263 anticipationem
1217 4192 1583 4259 Hierusalem,
1637 4203 1692 4251 et
1741 4194 1899 4262 Sion,

316 4288 593 4343 civitatem
638 4286 807 4341 David
857 4287 1026 4342 voluit
1071 4305 1404 4360 nuncupare,
1458 4305 1564 4345 non
1593 4293 1736 4361 quod
1775 4298 1904 4345 tunc

316 4379 423 4434 hoc
442 4386 606 4442 esset,
670 4378 763 4433 sed
816 4379 960 4447 quod
1001 4378 1201 4434 factum
1234 4388 1337 4446 est,
1380 4388 1504 4451 post
1553 4396 1721 4451 quam
1783 4396 1905 4435 eam

317 4471 463 4539 cepit
512 4471 700 4525 David.
755 4470 1073 4526 Hiebusveus
1101 4481 1281 4527 autem
1333 4473 1509 4528 dictus
1554 4483 1636 4529 est
1676 4475 1906 4545 populus

2722 1314 2907 1370 XVIII.

2055 1430 2192 1500 (vni.
2239 1424 2353 1497 16.)
2389 1425 2465 1481 De
2492 1441 2558 1482 eo
2585 1427 2729 1496 quod
2756 1427 3020 1498 scriptum
3051 1435 3134 1483 est
3164 1446 3177 1481 :
3220 1425 3358 1482 Joab
3390 1434 3567 1483 autem

1981 1520 2124 1590 ﬁlius
2167 1518 2368 1574 Sarvite
2407 1529 2521 1575 erat
2562 1537 2719 1591 super
2754 1522 3040 1575 exercitum
3064 1535 3261 1592 :porro
3302 1520 3568 1592 Iosophat

1981 1609 2125 1679 ﬁlius
2170 1622 2193 1650 ο
2237 1610 2394 1665 Ailad
2434 1620 2602 1665 erata
2647 1613 3146 1667 commentariis:et
3180 1611 3389 1668 Sadoclt
3423 1613 3569 1682 ﬁlius

1983 1702 2225 1770 Achitob,
2268 1713 2317 1758 et
2361 1702 2687 1758 Achimeleclt
2745 1704 2889 1772 ﬁlius
2931 1704 3210 1771 Abiatltar,
3262 1703 3571 1759 Sacerdotes

1984 1804 2133 1848 erant
2156 1810 2173 1847 :
2200 1803 2248 1849 et
2294 1793 2515 1864 Sarajas
2554 1795 2728 1849 scriba
2753 1812 2771 1849 :
2798 1795 3036 1865 Banajas
3059 1806 3234 1851 autem
3256 1795 3400 1866 ﬁlius
3414 1796 3572 1851 Joia-

1985 1886 2069 1940 dre
2105 1902 2261 1955 super
2299 1883 2525 1953 Cerethi,
2551 1896 2600 1940 et
2638 1883 2845 1940 Pheleti
2874 1887 3014 1955 :ﬁlii
3054 1896 3227 1941 autem
3266 1886 3440 1941 David
3465 1885 3572 1942 Sac

1987 1977 2220 2032 cerdotes
2270 1986 2439 2031 erant.
2488 1977 2657 2033 Addis
2700 1987 2823 2050 post
2854 1979 2990 2044 hzec,
3028 1988 3084 2035 et
3107 1982 3413 2052 interrogas
3440 1998 3454 2031 :
3481 1981 3575 2052 qui

1986 2076 2144 2125 erant
2166 2069 2385 2126 Cerethi
2418 2078 2473 2127 et
2519 2071 2788 2136 Phelethi,
2823 2071 2904 2127 vel
2940 2071 3035 2127 ﬁlii
3084 2073 3254 2128 David
3303 2073 3577 2145 quomodo

1986 2170 2170 2216 essent
2219 2161 2551 2229 Sacerdotes,
2614 2180 2733 2217 cum
2773 2179 2878 2217 non
2924 2173 3094 2218 essent
3141 2164 3205 2217 de
3247 2164 3386 2221 tribu
3408 2162 3580 2218 Levi?

1988 2251 2230 2307 Tradunt
2281 2253 2515 2320 Hebraei,
2547 2255 2690 2324 quod
2743 2253 2963 2310 Cerethi
3007 2261 3070 2309 et
3106 2255 3319 2310 Pheleti
3374 2254 3579 2310 fuerint

1987 2355 2057 2397 ex
2116 2342 2350 2411 posteris
2415 2358 2628 2409 eorum,
2674 2343 2742 2398 de
2789 2344 2985 2414 quibus
3015 2344 3153 2400 dixit
3203 2345 3464 2417 Dominus
3512 2344 3583 2405 ad

1986 2437 2208 2508 Moysen
2247 2437 2437 2510 (Nam.
2478 2453 2556 2492 ιι.
2593 2437 2680 2511 16)
2713 2457 2726 2491 :
2762 2436 3033 2509 Congrega
3077 2438 3205 2492 mihi
3252 2446 3584 2509 septuaginta

1988 2530 2126 2585 viros
2168 2529 2232 2583 de
2283 2516 2743 2601 senibuslsrael,
2787 2546 2917 2600 quos
2956 2540 3015 2582 tu
3060 2529 3197 2583 nosti
3235 2512 3375 2601 quod
3406 2545 3584 2603 “senes

1882 2676 1885 2679 .
1987 2619 2165 2692 populi
2212 2622 2339 2686 sint,
2389 2637 2451 2674 ac
2514 2621 2775 2692 magistri,
2822 2630 2869 2674 et
2913 2620 3071 2675 duces
3136 2636 3223 2674 eos
3257 2620 3336 2699 ad
3376 2620 3584 2693 ostium

1988 2711 2313 2767 tabernaculi
2357 2712 2607 2783 (aderis,
2636 2714 2899 2784 faciesque
2952 2714 3024 2768 ibi
3088 2723 3228 2767 stare
3279 2722 3483 2779 tecum,
3525 2719 3582 2766 ut

1991 2800 2325 2871 descendam,
2373 2813 2421 2858 et
2462 2802 2649 2875 loquar
2678 2804 2789 2867 tibi,
2816 2812 2865 2857 et
2894 2804 3136 2873 auferam
3157 2803 3223 2857 de
3251 2803 3442 2873 spiritu
3464 2811 3579 2869 tuo,

1992 2897 2298 2971 tradamque
2337 2899 2433 2965 eis,
2466 2907 2523 2952 ut
2571 2906 2859 2953 sustentem
2909 2906 3077 2952 tecum
3106 2914 3238 2952 onus
3276 2896 3477 2969 populi,
3535 2904 3585 2951 et

1992 3007 2099 3046 non
2118 2999 2175 3045 tu
2217 2990 2362 3046 solus
2403 2992 2653 3063 graveris.
2703 2991 2785 3045 Ex
2822 2992 3016 3046 horum
3047 2991 3238 3060 stirpe,
3289 2991 3429 3046 sicut
3468 2988 3607 3060 jam

1992 3084 2126 3151 dixi,
2196 3084 2349 3141 fuere
2390 3093 2729 3141 conservata:
2788 3086 3161 3156 posteritates,
3208 3085 3295 3140 vel
3346 3084 3586 3151 familiae,

1918 3198 1963 3262 ρ
1994 3191 2115 3248 quae
2172 3176 2483 3232 dicerentur
2536 3176 2795 3232 Pherethi
2845 3187 2901 3231 et
2956 3176 3174 3233 Cerethi
3206 3193 3221 3229 :
3255 3184 3316 3231 ut
3368 3174 3592 3233 Cerethi

1997 3268 2427 3339 interpretentur
2475 3268 2610 3322 dans
2642 3267 2932 3337 judicium,
2962 3275 3015 3321 et
3045 3265 3303 3339 Phelethi
3326 3268 3548 3347 puniens
3569 3278 3591 3320 :

1996 3369 2057 3417 ut
2105 3376 2241 3433 quos
2276 3362 2354 3416 illi
2374 3360 2646 3430 iubebant
2668 3348 2846 3417 dando
2859 3361 3145 3432 judicium,
3181 3361 3441 3428 interimi,
3503 3360 3594 3417 isti

1996 3454 2277 3527 punirent.
2319 3454 2427 3510 Sed
2465 3454 2559 3509 illa
2588 3455 2829 3511 occurrit
2876 3455 3137 3525 perplexa
3175 3454 3336 3510 valde
3373 3462 3594 3510 senten-

1997 3550 2096 3616 tia,
2140 3549 2409 3620 quomodo
2468 3547 2564 3603 ﬁlii
2613 3549 2785 3605 David
2824 3549 3136 3605 sacerdotes
3188 3555 3392 3614 essent,
3446 3548 3593 3619 quod

1999 3650 2158 3699 erant
2216 3642 2313 3697 ﬁlii
2350 3641 2563 3709 Aaron;
2620 3643 2715 3699 sed
2755 3656 2934 3711 neque
2974 3642 3214 3711 aliquam
3258 3640 3588 3710 consangui-

2000 3734 2227 3789 nitatem
2271 3734 2526 3789 dicuntur
2551 3733 2757 3789 habere
2812 3748 2879 3786 ex
2928 3733 3070 3787 tribu
3090 3732 3254 3798 Levi;
3299 3731 3443 3802 quod
3470 3731 3591 3799 qui-

2002 3824 2125 3879 dem
2172 3838 2281 3878 non
2324 3821 2623 3893 Scriptura:
2673 3822 2868 3877 divina:
2916 3821 3232 3885 auctoritas,
3284 3822 3382 3875 sed
3418 3816 3592 3874 inter-

2001 3914 2173 3986 pretis
2228 3914 2512 3969 temeritas
2563 3912 2712 3968 fecit.
2757 3912 2824 3966 Et
2894 3912 3022 3966 dum
3072 3912 3139 3966 de
3194 3912 3299 3966 bac
3329 3926 3431 3983 ego
3476 3912 3595 3981 ipse

2002 4006 2350 4061 vehementer
2394 4005 2449 4059 in
2487 4019 2610 4059 meo
2631 4004 2940 4061 dubitarem
2982 4004 3168 4071 corde,
3215 4005 3358 4060 verti
3404 4020 3492 4060 me
3526 4003 3596 4059 ad

2006 4095 2259 4164 antiquos
2287 4094 2630 4163 interpretes,
2671 4100 2726 4148 et
2774 4093 2956 4149 taliter
3001 4093 3231 4149 diversis
3278 4095 3589 4150 translatio-

2007 4186 2167 4240 nibus
2211 4185 2471 4254 scriptum
2497 4184 2713 4255 reperi:
2744 4184 2814 4238 Et
2857 4193 2972 4239 erat
3014 4184 3185 4239 David
3225 4186 3423 4256 faciens
3435 4187 3593 4257 judi-

2008 4278 2169 4342 cium,
2212 4275 2543 4345 et'justitiam
2580 4276 2634 4329 in
2673 4276 2813 4331 omni
2847 4275 3040 4348 populo
3078 4293 3192 4341 suo,
3224 4286 3274 4331 et
3294 4277 3429 4331 Joab
3450 4277 3599 4347 ﬁlius

2009 4365 2209 4423 Sarviaa
2246 4374 2359 4421 erat
2411 4382 2570 4437 super
2597 4366 2863 4432 militiam,
2893 4376 2941 4421 et
2970 4367 3227 4437 Josaphat
3272 4366 3417 4437 ﬁlius
3457 4368 3597 4423 alius

2009 4467 2120 4513 erat
2169 4476 2202 4511 a
2242 4459 2650 4523 commentariis,
2698 4467 2747 4512 et
2792 4457 3005 4513 Sadoclt
3049 4457 3194 4527 ﬁlius
3237 4457 3481 4523 Aclaitob,
3545 4467 3597 4513 et

318 4569 475 4615 ortus
519 4576 549 4614 a
578 4559 688 4614 ﬁlio
714 4559 972 4615 Chanaan
1011 4558 1165 4633 (Gen.
1211 4561 1298 4615 10.
1334 4562 1419 4616 15,
1450 4571 1498 4615 ει
1528 4562 1665 4632 16,),
1707 4563 1800 4633 qui
1822 4564 1907 4617 di-
1932 4555 1987 4616 Β
2011 4549 2335 4605 Achimeleclt
2397 4549 2539 4619 ﬁlius
2584 4550 2842 4605 Abiatltar
2882 4559 3031 4605 erant
3059 4551 3387 4615 sacerdotes;
3411 4560 3459 4604 et
3488 4551 3596 4608 Asa

320 4661 441 4709 ctus
490 4661 572 4708 est
618 4652 954 4721 Hiebuswus,
1015 4651 1167 4722 cuius
1227 4654 1501 4722 possessio
1549 4653 1654 4708 fuit
1712 4652 1907 4709 Hieru-

321 4746 514 4809 salem,
561 4760 681 4815 quze
710 4753 899 4815 postea
941 4745 1137 4799 cecidit
1190 4745 1246 4798 in
1284 4752 1431 4800 sorte
1494 4745 1670 4800 tribus
1713 4743 1908 4813 Benja-

323 4837 459 4890 min.
504 4835 707 4891 Deinde
754 4837 996 4905 sequitur
1042 4821 1356 4906 Scriptura;
1412 4837 1554 4905 quod
1606 4835 1810 4890 dictum
1837 4834 1909 4889 sit

318 4926 491 4981 David
521 4929 588 4982 ab
601 4928 683 4983 eis
710 4928 786 4999 (id
807 4939 892 4984 est
908 4928 974 4982 ab
993 4928 1313 4999 Hiebusmis)
1331 4925 1419 5000 (II
1437 4927 1569 4998 Reg.
1587 4944 1639 4992 v,
1657 4927 1711 5000 6)
1737 4946 1750 4981 :
1782 4926 1910 4982 Non

321 5018 648 5089 ingredietur
701 5018 873 5074 David
915 5020 1016 5074 huc
1054 5034 1072 5071 :
1106 5035 1230 5075 cum
1265 5020 1410 5075 enim
1434 5012 1575 5073 (forti
1626 5033 1908 5074 murorum

323 5106 533 5162 ambitu
571 5117 723 5180 septa
765 5109 960 5165 civitas
1011 5118 1175 5175 esset,
1217 5116 1273 5165 et
1327 5109 1652 5164 bellatorum
1702 5108 1907 5163 auxilio

323 5197 606 5265 roborata,
650 5214 750 5268 per
792 5199 1101 5268 superbiam
1146 5197 1416 5254 Hiebusaei
1466 5199 1752 5252 dixerunt:
1783 5196 1910 5251 Nisi

322 5288 608 5345 abstuleris
648 5307 834 5358 ca’cos,
876 5299 926 5346 et
978 5289 1213 5355 claudos,
1259 5306 1364 5344 non
1402 5289 1713 5358 ingredieris
1765 5289 1909 5355 huc;

323 5390 381 5437 et
433 5397 648 5451 sensus,
685 5383 773 5438 vel
814 5385 948 5440 ordo
988 5376 1278 5439 verborum
1306 5388 1409 5449 est,
1438 5381 1565 5451 quia
1592 5396 1700 5435 non
1736 5378 1910 5435 solum

322 5478 544 5544 urbem,
572 5485 668 5533 aut
686 5479 838 5536 viros
853 5478 1141 5535 bellatores
1161 5476 1283 5548 jure
1304 5475 1431 5532 belli
1455 5475 1663 5546 poteris
1687 5490 1905 5548 capere,

396 5631 427 5661 ι
463 5619 548 5674 An
575 5620 675 5676 tibi
702 5619 821 5676 haec
873 5619 1227 5685 satisfaciunt,
1262 5618 1465 5685 optime
1485 5617 1681 5674 Lector
1703 5616 1729 5670 Ἰ

396 5688 433 5733 δ
469 5688 895 5763 Expressissime
923 5691 984 5763 id_
1002 5692 1233 5763 traditur
1275 5688 1387 5746 los.
1414 5688 1500 5745 18.
1532 5689 1622 5745 29.

400 5770 429 5835 ε
467 5758 656 5835 {eli—us,
683 5778 803 5835 quae
839 5770 922 5818 est
948 5760 1263 5835 Jerusalem.

398 5830 435 5876 ⁸
467 5828 745 5896 Scriptum
789 5832 971 5894 inveni
1012 5832 1239 5898 Archis;
1290 5843 1422 5890 num
1471 5843 1572 5903 per
1622 5828 1900 5918 inscitiam

2013 4640 2205 4707 scriba,
2227 4648 2275 4695 et
2297 4640 2534 4695 Banaias
2564 4640 2709 4711 ﬁlius
2734 4640 2928 4696 Joadte
2963 4640 3321 4717 consiliarius,
3363 4649 3411 4695 et
3436 4640 3597 4696 Ochi-

2014 4737 2085 4801 bi,
2118 4745 2168 4790 et
2207 4733 2429 4806 Opltilit,
2484 4743 2533 4789 et
2582 4735 2681 4804 ﬁlii
2726 4734 2899 4791 David
2950 4734 3210 4805 principes
3260 4743 3409 4788 erant
3457 4734 3596 4793 aula!

2015 4827 2190 4898 regiae.

2730 4915 2873 4972 XIX.
3530 4968 3537 4979 .

2087 5008 2175 5079 (II
2217 5009 2346 5080 Reg.
2380 5008 2465 5066 18.
2498 5010 2612 5081 18.)
2643 5008 2854 5078 Quaeris
2889 5024 3060 5080 quare
3085 5012 3152 5067 de
3180 5011 3415 5071 Absalon
3441 5014 3596 5073 Scri-

2011 5108 2173 5172 ptura
2214 5101 2356 5155 dicat
2382 5107 2505 5171 post
2549 5109 2778 5156 mortem
2814 5101 2955 5172 ejus,
2999 5102 3140 5173 quod
3179 5106 3348 5159 erexit
3397 5107 3500 5163 sibi
3523 5110 3598 5163 ti-

2012 5191 2373 5248 tulumdicens
2414 5208 2567 5248 :non
2604 5193 2768 5248 habeo
2807 5193 3021 5264 ﬁlium:
3048 5210 3173 5251 cum
3198 5198 3255 5251 in
3302 5198 3406 5255 hoc
3458 5201 3598 5259 libro

2012 5301 2174 5356 super
2200 5288 2463 5357 scriptum
2490 5286 2772 5353 habeatur,
2827 5287 2939 5361 (ﬂ.
2974 5288 3089 5362 27.)
3137 5291 3282 5361 quod
3336 5301 3450 5351 tres
3495 5296 3597 5352 ha.

2011 5378 2189 5434 buerit
2237 5379 2399 5445 ﬁlios,
2423 5386 2479 5433 et
2506 5378 2744 5451 (ibidem,
2780 5388 2829 5435 et
2876 5381 2962 5437 15.
2993 5380 3070 5455 1.)
3097 5399 3262 5440 unam
3302 5386 3468 5443 ﬁliam
3499 5404 3599 5447 no-

2010 5473 2159 5529 mine
2203 5472 2442 5528 Thamar
2475 5471 2707 5544 eleganti
2751 5472 2944 5531 forma.
2975 5458 3401 5549 Recapitulando
3449 5483 3598 5541 enim

2012 5614 2423 5687 ᾼξιιειημιερεὶξν,
2474 5629 2545 5687 an
2590 5617 2799 5687 potius.

2014 5684 2279 5741 Claudio?
2325 5683 2536 5742 Viderit
2590 5683 2825 5747 lector.

2012 5756 2221 5812 Are/tis.

2084 5838 2108 5868 °
2146 5825 2363 5883 Altilud.

2899 5618 2990 5706 pia
3042 5635 3146 5705 vox
3197 5637 3279 5706 ea.
3322 5622 3597 5693 displicuit

2926 5706 2945 5745 ι
3005 5702 3121 5760 vis,
3179 5702 3355 5751 retine
3403 5708 3595 5752 vocem
