4056 6350
341 389 449 447 821

339 509 492 567 muni
539 506 652 564 ﬁlio
693 522 793 565 suo
821 508 941 565 ﬁeri
977 507 1154 575 iussit,
1198 516 1260 564 ut
1300 508 1390 565 hic
1412 523 1514 580 per
1541 508 1676 579 legis
1706 514 1924 565 senten-
1950 500 2005 565 A

337 603 474 659 tiam
493 603 770 681 puniatur,
800 616 870 661 ne
911 602 967 658 in
1016 610 1333 673 perpetuum
1384 602 1669 673 puniretur
1723 616 1755 658 a
1788 603 1919 659 Deo.

338 693 452 752 Sed
507 696 635 767 quia
692 695 760 751 de
824 693 960 750 Joab
1010 695 1339 750 mentionem
1382 693 1613 751 fecimus
1662 693 1924 752 debemus

333 794 584 860 repetere
614 787 757 859 quod
807 797 970 844 antea
999 787 1054 843 in
1083 782 1457 857 superioribus
1492 788 1923 859 praetermissum

332 882 441 947 est,
489 896 611 935 cum
655 879 938 936 maledixit
982 879 1031 935 ei
1072 879 1241 934 David
1292 887 1514 950 propter
1536 879 1722 935 Abner
1747 879 1923 935 lilium

329 969 469 1039 Ner,
518 972 661 1027 inter
704 979 899 1028 cratera
931 972 1005 1026 ita
1049 970 1227 1026 dixit:
1273 970 1360 1042 (II
1401 970 1528 1042 Reg.
1561 971 1613 1026 5.
1660 970 1776 1042 29.)
1810 967 1921 1024 Nec

329 1064 547 1135 deﬁciat
593 1064 658 1120 de
679 1065 833 1120 domo
881 1063 1020 1119 Joab
1068 1064 1273 1133 fluxum
1299 1064 1510 1119 seminis
1546 1062 1833 1133 sustinens,
1870 1071 1922 1118 et

328 1159 591 1229 leprosus,
615 1166 664 1210 et
686 1166 864 1211 tenens
893 1155 1092 1225 fusum,
1116 1164 1164 1209 et
1190 1155 1382 1209 cadens
1405 1155 1607 1225 gladio,
1631 1165 1737 1211 etc.
1767 1154 1922 1223 Quod

325 1251 506 1307 multo
542 1249 699 1304 aliter
741 1247 881 1319 apud
924 1247 1275 1321 Septuaginta
1313 1247 1575 1317 scriptum
1605 1246 1874 1317 reperitur
1903 1262 1916 1300 :

324 1341 403 1397 Et
455 1341 653 1395 audivit
682 1339 851 1395 David
884 1347 1066 1410 postea
1126 1354 1287 1407 quam
1327 1349 1566 1392 mortuus
1598 1347 1676 1393 est
1719 1338 1916 1404 Abner,

323 1441 377 1487 et
412 1432 545 1486 dixit
592 1432 840 1485 innocens
870 1446 963 1501 ego
1013 1445 1153 1495 sum,
1182 1439 1232 1484 et
1297 1446 1512 1501 regnum
1556 1447 1729 1484 meum
1776 1429 1919 1501 apud

322 1523 622 1577 Dominum
658 1538 725 1578 ex
766 1522 889 1588 hoc,
914 1532 962 1575 et
983 1538 1144 1593 usque
1163 1522 1222 1576 in
1249 1531 1526 1587 aeternum,
1568 1521 1633 1575 de
1662 1521 1918 1591 sanguine

321 1613 504 1668 Almer
529 1610 631 1683 ﬁlii
678 1611 811 1667 Ner.
862 1609 1043 1667 Veniet
1086 1628 1243 1683 super
1292 1622 1447 1684 caput
1481 1609 1641 1678 Joab,
1681 1619 1729 1665 et
1763 1627 1920 1680 super

322 1722 533 1761 omnem
577 1705 790 1759 domum
830 1704 997 1776 patris
1042 1704 1178 1776 ejus,
1232 1713 1281 1758 et
1315 1722 1421 1760 non
1467 1704 1630 1759 deerit
1675 1703 1739 1758 de
1762 1704 1916 1757 domo

317 1794 465 1849 Joab
487 1812 740 1866 gonorus,
771 1804 820 1875 et
844 1793 1099 1866 leprosus,
1128 1805 1175 1850 et
1198 1806 1375 1850 tenens
1399 1793 1629 1859 sitalem,
1653 1804 1701 1849 et
1723 1794 1917 1850 cadens

320 1988 409 2038 est
451 1981 646 2036 vesicae
695 1996 820 2036 cum
876 1981 1100 2047 veretri,
1124 1979 1217 2051 qui
1257 1980 1480 2036 seminis
1506 1979 1661 2051 lapsu
1688 1985 1917 2035 vexatus

317 2072 658 2129 creberrime
704 2073 819 2130 sine
847 2072 955 2129 ulla
983 2072 1247 2145 tentigine
1297 2073 1474 2127 virum
1500 2079 1796 2128 attestante
1822 2071 1915 2127 de-

314 2164 683 2222 bilitationem
736 2182 860 2222 cum
924 2166 1134 2238 pallore
1199 2166 1448 2237 corporis
1477 2206 1493 2233 ,
1546 2174 1604 2221 et
1674 2165 1917 2221 acinacie

315 2256 528 2326 patitur
565 2274 580 2312 :
615 2256 758 2314 hanc
805 2257 1118 2329 passionem
1165 2256 1355 2313 Greece
1396 2254 1670 2312 Gonorian
1692 2263 1912 2313 vocant.

318 2347 424 2404 Est
472 2356 653 2404 autem
691 2349 1012 2414 saevissima,
1045 2356 1099 2404 et
1142 2349 1319 2419 turpis
1347 2348 1521 2415 valde,
1563 2356 1623 2404 ut
1668 2350 1915 2404 nesciant

322 2439 601 2510 quomodo
651 2441 907 2515 genitalia
936 2456 1123 2496 semen
1160 2440 1473 2507 dimittant;
1516 2440 1914 2512 compatiuntur

317 2531 470 2587 enim
505 2533 795 2590 seminales
844 2543 1077 2601 meatus,
1116 2541 1175 2588 ut
1221 2549 1330 2589 non
1380 2532 1589 2605 possint
1636 2532 1914 2588 continere

316 2624 685 2681 substantiam
733 2626 958 2682 seminis
1006 2643 1117 2698 pra:
1155 2624 1565 2690 debilitatione,
1613 2632 1671 2679 et
1716 2625 1913 2691 diffun-

316 2710 459 2770 dunt
497 2700 708 2771 urinam
740 2725 974 2783 tenuem,
1025 2718 1401 2784 rubicundam,
1446 2725 1503 2774 et
1561 2718 1910 2784 acerrimam,

316 2814 381 2863 et
426 2822 491 2863 ex
548 2807 777 2864 humore
838 2809 1009 2866 multo
1059 2808 1347 2880 frequenti,
1400 2817 1643 2883 tempore
1700 2812 1910 2866 incerto

314 2905 517 2968 sponte
565 2897 870 2969 projicitur.
932 2896 997 2954 lli
1048 2908 1231 2955 autem
1264 2899 1416 2964 tales,
1470 2901 1517 2956 si
1571 2901 1909 2971 diligentia!!!

317 3005 434 3045 non
461 2989 696 3046 habeant
726 2990 780 3045 in
817 2991 957 3045 hanc
980 2992 1307 3061 passionem,
1340 2992 1586 3061 sequitur
1608 3008 1703 3047 eos
1733 3008 1904 3057 mors,

314 3088 555 3152 pereunt
602 3081 745 3137 enim
794 3081 1053 3152 aliquanti
1101 3081 1315 3137 silentio
1354 3090 1592 3145 utentes,
1635 3081 1909 3151 negligen-

316 3174 423 3241 tia,
474 3183 659 3230 etnon
686 3173 1007 3230 adhibentes
1054 3190 1233 3239 curas,
1274 3173 1881 3244 deﬁciuntinpassionc.

320 3264 527 3322 Tenens
552 3250 808 3331 scitalem,
827 3267 1087 3321 nescimus
1130 3266 1257 3337 quid
1288 3266 1377 3331 sit,
1406 3266 1531 3335 quia
1546 3280 1765 3337 germen
1786 3271 1868 3318 est
1893 3280 1908 3329 ;

317 3342 428 3414 nisi
469 3342 611 3428 quod
639 3366 822 3414 nostra
862 3358 1146 3413 translatio
1187 3358 1323 3413 dicit
1374 3367 1550 3413 tenens
1604 3358 1799 3428 fusum,
1820 3359 1912 3413 de-

318 3450 451 3506 inde
497 3450 699 3506 cadens
748 3450 947 3520 gladio,
996 3460 1055 3505 ut
1086 3451 1157 3506 sit
1183 3466 1401 3515 sensus,
1434 3450 1559 3519 quia
1592 3450 1655 3513 is,
1695 3450 1786 3520 qui
1816 3465 1909 3504 no-

316 3540 572 3597 biliorem
598 3558 675 3608 se,
718 3543 922 3598 occidit
975 3544 1030 3598 in
1075 3542 1216 3606 dolo,
1260 3554 1368 3597 eta
1410 3542 1551 3596 virili
1597 3544 1792 3597 robore
1820 3541 1911 3596 de-

318 3618 569 3688 bilitatus
600 3634 655 3688 in
695 3620 980 3689 mollitiem
1010 3634 1253 3691 mulieris
1284 3635 1571 3701 resolutus,
1623 3643 1786 3705 atque
1833 3635 1910 3691 cl-

318 3726 619 3783 feminatus
674 3743 860 3785 coram
921 3728 1156 3784 inimicis
1206 3728 1319 3785 suis
1372 3730 1533 3786 cadat
1589 3730 1805 3802 gladio,
1856 3736 1911 3785 et

317 3832 547 3891 pauper,
600 3828 656 3877 et
697 3821 867 3876 miser
888 3820 1131 3876 effectus.
1164 3820 1400 3891 indigeat
1445 3838 1601 3889 pane.
1640 3821 1723 3876 An
1773 3821 1911 3877 forte

319 3919 503 3966 tenens
552 3910 727 3982 fusum
799 3913 1000 3968 dicitur
1044 3910 1318 3967 sustinens
1383 3912 1525 3970 illam
1575 3913 1908 3981 passionem,

319 4019 491 4074 quam
534 4005 777 4083 nonunlli
826 4005 1004 4076 fusum
1045 4010 1255 4066 vocant,
1312 4019 1476 4073 quam
1526 4003 1718 4057 medici
1752 4004 1907 4073 tysim

319 4097 644 4155 nominant?
664 4099 821 4170 Tysis
850 4106 1030 4153 autem
1074 4096 1339 4175 ulceratio
1369 4104 1452 4150 est
1489 4104 1667 4150 tumor
1688 4095 1741 4148 in
1791 4093 1909 4164 pul-

320 4190 598 4257 monibus,
647 4180 739 4261 qui
796 4191 851 4246 in
891 4189 1181 4261 juvenibus
1212 4189 1424 4245 facilius
1478 4189 1709 4244 inveniri
1750 4188 1907 4243 solet.

323 4280 509 4356 TysiS'
530 4292 709 4339 autem
743 4283 885 4353 apud
906 4281 1124 4339 Graecos
1158 4283 1325 4350 dicta,
1358 4284 1503 4354 quod
1550 4283 1620 4337 sit
1661 4297 1912 4337 consum-

321 4373 439 4443 ptio
490 4374 653 4429 totius
704 4375 969 4445 corporis,
1018 4391 1137 4445 qum
1189 4375 1250 4430 fit
1292 4392 1358 4430 ex
1397 4375 1749 4430 reumatismo
1796 4382 1915 4444 gnt-

320 4464 463 4520 turis
497 4481 620 4520 cum
673 4464 958 4530 febricula,
1013 4474 1216 4520 etcum
1267 4464 1615 4520 distillatione
1674 4463 1911 4529 assidua,

323 4563 380 4610 et
404 4555 659 4612 catarrho
708 4556 1007 4611 iustillante
1065 4556 1235 4612 multo
1276 4564 1561 4626 tempore:
1597 4563 1652 4610 et
1693 4555 1771 4610 sic
1801 4554 1914 4624 pul-

322 4662 515 4703 mones
562 4647 773 4703 vitiant.
822 4649 917 4703 Est
942 4655 1124 4723 autem
1177 4646 1361 4717 passio
1422 4646 1735 4717 pulmonum
1772 4647 1911 4716 peri-

325 4739 532 4805 culosa,
580 4739 919 4811 ettmaligna
971 4737 1148 4794 valde.
1204 4737 1293 4793 Fit
1341 4746 1523 4793 autem
1568 4737 1683 4792 bzcc
1732 4738 1911 4806 passio

326 4831 469 4887 sicut
480 4829 595 4900 jam
632 4831 834 4886 dictum
865 4837 970 4896 est,
1014 4830 1069 4885 in
1111 4838 1270 4885 aetate
1312 4828 1559 4899 juvenili.
1617 4827 1736 4882 Alia
1780 4843 1911 4882 vero

326 4921 614 4978 translatio
644 4921 825 4977 taliter
851 4922 982 4977 dicit
1010 4936 1024 4975 :
1056 4938 1161 4976 non
1181 4921 1343 4976 deerit
1366 4921 1429 4975 de
1458 4921 1611 4975 domo
1632 4919 1768 4974 Joab
1800 4936 1913 4974 reu-

325 5014 553 5071 maticus
570 5023 620 5069 et
646 5012 903 5084 leprosus,
923 5021 1051 5077 etc.;
1081 5014 1198 5069 hac
1234 5015 1378 5070 enim
1402 5012 1558 5082 juxta
1590 5013 1827 5067 litteram
1856 5012 1913 5066 in

327 5102 468 5160 Joah
501 5121 607 5161 non
648 5106 892 5165 videmus
921 5106 1220 5177 impletum,
1270 5107 1362 5176 qui
1388 5122 1549 5161 omne
1582 5115 1794 5176 tempus
1840 5104 1917 5160 vi-

326 5206 396 5253 ta:
435 5213 548 5253 sum
593 5199 648 5254 in
705 5206 857 5254 tanto
903 5200 1110 5255 honore
1160 5215 1330 5268 usque
1372 5184 1430 5253 in
1478 5209 1709 5254 mortem
1744 5198 1914 5254 David

325 5291 485 5357 vixit,
526 5300 581 5346 et
630 5298 779 5346 tanta
834 5290 1009 5346 salute
1064 5292 1308 5361 corporis
1346 5291 1540 5361 viguit,
1594 5298 1654 5345 ut
1699 5306 1918 5363 semper

325 5385 485 5443 ﬁeret
538 5374 647 5444 duit
674 5389 949 5444 exercitus
975 5385 1162 5452 Israel,
1202 5394 1256 5442 et
1304 5387 1535 5443 bellator
1553 5384 1914 5442 fortissimus:

324 5480 421 5535 sed
460 5482 663 5537 dictum
692 5490 776 5536 est
822 5482 926 5537 hoc
981 5497 1010 5535 a
1053 5479 1225 5534 David
1255 5496 1322 5535 ex
1366 5479 1535 5535 nimio
1582 5478 1768 5534 dolore
1798 5478 1916 5533 ani-

323 5570 420 5635 mi,
474 5570 615 5626 sicut
635 5578 691 5625 et
723 5571 789 5625 de
818 5570 1093 5625 montibus
1125 5569 1346 5637 Gelboe,
1393 5571 1535 5639 quod
1573 5572 1640 5626 ad
1676 5571 1914 5625 litteram

324 5677 435 5715 non
456 5669 585 5726 stat,
636 5669 697 5715 ut
714 5663 1028 5717 ostenderet
1053 5678 1115 5718 se
1134 5677 1244 5719 non
1262 5662 1606 5720 consensisse
1644 5663 1702 5720 in
1739 5670 1917 5718 morte

322 5750 511 5810 Abner
536 5752 802 5824 principis
826 5751 1008 5809 Israel.

988 348 1450 458 consuestis
1488 385 1637 446 xxx
1676 384 1905 446 suam
1939 382 2189 443 uanos
2228 386 2491 447 nseuu.
2528 419 2603 434 —
2634 390 2838 449 LIBER
2872 390 2961 450 Iv.

3504 387 3614 449 822

2100 595 2221 667 (III
2251 598 2381 672 Reg.
2414 599 2465 656 '5.
2491 599 2571 673 2.)
2631 600 2709 657 De
2753 615 2820 656 eo
2856 599 2999 671 quod
3044 600 3308 679 scriptum
3356 609 3441 657 est
3471 619 3484 656 :
3513 600 3617 655 DV

2024 692 2152 748 [exit
2178 702 2353 747 autem
2380 692 2635 749 Salomon
2655 694 2937 749 Dominum
2957 692 3233 750 ambulans
3256 696 3313 749 in
3336 695 3609 765 prwceptis
3646 714 3649 717 ·

2022 785 2189 856 patris
2215 787 2319 850 sui,
2344 795 2554 857 excepto
2583 786 2723 858 quod
2751 787 2807 840 in
2830 785 3049 843 excelsis
3073 785 3397 853 ambulabat,
3447 798 3497 843 et
3519 804 3610 842 ac-

2022 876 2275 931 cendebat
2312 876 2600 947 thymiama
2624 896 2644 933 :
2667 885 2722 933 et
2748 886 2871 949 post.
2900 878 3016 935 haec
3032 877 3289 949 inquiris,
3338 879 3467 948 quid
3487 886 3607 933 erat

2023 966 2304 1033 excelsum,
2338 968 2480 1035 quod
2530 966 2841 1039 frequenter
2869 967 2925 1023 in
2955 968 3059 1023 hoc
3102 968 3240 1023 libro
3295 967 3514 1039 legitur,
3551 976 3606 1024 et

2024 1046 2159 1115 dicis
2189 1073 2202 1113 :
2228 1058 2337 1115 Cur
2379 1057 2596 1114 Samuel
2620 1077 2725 1115 non
2754 1058 3020 1132 culpatur,
3063 1060 3152 1131 qui
3203 1060 3258 1114 in
3308 1058 3606 1114 excelsole-

2021 1152 2163 1223 gitur
2185 1149 2484 1205 immolasse
2521 1164 2540 1202 :
2571 1166 2822 1223 egressus
2856 1151 3002 1207 enim
3045 1165 3113 1205 ex
3159 1150 3397 1222 rEgypto
3434 1165 3607 1221 popu-

2020 1244 2106 1300 lus
2131 1245 2248 1311 Dei,
2270 1252 2558 1314 postquam
2589 1253 2810 1300 venerat
2837 1243 2905 1299 ad
2938 1252 3176 1300 montem
3223 1243 3371 1300 Sinai
3400 1243 3602 1315 (Exod.

2022 1336 2109 1393 19.
2140 1336 2229 1403 20,
2276 1346 2325 1392 et
2345 1335 2500 1410 seq.),
2538 1346 2594 1394 et
2624 1334 2911 1393 audierunt
2937 1339 3001 1394 de
3030 1339 3209 1394 medio
3244 1338 3384 1410 ignis
3423 1336 3606 1392 Domi-

2020 1448 2150 1486 num
2172 1431 2478 1503 loquentem
2506 1433 2575 1487 ad
2603 1446 2662 1486 se
2697 1446 2711 1485 :
2743 1439 2799 1487 et
2833 1432 2907 1487 ibi
2930 1432 3333 1502 quodammodo
3366 1431 3609 1487 inierunt

2017 1532 2242 1597 pactum
2275 1540 2401 1579 cum
2429 1525 2560 1592 Deo,
2589 1532 2645 1579 et
2674 1525 3079 1596 spoponderunt
3113 1539 3174 1581 se
3211 1522 3452 1580 facturos
3489 1538 3607 1579 om-

2018 1617 2129 1681 nia,
2180 1632 2299 1688 quae
2332 1616 2587 1686 jussisset
2635 1614 2916 1682 Dominus,
2978 1623 3141 1685 atque
3174 1616 3315 1671 sicut
3336 1630 3477 1671 unus
3523 1618 3607 1669 est

2018 1708 2185 1774 Deus,
2237 1716 2293 1763 et
2332 1724 2473 1762 unus
2510 1715 2629 1761 erat
2661 1706 2891 1778 populus
2923 1705 3022 1761 Dei
3061 1704 3298 1778 (Deuter.
3344 1704 3431 1758 12.
3456 1703 3511 1758 5.
3546 1704 3601 1759 8.

317 1797 465 1849 Joab
487 1812 740 1866 gonorus,
771 1804 820 1875 et
844 1797 1099 1866 leprosus,
1128 1805 1175 1850 et
1198 1806 1375 1850 tenens
1399 1797 1629 1859 sitalem,
1653 1804 1701 1849 et
1723 1797 1917 1850 cadens
1982 1856 1985 1863 ι
2021 1803 2109 1857 12,
2141 1804 2226 1859 15,
2256 1802 2341 1856 14,
2373 1802 2461 1857 21.
2493 1802 2583 1857 26.
2609 1801 2841 1874 27.),ita
2869 1801 3130 1872 jussisset
3164 1801 3221 1855 in
3256 1797 3609 1856 tabernaculo

317 1886 381 1941 δη
424 1885 626 1958 οιααίο,
681 1897 730 1943 ετ
765 1886 1004 1959 indigens
1041 1902 1193 1957 Ραηε·
1246 1886 1511 1943 ῧοηοτῖθθ
1567 1886 1684 1942 Ῑιίιῖθ
1732 1886 1915 1958 Ρτιεείο
1941 1856 1991 1930 Β
2017 1911 2185 1953 unum
2222 1896 2424 1951 habere
2467 1894 2637 1951 altare
2688 1895 2805 1959 Dei,
2854 1895 2909 1951 in
2933 1910 3040 1959 quo
3062 1893 3369 1959 sacriﬁciis,
3404 1899 3461 1945 et
3494 1890 3609 1946 lau-

2017 1911 2185 1953 unum
2222 1896 2424 1951 habere
2467 1894 2637 1951 altare
2688 1895 2805 1961 Dei,
2854 1895 2909 1951 in
2933 1910 3040 1965 quo
3062 1893 3369 1959 sacriﬁciis,
3404 1899 3461 1945 et
3494 1890 3611 1946 lau-

2017 1988 2176 2044 dibus
2224 1990 2559 2043 honorarent
2587 1987 2775 2043 Deum.
2814 1986 2945 2042 Post
2990 1985 3161 2042 multa
3206 2000 3337 2040 vero
3362 1992 3607 2053 tempora

2016 2078 2360 2152 exigentibus
2386 2078 2623 2150 peccatis
2660 2077 2902 2145 illorum,
2944 2086 2999 2135 et
3041 2093 3166 2134 arca
3206 2076 3302 2131 Dei
3331 2073 3608 2146 captivam

2016 2180 2097 2228 est
2125 2173 2193 2228 ab
2215 2171 2545 2244 alieniginis,
2577 2171 2632 2226 in
2658 2187 2765 2241 qua
2789 2178 2907 2225 erat
2940 2168 3115 2225 foedus
3149 2169 3432 2251 scriptum,
3460 2165 3608 2239 quod

2016 2266 2255 2322 inierunt
2273 2280 2396 2320 cum
2418 2265 2548 2329 Deo,
2570 2279 2678 2319 non
2708 2278 2767 2319 se
2786 2263 2952 2318 alium
2974 2262 3234 2317 colituros
3254 2261 3448 2327 Deum,
3470 2274 3610 2330 prte-

2014 2366 2101 2414 ter
2137 2359 2307 2415 Deum
2347 2366 2566 2429 patrum
2604 2372 2845 2423 suorum,
2872 2356 3170 2421 Abraham,
3216 2354 3391 2421 Isaac,
3435 2361 3490 2408 et
3513 2350 3607 2408 Ja-

2013 2452 2115 2509 cob
2149 2468 2162 2505 :
2196 2448 2350 2518 cujus
2374 2449 2738 2521 insuperabile
2771 2462 2969 2504 nomen
3009 2456 3195 2503 manet
3227 2446 3281 2501 in
3316 2454 3604 2510 aeternum,

2014 2551 2069 2598 et
2105 2541 2421 2599 memoriale
2468 2542 2524 2597 in
2564 2542 2913 2613 generatione
2966 2548 3024 2595 et
3059 2538 3429 2611 generatione.
3478 2536 3609 2593 Post

2012 2636 2129 2693 hmc
2170 2635 2494 2707 dissipatum
2519 2643 2605 2691 est
2644 2633 3077 2699 tabernaculum,
3126 2632 3271 2704 quod
3307 2632 3426 2685 sine
3456 2644 3603 2696 arca,

2014 2730 2070 2786 in
2096 2746 2201 2799 qua
2224 2737 2344 2785 erat
2363 2728 2540 2784 foedus
2569 2728 2833 2798 scriptum
2854 2728 2997 2782 inter
3022 2727 3214 2794 Deum,
3244 2733 3300 2779 et
3322 2723 3602 2796 populum,

2011 2824 2277 2879 remansit
2320 2823 2438 2878 sine
2490 2822 2720 2887 honore,
2762 2829 2925 2892 atque
2978 2821 3141 2875 inane
3173 2837 3186 2873 :
3215 2826 3272 2873 et
3312 2818 3388 2872 ita
3427 2817 3606 2872 visum

2014 2913 2334 2982 quibusdam
2380 2912 2587 2967 sanctis
2633 2911 2754 2976 fuit,
2802 2920 2864 2966 ut
2904 2911 3192 2966 Dominum
3240 2910 3408 2967 Deum
3445 2923 3607 2964 suum

2012 3002 2154 3058 inter
2182 3002 2607 3057 destructionem
2636 3000 2970 3056 tabernaculi
2999 3008 3055 3057 et
3083 3000 3265 3071 templi
3293 2998 3609 3055 aedificatio-

2011 3109 2135 3149 nem
2158 3094 2211 3148 in
2230 3092 2363 3149 locis
2392 3092 2644 3160 ammnis,
2668 3102 2723 3149 et
2744 3092 2977 3156 mundis,
3003 3099 3165 3161 atque
3188 3091 3418 3147 excelsis
3436 3090 3606 3146 Deum

2014 3185 2159 3251 cmli,
2186 3185 2428 3247 incenso,
2470 3193 2634 3254 atque
2663 3182 2949 3239 sacrificiis
2984 3183 3340 3246 bonorarent,
3372 3181 3516 3251 quod
3544 3180 3608 3236 il-

2019 3279 2229 3333 licitum
2255 3278 2359 3332 fuit
2389 3278 2505 3332 ﬁeri
2552 3276 2750 3348 populo
2777 3276 2875 3341 illi,
2928 3282 3216 3345 postquam
3248 3289 3375 3329 arca
3405 3274 3471 3330 de
3518 3288 3609 3327 ca-

2016 3371 2265 3443 ptivitate
2308 3385 2527 3425 reversa
2555 3377 2661 3434 est,
2712 3377 2767 3423 et
2804 3367 3212 3423 tabernaculum
3248 3373 3509 3430 erectum,
3552 3372 3610 3419 et

2017 3463 2118 3518 sibi
2164 3462 2423 3532 templum
2458 3461 2803 3515 aedificatum.
2853 3458 2921 3513 Et
2956 3457 3081 3514 inde
3124 3466 3226 3524 est,
3275 3457 3418 3526 quod
3459 3454 3609 3512 Scri-

2015 3561 2175 3623 ptura
2222 3550 2537 3620 frequenter
2564 3550 2912 3619 reprehendit
2964 3564 3058 3605 eos
3092 3547 3186 3619 qui
3228 3548 3404 3604 adhuc
3432 3545 3610 3601 adole-

2014 3642 2148 3699 bant
2186 3644 2242 3700 in
2288 3645 2524 3709 excelso,
2579 3651 2634 3697 et
2664 3642 3066 3712 incnlpabiliter
3090 3657 3150 3698 se
3172 3642 3275 3697 ista
3314 3640 3495 3697 facere
3516 3654 3611 3710 pu-

2017 3739 2207 3793 tabant
2253 3738 2380 3808 quia
2439 3735 2679 3800 Samuel,
2723 3735 2814 3803 qui
2854 3736 2965 3789 Deo
3012 3733 3315 3805 placuerat,
3359 3739 3415 3786 et
3451 3728 3609 3787 Salo-

2016 3847 2165 3897 mon,
2213 3838 2267 3885 et
2291 3830 2427 3884 alios
2451 3828 2650 3882 multos
2688 3826 2830 3880 illius
2854 3826 3113 3894 temporis
3134 3822 3403 3890 homines,
3428 3820 3503 3877 ita
3530 3819 3610 3879 fc-

2015 3922 2154 3977 cisse
2181 3921 2466 3976 sciebant:
2500 3919 2610 3974 itno
2647 3932 2769 3970 cum
2818 3932 3014 3985 magna
3046 3915 3203 3968 laude
3229 3913 3373 3968 inter
3416 3924 3608 3970 omnes

2016 4028 2172 4081 rcges
2198 4012 2338 4076 illos,
2368 4011 2515 4081 digni
2551 4008 2820 4063 habentur
2852 4006 2907 4087 in
2959 4004 3206 4061 laudibus
3238 4003 3380 4087 apud
3410 4003 3609 4087 Deum,

2016 4078 2108 4172 qui
2139 4102 2266 4155 talia
2290 4078 2675 4157 destrinxerunt
2698 4094 2804 4169 (IV
2834 4084 2963 4167 Reg.
2998 4097 3085 4153 18.
3125 4094 3183 4163 4,
3213 4082 3261 4151 et
3286 4092 3425 4167 ‘22.),
3450 4093 3505 4149 id
3525 4078 3609 4149 est

2016 4193 2302 4259 Ezechias,
2366 4201 2420 4249 et
2463 4191 2589 4265 (ιγ.
2657 4190 2785 4263 Reg.
2846 4188 2938 4246 25.
2995 4189 3050 4245 5.
3103 4189 3158 4247 8.
3224 4190 3443 4246 15.19.
3488 4187 3605 4258 20.)

2018 4284 2213 4341 Josias.

2731 4374 2878 4432 XXV

2090 4469 2300 4538 Quaeris
2325 4485 2447 4524 cum
2470 4469 2680 4539 legatur
2706 4470 2759 4523 in
2785 4469 2923 4524 libro
2948 4467 3154 4541 Regum
3183 4450 3292 4539 (Ill.
3320 4463 3423 4539 8.),
3444 4472 3609 4534 atque

2020 4560 2468 4629 Paralipomenon
2518 4559 2591 4631 (εὶ.
2630 4559 2817 4615 Paral.
2845 4560 2896 4614 5.
2930 4559 3063 4631 10.),
3094 4557 3239 4630 quod
3267 4559 3321 4613 in
3346 4570 3473 4611 arca
3502 4570 3610 4609 non

2019 4659 2103 4707 est
2133 4650 2299 4718 aliud,
2324 4650 2429 4705 nisi
2454 4651 2571 4707 duae
2610 4649 2805 4706 tabula:
2837 4650 3082 4721 lapideae,
3106 4665 3242 4720 quas
3263 4655 3523 4720 posuerat
3551 4647 3609 4702 in

2022 4760 2085 4800 ea
2118 4743 2330 4814 Moyses
2356 4743 2407 4797 in
2440 4740 2605 4810 Oreb,
2634 4759 2734 4799 cur
2773 4742 2972 4798 Paulus
3000 4743 3205 4798 scribat
3232 4740 3300 4797 ad
3324 4730 3606 4807 Hebraeos,

2021 4836 2166 4907 quod
2214 4835 2268 4889 in
2329 4850 2455 4890 arca
2510 4835 2622 4889 sint
2653 4835 2869 4900 tabulae,
2896 4835 3058 4906 Virga
3110 4833 3339 4901 Aarony
3369 4841 3427 4888 et
3454 4831 3607 4887 Man-

2021 4945 2110 4984 na.
2172 4927 2227 4983 Si
2267 4944 2374 4984 non
2423 4936 2600 4995 erant,
2632 4945 2731 4983 cur
2770 4927 3059 4999 Apostolus
3107 4927 3212 4981 ista
3260 4926 3431 4980 dixit:
3460 4932 3516 4980 et
3561 4923 3610 4983 si

2023 5031 2180 5076 erant
2206 5021 2328 5091 quis
2350 5036 2414 5076 ea
2442 5022 2513 5077 ibi
2538 5020 2727 5076 misit?
2753 5020 2859 5076 Sed
2887 5021 3014 5076 huic
3052 5021 3104 5075 in
3129 5020 3288 5076 tertio
3314 5018 3455 5075 libro
3477 5032 3611 5092 ope-

2019 5116 2095 5170 ris
2143 5112 2303 5183 hujus
2352 5130 2674 5186 responsum
2698 5123 2801 5170 est.
2845 5100 2959 5170 Hoc
2983 5112 3321 5170 solummodo
3356 5114 3421 5169 de
3462 5126 3611 5183 quat-

2020 5209 2197 5263 stione
2248 5214 2335 5262 tua
2363 5208 2644 5274 remansit,
2696 5215 2878 5262 utrum
2919 5206 3037 5278 ipsa
3069 5203 3172 5261 fuit
3224 5207 3383 5277 Virga
3426 5204 3611 5260 Aaron

2021 5315 2142 5372 quae
2166 5298 2429 5367 fronduit,
2463 5299 2606 5356 unde
2632 5299 2689 5354 in
2722 5298 2963 5372 Egypto
2990 5298 3211 5355 fuerunt
3244 5299 3396 5370 signa
3439 5295 3606 5363 facta,

2020 5404 2078 5452 et
2124 5396 2179 5450 in
2224 5395 2366 5450 mari
2400 5395 2670 5450 mirabilia
2694 5410 2940 5465 prorsus.
2968 5393 3201 5450 Omnino
3229 5408 3358 5459 una,
3389 5393 3609 5448 eadem-

2023 5504 2128 5560 que
2168 5490 2284 5560 ipsa
2321 5488 2445 5553 fuit,
2488 5504 2609 5560 quae
2629 5497 2685 5544 et
2726 5486 2885 5561 Virga
2924 5488 3022 5545 Dei
3069 5487 3391 5552 lnsExodo,
3432 5493 3487 5540 et
3514 5485 3611 5541 ali-

2021 5583 2239 5651 quando
2260 5581 2765 5652 Moysi,aliquando
2815 5582 2997 5639 Aaron
3044 5582 3187 5637 dicta
3207 5590 3291 5638 est
3335 5594 3436 5651 pro
3476 5568 3608 5649 ope-
3666 5570 3669 5571 ⁷

2022 5688 2143 5727 rum
2176 5673 2507 5727 diversitate.

2762 5763 2951 5820 XXVI.

2093 5856 2303 5927 Quaeris
2340 5857 2505 5914 etiam
2557 5858 2610 5914 et
2638 5857 2740 5915 hoc
2774 5877 2784 5913 :
2814 5858 2942 5930 quid
2970 5859 3036 5913 de
3068 5859 3185 5929 ipsa
3236 5868 3363 5911 arca
3404 5852 3611 5912 factum
