4056 6350
485 304 594 362 825

1550 303 1823 364 CLAUDII
1864 307 2325 364 TAURINENSIS
2361 305 2665 365 EPISCOI’I

3645 314 3785 372 824

483 429 585 484 est,
643 419 727 476 vel
753 419 796 475 si
825 435 1062 491 unquam
1102 423 1283 475 visura
1333 422 1408 490 (id
1439 431 1512 475 est
1562 421 1811 491 videnda)
1859 420 1925 474 ab
1960 417 2055 475 lio-
2081 425 2134 484 Α
2159 421 2378 487 dixerit,
2419 421 2561 490 quod
2592 436 2697 474 non
2731 429 2876 476 esset
2905 437 3134 492 atnpnus
3158 422 3291 478 alias
3320 425 3564 482 civitates
3590 442 3782 497 (μιξε-

482 512 739 568 minibus.
769 514 846 568 De
879 529 984 583 qua
1010 530 1067 569 re
1119 516 1251 568 nihil
1277 515 1417 569 aliud
1445 514 1720 583 quidpiam
1751 530 1838 568 me
1863 514 2058 584 legisse

477 603 674 671 fateor,
698 606 802 661 nisi
827 607 970 676 quod
999 607 1054 660 in
1079 607 1218 662 libro
1252 606 1680 662 Machabzeorum
1714 607 1949 661 secundo
1981 607 2062 659 in-

476 705 564 752 ter
612 704 810 752 caetera
845 699 1106 768 scriptum
1135 706 1218 754 est
1267 699 1352 771 (ll.
1380 699 1432 752 2.
1461 698 1513 752 5.
1535 697 1664 770 etc.)
1693 718 1704 752 :
1750 698 1818 752 Et
1853 699 2056 752 veniens

475 787 735 844 Jeremias
775 789 833 842 in
878 788 1073 856 locum,
1115 791 1305 844 invenit
1330 791 1542 844 domum
1565 791 1845 862 spelunca,
1900 799 1949 843 et
1970 800 2053 844 ta-

475 880 836 946 bernaculum,
861 892 910 935 et
930 899 1128 950 arcam,
1147 893 1195 936 et
1223 883 1391 938 altare
1414 885 1612 937 incensi
1635 883 1812 936 intulit
1829 881 1980 947 illuc,
2006 890 2055 935 et

473 973 666 1025 ostium
697 972 944 1043 appilavit
975 982 1062 1027 :et
1077 985 1404 1030 accesserunt
1435 977 1674 1046 quidam,
1715 975 1802 1045 qui
1832 990 1950 1028 eum
1983 975 2056 1027 si-

471 1064 584 1117 mul
636 1065 1001 1136 sequebantur,
1033 1077 1089 1120 ut
1115 1077 1354 1122 notarent
1397 1068 1495 1121 sibi
1535 1067 1730 1134 locum,
1761 1077 1809 1121 et
1837 1083 1939 1120 non
1961 1083 2056 1137 po—

471 1165 684 1209 tuerunt
714 1157 961 1211 invenire.
989 1154 1057 1210 Ut
1079 1167 1252 1212 autem
1279 1160 1512 1229 cognovit
1536 1157 1795 1212 Ieremias
1820 1158 2053 1211 studium

470 1256 702 1317 quastus
732 1246 966 1314 illorum,
993 1248 1125 1304 dixit
1165 1248 1291 1314 illis,
1332 1249 1470 1320 quod
1499 1251 1709 1320 ignotus
1765 1249 1862 1302 erit
1906 1248 2053 1301 locus

467 1339 588 1403 iste,
638 1338 802 1393 donec
859 1350 1128 1411 congreget
1179 1341 1322 1395 Deus
1371 1343 1824 1411 congregationem
1872 1339 2052 1410 populi

468 1430 575 1496 sui,
633 1438 682 1485 et
722 1431 975 1501 pr0pitius
1014 1433 1060 1484 ei
1100 1435 1187 1498 sit,
1243 1441 1290 1488 et
1343 1441 1464 1487 tunc
1508 1433 1764 1486 Dominus
1819 1432 2050 1486 ostendet

467 1522 588 1587 hoc,
613 1532 662 1576 et
719 1523 988 1593 apparebit
1040 1523 1288 1593 majestas
1339 1524 1576 1588 Domini,
1607 1534 1653 1576 et
1712 1524 1872 1577 nubes
1918 1524 2051 1576 sicut

469 1613 662 1684 Moysi.
707 1614 856 1670 Unde
908 1615 1234 1670 credendum
1289 1624 1390 1682 est,
1438 1615 1725 1670 Dominum
1777 1616 1892 1669 haec
1955 1628 2054 1684 per

467 1705 640 1759 Ellam
689 1705 975 1761 facturum.
1022 1707 1216 1762 Dicunt
1257 1707 1402 1762 enim
1458 1708 1700 1762 nonnulli
1737 1706 2046 1773 dillidendo,

2163 513 2366 568 siturus
2404 514 2471 568 ab
2526 530 2610 568 eo.
2646 512 2758 567 Hoc
2796 523 2972 568 tamen
3008 515 3230 580 scimus,
3275 519 3397 586 quia
3427 528 3616 572 mutua
3662 535 3781 574 eo-

2159 621 2280 659 rum
2321 607 2554 660 amicitia
2587 621 2694 660 non
2723 606 2821 659 fuit
2857 608 2910 661 in
2942 609 3020 662 eis
3061 624 3232 679 usque
3285 611 3337 664 in
3368 613 3504 667 diem
3544 615 3773 668 mortis

2160 715 2346 755 eorum
2372 701 2602 769 dirupta,
2654 705 2778 768 quia
2807 710 2930 770 post
2959 702 3076 755 bzec
3105 700 3193 772 (11
3201 702 3223 755 ι
3255 702 3378 774 Reg.
3411 704 3463 758 9.
3503 706 3615 778 14.)
3653 708 3772 759 mi-

2159 793 2242 862 sit,
2267 791 2456 846 Hiram
2479 803 2681 846 centum
2720 794 2898 863 viginti
2944 793 3141 848 talenta
3163 796 3286 848 auri
3318 812 3336 849 :
3358 805 3408 850 et
3441 808 3636 867 postea
3668 799 3766 867 [e-

2159 894 2340 937 cerunt
2361 886 2514 938 ambo
2550 886 2604 938 in
2639 885 2946 954 Asiongabis
2974 885 3190 939 classem
3207 888 3418 940 navium
3451 887 3568 958 (III
3595 888 3763 958 Reg.

2158 972 2242 1026 10.
2288 974 2371 1028 10.
2403 975 2490 1028 26.
2520 984 2567 1028 et
2605 974 2696 1046 27)
2725 1015 2739 1041 ,
2775 991 2892 1045 qua
2913 975 3010 1028 iret
3034 977 3187 1029 annis
3233 979 3436 1031 statutis
3474 980 3526 1031 in
3553 977 3768 1049 Ophyr

2155 1063 2346 1132 a/ferre
2370 1062 2642 1118 Salomoni
2657 1081 2846 1118 aurum
2861 1074 2908 1119 et
2936 1065 3114 1119 dentes
3131 1064 3508 1137 elephantinos,
3525 1069 3774 1122 simias-

2153 1170 2250 1225 que
2279 1164 2324 1209 et
2346 1172 2523 1226 pavos.

2857 1249 3090 1304 XXVIII.

2224 1337 2300 1409 (χ.
2338 1339 2422 1402 11,
2472 1348 2520 1392 et
2563 1338 2675 1412 12.)
2700 1338 2868 1394 Addis
2917 1341 3078 1394 etiam
3125 1341 3421 1410 inquirere,
3461 1344 3604 1414 quod
3647 1360 3760 1398 me

2152 1426 2326 1482 fateor
2350 1429 2600 1498 ignorare
2653 1429 2796 1499 quod
2823 1429 3015 1486 fecerit
3031 1431 3145 1486 Rex
3174 1431 3448 1488 Salomoni
3479 1435 3544 1489 de
3568 1435 3760 1507 lignis

2155 1519 2299 1587 tynis
2342 1519 2626 1588 pulchram
2652 1520 2870 1576 domum
2899 1523 3136 1589 Domini,
3165 1532 3218 1577 et
3245 1525 3458 1579 domum
3486 1525 3758 1596 Reginae,

2152 1619 2206 1663 et
2234 1611 2490 1677 citharas,
2524 1611 2777 1682 lyrasque
2800 1597 3132 1668 cantoribus.
3163 1614 3292 1670 Post
3313 1616 3428 1672 haec
3452 1618 3716 1686 sequitur
3742 1639 3755 1671 :

2157 1704 2279 1761 Non
2307 1717 2428 1762 sunt
2458 1707 2623 1763 allata
2653 1709 3015 1778 hujuscemodi
3041 1709 3184 1780 ligna
3229 1722 3375 1782 tgna,
3424 1730 3586 1781 neque
3624 1715 3766 1767 visa

464 1807 519 1851 et
567 1799 950 1868 omnipotentis
979 1800 1073 1854 Dei
1104 1801 1399 1871 potentiam
1425 1801 1744 1872 ignorando,
1775 1803 2045 1869 quomodo
2075 1788 2123 1848 Β
2152 1817 2315 1871 usque
2338 1801 2393 1854 in
2419 1811 2723 1870 prwsentem
2750 1803 2908 1856 diem.
2974 1802 3031 1856 In
3083 1805 3423 1875 septuaginta
3447 1814 3628 1860 autem
3659 1807 3767 1861 in-

461 1899 642 1961 potest
683 1892 824 1961 ﬁeri,
880 1901 938 1948 ut
983 1895 1391 1950 tabernaculum
1423 1895 1552 1950 illud
1574 1910 1641 1949 ex
1683 1894 1825 1960 lana,
1849 1902 1904 1947 et
1938 1895 2048 1950 lino

462 1981 664 2038 factum
691 2000 789 2054 per
813 1993 890 2040 tot
917 1988 1088 2056 possit
1115 1987 1313 2042 durare
1345 1988 1574 2043 saecula?
1606 1988 1802 2057 quibus
1825 2001 2048 2056 respon-

463 2075 674 2142 demus,
708 2077 835 2147 quia
877 2079 1079 2133 virtute
1101 2080 1210 2146 illa,
1245 2096 1352 2150 quo
1380 2097 1480 2152 per
1525 2079 1882 2151 quadraginta
1945 2099 2046 2141 an-.-

460 2167 634 2222 nosin
663 2168 908 2224 tribubus
943 2185 1130 2224 eorum
1171 2171 1346 2227 nullus
1399 2173 1501 2226 fuit
1522 2173 1790 2240 infirmus,
1825 2185 1880 2231 et
1908 2194 2042 2248 quo—

459 2275 582 2313 rum
619 2276 714 2330 pes
740 2262 1066 2317 ambulando
1090 2277 1196 2317 non
1220 2262 1323 2318 fuit
1359 2277 1384 2304 a
1425 2265 1656 2331 subitus,
1703 2283 1804 2323 nec
1835 2270 2044 2325 calcea—

459 2359 645 2404 menta
675 2350 939 2421 disrupta,
966 2367 1066 2407 nec
1094 2353 1424 2409 vestimenta
1470 2363 1734 2413 vetustate
1787 2376 2042 2415 consum-

458 2450 571 2511 pta,
630 2442 802 2496 virtus
845 2444 959 2512 ipsa
999 2447 1360 2513 perseverarit
1401 2447 1454 2500 in
1511 2450 1771 2516 vestibus,
1804 2459 1858 2506 et
1905 2452 2046 2506 inli-

459 2534 578 2604 gnis
607 2534 938 2590 tabernaculi
967 2551 1064 2606 per
1090 2553 1258 2593 annos
1307 2539 1727 2611 quadringentos
1754 2545 2040 2614 octuaginn-

458 2632 513 2676 ta
549 2639 719 2695 usque
761 2628 829 2682 ad
880 2638 1120 2702 tempora
1162 2630 1488 2698 Salomonis,
1526 2641 1580 2687 et
1639 2633 1893 2705 deinceps
1945 2651 2044 2706 per

381 2725 385 2729 '
458 2717 592 2773 alios
643 2721 1068 2793 quadringentos
1100 2725 1320 2795 triginta
1351 2740 1522 2780 annos
1574 2742 1749 2796 usque
1782 2728 1849 2781 ad
1889 2744 2045 2783 ever-

457 2814 663 2868 sionem
704 2814 1064 2881 Hierusalem,
1110 2833 1230 2888 quae
1252 2817 1396 2874 facta
1425 2825 1508 2873 est
1555 2820 1656 2874 sub
1684 2819 2044 2876 Nabuchodo-

458 2925 640 2974 nosor,
675 2919 730 2965 et
760 2913 874 2982 ipsa
929 2913 1103 2968 virtus
1139 2921 1554 2982 perseveratura
1581 2921 1666 2967 est
1697 2913 1750 2966 in
1801 2915 1916 2984 ipso
1958 2925 2040 2969 ta-

456 3004 754 3060 bernaculo
788 3020 961 3074 usque
1013 3006 1081 3060 ad
1127 3005 1287 3061 linem
1325 3007 1527 3061 szeculi.
1559 3005 1668 3061 Sed
1707 3007 1833 3077 quia
1871 3009 2043 3063 beatae

457 3096 734 3149 metnoria:
773 3097 1058 3167 presbyter
1087 3096 1229 3151 Beda
1264 3097 1319 3151 in
1357 3097 1695 3166 expositione
1731 3097 1796 3151 de
1829 3098 2042 3168 factura

457 3188 783 3242 tabernaculi
820 3199 868 3242 et
903 3189 1079 3260 templi
1113 3189 1142 3229 b
1198 3188 1368 3243 altare
1421 3189 1624 3244 incensi
1655 3197 1808 3244 extra
1862 3189 2042 3243 velum

455 3279 587 3334 dicit
607 3282 841 3350 positum
869 3296 1008 3348 esse,
1047 3282 1187 3336 unde
1222 3297 1309 3336 me
1336 3297 1434 3352 per
1462 3291 1584 3336 tuas
1615 3281 1822 3337 litteras
1876 3283 2044 3336 inter-

459 3375 679 3443 rogasti.
710 3374 889 3440 Quare
911 3390 1040 3444 ergo
1088 3375 1144 3428 in
1175 3373 1309 3428 libro
1337 3375 1776 3443 informationum
1828 3374 2039 3440 litterm,

456 3476 502 3520 et
531 3468 748 3537 spiritus
779 3468 834 3522 in
865 3467 1052 3522 Exodo
1081 3467 1309 3522 dixerim
1338 3484 1458 3523 esse
1485 3468 1628 3522 ultra
1651 3468 1863 3522 velum?
1891 3467 2043 3522 Unde

456 3566 533 3621 te,
571 3557 747 3626 ipsum
778 3558 996 3611 beatum
1022 3557 1242 3620 Bedam,
1269 3559 1312 3612 si
1346 3558 1500 3612 vivus
1527 3558 1582 3611 in
1624 3563 1850 3628 corpore
1877 3566 2038 3622 esset,

456 3649 795 3719 interrogare
840 3648 1059 3715 vellem,
1091 3648 1134 3704 si
1161 3657 1445 3719 postquam
1491 3650 1768 3704 subtracta
1814 3664 1940 3703 arca
1971 3647 2040 3702 ile

455 3737 657 3808 templo
683 3745 786 3803 est,
817 3747 872 3792 et
893 3739 1064 3793 altare
1104 3740 1308 3796 incensi
1335 3740 1476 3794 ultra
1514 3739 1694 3793 velum
1743 3741 2040 3794 intraturus

453 3841 742 3903 quaereret,
769 3832 856 3886 vel
878 3833 966 3887 ubi
993 3833 1309 3905 sanguinem
1332 3840 1576 3904 poneret,
1611 3832 1694 3888 vel
1724 3832 1879 3902 cujus
1905 3834 2042 3888 alta-

454 3923 532 3979 ris
549 3939 753 3980 cornua
776 3932 1043 3995 tangeret,
1080 3925 1163 3980 vel
1187 3926 1272 3980 cui
1298 3925 1582 3980 incensum
1619 3922 1863 3991 olferret,
1914 3932 2039 3996 post

455 4033 619 4092 quam
649 4033 776 4075 arca
798 4019 1110 4076 testamenti
1130 4035 1238 4074 non
1258 4027 1377 4073 erat
1402 4017 1476 4072 ibi

1153 4109 1361 4166 XXVII.

526 4202 644 4276 (Ill
699 4203 825 4275 Reg.
863 4204 916 4258 9.
943 4202 1029 4256 11.
1057 4202 1272 4274 42.15.)
1295 4201 1429 4256 Item
1461 4202 1566 4256 alia
1607 4209 1832 4270 qumstro
1874 4201 1941 4255 de
1975 4215 2040 4255 eo

454 4295 600 4367 quod
647 4294 911 4365 scriptum
943 4301 1025 4348 est
1057 4311 1069 4346 :
1099 4292 1255 4346 Dedit
1285 4300 1458 4346 autem
1481 4289 1732 4345 Salomon
1755 4289 1943 4344 Hiram
1967 4293 2042 4345 vi-

453 4389 584 4459 ginti
635 4386 828 4458 oppida
855 4387 910 4440 in
942 4395 1082 4438 terra
1109 4382 1347 4448 Galileaz,
1385 4401 1501 4455 quae
1532 4401 1649 4438 cum
1676 4400 1781 4437 non
1807 4383 2038 4455 placuis-

2151 1891 2478 1961 terpretibus
2505 1891 2685 1946 taliter
2711 1893 2972 1962 scriptum
3004 1895 3178 1962 reperi
3214 1913 3226 1947 :
3262 1892 3330 1947 Et
3351 1896 3492 1948 navis
3519 1894 3762 1961 Hiram,

2148 1999 2264 2052 qua:
2281 1982 2532 2036 attulerat
2559 2001 2747 2036 aurum
2771 2002 2835 2038 ea:
2852 1984 3052 2054 Opltyr,
3069 1985 3242 2038 attulit
3261 1987 3418 2040 etiam
3441 1988 3608 2041 trabes
3632 2005 3762 2042 non

2146 2073 2354 2128 dolatus
2377 2073 2570 2128 multas
2593 2075 2764 2140 valde,
2793 2086 2840 2129 et
2867 2076 3067 2146 lapides
3089 2077 3358 2146 pretiosos.
3385 2077 3452 2130 Et
3485 2077 3607 2145 fecit
3648 2097 3763 2134 rex

2148 2182 2212 2220 ea:
2235 2167 2469 2220 trabibus
2506 2183 2610 2220 non
2635 2167 2829 2220 dolatis
2858 2169 2938 2221 Itis
2968 2169 3301 2235 ﬁrmamenta
3331 2169 3513 2222 domus
3551 2169 3763 2223 Domi-

2149 2259 2223 2321 ni,
2255 2268 2302 2311 et
2347 2259 2535 2314 domus
2579 2263 2714 2331 regis
2737 2271 2784 2314 et
2815 2261 3018 2326 nablas,
3061 2272 3107 2314 et
3135 2263 3379 2332 cynniras
3410 2264 3753 2318 cantoribus.

2149 2349 2275 2404 Non
2296 2360 2417 2405 sunt
2451 2352 2658 2406 inventa
2681 2351 2815 2406 talia
2836 2353 2978 2422 ligna
3001 2369 3104 2406 non
3140 2352 3320 2406 dolata
3341 2354 3394 2406 in
3421 2355 3596 2418 terris,
3648 2373 3758 2408 ne-

2145 2461 2244 2515 que
2266 2445 2376 2498 visa
2399 2463 2560 2516 usque
2586 2447 2639 2499 in
2670 2445 2807 2499 diem
2833 2447 2968 2500 lianc
2993 2463 3009 2499 :
3039 2446 3142 2499 alia
3172 2461 3302 2500 vero
3333 2446 3619 2502 translatio
3661 2449 3754 2503 ita

2147 2539 2276 2594 dicit
2307 2558 2319 2592 :
2351 2549 2399 2592 et
2436 2540 2580 2594 navis
2615 2539 2963 2611 Hiram,q_ua:
3000 2539 3176 2593 attulit
3217 2557 3406 2594 aurum
3444 2551 3492 2594 et
3540 2542 3749 2611 sepho-

2148 2646 2282 2696 ram,
2310 2630 2485 2683 attulit
2522 2631 2693 2685 trabes
2720 2630 2914 2685 multas
2945 2631 3113 2694 valde,
3142 2649 3244 2684 non
3271 2631 3501 2699 dolatas,
3526 2642 3576 2685 et
3600 2633 3749 2703 lapi-

2149 2722 2237 2775 des
2259 2723 2532 2792 pretiosos,
2559 2732 2606 2776 et
2635 2722 2756 2793 fecit
2785 2740 2874 2777 rex
2895 2725 2958 2775 de
2980 2722 3135 2793 lignis
3160 2741 3263 2777 non
3290 2722 3482 2777 dolatis
3509 2725 3746 2793 inﬂatu-

2147 2832 2261 2868 ram
2287 2816 2472 2869 domus
2488 2816 2721 2882 Domini,
2748 2825 2795 2870 et
2823 2816 3008 2870 domus
3039 2819 3192 2887 regis,
3220 2828 3268 2871 et
3303 2817 3504 2884 nablas,
3533 2828 3583 2871 et
3618 2836 3746 2872 am-

2147 2907 2303 2960 bucos
2331 2908 2385 2960 in
2407 2910 2626 2962 canticis
2651 2925 2669 2961 :
2698 2925 2801 2962 non
2846 2910 3083 2963 exierunt
3116 2910 3246 2964 talia
3307 2911 3450 2981 ligna
3489 2929 3656 2981 usque
3683 2914 3746 2967 in

2147 2999 2285 3054 hunc
2320 3001 2478 3054 diem.
2517 3002 2669 3068 Quod
2699 3003 2764 3057 de
2793 3003 2943 3057 India
2980 3003 3095 3058 haec
3135 3003 3262 3058 talia
3299 3005 3546 3058 venerint
3589 3006 3746 3075 ligna

2149 3092 2304 3146 testis
2344 3101 2429 3146 est
2490 3091 2774 3164 Scriptura
2834 3095 3038 3160 divina,
3093 3096 3187 3150 sed
3237 3095 3365 3164 quid
3422 3096 3488 3150 de
3527 3081 3745 3152 natura

2070 3153 2115 3216 Ο
2147 3181 2279 3253 ligni
2327 3184 2471 3238 illius
2536 3153 2637 3240 nos
2688 3187 2871 3240 dicere
2919 3153 3268 3256 possumus,-
3311 3201 3470 3255 quam
3527 3203 3586 3241 se
3645 3187 3735 3241 fa-

2146 3281 2350 3340 tentur,
2367 3277 2795 3347 etignorareipsi
2817 3279 3115 3347 prophetae,
3155 3277 3249 3348 qui
3274 3277 3416 3333 hanc
3445 3278 3742 3334 historiam

2144 3367 2490 3434 postmodum
2522 3369 2892 3438 scripserunt?

2865 3459 3054 3514 XXIX.

2216 3557 2336 3630 (ΙΙΙ
2364 3557 2492 3628 Reg.
2526 3555 2750 3627 10.16.)
2801 3556 2930 3611 Post
2982 3556 3100 3610 haec
3141 3556 3384 3627 sequitur
3417 3559 3611 3612 eadem
3651 3556 3740 3612 hi-

2145 3651 2333 3716 storia,
2363 3659 2416 3704 et
2450 3651 2615 3705 dicit:
2652 3647 2801 3702 Fecit
2845 3665 3050 3719 quoque
3078 3665 3169 3702 res:
3203 3647 3456 3703 Salomon
3504 3650 3735 3703 ducenta

2143 3749 2292 3794 scuta
2319 3740 2383 3793 de
2412 3757 2540 3793 auro
2563 3756 2695 3810 puro
2723 3754 2739 3790 .'
2767 3749 3036 3794 sexcentos
3058 3739 3212 3794 siclos
3256 3739 3396 3792 dedit
3438 3740 3494 3792 in
3527 3738 3730 3791 lamina

2142 3832 2276 3886 scuti
2299 3833 2474 3897 unius,
2511 3839 2866 3903 trecentosque
2891 3831 3056 3902 peltas
3089 3847 3152 3884 ex
3180 3846 3311 3883 auro
3338 3829 3556 3900 prdbato
3581 3845 3599 3881 :
3627 3840 3734 3882 tre-

2143 3935 2303 3979 centa:
2325 3927 2482 3979 mina:
2513 3927 2632 3979 auri
2651 3942 2810 3979 unam
2841 3924 3034 3995 peltam
3073 3924 3374 3978 vestiebant.
3400 3921 3612 3976 Peltam
3639 3921 3726 3974 di-

2141 4023 2274 4070 cunt
2331 4015 2542 4086 physici
2597 4023 2808 4070 scutum
2859 4029 2984 4069 esse
3019 4025 3040 4052 ο
3084 4015 3426 4068 Amaxonum
3480 4012 3729 4066 lunatum

2143 4111 2198 4164 in
2231 4111 2449 4165 modum
2497 4109 2636 4162 luna:
2685 4109 2872 4173 semis,
2906 4107 2989 4162 vel
3021 4114 3206 4170 ternaa,
3262 4115 3355 4160 aut
3387 4114 3615 4174 quartas,
3643 4104 3733 4160 vel

2142 4209 2309 4264 certe,
2350 4199 2495 4268 quod
2533 4201 2704 4270 magis
2754 4199 3081 4254 credendum
3104 4206 3210 4263 est,
3259 4198 3470 4261 mediae,
3525 4197 3728 4267 quibus

2140 4292 2450 4347 Amazonas
2494 4288 2584 4362 (Id
2613 4300 2687 4343 est
2714 4290 3038 4362 Amazones)
3081 4289 3208 4344 olim
3235 4289 3521 4344 utebantur
3551 4288 3605 4341 in
3629 4304 3731 4358 pu-

2142 4399 2244 4454 gna
2277 4401 2288 4435 :
2327 4383 2421 4436 sed
2460 4398 2568 4436 non
2615 4383 2748 4437 istos
2787 4383 2924 4437 tales
2950 4381 3120 4437 fuisse
3163 4381 3419 4436 credibile
3454 4389 3560 4445 est,
3599 4381 3732 4448 quia

452 4493 564 4537 sent
601 4485 670 4548 ei,
725 4481 1005 4553 appellavit
1026 4499 1114 4535 eas
1138 4490 1332 4534 terram
1363 4478 1564 4533 Cltabul
1594 4496 1754 4549 usque
1795 4479 1851 4532 in
1898 4479 2037 4533 diem
2062 4513 2115 4572 Β
2139 4491 2247 4531 non
2277 4476 2381 4531 hoc
2407 4476 2612 4530 indicat
2635 4475 2935 4545 Scriptura.
2988 4474 3128 4572 Mina
3165 4473 3352 4528 Graece
3377 4471 3729 4572 appellatur,

451 4578 607 4630 hanc.
660 4575 785 4629 llaec
855 4574 1082 4644 quaastio
1127 4573 1172 4628 si
1228 4580 1280 4626 te
1330 4572 1484 4636 latet,
1538 4586 1639 4624 nec
1675 4570 1818 4624 .mihi
1865 4578 2032 4640 patet.

451 4670 567 4726 Hoc
596 4678 808 4724 tantum
858 4669 999 4724 scire
1039 4678 1091 4721 te
1116 4666 1257 4728 volo,
1313 4665 1532 4734 quodin
1576 4664 1816 4732 antiquis
1859 4671 2036 4718 trans-

453 4763 749 4817 lationibus
777 4761 938 4816 aliter
965 4760 1224 4830 scriptum
1255 4759 1525 4828 reperitur
1551 4771 1565 4809 :
1596 4757 1777 4810 taliter
1801 4755 1943 4810 enim
1968 4755 2033 4808 il-

450 4856 522 4911 lic
554 4856 816 4925 scriptum
842 4859 970 4908 est:
1009 4851 1154 4904 Tunc
1201 4851 1341 4904 dedit
1391 4849 1642 4904 Solomon
1689 4848 1796 4917 regi
1842 4845 2031 4899 Hiram

452 4948 632 5017 viginti
665 4947 898 5000 civitates
924 4943 979 4996 in
1008 4952 1148 4997 terra
1173 4940 1412 4995 Galilew.
1460 4938 1528 4992 Et
1560 4938 1712 4992 exivit
1756 4936 1946 4990 Hiram
1968 4936 2032 4989 de

454 5040 591 5110 Tyro
640 5037 846 5091 civitate
889 5051 1006 5099 sua,
1047 5043 1096 5088 et
1133 5033 1258 5086 abiit
1306 5032 1360 5084 in
1400 5027 1696 5091 Galila’am,
1747 5035 1803 5079 ut
1845 5026 2039 5079 videret

451 5129 708 5191 civitates,
759 5142 890 5196 quas
918 5124 1060 5177 dedit
1089 5122 1170 5176 illi
1219 5121 1491 5183 Salomon,
1519 5130 1565 5172 et
1593 5135 1694 5172 non
1727 5117 2037 5188 placuerunt

450 5223 519 5276 ei.
553 5219 623 5272 Et
646 5218 800 5272 dixit.
822 5215 955 5281 Quae
983 5223 1104 5268 sunt
1125 5214 1208 5267 lue
1233 5214 1485 5272 civitates,
1510 5227 1641 5276 quas
1667 5209 1857 5262 dedisti
1885 5209 2034 5274 mihi,

454 5310 657 5381 frater?
687 5308 755 5362 Et
787 5306 1170 5376 cognominavit
1198 5321 1286 5358 eas
1318 5304 1441 5358 linis
1462 5319 1624 5373 usque
1646 5303 1701 5355 in
1723 5301 2035 5356 hodiernum

453 5407 612 5459 diem.
660 5400 799 5468 Quid
818 5408 998 5454 tamen
1039 5399 1142 5454 hoc
1171 5400 1260 5462 sit,
1295 5397 1377 5451 vel
1409 5411 1577 5465 quare
1606 5395 1906 5451 nominavit
1942 5411 2036 5450 eas

454 5496 602 5567 ﬁnis,
653 5490 869 5549 nescire
915 5506 1002 5546 me
1070 5490 1276 5554 lateor;
1326 5487 1432 5542 nisi
1475 5486 1616 5544 forte
1664 5487 1870 5543 idcirco
1919 5487 2026 5570 ista

525 5688 552 5718 ι
594 5673 812 5731 Solutus
842 5671 925 5743 [ut
955 5669 1136 5741 puto.]

527 5747 557 5787 δ
594 5736 893 5801 Videantur
937 5736 1056 5811 qua:
1077 5736 1248 5811 tradit
1272 5738 1416 5794 Beda
1439 5739 1532 5793 lib.
1563 5737 1628 5811 2.Δ
1661 5736 1728 5791 de
1758 5736 2034 5811 Taberna-

460 5816 582 5874 eulo
608 5834 620 5873 ι
650 5817 719 5871 ad
747 5811 914 5871 verba
939 5803 1004 5868 ἐι
1028 5824 1041 5865 z
1069 5807 1340 5866 [nuntur
1364 5803 1719 5881 autemvelum
1737 5819 1829 5877 per
1859 5807 2029 5860 circu-

2145 4584 2265 4638 quae
2304 4568 2467 4622 habet
2489 4567 2649 4622 siclos
2679 4567 2984 4636 sexaginta,
3013 4572 3069 4619 et
3091 4563 3298 4619 faciunt
3342 4561 3530 4616 obolos
3580 4561 3730 4614 mille

2143 4659 2404 4714 ducentos
2429 4676 2441 4710 :
2472 4658 2636 4712 siclus
2662 4657 2790 4711 facit
2821 4657 2954 4711 duos
2981 4669 3158 4710 semes
3185 4654 3405 4717 solidos,
3430 4653 3521 4722 qui
3553 4667 3735 4722 graece

2141 4749 2340 4804 dicitur
2367 4757 2557 4814 stater,
2617 4748 2802 4818 viginti
2835 4748 3038 4802 habens
3057 4746 3263 4801 obolos.
3323 4743 3526 4799 Obolus
3559 4743 3728 4796 habet

2141 4841 2365 4909 siliquas
2417 4849 2643 4910 septem,
2691 4847 2745 4892 et
2782 4847 2995 4909 partem
3042 4838 3286 4907 quintam
3343 4835 3576 4905 siliqute,
3635 4834 3728 4903 qui

2138 4933 2378 5004 pondere
2412 4932 2572 5001 duplo
2599 4933 2877 5002 dragmam
2905 4930 3051 4994 facit,
3082 4944 3242 5000 quem
3285 4929 3455 4982 nostri
3502 4943 3732 4996 scrupu-

2142 5033 2250 5085 lum
2278 5037 2478 5084 vocant
2506 5047 2517 5081 :
2551 5027 2714 5082 fiebat
2743 5028 2888 5083 enim
2922 5042 2988 5082 ex
3027 5041 3136 5082 tere
3187 5024 3255 5079 ad
3285 5024 3457 5078 instar
3485 5022 3723 5092 sagittm,

2142 5119 2283 5173 unde
2303 5127 2358 5173 et
2379 5133 2576 5174 nomen
2602 5134 2631 5171 a
2654 5116 2857 5173 Grascis
2877 5117 3118 5188 accepit;
3152 5115 3344 5171 obolus
3371 5115 3517 5168 enim
3545 5125 3723 5181 gratce

2142 5213 2334 5282 sagitta
2386 5211 2600 5265 dicitur.
2653 5210 2795 5265 Mina
2833 5220 2917 5264 est
2964 5210 3102 5264 libra
3128 5224 3254 5263 una.
3305 5205 3591 5261 Talentum
3622 5200 3725 5255 mi-

2143 5319 2242 5359 nas
2265 5303 2428 5358 habet
2451 5303 2747 5372 sexaginta.
2775 5301 2833 5356 In
2863 5301 3198 5372 septuaginta
3225 5300 3298 5353 ita
3325 5297 3587 5367 scriptum
3604 5300 3721 5347 est:

2121 5395 2213 5448 'Et
2265 5395 2383 5464 fecit
2427 5393 2682 5450 Salomon
2716 5403 2970 5448 trecentas
3006 5393 3188 5446 hastas
3240 5407 3428 5445 aureas
3472 5386 3718 5441 ductiles.

2140 5484 2374 5540 Trecenti
2397 5486 2544 5539 aurei
2575 5485 2778 5538 inerant
2803 5485 2857 5538 in
2884 5484 3078 5538 hasta:
3113 5493 3159 5538 et
3194 5491 3424 5537 trecenta
3440 5487 3594 5536 scuta
3616 5494 3718 5531 au-

2142 5666 2332 5739 las"...
2363 5678 2860 5739 mensamqueexlra
2884 5670 3068 5727 velum.

2215 5749 2234 5777 ε
2277 5738 2332 5794 Id
2361 5748 2442 5793 est
2462 5738 2808 5795 Amazonum.
