4056 6350
296 344 410 404 825

909 338 1368 411 QUIESTIONES
1406 340 1557 399 XXX
1597 342 1822 401 SUPER
1861 341 2110 402 LIBROS
2148 344 2411 404 REGUM.
2448 377 2521 389 ——
2554 347 2760 404 LIBER
2794 347 2879 408 IV.

3451 360 3559 418 826

293 477 391 516 rea
418 457 659 514 ductilia.
714 456 990 513 Trecentas
1027 459 1199 512 minas
1237 457 1357 511 auri
1406 456 1626 512 habebat
1676 460 1732 512 in
1764 474 1868 513 uno
1897 460 1950 522 Α
1974 460 2132 524 solet,
2162 468 2218 515 et
2239 469 2543 531 peccatum,
2580 470 2641 515 ut
2663 462 2731 516 de
2742 460 2858 529 jam
2890 465 3118 533 perditis
3144 467 3364 539 regibus
3384 474 3556 531 Israel

290 558 465 607 scuto.
502 548 623 604 Alia
650 563 782 604 vero
796 547 1079 605 translatio
1107 548 1182 603 ita
1205 548 1336 603 dicit
1367 566 1379 601 :
1414 546 1483 601 Et
1505 548 1625 617 fecit
1655 565 1748 602 rea:
1774 547 1879 604 Sa-

292 642 475 699 lomon
496 649 750 696 trecentas
773 638 983 695 lanceas
1005 657 1192 695 aureas
1215 639 1452 694 ductilcs.
1480 639 1705 694 Ducenti
1724 641 1877 710 quin-

252 798 263 799 ί
288 733 550 805 quaginta
574 732 723 786 aurei
752 732 957 786 inerant
983 732 1039 786 in
1062 731 1247 786 lancea
1274 749 1405 798 una,
1429 741 1479 785 et
1503 740 1732 785 trecenta
1757 748 1877 785 scu-

287 834 345 881 ta
373 842 537 880 aurea
562 825 844 880 trecenteni
875 827 1024 881 aurei
1048 827 1104 880 in
1134 834 1281 880 scuto
1309 842 1434 880 uno.
1460 824 1662 881 Deinde
1689 826 1875 895 sequi-

287 930 381 977 tur
421 920 704 992 Scriptum
734 920 885 990 (vers.
936 920 1025 991 i7)
1060 940 1072 973 :
1127 916 1416 989 Posuitque
1457 935 1519 973 ea
1553 934 1644 974 rea:
1686 919 1741 972 in
1778 917 1878 971 do-

283 1031 433 1069 mum
480 1012 638 1085 sylva:
666 1012 873 1067 Libani.
903 1011 961 1067 Si
1000 1010 1306 1067 Salomonis
1325 1017 1465 1075 erat,
1497 1024 1594 1064 cur
1621 1007 1765 1079 ligna
1786 1021 1877 1063 ce-

284 1106 449 1161 drina
486 1104 556 1159 ab
591 1104 777 1160 iliram
800 1086 1021 1176 petebat
1047 1119 1113 1159 ex
1142 1103 1384 1158 Libano?
1429 1117 1537 1156 non
1563 1101 1707 1156 enim
1736 1101 1876 1155 dixit

282 1197 572 1268 Scriptura
597 1197 779 1268 posuit
796 1212 861 1252 ea
883 1197 939 1250 in
963 1206 1137 1250 monte
1157 1194 1326 1250 saltus
1347 1193 1559 1258 Libani,
1584 1194 1679 1248 sed
1699 1195 1755 1247 in
1776 1194 1873 1246 do-

278 1307 368 1345 mo
407 1290 565 1361 sylva:
588 1288 795 1354 Libani,
831 1302 930 1358 per
984 1286 1219 1356 speciem
1266 1284 1550 1340 locutionis
1590 1298 1734 1353 :per
1760 1282 1874 1337 elli-

279 1382 517 1438 cientem
561 1381 616 1436 id
664 1381 809 1451 quod
850 1378 1100 1446 elﬁcitur,
1154 1387 1210 1434 et
1259 1393 1357 1448 per
1403 1376 1769 1431 continentem
1814 1374 1870 1431 id

276 1473 424 1542 quod
450 1472 775 1527 continetur.
822 1470 1059 1527 Libanus
1096 1469 1271 1524 dictus
1298 1475 1381 1522 est
1434 1467 1691 1537 templum
1743 1461 1880 1522 cum

273 1564 594 1635 porticibus,
626 1569 682 1617 et
710 1561 1010 1626 vestibulis,
1035 1568 1199 1631 atque
1224 1559 1462 1614 basilicis
1502 1559 1735 1630 magnis,
1766 1573 1869 1612 un-

273 1655 345 1713 de
361 1656 476 1727 jam
506 1655 574 1710 ad
599 1654 835 1709 litteram
856 1669 1022 1724 supra
1048 1654 1252 1708 dictum
1273 1660 1358 1707 est
1388 1671 1399 1705 :
1435 1650 1539 1716 Qui
1567 1652 1622 1704 in
1661 1651 1864 1721 quadro

270 1762 370 1817 per
414 1745 690 1799 circuitum
732 1744 1027 1798 ambiebant
1079 1743 1345 1815 templum,
1383 1748 1439 1796 et
1489 1741 1615 1810 quia
1671 1757 1862 1797 revera

272 1852 413 1908 opus
440 1852 694 1907 magnum
711 1842 849 1901 erat,
889 1834 1060 1889 multa
1089 1833 1233 1906 ligna
1262 1833 1479 1899 Libani,
1497 1840 1552 1887 et
1574 1834 1861 1888 innumera
1889 1821 1939 1881 B

271 1926 476 1982 ibidem
502 1934 681 1991 erant,
716 1925 840 1981 ideo
885 1927 1183 1980 vocabatur
1225 1923 1371 1995 sylva
1409 1924 1620 1989 Libani,
1678 1924 1775 1979 sed
1797 1931 1864 1991 (et

270 2019 453 2090 ipsum
486 2018 746 2089 templum
786 2016 1019 2072 Libanus
1066 2017 1124 2071 in
1154 2016 1435 2087 Scriptura
1482 2023 1731 2081 vocatur,
1780 2015 1875 2087 di-g

269 2121 433 2169 cente
458 2112 722 2167 Zacharia
764 2112 1028 2183 propheta
1066 2111 1152 2182 (ιι.
1186 2110 1240 2181 1)
1273 2128 1286 2163 :
1331 2110 1491 2181 Aperi
1515 2109 1712 2164 Libane
1732 2126 1859 2180 por-

267 2212 355 2257 tas
381 2212 521 2268 tuas,
549 2211 597 2256 et
628 2202 866 2256 comedat
902 2202 1037 2273 ignis
1072 2201 1253 2255 cedros
1284 2208 1434 2266 tuos;
1483 2202 1578 2257 sed
1611 2209 1667 2254 et
1707 2198 1862 2257 Jere-

266 2293 411 2349 mias
448 2294 709 2348 adversus
739 2292 945 2347 Selium
989 2293 1157 2347 ﬁlium
1203 2290 1365 2347 Josia:
1420 2292 1563 2363 regis
1592 2294 1733 2347 inter
1761 2308 1864 2348 cte-

267 2396 389 2442 tera
431 2389 510 2443 sic
562 2389 637 2443 ait
664 2387 775 2460 (22.
820 2388 953 2460 22):
989 2387 1181 2442 Omnes
1230 2396 1467 2458 pastores
1518 2396 1635 2441 tuos
1685 2395 1861 2457 pascet

265 2489 467 2543 ventus,
499 2487 550 2533 et
581 2488 842 2533 amatores
863 2480 939 2532 tui
985 2480 1041 2532 in
1065 2479 1417 2548 captivitatem
1439 2478 1628 2532 ibunt:
1661 2486 1709 2532 et
1732 2488 1859 2533 tunc

265 2571 629 2641 confundcris,
679 2579 728 2624 et
773 2569 1041 2624 erubesces
1072 2569 1138 2622 ab
1166 2570 1309 2623 omni
1358 2568 1566 2623 malitia
1616 2577 1731 2635 tua,
1768 2570 1860 2640 qui

265 2663 511 2745 sedesin
557 2662 779 2729 Libano,
815 2673 862 2716 et
901 2662 1145 2732 nidi/icas
1196 2664 1254 2716 in
1303 2662 1493 2718 cedris.
1553 2664 1610 2717 ln
1651 2663 1860 2721 Libano

265 2756 416 2811 enim
454 2753 558 2810 illis
585 2764 708 2811 erat
729 2755 942 2820 sedere,
985 2769 1138 2824 spem
1197 2755 1511 2812 salvationis
1554 2773 1666 2813 suae
1691 2757 1859 2813 babe-

264 2865 327 2905 re
352 2865 450 2920 per
477 2850 754 2920 templum.
796 2850 855 2905 In
894 2850 1071 2906 cedris
1119 2851 1421 2920 nidiﬁeare,
1480 2862 1601 2910 erat
1629 2863 1855 2927 propter

263 2939 491 2995 aedilicia
527 2939 713 3009 templi
739 2948 1060 3009 peccantem
1084 2941 1341 3012 populum
1385 2944 1605 3008 salvari,
1632 2959 1701 2999 ne
1723 2961 1853 3015 pro-

262 3040 389 3103 pter
430 3031 684 3087 meritum
713 3029 858 3086 illius
887 3031 992 3087 loci
1027 3033 1455 3102 captivarentur.
1496 3034 1737 3092 Libanus
1761 3052 1858 3091 au-

267 3133 376 3181 tem
404 3124 583 3180 dictus
613 3130 699 3178 est
738 3137 896 3178 mons
944 3122 1189 3194 frigidus,
1243 3133 1298 3180 et
1327 3120 1586 3183 convallis
1613 3129 1666 3183 in
1693 3128 1851 3200 Syria

260 3215 557 3271 Phoenicim
595 3230 715 3285 quae
751 3213 854 3269 luit
904 3216 1183 3284 possessio
1218 3216 1650 3276 Cbananteorum
1680 3223 1858 3277 immi—

261 3323 399 3363 nens
426 3308 567 3363 mari
599 3322 815 3378 magno,
873 3322 1104 3376 quorum
1145 3309 1464 3379 metropolis
1508 3310 1609 3366 fuit
1657 3313 1852 3382 Tyrus.

261 3396 418 3454 Unde
438 3396 585 3468 ligna
621 3396 845 3453 cedrina
881 3397 1132 3469 abiegna,
1176 3406 1341 3469 atque
1383 3401 1582 3470 punica
1641 3402 1853 3460 Sidonii

259 3486 609 3558 deponebant
649 3487 705 3541 in
731 3488 870 3541 mari
915 3503 1133 3559 magno,
1186 3497 1239 3544 et
1260 3490 1385 3546 inde
1412 3492 1468 3547 in
1510 3494 1717 3549 ratibus
1760 3511 1856 3551 ve-

259 3582 485 3639 niebant
530 3598 630 3655 per
652 3598 802 3639 mare
830 3600 1000 3655 usque
1026 3585 1095 3639 ad
1120 3582 1313 3657 Jopen,
1371 3595 1427 3643 et
1473 3588 1599 3645 inde
1636 3606 1735 3660 per
1758 3606 1855 3647 an-

259 3674 412 3745 garia
437 3673 605 3728 boum
628 3688 727 3743 per
754 3673 1039 3730 milliarios
1060 3678 1418 3749 quadraginta
1446 3695 1621 3750 usque
1647 3682 1715 3736 ad
1728 3681 1855 3737 Hie-

263 3764 525 3819 rusalem.
593 3762 747 3819 Mons
767 3765 911 3819 enim
936 3765 1040 3820 iste
1065 3780 1095 3819 a
1127 3768 1363 3823 candore
1392 3770 1618 3838 nivium,
1653 3787 1853 3829 nomen

260 3858 475 3929 accepit
516 3855 767 3912 Libanus.
792 3858 1031 3914 Libanus
1063 3860 1209 3914 enim
1232 3861 1459 3924 candor,
1518 3863 1632 3917 sive
1654 3865 1847 3919 candi-

259 3948 408 4005 datio
428 3947 838 4019 interpretatur.
876 3947 1141 4004 Similiter
1167 3957 1223 4004 et
1258 3950 1516 4021 templum
1546 3951 1679 4007 illud
1715 3969 1847 4022 pro-

255 4048 384 4110 pter
416 4038 750 4094 altitudinem
784 4039 1070 4106 mmnium,
1100 4048 1157 4096 et
1198 4042 1595 4105 excellentiam,
1630 4045 1714 4097 vel
1744 4045 1850 4099 ful-

259 4146 470 4204 gorem.
499 4137 591 4186 aut
618 4132 908 4189 candorem
937 4133 1209 4204 parietum
1236 4134 1345 4189 tale
1366 4148 1565 4190 nomen
1594 4136 1846 4193 sortitum

259 4230 364 4279 est.

966 4317 1134 4375 XXX.

331 4406 524 4465 Merito
556 4408 727 4480 quaeri
761 4409 921 4464 debet
947 4409 1108 4481 (licet
1138 4410 1243 4465 hoc
1286 4417 1346 4465 tu
1372 4425 1480 4467 non
1507 4410 1844 4484 interrogas-

260 4498 367 4571 ses)
414 4499 544 4569 quid
596 4500 687 4566 sit,
751 4501 894 4570 quod
916 4501 1021 4556 hoc
1059 4501 1116 4555 in
1143 4501 1305 4568 libro,
1336 4502 1403 4556 de
1433 4503 1737 4573 sacrilegis,
1789 4510 1845 4559 et

260 4591 537 4648 sceleratis
559 4592 726 4648 Israel
766 4594 1002 4664 regibus,
1031 4592 1347 4663 frequenter
1372 4594 1519 4649 dicat
1554 4593 1839 4665 Scriptura

259 4684 443 4741 divina
476 4705 489 4740 :
522 4686 745 4757 fecitque
777 4686 916 4757 quod
940 4696 1052 4741 erat
1103 4685 1303 4740 malum
1332 4687 1390 4740 in
1424 4698 1703 4757 conspectu
1731 4688 1843 4742 Do-

259 4777 430 4831 mini:
468 4785 525 4831 et
551 4792 676 4833 cum
706 4777 817 4833 sint
864 4777 1034 4833 multa
1077 4777 1357 4832 hominum
1401 4777 1563 4845 mala,
1613 4788 1838 4849 praeter-

258 4865 441 4921 missis
491 4868 743 4923 omnibus
768 4868 945 4934 malis,
983 4868 1335 4940 singulariter
1386 4882 1554 4925 unum
1598 4872 1843 4929 nominat

256 4955 482 5024 malum,
518 4958 587 5013 ad
608 4957 762 5028 cujus
802 4960 1265 5030 comparationem
1297 4968 1492 5016 csetera
1521 4962 1665 5017 mala
1715 4978 1839 5019 cum

255 5047 366 5102 sint
388 5047 550 5114 mala,
588 5049 743 5120 quasi
783 5064 852 5106 ne
881 5049 1021 5104 mala
1049 5066 1172 5107 esse
1195 5052 1467 5108 videntur.
1510 5054 1663 5109 Sicut
1693 5056 1841 5111 enim

256 5140 327 5194 ad
351 5143 807 5212 comparationem
841 5142 989 5206 boni,
1040 5143 1215 5199 bonus
1240 5145 1507 5203 bonorum
1533 5146 1678 5202 Deus
1703 5146 1842 5207 dici-

257 5240 379 5300 tur,
422 5242 477 5289 et
533 5234 766 5292 Sanctus
814 5235 1164 5303 Sanctorum,
1199 5246 1254 5292 et
1304 5238 1539 5294 Deorum
1594 5240 1757 5307 Deus,
1788 5248 1843 5297 et

255 5331 519 5388 Dominus
564 5332 939 5399 Dominorum,
965 5334 1039 5388 ita
1072 5334 1125 5387 in
1144 5332 1305 5389 factis
1339 5334 1644 5400 hominum,
1678 5343 1843 5406 atque

255 5425 423 5496 gestis
471 5424 739 5481 idolorum
773 5425 985 5481 cultura
1022 5424 1221 5480 malum
1262 5425 1544 5492 malorum,
1584 5435 1640 5482 et
1672 5427 1839 5485 scelus

255 5517 530 5593 scelerum,
556 5526 611 5574 et
635 5528 903 5590 peccatum
928 5528 1260 5591 peccatorum
1288 5519 1395 5574 dici
1421 5527 1619 5589 potest.
1660 5520 1759 5576 Hic
1782 5522 1839 5576 in

256 5609 437 5663 divina
466 5608 770 5681 Scriptura,
796 5619 851 5667 et
888 5613 1159 5683 iniquitas,
1194 5618 1248 5667 et
1274 5611 1615 5678 abominatio,
1649 5621 1707 5668 et
1729 5630 1842 5668 sor-

254 5703 350 5760 des
379 5715 433 5761 et
454 5715 745 5776 peccatum,
766 5714 835 5761 .et
861 5706 1165 5776 fornicatio,
1195 5713 1251 5762 et
1277 5705 1528 5761 odiositas
1557 5706 1839 5777 {nominari

1868 4557 1923 4618 D

1980 549 2293 620 frequenter
2320 553 2373 606 in
2410 553 2591 607 divina
2618 551 2901 623 Scriptura
2928 555 3094 610 dicit:
3130 558 3255 614 Non
3277 566 3489 619 recessit
3520 584 3553 621 a

1978 643 2202 711 peccatis
2216 641 2555 710 Hieroboam,
2570 644 2658 715 qui
2678 646 2907 715 peccavit
2931 655 2977 700 et
2993 648 3204 718 peccare
3218 652 3337 720 fecit
3360 654 3549 711 Israel.

1979 732 2231 801 Peccata,
2254 735 2345 790 hic
2379 752 2501 792 cum
2533 737 2605 792 sit
2631 753 2818 803 unum,
2865 739 3148 809 pluraliter
3170 753 3391 814 propter
3420 748 3555 804 duos

1976 827 2175 882 vitulos
2193 830 2391 899 posuit.
2424 830 2799 901 Ignominiam,
2834 842 2889 886 et
2918 834 3125 900 sordes,
3160 844 3219 890 ut
3251 837 3462 907 Moyses
3498 843 3553 897 in

1975 918 2163 975 Exodo
2191 920 2258 975 de
2283 920 2408 976 ﬁliis
2434 922 2602 978 Israel
2624 922 2861 993 loquitur
2878 921 3074 996 (Exod.
3094 926 3182 980 32.
3203 927 3295 997 25)
3318 944 3331 983 :
3352 929 3555 1002 Exspa-

1975 1010 2192 1087 liaverat
2213 1014 2351 1067 enim
2381 1030 2468 1067 eos
2500 1011 2576 1085 (id
2623 1023 2707 1070 est
2734 1015 2916 1070 Aaron
2959 1016 3098 1073 ﬁlios
3124 1018 3314 1093 Israel)
3345 1020 3559 1093 propter

1973 1101 2315 1171 ignominiam
2341 1103 2531 1168 sordis,
2558 1112 2609 1158 et
2639 1105 2777 1159 inter
2797 1105 2967 1161 hostes
3018 1109 3217 1163 nudum
3266 1114 3552 1167 constitue-

1973 1201 2079 1259 rat,
2139 1193 2194 1249 id
2236 1203 2320 1248 est
2341 1193 2654 1250 destitutum
2697 1196 2900 1267 absque
2946 1200 3146 1255 auxilio
3165 1202 3283 1258 Dei.
3346 1204 3552 1274 Iniqui-

1971 1292 2057 1340 tas
2108 1285 2308 1340 dicitur
2337 1286 2603 1341 idolorum
2626 1288 2856 1355 cultura,
2883 1290 2991 1359 (10.
3024 1291 3110 1360 10)
3143 1294 3285 1349 sicut
3320 1296 3376 1349 in
3409 1296 3551 1352 Osea

1970 1380 2236 1449 propheta
2287 1380 2422 1435 duos
2472 1380 2688 1447 vitulos,
2741 1382 2876 1437 duas
2930 1384 3174 1438 nominat
3222 1388 3549 1459 iniquitates.

1970 1468 2299 1537 Fornicatio,
2330 1470 2513 1526 multis
2538 1471 2710 1529 modis
2751 1473 2807 1528 in
2835 1476 3116 1545 prophetis
3152 1480 3417 1534 nominari
3472 1496 3556 1536 so-

1970 1558 2063 1615 let.
2097 1558 2251 1615 Sicut
2272 1568 2327 1614 et
2356 1560 2487 1615 illud
2517 1559 2652 1634 (Jer.
2679 1552 2815 1636 3.1)
2853 1578 2868 1616 :
2899 1574 2955 1618 tu
2994 1574 3170 1621 autem
3205 1568 3469 1637 fornicata
3493 1587 3549 1624 es

1970 1669 2089 1706 cum
2120 1653 2464 1718 amatoribus,
2496 1654 2547 1708 id
2577 1662 2661 1709 est
2688 1671 2786 1726 pro
2810 1660 3087 1729 proposito
3119 1676 3229 1717 uno
3263 1662 3393 1728 Deo,
3424 1678 3552 1718 cum

1970 1758 2079 1813 quo
2106 1743 2386 1814 spirituale
2416 1746 2746 1801 connubium
2780 1763 2903 1802 cum
2952 1751 3205 1806 castitate
3242 1754 3442 1809 mentis
3471 1760 3553 1808 te-

1965 1849 2099 1889 nere
2128 1834 2385 1901 debuisti,
2430 1832 2779 1893 servisti‘diis
2820 1840 3025 1906 multis,
3074 1851 3128 1896 et
3154 1843 3233 1898 sic
3262 1843 3553 1899 infeliciter

1966 1926 2022 1981 in
2061 1925 2225 1981 corde
2252 1933 2345 1979 tuo
2378 1927 2667 1996 prostituta
2692 1943 2751 1984 es
2803 1945 2927 1985 cum
2962 1933 3298 1988 amatoribus
3341 1933 3549 2001 multis,

1965 2016 2021 2072 id
2050 2025 2135 2072 est
2182 2006 2534 2073 dcemonibus.
2580 2018 2732 2074 Licet
2790 2021 2937 2075 enim
2972 2022 3203 2092 quisque
3256 2039 3423 2078 unum
3464 2024 3549 2078 vi-

1966 2108 2157 2163 deatur
2178 2108 2373 2174 colere,
2411 2117 2505 2163 aut
2546 2110 2778 2167 adorare
2824 2112 3160 2182 ﬁgmentum,
3194 2115 3249 2169 in
3272 2115 3390 2186 ipso
3414 2132 3547 2184 uno,

1964 2200 2115 2255 omni
2164 2200 2371 2255 militia:
2409 2201 2713 2257 daemonum
2754 2204 2942 2258 servit.
2984 2202 3093 2259 Sed
3120 2205 3249 2274 quia
3271 2220 3329 2260 se
3367 2220 3551 2261 sermo

1963 2291 2032 2346 de
2066 2292 2503 2360 simulacrorum,
2534 2304 2698 2365 atque
2729 2296 2994 2351 idolorum
3027 2297 3240 2352 cultura
3276 2299 3549 2368 opposuit,

1965 2384 2225 2440 debemus
2255 2385 2612 2457 etymologias
2664 2385 2944 2443 nominum
2974 2387 3189 2443 illorum
3219 2389 3549 2458 exprimere,

1962 2486 2024 2533 ut
2051 2479 2303 2533 noverint
2336 2485 2526 2533 nostra
2555 2485 2816 2547 tempora,
2864 2479 2951 2534 cui
2992 2479 3135 2534 malo
3173 2479 3421 2534 serviunt
3445 2480 3547 2535 ho-

1962 2570 2157 2626 mines.
2209 2568 2573 2625 Simulacrum
2608 2576 2691 2623 est
2723 2568 2917 2640 ﬁgura,
2959 2570 3287 2640 exemplum,
3319 2568 3548 2640 eﬁigies,

1963 2659 2297 2731 ﬁgmentum,
2328 2659 2523 2725 forma,
2555 2659 2760 2725 vultus,
2793 2666 3065 2729 aspectus,
3098 2660 3330 2730 species,
3356 2658 3551 2714 simili-

1964 2752 2111 2807 tudo.
2159 2750 2589 2806 Simulacrorum
2652 2764 2785 2805 usus
2825 2757 3079 2804 exortum
3127 2756 3246 2814 est,
3302 2764 3426 2803 cum
3481 2763 3549 2804 ex

1960 2842 2235 2898 desiderio
2308 2849 2650 2897 mortuorum
2719 2841 3185 2896 constituerentur
3251 2842 3545 2913 imagines,

1959 2934 2047 2990 vel
2085 2934 2287 3004 efﬁgies
2334 2941 2594 3003 tanquam
2652 2932 2708 2987 in
2748 2933 2945 2986 cmlum
2990 2940 3337 3002 receptorum
3388 2931 3546 3001 (Sep.

1962 3026 2049 3081 M.
2079 3025 2169 3097 15)
2196 3040 2295 3095 pro
2344 3025 2541 3094 quibus
2569 3039 2627 3080 se
2668 3024 2724 3078 in
2764 3023 2929 3078 terris
2973 3022 3247 3077 daemones
3292 3021 3547 3076 colendos

1962 3126 2347 3190 apposuerunt,
2384 3125 2439 3172 et
2461 3117 2563 3173 sibi
2585 3115 2896 3172 sacriﬁcare
2923 3131 2954 3169 a
2983 3114 3246 3183 deceptis,
3283 3120 3339 3168 et
3366 3114 3548 3185 perdi-

1962 3213 2033 3266 tis
2091 3210 2402 3265 liominihus
2461 3215 2768 3263 suaserunt.
2820 3206 3064 3260 Fuerunt
3124 3204 3270 3259 enim
3322 3204 3545 3274 quidam

1959 3317 2149 3357 eorum
2190 3301 2294 3356 viri
2325 3299 2514 3365 fortes,
2580 3307 2674 3354 aut
2699 3299 2916 3353 urbium
2954 3297 3289 3361 conditores,
3345 3297 3544 3366 quibus

1957 3393 2188 3449 mortuis
2214 3393 2485 3459 homines,
2525 3390 2621 3461 qui
2652 3405 2746 3445 eos
2772 3389 3080 3445 dilexerunt
3110 3387 3406 3443 simulacra
3436 3386 3541 3441 ﬁn-

1956 3493 2176 3550 xerunt,
2222 3492 2284 3539 ut
2326 3483 2595 3539 baberent
2628 3481 2845 3551 aliquod
2870 3496 2938 3535 ex
2965 3480 3264 3551 imaginum
3298 3485 3545 3534 contem-

1953 3584 2193 3655 platione
2245 3581 2518 3647 solatium,
2552 3581 2649 3636 sed
2700 3578 2962 3652 paulatim
3008 3591 3034 3619 α
3080 3578 3229 3633 hunc
3273 3591 3541 3644 errorem,

1952 3677 2407 3749 persuadentibus
2434 3675 2728 3741 ,daemoniis
2781 3675 2855 3729 ita
2908 3674 2963 3728 in
3009 3672 3243 3744 posteris
3293 3672 3537 3743 irrepsit,

1952 3779 2015 3824 ut
2041 3786 2177 3840 quos
2200 3769 2276 3823 illi
2296 3783 2397 3838 pro
2423 3767 2539 3822 sola
2564 3766 2801 3821 nominis
2824 3766 3087 3820 memoria
3112 3765 3539 3830 honoraverunt,

1954 3873 2298 3914 successores
2318 3872 2509 3911 eorum
2544 3855 2685 3909 Deos
2734 3854 3130 3920 existimarent,
3188 3861 3353 3923 atque
3377 3851 3543 3924 cole-

1952 3961 2095 4007 rent.
2122 3942 2126 3953 ”
2158 3949 2462 4005 Simulacra
2508 3954 2691 4002 autem
2727 3945 2769 4000 a'
2790 3945 3151 4000 similitudine
3202 3952 3534 4014 nuncupata,

1950 4044 2108 4115 quasi
2146 4041 2419 4107 simulata,
2464 4054 2530 4095 eo
2561 4039 2706 4108 quod
2735 4054 2901 4093 manu
2955 4036 3184 4092 artiﬁcis
3222 4053 3293 4093 ex
3335 4036 3535 4107 lapide,

1949 4137 2037 4192 vel
2067 4135 2173 4191 alia
2224 4134 2453 4189 materia
2497 4147 2687 4188 eorum
2732 4130 2916 4187 vultus
2970 4131 3281 4197 imitantur,
3316 4131 3372 4186 in
3402 4130 3539 4203 quo-

1948 4245 2070 4285 rum
2119 4229 2325 4285 honore
2360 4228 2659 4298 tinguntur.
2692 4224 2835 4295 Ergo
2875 4222 3187 4291 simulacra,
3225 4223 3311 4280 vel
3332 4239 3433 4294 pro
3472 4239 3538 4279 eo

1949 4323 2094 4394 quod
2116 4322 2233 4377 Diis
2249 4320 2469 4385 similia,
2485 4318 2571 4374 vel
2593 4334 2694 4389 pro
2720 4332 2787 4372 eo
2803 4316 3080 4384 simulata,
3098 4325 3263 4388 atque
3280 4316 3533 4381 conﬁcta,

1947 4421 2215 4469 vocantur
2244 4430 2257 4483 ς
2289 4412 2434 4466 unde
2459 4418 2515 4466 et
2536 4408 2675 4465 falsa
2711 4418 2856 4465 sunt.
2887 4410 3091 4465 lterum
3116 4410 3319 4465 idolum
3349 4418 3435 4464 est
3463 4410 3537 4464 si-

1948 4502 2271 4567 mulacrum,
2310 4501 2453 4570 quod
2497 4500 2735 4555 humana
2761 4498 2937 4570 clIigie
2966 4500 3196 4567 factum,
3238 4508 3294 4555 et
3339 4515 3533 4555 conse-

1949 4601 2160 4650 cratum
2214 4600 2299 4648 est
2343 4591 2502 4661 juxta
2549 4592 2802 4647 vocabuli
2841 4593 2924 4647 sui
2970 4593 3475 4663 interpretationem
3516 4610 3530 4648 :

1949 4687 2077 4742 Idas
2116 4686 2261 4741 enim
2294 4684 2482 4740 Grzece
2528 4684 2701 4754 forma
2751 4690 2929 4748 sonat,
2970 4690 3027 4737 et
3069 4683 3212 4737 idem
3241 4698 3339 4754 per
3375 4682 3536 4738 dimi-

1946 4780 2227 4835 nutionem
2253 4786 2409 4832 sonat
2438 4774 2640 4830 idolum
2672 4773 2878 4829 dictum
2909 4775 3012 4828 hoc
3060 4774 3206 4844 quod
3251 4773 3392 4843 apud
3432 4788 3534 4829 nos

1946 4872 2178 4947 formula
2229 4880 2405 4928 sonat.
2463 4872 2632 4942 Igitur
2681 4869 2860 4925 omnis
2914 4868 3108 4935 forma,
3175 4867 3533 4947 vellormula

1948 4966 2151 5022 idolum
2178 4980 2237 5020 se
2267 4965 2372 5019 dici
2398 4963 2661 5034 exposcit.
2686 4961 2991 5016 ldololatria
3012 4961 3335 5017 idololorum
3362 4962 3534 5018 servi-

1945 5066 2056 5123 tus,
2088 5056 2201 5111 sive
2228 5055 2438 5111 cultura
2470 5056 2880 5124 interpretatur.
2937 5051 3075 5107 Nam
3110 5051 3270 5109 latria
3319 5053 3530 5123 Graece,

1945 5149 2113 5203 latine
2138 5149 2356 5203 servitus
2416 5146 2636 5211 dicitur,
2684 5161 2805 5215 qum
2833 5154 3100 5217 quantum
3131 5146 3203 5201 ad
3223 5160 3408 5202 veram
3442 5164 3531 5204 re-

1946 5239 2201 5312 ligionem
2227 5238 2483 5310 pertinet,
2539 5237 2754 5292 nonnisi
2782 5244 2838 5293 et
2866 5237 2966 5292 soli
3002 5238 3113 5293 Deo
3161 5238 3408 5295 debetur.
3436 5228 3527 5296 Ἀθ

1948 5332 1993 5387 si
2017 5339 2079 5387 ut
2099 5330 2264 5401 impia
2294 5328 2566 5399 superbia,
2602 5329 2717 5383 sive
2746 5328 3048 5396 hominum,
3076 5314 3197 5385 'sive
3223 5330 3529 5386 daemonum

1947 5423 2051 5479 sibi
2086 5421 2365 5485 exhibere,
2417 5418 2503 5473 vel
2547 5416 2724 5488 jubet,
2773 5420 2861 5474 vel
2886 5422 3064 5492 cupit,‘
3090 5422 3165 5477 ita
3195 5423 3282 5493 pia
3313 5423 3530 5479 humili-

1944 5524 2053 5583 tas,
2091 5515 2172 5571 vel
2219 5514 2524 5579 hominum,
2561 5513 2648 5569 vel
2697 5515 3028 5587 Angelorum
3074 5529 3390 5576 sanctorum
3421 5519 3525 5575 sibi

1944 5610 2183 5667 oblatam
2209 5614 2451 5672 recusat,
2494 5614 2549 5661 et
2575 5607 2665 5663 cui
2696 5609 2978 5677 debeatur,
3007 5612 3263 5668 ostendit.
3294 5612 3527 5681 Quidam

1893 5738 1901 5745 -
1945 5717 2075 5759 vero
2108 5701 2264 5757 latini
2316 5702 2632 5771 ignorantes
2678 5717 2867 5773 graeca:
2894 5703 3091 5777 lingua:
3118 5696 3521 5778 etymolOgiam,

331 5851 361 5884 ι
394 5837 458 5899 Id
488 5847 575 5900 est
598 5837 681 5898 hic
718 5851 909 5901 error:
938 5837 1025 5900 vel
1053 5838 1174 5914 lege
1205 5854 1219 5899 ε
1251 5839 1389 5898 hunc
1430 5850 1662 5899 errorem
1694 5845 1858 5910 perat

1958 5830 2127 5899 nribus
2156 5830 2453 5913 daemoniis,
2480 5832 2528 5890 is
2555 5832 2785 5911 irrepsit,
2814 5841 2893 5905 ut,
2917 5842 3020 5895 etc.
