4056 6350
529 364 634 423 827

1588 347 1866 416 CLAUDII
1902 323 2363 413 TAURIN’ENSIS
2400 340 2700 404 EPISCOPI

3675 358 3778 417 8‘28

443 508 448 513 -
529 478 777 552 imperite
827 475 1017 532 dicunt
1057 473 1260 529 idolum
1308 489 1375 530 ex
1403 473 1523 528 dolo
1551 473 1846 544 sumpsisse
1881 486 2096 535 nomen,
2126 475 2333 542 Anum
2375 477 2489 535 est,
2540 465 2716 539 qualis
2763 469 2998 540 cognitio
3030 468 3333 537 creatoris,
3385 479 3442 527 et
3482 471 3779 530 remedium

527 587 594 628 eo
625 569 767 641 quod
805 567 1051 624 diabolus
1101 575 1364 624 creatura:
1408 565 1612 622 cultum
1661 563 1832 622 divini
1868 563 2106 620 nominis

528 662 753 720 invexit.
780 659 1072 716 Sciendum
1113 672 1460 728 summopere
1481 665 1584 721 est,
1621 656 1745 726 quia
1771 672 1879 711 non
1931 656 2104 712 solum

531 755 626 826 qui
675 751 909 808 visibilia
959 749 1239 821 ﬁgmenta,
1301 757 1462 818 atque
1507 747 1771 818 imagines
1820 735 1968 812 colit,
2009 745 2105 828 sed

527 846 692 902 etiam
717 843 1013 914 quamlibet
1038 843 1153 898 sive
1182 841 1479 906 cmlestem,
1509 840 1624 895 sive
1656 849 1948 905 terrenam,
1991 838 2106 894 sive

528 935 886 1007 spiritualem,
933 935 1047 989 sive
1087 947 1403 1004 corpoream
1443 935 1784 1002 1creaturam,
1829 929 1946 985 vice
2008 944 2106 984 no-

528 1027 692 1095 minis
723 1025 818 1080 Dei
845 1024 972 1079 colit
995 1035 1042 1090 α,
1073 1030 1128 1078 et
1157 1021 1384 1078 salutem
1415 1023 1606 1076 animm
1641 1037 1772 1087 suae,
1802 1035 1920 1091 qua:
1953 1036 1983 1074 a
2013 1035 2104 1074 so-

528 1117 582 1173 lo
610 1119 720 1172 Deo
748 1125 852 1182 est,
906 1115 976 1170 ab
1024 1115 1132 1174 illis
1162 1120 1364 1184 sperat,
1411 1113 1476 1168 de
1527 1111 1630 1166 illis
1658 1121 1762 1176 est,
1821 1113 1886 1167 de
1911 1111 2106 1181 quibus

529 1212 660 1268 dicit
685 1210 976 1282 Apostolus
1011 1208 1186 1280 (Rom.
1217 1225 1256 1262 ι.
1292 1207 1408 1278 25.)
1443 1223 1456 1260 :
1493 1205 1556 1260 Et
1585 1206 1878 1271 coluerunt,
1921 1215 1968 1260 et
1997 1223 2106 1260 ser-

526 1305 731 1358 vierunt
763 1311 1018 1357 creatura?
1039 1301 1212 1371 potius
1246 1317 1403 1372 quam
1433 1297 1690 1364 Creatori,
1739 1299 1828 1370 qui
1853 1307 1928 1352 est
1949 1315 2104 1369 super

531 1395 706 1448 omnia
729 1393 869 1448 Deus
902 1391 1195 1447 benedictus
1216 1389 1268 1444 in
1297 1390 1491 1445 swcula
1520 1406 1538 1443 :
1569 1389 1636 1444 Et
1657 1391 1721 1445 de
1755 1389 1950 1460 quibus
1972 1389 2106 1444 dicit

529 1483 797 1554 Propheta
831 1464 1046 1556 (.lerem.
1100 1482 1186 1537 l7.
1229 1483 1353 1556 5.):
1397 1481 1712 1536 Maledicta:
1771 1483 1948 1548 homo,
1995 1481 2084 1552 qui

529 1591 672 1645 spem
712 1591 862 1629 suam
909 1575 1055 1644 ponit
1103 1575 1157 1628 in
1197 1574 1424 1640 homine,
1462 1584 1510 1629 et
1556 1593 1590 1628 a
1635 1574 1862 1628 Domino
1915 1573 2104 1626 recedit

531 1657 622 1720 cor
659 1667 796 1736 ejus.
844 1666 1136 1722 Sciendum
1181 1683 1348 1732 sane,
1407 1666 1550 1737 quod
1598 1674 1787 1738 gentes
1843 1663 1947 1720 diis
1992 1665 2104 1720 suis

529 1771 724 1811 nomen
773 1757 1070 1822 simulacri,
1109 1759 1194 1813 vel
1237 1758 1364 1813 idoli
1417 1774 1526 1813 non
1574 1759 1963 1826 imposuerunt,
2008 1755 2103 1812 sed

2204 568 2574 632 peccatorum.
2606 561 2746 629 Quid
2778 567 2958 617 tamen
2991 555 3093 617 ista
3123 562 3463 634 signiﬁcent,
3491 559 3548 621 iii
3579 581 3782 638 praece-

2207 652 2352 708 denti
2380 651 2518 709 libro
2539 652 2862 709 suﬁicienter
2885 653 3192 724 expositum
3221 660 3320 710 est.

2551 802 2556 808 .
2871 741 3104 798 XXXIII.

2285 833 2508 908 (v1.2l.)
2539 833 2678 892 Dicit
2698 833 2862 891 etiam
2882 838 3071 891 eadem
3103 835 3405 908 Scriptura,
3429 835 3578 911 quod
3609 839 3784 911 tanta,

2207 941 2271 981 ac
2295 927 2419 982 talis
2467 925 2637 982 fames
2667 926 2808 982 facta
2853 936 2938 984 est
2971 927 3024 982 in
3053 927 3316 998 Samaria,
3364 931 3420 986 et
3450 934 3658 988 tamdiu‘
3696 935 3789 990 ob-

2207 1032 2354 1072 sessa
2381 1016 2576 1072 civitas
2615 1021 2728 1086 est,
2778 1016 2949 1073 donec
2993 1021 3393 1075 venundaretur
3434 1029 3600 1092 caput
3650 1026 3787 1079 asini

2205 1111 2477 1180 octoginta
2506 1111 2811 1180 argenteis,
2847 1117 2902 1166 et
2949 1112 3142 1182 quarta
3183 1116 3308 1183 pars
3353 1111 3474 1185 capi
3525 1115 3790 1174 stercoris

2207 1203 2579 1258 columbarum
2628 1204 2866 1273 quinque
2911 1207 3200 1273 argenteis.
3234 1205 3364 1276 Capi
3398 1209 3664 1262 stercoris
3693 1225 3786 1263 ve-

2206 1295 2402 1350 scicula
2427 1296 2658 1366 gutturis
2679 1291 2901 1367 intelligi
2920 1303 3114 1368 potest,
3131 1307 3356 1368 excepto
3378 1301 3525 1370 quod
3553 1303 3790 1356 nominis

2205 1387 2528 1456 ambiguitas
2558 1403 2654 1442 nos
2695 1388 2886 1444 dubios
2930 1389 3126 1453 reddit,
3159 1389 3300 1460 quod
3346 1408 3453 1446 non
3502 1393 3580 1446 ait
3605 1405 3786 1466 caput,

2205 1483 2298 1530 aut
2325 1477 2535 1547 capitis.
2570 1477 2802 1534 Obsessa
2827 1480 2970 1535 enim
2996 1481 3164 1536 multo
3187 1491 3428 1552 tempore
3448 1485 3516 1538 ab
3543 1485 3790 1541 hostibus

2205 1568 2416 1632 civitas,
2467 1568 2594 1622 dum
2638 1569 2768 1624 nulli
2817 1571 3095 1626 hominum
3137 1587 3388 1642 egressus
3431 1583 3670 1644 pateret,
3704 1591 3791 1630 co-

2205 1660 2400 1716 lumba:
2436 1660 2619 1716 libera:
2658 1661 2888 1718 volando
2916 1663 3228 1719 ferebantur
3258 1668 3310 1720 in
3349 1681 3542 1738 agros,
3580 1669 3700 1723 sive
3726 1669 3788 1722 ad

2203 1751 2498 1807 exercitum
2531 1792 2547 1818 ,
2591 1760 2647 1808 et
2693 1751 2909 1808 invento
2956 1771 3122 1826 grano
3166 1755 3449 1826 replebant
3493 1758 3792 1814 vesciculas

531 1847 702 1902 sancti
742 1847 836 1901 Dei
874 1835 1120 1902 homines
1177 1848 1341 1902 divini
1382 1847 1636 1910 nominis,
1689 1856 1744 1901 et
1791 1847 1950 1900 unius
1980 1842 2097 1917 “Dei
2124 1846 2172 1906 B
2201 1844 2463 1916 gutturis,
2499 1851 2555 1898 et
2583 1844 2688 1898 hac
2711 1836 2898 1899 eadem
2931 1837 3064 1899 hora
3094 1861 3355 1917 regressa:
3393 1848 3450 1902 in
3479 1849 3783 1914 civitatem,

531 1937 768 1994 cultores
790 1977 806 2005 ,
859 1938 963 1994 diis
1005 1937 1248 2010 gentium
1277 1937 1382 1993 tale
1416 1953 1612 2000 nomen
1637 1929 2010 2008 imposuerunt

1232 2029 1424 2084 XXXI.

596 2119 981 2175 Praitermissis
1009 2119 1328 2190 quihusdam
1359 2119 1764 2192 qumstiunculis
1803 2121 1942 2184 tuis,
1984 2135 2104 2190 quae

526 2214 580 2268 in
609 2211 978 2280 superioribus
1005 2208 1158 2264 libris
1187 2219 1312 2264 sunt
1342 2209 1454 2280 jam
1497 2209 1683 2265 solutae
1705 2252 1720 2278 ,
1761 2208 1830 2266 ad
1867 2211 1918 2266 id
1957 2209 2100 2280 quod

528 2305 710 2362 lIelias
737 2307 871 2362 dixit
901 2307 965 2362 de
992 2306 1180 2363 Achab
1209 2291 1324 2379 (III
1352 2307 1477 2379 Reg.
1505 2309 1594 2364 21.
1623 2309 1747 2382 24);
1781 2309 1844 2367 Si
1867 2323 2101 2366 mortuus

525 2396 684 2466 fuerit
739 2397 795 2451 in
849 2397 1077 2463 civitate,
1124 2398 1391 2454 comedent
1425 2416 1542 2454 eum
1573 2417 1728 2456 canes
1779 2403 1879 2457 :si
1928 2411 2102 2458 autem

525 2488 756 2560 inagro,
792 2490 1056 2546 comedent
1102 2507 1222 2545 eum
1269 2491 1504 2548 volucres
1543 2494 1678 2548 caeli.
1728 2480 1798 2550 Et
1830 2503 1949 2566 post
1987 2485 2104 2550 hzec

522 2567 675 2634 addis
707 2578 815 2638 (‘22.
845 2579 960 2649 57.)
995 2599 1006 2633 :
1037 2581 1297 2651 quomoJo
1325 2599 1499 2638 verum
1551 2593 1647 2652 est,
1685 2602 1801 2639 cum
1835 2587 1942 2657 ipse
1980 2603 2101 2657 per-

524 2669 666 2724 latus
693 2670 858 2740 fuisse
879 2670 1085 2750 legatur
1111 2673 1166 2726 in
1200 2672 1451 2728 Samaria
1469 2715 1485 2742 ,
1515 2683 1564 2730 et
1587 2675 1825 2759 sepultus
1852 2678 1906 2732 in
1931 2677 2104 2748 sepul-
2136 2742 2141 2746 ,

527 2779 616 2818 cro
651 2780 748 2818 suo
787 2763 978 2819 Israel.
1019 2764 1079 2820 In
1113 2767 1453 2840 septuaginta
1509 2777 1688 2824 autem
1730 2769 1975 2840 patribus
2006 2769 2104 2824 ali-

529 2853 656 2924 quid
707 2853 936 2924 amplius
975 2853 1206 2910 habetur
1245 2874 1260 2910 :
1309 2872 1434 2912 nam
1473 2863 1596 2928 p‘ost
1639 2847 1818 2928 aliqua
1857 2859 2099 2914 dicitur:

529 2947 772 3002 Mortuus
819 2959 891 3004 est
927 2965 1017 3004 rex
1055 2966 1278 3022 vespere,
1331 2959 1380 3005 et
1409 2952 1550 3006 stetit
1591 2969 1762 3022 pra‘co
1803 2948 2006 3008 militiae
2049 2955 2105 3008 in

521 3041 754 3096 exercita
778 3043 1043 3098 occidente
1070 3041 1180 3098 sole
1220 3041 1397 3098 dicens
1425 3059 1444 3098 :
1469 3044 1820 3117 unusquisque
1845 3055 1928 3120 eat
1948 3047 2002 3100 in
2025 3047 2104 3100 ci-

526 3131 738 3188 vitatem
763 3149 938 3202 suam,
973 3143 1022 3188 et
1047 3134 1103 3188 in
1127 3143 1322 3190 terram
1349 3151 1524 3201 suam,
1555 3137 1802 3208 quoniam
1825 3135 2103 3207 defunctus

2198 1945 2489 2006 antequam
2516 1936 2838 1991 ruminando
2863 1952 3028 2006 grana
3058 1947 3514 1993 consumerentur
3546 1957 3560 1993 :
3597 1941 3675 1995 sic
3701 1955 3792 1996 ve-

2199 2030 2542 2084 nundabatur
2577 2029 2852 2100 argenteis
2891 2030 3128 2100 quinque
3159 2031 3451 2102 granorum
3479 2033 3659 2102 capia,
3683 2033 3790 2086 noti

2200 2121 2453 2176 stercoris
2479 2117 2638 2174 fetor.
2687 2117 2815 2174 Hz‘ec
2838 2132 2944 2174 non
2969 2119 3166 2174 alicubi
3195 2117 3318 2192 Iegi,
3351 2132 3454 2176 nec
3479 2121 3548 2174 ab
3583 2122 3691 2176 alio
3713 2121 3792 2176 dl-

2201 2213 2337 2279 dici,
2392 2213 2486 2268 sed
2517 2219 2577 2266 ut
2616 2212 2749 2266 mihi
2786 2211 2959 2268 visum
2999 2219 3114 2280 est,
3155 2211 3338 2268 taliter
3372 2211 3486 2268 dixi
3521 2231 3534 2268 :
3573 2215 3620 2269 si
3663 2215 3789 2285 quid

2200 2313 2380 2359 tamen
2409 2304 2465 2356 tu
2490 2302 2683 2358 melius
2711 2303 2778 2358 de
2806 2303 2908 2358 hoc
2939 2303 3184 2359 invenire
3203 2305 3468 2378 potueris,
3497 2302 3638 2361 bene
3658 2305 3787 2373 eris;

2201 2379 2246 2454 si
2278 2411 2378 2452 nos
2404 2395 2600 2452 feceris
2627 2409 2806 2452 nosse.

2769 2502 2776 2507 '
2867 2481 3109 2542 XXXIV.

2273 2573 2382 2650 (IV
2425 2577 2552 2651 Reg.
2587 2578 2674 2633 l4.
2725 2577 2803 2652 9.)
2847 2574 2946 2634 Est
2991 2580 3110 2634 hzec
3151 2581 3378 2650 quaestio
3409 2586 3502 2634 tua
3551 2581 3621 2635 de
3657 2591 3788 2652 rege

2201 2663 2348 2736 Joas,
2372 2683 2490 2739 qure
2515 2685 2620 2723 non
2647 2678 2731 2724 cst
2752 2667 3097 2740 impossibilis
3121 2671 3189 2724 ad
3215 2668 3654 2741 intelligendum,
3689 2671 3785 2726 sed

2190 2751 2287 2814 'est
2313 2759 2469 2814 nobis
2493 2755 2724 2814 dillicilis
2745 2759 2811 2814 ad
2837 2755 3162 2830 loquendum
3187 2777 3202 2827 ;
3233 2775 3332 2815 cur
3351 2758 3482 2815 Joas
3506 2775 3605 2816 rex
3631 2761 3795 2816 Israel

2203 2851 2271 2906 ad
2317 2850 2597 2905 Amasiam
2641 2865 2822 2922 regem
2855 2849 2994 2906 Juda
3031 2851 3242 2908 remisit
3267 2851 3454 2906 dicens
3488 2859 3502 2907 ὲ
3544 2851 3792 2906 Car-duas

2203 2939 2391 2996 Libani
2418 2941 2560 2995 misit
2583 2940 2653 2994 ad
2675 2939 2908 3008 cedrum,
2932 2941 3022 3013 Qui
3043 2949 3118 2997 est
3147 2941 3202 2996 in
3231 2939 3431 2995 Libano
3457 2941 3643 2996 dicens
3666 2957 3686 2996 :
3711 2937 3792 2995 Da

2202 3031 2370 3102 ﬁliam
2401 3041 2546 3086 tuam
2593 3029 2705 3100 ﬁlio
2751 3049 2866 3086 meo
2913 3047 3150 3086 uxorem.
3201 3031 3432 3101 Tropice
3479 3033 3652 3098 enim,
3686 3043 3794 3086 non

2165 3175 2172 3189 ,
2203 3125 2424 3198 proprie
2453 3127 2659 3182 dictum
2687 3129 2790 3181 est.
2836 3125 3044 3196 Tropos
3073 3134 3254 3180 autem
3289 3134 3373 3181 est
3399 3125 3572 3180 dictio
3610 3131 3792 3181 trans-

523 3235 600 3282 est
625 3243 717 3280 rex
742 3240 760 3278 :
795 3237 844 3282 et
872 3237 1118 3285 venerunt
1145 3229 1201 3284 in
1232 3228 1535 3284 Samariam
1555 3270 1570 3295 ,
1595 3239 1642 3284 et
1680 3230 1992 3300 sepelierunt
2022 3247 2102 3286 re-

2206 3215 2316 3271 lata
2345 3231 2375 3270 a
2399 3217 2618 3288 propria
2648 3215 3042 3288 signiﬁcatione
3069 3216 3139 3271 ad
3179 3226 3289 3272 non
3329 3219 3613 3288 propriam
3643 3215 3795 3272 simi—

525 3333 641 3386 gem
679 3318 736 3372 in
781 3317 1054 3385 Samaria,
1097 3328 1146 3374 et
1196 3319 1434 3376 laverunt
1472 3338 1688 3376 currum
1717 3322 1860 3377 illius
1896 3323 1951 3378 in
1981 3322 2102 3379 lacu

529 3403 810 3474 Samariw,
839 3417 888 3462 et
934 3407 1265 3464 lambuerunt
1301 3428 1454 3466 canes
1483 3412 1538 3466 in
1584 3415 1840 3483 sanguine
1869 3415 1982 3482 eius
2015 3431 2100 3469 se-

529 3497 757 3554 cundum
791 3500 996 3554 verbum
1043 3501 1275 3568 Domini,
1304 3503 1444 3574 quod
1475 3503 1678 3559 locutus
1703 3515 1797 3571 est,
1845 3522 1936 3559 nec
1959 3522 2104 3560 men-

524 3588 616 3643 tiri
641 3592 826 3670 (potuit
868 3592 1082 3662 spiritus
1117 3593 1238 3660 Dei,
1274 3595 1364 3664 qui
1403 3602 1514 3649 erat
1558 3596 1613 3649 in
1653 3595 1828 3649 Helia.
1873 3593 2104 3670 Sanguis

524 3668 693 3746 enim,
724 3682 816 3752 qui
860 3682 1080 3739 deﬂuxit
1110 3685 1175 3739 de
1221 3699 1448 3756 corpore
1475 3685 1626 3754 ejus,
1660 3695 1714 3742 et
1763 3668 2004 3743 cucurrit
2045 3684 2102 3744 id

519 3768 723 3829 lectum
752 3789 963 3838 currus,
993 3775 1084 3856 qui
1113 3791 1178 3832 ex
1201 3776 1350 3831 corio
1379 3785 1500 3832 erat
1530 3793 1723 3851 magna
1753 3794 1880 3850 pars
1905 3795 2101 3851 corpo-

523 3863 602 3920 ris
628 3861 743 3932 ejus
771 3861 894 3932 fuit,
922 3875 976 3922 et
1003 3867 1106 3923 hoc
1135 3869 1478 3939 coagulatum
1500 3872 1654 3942 quasi
1681 3885 1892 3937 carnes,
1921 3885 2102 3927 come-

523 3957 718 4013 derunt
745 3973 930 4026 canes,
959 3967 1017 4014 et
1043 3960 1122 4016 sic
1149 3960 1428 4032 impletum
1466 3970 1569 4028 est,
1602 3963 1746 4033 quod
1775 3979 1964 4018 servus
1996 3955 2098 4017 Do-

529 4047 660 4102 mini
691 4048 869 4104 llelias
901 4057 1069 4106 totum
1097 4059 1282 4122 aperte
1315 4049 1599 4122 praedixit;
1633 4053 1716 4107 vel
1745 4051 1889 4122 quod
1918 4053 2100 4124 potius

523 4137 850 4192 credendum
898 4147 1012 4206 est,
1063 4155 1224 4196 canes
1273 4156 1398 4196 eum
1447 4141 1833 4208 comederunt,
1885 4143 2102 4213 quando

523 4225 674 4306 ﬁlios.
701 4226 834 4297 ejus,
879 4231 971 4300 qui
1017 4240 1072 4286 et
1112 4248 1242 4289 caro
1281 4229 1398 4302 ejus
1441 4231 1676 4300 fuerunt,
1727 4235 2098 4290 comederunt.

525 4318 679 4386 Quod
702 4334 828 4375 vero
851 4319 1001 4388 dicit,
1029 4309 1172 4392 quod
1194 4323 1510 4380 meretrices
1541 4340 1599 4380 se
1626 4323 1873 4380 laverunt
1899 4324 1952 4379 in
1977 4338 2102 4381 san—

525 4411 688 4480 guine
725 4407 861 4481 ejus,
891 4429 1002 4470 non
1031 4412 1100 4468 ob
1128 4403 1271 4469 aliud
1305 4397 1408 4472 hoc
1435 4400 1700 4486 iecerunt,
1739 4417 1843 4473 nisi
1874 4426 2100 4490 propter

523 4503 759 4576 aliquam
787 4505 1020 4577 magiam
1045 4509 1433 4578 peragendam.

769 4661 774 4671 ,
1197 4591 1408 4654 χχχιι.

592 4685 647 4758 (Ι
665 4685 698 4738 V
729 4685 854 4757 Reg.
883 4685 937 4743 5.
969 4686 1046 4760 l.)
1074 4686 1309 4759 Inquiris
1333 4705 1454 4761 quae
1483 4680 1554 4745 sit
1579 4690 1742 4759 salus,
1771 4707 1932 4762 quam
1956 4681 2100 4752 Deus

520 4792 618 4848 per
641 4777 880 4836 Naaman
908 4779 1207 4850 principem
1235 4779 1545 4837 contulerit.
1587 4781 1694 4837 Sed
1725 4781 1872 4838 nulla
1907 4785 2098 4840 melius

523 4869 864 4942 intelligenda
901 4879 1006 4940 est,
1049 4887 1211 4942 quam
1241 4871 1350 4941 illa,
1383 4889 1545 4946 quam
1572 4874 1685 4947 ipse
1713 4892 1811 4946 per
1838 4877 2100 4932 emunda-

523 4962 722 5019 tionem
754 4965 916 5036 leprze
946 4968 1192 5038 concepit
1222 4967 1274 5023 in
1307 4975 1508 5036 mente,
1535 4969 1750 5038 quando
1779 4985 1837 5024 se
1865 4986 2097 5042 spopon-

523 5054 602 5110 dit
631 5057 836 5112 nullum
857 5057 1023 5114 alium
1053 5059 1235 5115 colere
1263 5056 1453 5127 Deum,
1484 5060 1588 5116 nisi
1619 5060 1788 5116 Deum
1814 5061 2011 5133 Israel;
2045 5071 2100 5118 et

525 5144 598 5199 ita
640 5148 1007 5217 magnitudine
1047 5151 1295 5206 sanitatis
1325 5150 1464 5221 ejus,
1513 5162 1569 5209 et
1605 5153 1880 5224 praeconio
1905 5153 2100 5226 linguae

523 5235 667 5293 illius
709 5239 862 5295 multi
891 5242 1166 5300 derelictis
1201 5243 1381 5311 idolis,
1414 5244 1584 5300 Deum
1610 5243 1778 5302 Israel
1817 5254 2102 5318 coeperunt

523 5330 701 5387 colere
720 5332 894 5389 solum
922 5353 936 5390 :
961 5343 1016 5392 et
1042 5338 1158 5394 haec
1176 5337 1278 5393 fuit
1296 5339 1438 5396 salus
1461 5356 1623 5410 quam
1667 5339 1812 5396 Deus
1833 5355 1930 5411 per
1950 5339 2101 5396 illum

519 5421 670 5484 dedit
694 5424 884 5498 Syrias,
915 5429 1042 5500 quia
1069 5443 1257 5487 revera
1283 5429 1431 5488 nulla
1472 5432 1580 5489 alia
1607 5431 1730 5490 talis
1757 5431 1905 5490 salus
1929 5433 2104 5491 homi-

590 5575 632 5646 ﬁ
653 5566 786 5646 Quae
816 5569 908 5626 hie
937 5570 1240 5646 traduntur,
1265 5573 1402 5646 side
1424 5574 1576 5646 cultu
1604 5576 1848 5646 rigorose
1875 5581 2093 5646 sumpto

519 5639 876 5722 accipiantur,
897 5643 1178 5701 verissima
1197 5639 1343 5704 sunt.
1379 5644 1439 5702 Si
1463 5646 1532 5702 de
1554 5639 1702 5722 cult'u
1731 5647 1840 5722 late
1859 5639 2092 5722 sumptp.

522 5715 575 5764 in
605 5727 802 5788 eorum
819 5729 1045 5770 numero
1069 5725 1198 5788 sunt
1221 5757 1236 5782 ,
1271 5733 1391 5788 quae
1425 5718 1753 5786 reprehensa
1789 5717 1845 5772 in
1874 5715 2097 5773 Claudio

524 5790 670 5868 ﬁunt.
866 5799 987 5868 qua;
1029 5787 1226 5868 tradidi
1263 5783 1592 5868 numer-6‘24
1621 5797 1675 5843 et
1697 5804 1812 5857 seq.
1836 5788 2030 5859 capitis
2058 5787 2093 5842 5

524 5850 923 5915 dissertationis
964 5855 1018 5924 1.
1057 5856 1139 5915 De
1175 5853 1334 5915 Cultu
1374 5864 1674 5914 sanctorum
1717 5873 1739 5914 ε
1766 5850 1833 5915 ea
1856 5850 2092 5930 quoque,

2129 4560 2178 4621 D

2205 3307 2506 3374 litudinem,
2525 3315 2752 3364 ornatus
2797 3316 2852 3364 et
2870 3309 3210 3364 necessitatis
3238 3324 3432 3376 causa;
3461 3317 3595 3364 sunt
3611 3319 3790 3364 autem

2202 3403 2366 3474 tropi,
2391 3402 2663 3474 quilatine
2685 3403 2849 3471 modi,
2881 3401 2964 3460 vel
2985 3404 3152 3460 inores
3183 3405 3532 3476 interpretari
3548 3407 3781 3476 possunt

2205 3495 2636 3566 quatuordecim,
2665 3495 2860 3566 quibus
2873 3497 3188 3567 pr0positis,
3205 3511 3371 3550 unum
3393 3503 3461 3552 ex
3476 3497 3586 3552 illis
3599 3495 3666 3552 ad
3681 3511 3793 3552 me-

2203 3589 2346 3644 dium
2363 3589 2697 3656 deducimus,
2711 3587 2862 3658 cujus
2873 3605 3069 3645 nomen
3087 3591 3401 3662 metaphora
3413 3595 3516 3644 est.
3527 3589 3797 3660 Metaplto-

2204 3693 2264 3732 ra
2290 3673 2471 3734 autem
2493 3679 2691 3734 dicitur
2705 3693 2904 3745 rerum,
2926 3680 3324 3750 verborumque
3343 3680 3650 3746 translatio,
3670 3680 3789 3736 hac

2201 3761 2262 3828 iit
2289 3775 2462 3829 rhedis
2488 3784 2722 3845 quatuor
2747 3781 2761 3828 ἑ
2793 3775 2862 3830 ab
2888 3774 3110 3829 animali
3139 3775 3208 3830 ad
3232 3773 3464 3830 animale
3493 3775 3542 3828 δ.
3576 3773 3712 3830 Item
3735 3775 3792 3829 in

2201 3865 2340 3923 libro
2368 3865 2486 3924 Job.
2517 3869 2656 3940 (cap.
2681 3867 2734 3921 4.
2765 3867 2880 3940 l0):
2914 3860 3138 3940 flagitas
3165 3867 3350 3934 leonis,
3382 3877 3431 3922 et
3461 3883 3560 3922 vos:
3583 3865 3786 3930 latente,

2201 3967 2248 4014 et
2273 3957 2449 4014 dentes
2491 3961 2786 4014 catulorum
2809 3959 3016 4014 leonum
3049 3957 3257 4014 contriti
3289 3971 3427 4025 sunt,
3457 3967 3519 4014 ut
3544 3974 3642 4030 per
3666 3958 3791 4029 jam

2204 4055 2402 4110 dictam
2432 4057 2803 4126 metaphoram
2844 4055 3172 4127 intelligatur
3197 4055 3270 4109 ibi
3290 4054 3368 4108 leo
3393 4051 3512 4120 Job,
3539 4064 3593 4108 et
3617 4053 3790 4108 laena

2202 4162 2358 4212 uxor,
2383 4155 2437 4202 et
2464 4146 2640 4201 dentes
2659 4147 2950 4202 catulorum
2974 4145 3201 4212 leonum,
3227 4137 3341 4200 lilii.
3365 4145 3433 4200 Et
3455 4147 3508 4200 in
3530 4143 3790 4200 Psalmo:

2202 4235 2374 4308 (Psal.
2402 4237 2487 4290 ll.
2521 4237 2597 4307 1.)
2628 4235 2807 4302 Quare
2832 4238 3154 4308 fremuerunt
3187 4246 3360 4306 gentes
3393 4250 3410 4288 :
3440 4251 3556 4290 nam
3589 4245 3646 4289 et
3680 4236 3794 4289 ho-

2199 4328 2404 4392 mines,
2433 4336 2489 4382 et
2514 4328 2700 4382 bestia:
2726 4329 2818 4397 qui
2847 4326 3081 4383 fremere
3109 4329 3383 4395 dicuntur,
3419 4330 3651 4382 animam
3681 4326 3794 4381 ha-

2199 4417 2347 4474 bent.
2379 4405 2446 4472 Et
2474 4417 2528 4472 in
2554 4415 2824 4472 llicreinia
2850 4413 3122 4487 Pmpheta
3180 4417 3254 4490 (4.
3286 4417 3340 4489 7)
3371 4435 3385 4470 :
3427 4415 3671 4470 Ascendit
3699 4415 3788 4470 leo

2201 4509 2267 4563 de
2291 4509 2451 4564 cubili
2487 4525 2582 4564 suo
2610 4509 2687 4581 (id
2709 4515 2794 4565 est
2821 4507 3318 4563 Nabuchodonosor
3343 4509 3409 4563 de
3442 4505 3786 4576 Babylonia),

2203 4610 2250 4654 et
2275 4600 2454 4672 prwdo
2495 4601 2726 4670 gentium
2760 4615 2814 4654 se
2853 4597 3057 4654 levavit.
3088 4593 3198 4653 Leo
3226 4605 3281 4654 et
3323 4598 3504 4668 praedo
3543 4596 3789 4651 animam

2202 4691 2425 4746 habent.
2470 4689 2554 4745 Ab
2579 4688 2856 4745 inanimali
2893 4689 2962 4745 ad
3005 4687 3260 4757 animale,
3291 4693 3352 4742 ut
3372 4695 3458 4743 est
3486 4687 3620 4742 illud
3648 4679 3786 4760 (lu.

2201 4781 2410 4852 55.12)
2456 4800 2469 4836 :
2526 4786 2723 4837 inontes
2769 4775 3054 4837 cantabunt
3103 4785 3280 4836 corain
3325 4781 3436 4837 Deo
3479 4781 3715 4846 laudem,
3743 4789 3790 4836 ei

2201 4872 2380 4926 omnia
2425 4871 2569 4945 ligna
2615 4873 2869 4928 silvarum
2906 4871 3157 4943 plaudent
3197 4887 3380 4927 manu.
3434 4870 3684 4938 Montes,
3735 4877 3792 4926 et

2199 4963 2344 5035 ligna
2375 4963 2633 5020 silvarum
2686 4965 3000 5020 in'animalia
3051 4971 3182 5020 sunt
3228 4981 3242 5018 :
3295 4971 3517 5020 cantare
3543 4974 3700 5026 vero,
3735 4969 3790 5017 et

2200 5055 2450 5111 manibus
2470 5055 2746 5127 plaudere,
2775 5056 3023 5112 animalis
3047 5056 3138 5112 sit.
3168 5055 3251 5112 Ab
3275 5053 3552 5110 inanimali
3575 5054 3649 5109 ad
3673 5055 3788 5110 ina-

2201 5149 2430 5217 nimale;
2467 5151 2606 5206 sicut
2656 5149 2824 5207 habes
2874 5152 2930 5208 in
2973 5149 3244 5223 Propheta
3301 5146 3560 5221 scriptum
3593 5148 3784 5220 (lacn.

2203 5236 2290 5303 il.
2323 5245 2374 5320 I)
2406 5265 2418 5302 :
2466 5243 2622 5318 Aperi
2653 5245 2848 5303 Libane
2881 5259 3061 5319 portas
3107 5255 3248 5314 tuas,
3285 5248 3335 5302 ei
3375 5245 3609 5300 comedat
3647 5243 3788 5313 ignis

2204 5341 2389 5397 cedros
2415 5349 2530 5395 tuos
2547 5357 2569 5407 ;
2597 5341 2878 5396 translatio
2902 5350 2985 5396 est
3015 5342 3156 5396 enim
3185 5341 3250 5395 de
3278 5335 3496 5394 civitate
3523 5337 3588 5391 ad
3629 5349 3790 5390 mon-

2200 5438 2332 5502 tem,
2362 5449 2590 5504 quorum
2630 5433 2831 5488 nullum
2869 5433 3104 5488 animam
3137 5433 3303 5489 habet
3331 5443 3346 5485 :
3391 5437 3446 5486 et
3475 5427 3575 5484 hoc
3605 5428 3771 5498 ipsun

2201 5591 2325 5646 quae
2369 5589 2595 5630 numero
2641 5574 2675 5630 6
2704 5581 2759 5630 et
2793 5573 2823 5628 7
2853 5576 3045 5646 capitis
3089 5575 3123 5632 6
3168 5572 3568 5630 dissertationis
3617 5571 3676 5637 2,
3721 5571 3792 5626 de

2201 5647 2390 5703 eodem
2417 5646 2640 5702 Claudio
2664 5646 2840 5702 docui.

2273 5715 2301 5789 tt
2338 5715 2444 5770 Aut
2480 5715 2689 5787 aliquid
2709 5717 2880 5784 deest,
2911 5723 3004 5772 aut
3037 5713 3323 5789 legendum
3344 5715 3448 5782 εει,
3473 5711 3528 5770 id
3555 5719 3634 5768 est
3681 5707 3790 5767 ui-

2199 5787 2299 5858 sui,
2329 5797 2424 5845 aut
2448 5789 2572 5845 item
2599 5798 2672 5844 ut.
