4056 6350
306 470 418 528 829

826 442 833 447 ’
906 450 1369 529 QUIESTIOIVES
1406 432 1554 507 XXX
1592 449 1818 507 SUPER
1854 416 2099 504 unitos
2138 432 2401 507 necum.
2440 476 2510 490 -
2544 446 2748 505 LIBER
2784 443 2869 501 1v.

3447 434 3552 513 ssc

305 580 454 637 unde
477 579 817 644 interrogas:
850 568 998 626 Misit
1041 567 1172 622 Joas
1200 583 1290 620 rea:
1313 562 1483 619 Israel
1496 586 1501 633 ξ
1522 562 1591 617 ad
1613 561 1882 617 Amasiam
1907 563 1962 623 Α
1985 561 2248 617 destruxit
2272 563 2393 629 iste,
2437 560 2583 632 quod
2606 560 2715 614 Deo
2733 555 2959 627 iubente
2985 544 3191 612 fecerat
3211 555 3300 611 ille
3322 573 3335 644 ξ
3364 569 3428 611 ac
3451 570 3551 628 per

306 687 483 744 regem
507 667 651 725 Iuda
678 665 854 721 dicens
876 678 896 718 :
926 661 995 715 da
1018 659 1185 730 ﬁliam
1206 666 1350 713 tuam
1374 655 1486 725 ﬁlio
1504 671 1617 710 meo
1643 668 1881 718 uxorem,

305 775 369 821 ut
397 779 496 837 per
521 771 738 831 tropum
764 754 1053 827 allegoria,
1072 751 1197 807 Joas
1218 766 1313 808 rex
1342 764 1401 805 se
1427 749 1607 812 cedro,
1631 755 1684 803 et
1703 761 1885 818 regem

304 857 447 914 Iuda
490 854 695 910 carduo
743 846 1156 919 comparaverit,
1198 850 1253 900 et
1289 842 1545 914 populum
1589 856 1745 897 suum
1790 855 1888 911 per

307 948 558 1005 eamdem
586 939 1029 1014 significationem
1050 936 1238 993 bestiis
1266 935 1435 990 saltus
1464 934 1675 989 dicens:
1696 930 1891 986 Trans-

308 1011 798 1108 ieruntquebestia:
825 1011 1012 1095 saltas,
1036 1044 1152 1100 qua:
1192 1036 1315 1082 sunt
1351 1026 1406 1080 in
1436 1024 1653 1085 Libano,
1690 1031 1737 1076 et
1766 1039 1889 1076 con-

309 1106 644 1184 culcaverunt
673 1122 927 1179 carduum
955 1120 1031 1191 (id
1052 1124 1135 1173 est
1162 1113 1460 1187 Amasiam)
1494 1132 1507 1168 :
1537 1120 1591 1168 et
1629 1121 1751 1183 post
1776 1106 1892 1167 hac

308 1221 463 1277 addit
490 1218 594 1292 (IV
624 1217 749 1289 Reg.
778 1214 864 1269 M.
896 1212 1007 1284 10.)
1057 1230 1070 1266 :
1114 1210 1423 1292 Percutiens
1442 1205 1707 1262 invaluisti
1738 1219 1893 1276 super

308 1286 508 1376 Edam,
535 1318 583 1365 et
609 1286 889 1364 sublevavit
924 1314 972 1359 te
999 1319 1089 1359 cor
1129 1310 1279 1355 tuum
1309 1319 1319 1329 υ
1347 1286 1618 1354 contentus
1638 1306 1745 1350 esto
1773 1293 1890 1366 glo-

310 1405 398 1457 ria
427 1400 552 1466 tua',
578 1408 625 1454 et
651 1397 770 1455 sede
798 1398 854 1452 in
882 1395 1035 1450 domo
1064 1402 1186 1458 tua,
1213 1406 1374 1462 quare
1396 1404 1644 1459 provocas
1670 1383 1888 1451 malum,

308 1502 372 1546 ut
418 1492 578 1547 cadas
616 1499 706 1559 tu,
758 1498 807 1544 et
850 1487 1025 1543 Iudas
1073 1482 1280 1539 tecum?
1325 1489 1430 1538 etc.
1481 1479 1635 1549 Quod
1683 1477 1759 1534 ita
1807 1474 1892 1532 fa-

228 1634 239 1653 ,
311 1590 467 1638 ctum
493 1586 594 1637 est.

236 1690 249 1708 =
998 1666 1216 1722 XXXV.

390 1765 503 1837 (xv.
530 1762 644 1837 55.)
674 1760 851 1817 Movet
876 1750 930 1816 te
965 1778 978 1814 :
1010 1766 1065 1813 et
1091 1759 1196 1813 hoc
1226 1776 1239 1812 :
1279 1754 1389 1812 Cur
1414 1755 1479 1810 de
1508 1736 1740 1808 lonatha
1766 1762 1894 1819 rege

312 1856 454 1913 Juda
478 1854 771 1910 scribitur:
796 1851 918 1922 Ipse
938 1849 1215 1918 adiﬁcavit
1238 1856 1444 1920 portam
1467 1843 1651 1898 domus
1684 1838 1894 1895 Domini

311 1946 766 2003 sublimissimam.
803 1942 870 1997 Et
912 1948 1033 2012 post
1072 1938 1189 1994 hac
1227 1924 1479 1992 addidisti
1526 1952 1539 1987 :
1586 1929 1822 2002 nunquid
1861 1946 1894 1982 a

315 2036 601 2093 Salomone
653 2042 774 2089 ante
825 2030 1089 2100 wdiﬁcata
1140 2044 1245 2087 non
1286 2023 1500 2098 fuerat?
1555 2018 1639 2075 An
1700 2034 1895 2075 novam

313 2129 642 2194 construxit,
673 2135 728 2183 et
753 2124 954 2183 Israel?
976 2139 1084 2179 non
1107 2122 1252 2178 enim
1279 2134 1417 2175 nova
1447 2122 1760 2173 constructa
1790 2119 1892 2177 est,

314 2223 415 2279 sed
446 2223 562 2293 ipsa
584 2262 599 2288 ,
626 2235 747 2292 qua
777 2215 1161 2277 sublimissima
1189 2214 1318 2271 olim
1346 2204 1378 2267 a
1410 2208 1700 2293 Salomone
1729 2207 1897 2263 adiﬁ-

314 2324 440 2370 cata
466 2312 662 2377 fuerat,
689 2319 745 2369 et
767 2309 1137 2365 sublimissima
1160 2302 1478 2371 vocabatur,
1506 2294 1648 2359 hanc
1677 2288 1898 2357 inchoa-

316 2413 433 2461 tam
457 2404 755 2475 reparau'do
784 2401 839 2456 in
863 2400 1092 2459 sublime
1113 2396 1305 2453 erexit.

994 2490 1233 2547 XXXVI.

394 2585 503 2661 (IV
549 2585 681 2657 Reg.
739 2584 827 2643 l8.
878 2582 957 2659 4.)
1013 2582 1091 2638 De
1150 2572 1384 2637 Ezechia
1443 2576 1608 2637 etiam
1672 2578 1902 2649 inquiris

316 2697 418 2737 cur
471 2679 527 2735 in
594 2676 875 2750 Scriptura
918 2675 1130 2731 dicatur
1171 2671 1372 2739 divina,
1420 2664 1563 2744 quod
1612 2679 1901 2745 postquam

333 2769 619 2843 dissipavit
666 2767 898 2832 excelsa,
948 2776 1003 2823 et
1068 2766 1324 2822 contrivit
1376 2772 1607 2829 statuas,
1669 2769 1725 2818 et
1776 2777 1901 2818 suc-

318 2861 618 2920 ciditlucos
639 2901 654 2927 ,
707 2859 1079 2930 confregitque
1125 2863 1430 2928 serpentem
1466 2869 1708 2921 aeneum,
1740 2869 1903 2925 quem

335 2954 471 3009 fecit
535 2953 790 3037 Moyses,
854 2950 1172 3020 vocavitque
1230 2963 1353 3003 eum
1394 2960 1419 2987 ει
1482 2945 1684 3013 Nabas,
1757 2944 1901 3001 etc.?

321 3047 478 3119 Quod
523 3046 741 3119 quidem
777 3044 1002 3101 docente
1046 3041 1182 3097 Isaia
1228 3041 1499 3112 Pr0pheta
1544 3038 1737 3094 fecisse
1785 3053 1904 3094 cre-

323 3141 561 3197 dendum
592 3149 674 3195 est
701 3152 716 3193 :
745 3138 774 3178 1)
800 3138 976 3207 ipsum
1002 3136 1323 3206 interrogas,
1356 3132 1500 3204 quod
1520 3146 1619 3204 ego
1643 3128 1781 3187 scire
1809 3129 1905 3184 de-

324 3233 527 3289 sidero.
561 3230 619 3286 Si
657 3237 821 3297 esset,
864 3228 956 3298 qui
988 3227 1119 3283 mihi
1152 3225 1482 3292 ostenderet,
1520 3223 1899 3296 etymologiam

324 3325 564 3383 nominis
593 3324 753 3396 hujus
771 3362 787 3388 ,
814 3322 938 3392 quia
968 3335 1069 3376 nec
1094 3321 1145 3374 in
1181 3317 1530 3373 translatione
1557 3317 1777 3387 antiqua
1806 3314 1904 3370 ali-

327 3430 414 3478 ter
468 3422 572 3478 hoc
622 3418 886 3488 scriptum
936 3414 1113 3486 reperi
1166 3428 1364 3471 nomen
1411 3431 1423 3466 :
1491 3418 1716 3482 excepto
1759 3409 1906 3481 quod

328 3511 515 3568 Nabas
554 3525 779 3580 serpens
826 3508 1008 3577 lingua
1052 3504 1266 3561 illorum
1312 3503 1552 3571 dicitur;
1603 3500 1904 3563 novissima

327 3620 463 3662 vero
488 3592 692 3675 syllaba
731 3601 859 3673 quid
898 3600 1004 3665 sit,
1042 3598 1254 3655 nescire
1287 3612 1373 3653 me
1398 3597 1589 3651 fateor.
1628 3582 1725 3653 Est
1760 3595 1907 3649 enim

330 3698 436 3753 hoc
472 3707 726 3764 magnum
769 3692 1179 3755 documentum,
1214 3688 1355 3759 quod
1394 3687 1460 3743 ad
1498 3681 1908 3743 adiﬁcationem

329 3776 585 3843 Ecclesia
613 3781 878 3853 prolicere
906 3788 1110 3850 potest,
1155 3778 1198 3833 si
1228 3786 1342 3844 est,
1377 3778 1470 3847 qui
1517 3778 1620 3833 hoc
1663 3774 1909 3833 animad-

330 3884 545 3932 vertere
565 3873 752 3945 possit,
775 3886 943 3944 quare
971 3870 1233 3925 Ezechias
1259 3883 1383 3924 cum
1405 3884 1597 3939 magna
1625 3866 1706 3923 sui
1729 3866 1906 3934 laude,

334 3976 501 4039 atque
524 3965 746 4039 pramio
776 3965 1079 4023 animarum
1104 3976 1203 4033 pro
1227 3960 1397 4016 salute
1423 3959 1713 4025 destruxit,
1747 3975 1909 4029 quem

336 4060 409 4115 ad
438 4059 659 4115 salutem
700 4057 844 4112 illius
863 4054 1041 4129 populi
1066 4053 1273 4127 Moyses
1309 4054 1419 4108 Deo
1435 4052 1659 4121 iubente
1688 4051 1908 4107 fecerat.

336 4148 473 4217 Quis
494 4148 636 4205 enim
662 4148 869 4205 nesciat
897 4147 1112 4217 Moysen
1144 4142 1363 4215 majoris
1383 4158 1503 4199 esse
1525 4142 1724 4208 meriti,
1748 4157 1911 4212 quam

337 4240 628 4296 Ezechiam
659 4238 878 4310 regem?
913 4238 989 4292 De
1013 4236 1191 4308 Moyse
1217 4235 1361 4290 enim
1396 4234 1453 4289 in
1482 4234 1619 4289 libro
1654 4232 1916 4288 Numero-

341 4347 461 4387 rum
507 4332 644 4389 dixit
692 4330 950 4408 Dominus
994 4326 1322 4393 ad‘Aaron,
1367 4334 1422 4381 et
1471 4325 1693 4381 Mariam
1722 4324 1912 4396 (Num.

343 4422 437 4480 12.
461 4420 539 4495 6.)
567 4436 581 4476 :
614 4419 805 4476 Audite
835 4419 991 4475 verba
1017 4436 1133 4475 mea
1162 4434 1181 4477 .°
1210 4416 1267 4473 Si
1292 4418 1451 4489 fuerit
1477 4415 1744 4488 Propheta
1780 4417 1917 4474 inter

341 4530 451 4581 vos,
479 4513 535 4567 in
559 4512 756 4568 visione
792 4509 871 4570 illi
895 4509 1150 4565 Dominus
1177 4525 1493 4580 ,cognoscar,
1530 4508 1585 4562 in
1612 4507 1814 4567 somnio
1839 4506 1918 4563 lo-

1986 655 2091 711 hoc
2110 650 2304 725 magna
2331 653 2625 710 auctoritas
2646 652 2749 706 ista
2774 647 3020 705 habenda
3036 647 3192 702 estin
3212 632 3470 711 Ecclesia,
3494 655 3555 703 ut

1986 744 2033 799 si
2066 742 2306 798 nonnulli
2332 758 2398 798 ex
2422 740 2865 815 pracessoribus,
2893 736 2979 794 vel
3022 735 3317 807 majoribus
3352 737 3555 795 nostris

1985 834 2232 893 fecerunt
2251 836 2452 906 aliqua,
2479 851 2598 907 qua
2620 834 2833 889 illorum
2856 840 3097 904 tempore
3120 845 3242 886 esse
3259 818 3554 900 potuerunt

1987 929 2103 984 sine
2126 928 2301 998 culpa,
2338 918 2393 984 et
2418 927 2758 1001 postmodum
2792 933 3074 980 vertuntur
3109 924 3165 979 in
3204 934 3464 988 errorem,
3503 932 3558 979 et

1988 1010 2442 1093 superstitionem,
2472 1020 2589 1075 sine
2618 1016 2869 1072 tarditate
2898 1016 3096 1086 aliqua,
3120 1025 3175 1071 et
3211 1030 3335 1071 cum
3365 1030 3559 1088 magna

1988 1104 2309 1169 auctoritate
2331 1126 2360 1165 a
2381 1110 2611 1183 posteris
2640 1110 2986 1165 destruantur
3010 1118 3055 1160 ο.

2476 1221 2740 1286 xxxvu,
2799 1204 3079 1277 xxxvui.

2062 1313 2319 1386 Superest
2367 1314 2524 1371 nobis
2577 1312 2853 1383 inquisitio
2896 1294 3201 1367 necessaria
3227 1352 3241 1376 ,
3286 1292 3411 1365 licet
3452 1324 3559 1364 non

1988 1408 2152 1464 fuerit
2171 1407 2521 1482 interrogatio
2549 1416 2659 1471 tua,
2685 1405 2952 1475 quomodo
2978 1403 3155 1460 divina
3184 1403 3397 1460 insonet
3420 1400 3565 1457 Scri-

1988 1506 2148 1569 ptura
2196 1496 2301 1571 (IV
2346 1496 2475 1567 Reg.
2522 1496 2607 1550 i9.
2654 1493 2766 1565 55.)
2808 1512 2821 1548 :
2868 1492 3019 1559 Quod
3060 1509 3292 1563 egressus
3335 1489 3563 1571 Angelus

1989 1589 2205 1646 Domini
2258 1587 2512 1659 percussit
2563 1585 2628 1640 de
2685 1584 2914 1640 exercitu
2952 1582 3303 1659 Assyriorum
3356 1568 3565 1635 centum

1991 1658 2295 1751 octuaginta
2354 1680 2579 1751 quinque
2648 1677 2837 1733 millia.
2900 1658 2969 1730 Et
3030 1670 3217 1751 Daniel
3291 1673 3561 1745 Propheta

1994 1776 2071 1831 ait
2123 1776 2200 1847 (6.
2255 1750 2373 1845 22.)
2420 1792 2433 1828 :
2487 1750 2631 1826 Misit
2674 1769 2928 1825 Dominus
2985 1750 3236 1836 Angelum
3285 1779 3459 1828 suum,
3519 1769 3567 1815 et

1994 1865 2248 1921 conclttsit
2290 1881 2384 1919 ora
2430 1863 2660 1918 leonum.
2706 1860 2775 1913 Et
2813 1859 2867 1913 in
2910 1856 3124 1913 Psalmo
3170 1853 3447 1925 trigesimo
3471 1849 3569 1924 lse-

1997 1958 2172 2013 eundo
2230 1953 2427 2027 (Psal.
2492 1952 2579 2007 55.
2625 1949 2747 2023 8),
2799 1947 3092 2006 secundum
3144 1943 3569 2001 emendatiorem

1996 2045 2407 2102 translationem
2433 2061 2446 2097 :
2476 2041 2733 2097 Immittet
2769 2037 2997 2109 Angelus
3020 2035 3234 2089 Domini
3263 2036 3317 2088 in
3346 2032 3568 2088 circuitu

1997 2138 2285 2195 timentium
2315 2152 2433 2190 eum
2455 2175 2469 2199 ,
2500 2144 2547 2189 et
2576 2133 2757 2203 eripiet
2788 2147 2894 2186 eos.
2934 2129 3003 2184 Et
3037 2126 3142 2181 alia
3168 2125 3336 2181 multa
3382 2124 3468 2179 his
3502 2122 3575 2178 si-

1996 2230 2163 2296 milia,
2190 2237 2244 2283 et
2270 2226 2653 2282 excellentiora
2685 2221 2948 2293 exempla.
2985 2216 3114 2289 Quae
3159 2219 3202 2274 sl
3240 2229 3431 2273 cuncta
3477 2232 3575 2288 per

1996 2323 2243 2391 ordinem
2290 2320 2583 2390 Scriptura
2646 2316 2841 2375 divina
2896 2313 3163 2385 replicare
3205 2309 3533 2365 voluerimus
3559 2348 3573 2374 ,

1997 2420 2124 2468 ante
2148 2411 2281 2476 vita,
2322 2425 2484 2479 quam
2520 2423 2698 2464 sermo
2740 2405 2975 2462 deficiet.
3019 2402 3046 2443 ά
3092 2400 3246 2471 Quod
3274 2400 3419 2457 enim
3454 2398 3579 2453 mit-

1999 2511 2184 2561 tantur
2228 2501 2421 2571 Angeli
2466 2501 2536 2556 ab
2578 2515 2685 2566 eo,
2730 2498 2821 2568 qui
2858 2488 3057 2566 ubique
3095 2502 3206 2560 est,
3256 2499 3312 2548 et
3355 2489 3575 2556 coelum,

1999 2603 2309 2664 terramque
2344 2592 2530 2663 implet
2554 2632 2570 2660 ,
2604 2606 2712 2648 non
2740 2589 2881 2644 mole
2899 2628 2914 2654 ,
2946 2586 3039 2643 Sed
3065 2574 3297 2664 virtute,
3324 2583 3465 2637 sicut
3491 2596 3581 2635 ve-

1998 2687 2153 2752 ritas,
2186 2654 2242 2740 et
2264 2654 2525 2754 sapientia
2551 2654 2786 2737 iacntem
2811 2677 2963 2753 (Sap.
2990 2677 3041 2731 8.
3068 2654 3169 2746 ί),
3194 2674 3284 2746 qui
3310 2672 3517 2743 attingit
3544 2688 3576 2724 a

2000 2779 2102 2849 ﬁne
2137 2793 2298 2849 usque
2324 2776 2394 2830 ad
2432 2775 2591 2845 ﬁnem
2639 2772 2863 2844 fortiter,
2896 2780 2943 2827 et
2973 2756 3204 2840 diSponit
3237 2766 3415 2822 omnia
3444 2780 3572 2819 sua-

2001 2870 2173 2926 viter:
2219 2886 2237 2918 ‹
2271 2868 2336 2924 de
2360 2880 2468 2937 quo
2491 2863 2779 2934 Apostolus
2812 2859 3232 2915 Atheniensibus
3263 2851 3580 2937 pradicavit

2003 2959 2188 3015 dicens
2209 2957 2348 3029 (Act.
2378 2932 2600 3011 17.23.
2626 2954 2714 3007 es.
2739 2948 2868 3006 Vide
2891 2944 3043 3020 caput
3072 2948 3136 3029 te
3157 2946 3292 3001 alias
3315 2932 3458 2999 num.
3485 2942 3577 3007 es,

2004 3046 2124 3104 libri
2164 3026 2228 3107 rvi
2246 3046 2310 3104 de
2333 3042 2519 3103 Cenes.
2548 3044 2617 3099 ad
2645 3038 2894 3112 litteram)
2927 3058 2939 3093 :
2975 3036 3043 3092 In
3075 3026 3168 3091 illo
3196 3034 3441 3117 vivimus,
3464 3032 3579 3117 mo-

2002 3155 2202 3205 vemur,
2244 3146 2292 3193 et
2319 3152 2522 3191 sumus.
2560 3132 2788 3204 Liquide
2828 3128 3139 3200 cogitatum,
3174 3112 3448 3205 quantum
3486 3114 3583 3175 bu-

2003 3246 2166 3286 mana
2190 3243 2342 3285 mens
2366 3225 2528 3292 valet,
2560 3224 2780 3294 adjuvat
2799 3223 2940 3277 hanc
2974 3202 3319 3280 senteniiam,
3335 3214 3439 3285 qua
3463 3226 3581 3267 cre-

2007 3322 2204 3388 dimus,
2233 3325 2287 3374 et
2310 3316 2544 3373 dicimus
2570 3315 2737 3369 Deum
2768 3310 2951 3377 in-his,
2982 3323 3102 3380 qua
3122 3296 3347 3369 creavit,
3381 3301 3585 3356 indesi-

2004 3418 2198 3467 nenter
2243 3404 2477 3478 operari.
2532 3402 2718 3472 Neque
2771 3399 2916 3454 enim
2971 3396 3230 3468 tanquam
3282 3389 3583 3448 Stibstantia

2005 3501 2143 3572 ejus,
2183 3499 2262 3556 sic
2302 3499 2357 3553 in
2396 3486 2489 3550 illo
2525 3506 2734 3572 sumus,
2761 3487 3216 3563 quemadmodum
3254 3483 3458 3538 dictum
3500 3487 3587 3536 est

2008 3570 2190 3669 (Ῐοαη.
2213 3590 2265 3647 5.
2290 3586 2405 3662 26.)
2438 3607 2450 3641 :
2485 3570 2638 3653 Quod
2668 3582 2854 3640 habeat
2882 3581 3041 3636 vitam
3071 3580 3126 3633 iit
3153 3576 3463 3644 semetipso:
3488 3573 3583 3630 sed

2007 3665 2195 3757 utique
2225 3697 2348 3739 cum
2373 3678 2518 3735 aliud
2548 3676 2737 3742 simus,
2767 3689 2931 3746 quam
2958 3672 3095 3743 ipse,
3126 3685 3231 3724 non
3261 3667 3331 3723 ob
3357 3665 3501 3724 aliud
3530 3665 3585 3720 in

2009 3755 2322 3839 illo‘sumus,
2338 3770 2442 3827 nisi
2460 3768 2585 3842 quia
2607 3768 2661 3822 id
2674 3774 2950 3836 operatur,
2968 3761 3138 3842 ethoc
3151 3765 3234 3813 est
3252 3773 3388 3827 opus
3408 3755 3524 3826 ejus
3537 3766 3560 3794 ο
3570 3796 3585 3821 ,

2009 3862 2152 3943 quod
2175 3837 2415 3918 continet
2443 3837 2715 3924 oinnia,et
2740 3870 2846 3925 quo
2873 3851 2990 3921 ejus
3021 3837 3295 3919 Sapientia
3314 3847 3453 3902 sicut
3474 3845 3588 3913 jam

2011 3936 2213 4013 dictum
2233 3961 2319 4009 est
2338 3948 2559 4025 (Sap.28.
2578 3947 2675 4019 1.),
2696 3936 2952 4016 pertendit
2977 3960 3009 3995 a
3028 3936 3132 4015 [ine
3153 3936 3315 4010 usque
3345 3937 3413 3991 ad
3429 3938 3588 4007 finem

2012 4048 2237 4120 fortiter,
2269 4054 2317 4100 et
2346 4041 2573 4115 disponit
2604 4036 2779 4094 omnia
2805 4030 3051 4091 suaviter.
3086 4031 3189 4087 Per
3213 4040 3374 4102 qnam
3406 4030 3588 4098 dispo-

2014 4142 2265 4199 sitionem
2316 4136 2452 4210 (Act.
2496 4134 2585 4189 ΓΙ.
2608 4128 2724 4202 28.)
2782 4128 2838 4183 in
2885 4120 2977 4181 illo
3024 4124 3263 4189 vivimus,
3303 4126 3587 4186 moventur,

2013 4243 2063 4290 et
2090 4248 2268 4290 sumus
2295 4247 2313 4286 :
2340 4228 2481 4285 unde
2528 4222 2816 4296 colligitur,
2847 4216 2991 4289 Quod
3034 4214 3081 4274 si
3119 4214 3223 4270 hoc
3258 4229 3392 4284 opus
3434 4224 3593 4267 suum

2015 4308 2179 4383 rebus
2226 4308 2577 4384 subtraxerit,
2625 4330 2727 4372 nec
2775 4312 3044 4377 vivemus,
3088 4322 3189 4363 nec
3233 4296 3591 4367 movebimur,

2017 4433 2119 4474 nec
2159 4405 2362 4475 erimus
2394 4406 2440 4465 ἲ.
2484 4408 2595 4464 Nec
2640 4404 2785 4462 enim
2821 4403 2937 4476 ipse
2974 4398 3219 4456 diabolus
3263 4398 3293 4452 a
3329 4396 3596 4466 poteState

2018 4503 2403 4578 omnipotentis
2432 4488 2641 4557 alienus
2666 4502 2748 4552 est
2768 4537 2782 4563 ,
2813 4509 2938 4555 nam
2969 4490 3025 4548 et
3065 4484 3283 4560 maligni
3318 4484 3461 4578 unde
3490 4483 3591 4537 ali-

342 4564 577 4676 quar—ad
906 4618 1009 4657 non
1034 4601 1109 4654 ita
1149 4564 1382 4670 famulus
1405 4564 1549 4653 meus
1569 4564 1799 4668 Moyses,
1827 4616 1906 4673 qui

2024 4564 2235 4669 cunque
2260 4582 2667 4669 subsisterent,
2692 4584 2860 4642 vitam
2886 4598 2995 4637 non
3024 4576 3318 4642 haberent,
3359 4564 3461 4629 nisi
3498 4587 3598 4645 per

2333 4678 2340 4685 ³
2388 4682 2432 4685 ““
2688 4677 2700 4685 ⁸
2792 4674 2836 4685 “⁹
2936 4672 2970 4685 ἰ
3150 4684 3159 4685 κ
3194 4666 3331 4685 hs---
3368 4660 3598 4685 j---_.al‘

342 4697 398 4751 in
425 4704 534 4749 tota
563 4694 717 4749 domo
744 4709 857 4751 mea
881 4691 1217 4763 ﬁdelissimus
1242 4700 1315 4745 est
1338 4704 1356 4744 :
1384 4707 1440 4744 os
1469 4689 1537 4743 ad
1565 4690 1620 4744 os
1647 4688 1833 4762 loquar
1854 4695 1923 4750 ad

344 4787 495 4844 illum
518 4802 536 4842 ι
558 4788 614 4845 in
636 4787 824 4859 specie,
850 4795 898 4841 et
928 4803 1030 4841 non
1052 4786 1107 4840 in
1145 4786 1419 4857 amigmate
1452 4784 1736 4840 Dominum
1764 4787 1922 4843 videt.

344 4882 484 4950 Quia
525 4882 668 4936 enim
712 4886 1039 4950 serpentem,
1072 4892 1231 4949 quem
1269 4876 1479 4947 Moyses
1525 4876 1666 4931 sicut
1704 4875 1820 4946 jam
1847 4878 1927 4932 di-

346 4982 494 5029 ctum
520 4981 624 5036 est,
662 4970 773 5027 Deo
802 4970 1024 5041 jubente
1054 4967 1277 5036 fecerat,
1308 4980 1376 5021 ne
1414 4967 1723 5038 serpentina
1752 4977 1926 5025 morte

345 5063 577 5135 populus
607 5062 830 5135 periret,
869 5076 1015 5127 eum,
1052 5074 1214 5131 quem
1241 5058 1383 5114 Deus
1410 5057 1526 5113 ﬁeri
1544 5057 1802 5129 iusserat,
1829 5072 1926 5129 po-

348 5156 508 5228 pulus
552 5156 667 5226 ipse
705 5153 954 5213 venerari
980 5192 994 5217 ,
1035 5159 1091 5206 et
1146 5150 1322 5205 colere
1352 5157 1655 5219 caperuut,
1696 5156 1751 5204 ct
1781 5164 1926 5203 mor-

350 5257 461 5304 tem
500 5263 664 5318 quam
721 5243 1088 5317 temporaliter
1133 5249 1386 5312 parentes
1428 5241 1640 5295 illorum
1688 5239 1755 5293 ad
1790 5247 1927 5293 tem-

349 5352 454 5410 pus
496 5345 821 5402 evaserunt,
853 5335 1027 5390 denuo
1077 5330 1363 5395 morituri,
1392 5329 1479 5383 isti
1532 5336 1921 5398 perceperunt,

353 5429 410 5485 in
469 5430 787 5502 perpetuum
861 5426 919 5482 in
980 5424 1159 5479 anima
1228 5420 1525 5488 morituri;
1589 5422 1646 5475 et
1721 5418 1926 5476 idcirco

425 5600 454 5658 9
478 5586 706 5658 Vulgata
734 5600 750 5658 ξ
784 5582 1075 5658 Nohestan.

426 5656 457 5701 δ
494 5658 553 5715 lu
576 5651 711 5713 l'saia
730 5656 841 5709 hac
867 5671 971 5709 non
996 5651 1219 5708 invenio.

358 5798 363 5802 _
428 5738 453 5769 ο
495 5710 680 5784 Iit—bch
697 5710 865 5783 estex
888 5723 955 5781 iis
979 5723 1127 5789 locis,
1153 5718 1245 5792 qui
1265 5716 1320 5777 in
1341 5710 1562 5777 Claudio
1579 5718 1776 5779 merito
1805 5731 1927 5774 sus-

353 5809 547 5874 pectus
570 5802 671 5852 est.

429 5868 458 5910 ἀ
498 5870 629 5936 Quae
667 5872 964 5938 sequuntur
1008 5862 1418 5938 ab__Augustino
1461 5844 1932 5938 e_xceipsit__Clau'-_-

361 5928 629 6008 diusfsed
664 5928 773 5996 non
809 5953 879 5996 ex
920 5950 1031 5993 uno
1076 5928 1233 6007 libro'
1248 5939 1442 5992 cuncta
1474 5928 1794 6003 desumpsit,
1835 5928 1930 5987 sed

2025 4660 2268 4759 eum-qui
2295 4678 2528 4741 viviﬁcat
2556 4677 2757 4736 omnia.
2792 4674 2903 4729 Nec
2935 4672 3007 4726 ita
3038 4684 3169 4725 sane
3194 4666 3335 4721 Deus
3362 4660 3601 4719 deseruit

2024 4754 2267 4841 eamdem
2316 4775 2599 4847 reprobam
2649 4764 2944 4842 angelicam
2970 4768 3279 4818 creaturam
3331 4754 3507 4821 suain,
3539 4761 3601 4810 ut

2026 4889 2134 4931 non
2180 4885 2240 4928 se
2269 4869 2344 4925 illi
2369 4846 2649 4925 exhiberet
2687 4860 2856 4915 Deum
2886 4862 3185 4917 creantem,
3224 4856 3279 4906 et
3311 4846 3596 4903 vivifican-

2027 4974 2159 5029 tem,
2189 4970 2243 5019 et
2272 4962 2415 5019 inter
2440 4950 2675 5029 poenalia
2703 4950 2864 5014 mala,
2902 4945 3067 5003 etiam
3099 4944 3239 4998 bona
3275 4939 3431 4997 malis
3457 4935 3597 4992 mul-

2028 5065 2144 5115 tum
2168 5057 2515 5126 praestantem
2544 5047 2711 5117 (num.
2751 5039 2886 5113 22.).
2929 5033 3203 5094 Creatoris
3244 5043 3477 5100 namque
3505 5042 3601 5098 po-

2027 5120 2195 5206 tentia
2234 5151 2289 5200 et
2332 5135 2750 5210 omnipotentis,
2796 5137 2956 5203 atque
3001 5121 3382 5183 omnitenentis
3428 5120 3603 5173 virtus

2027 5254 2194 5296 causa
2218 5230 2545 5292 subsistendi
2572 5235 2658 5283 est
2696 5228 2721 5267 5
2752 5220 2930 5280 omnis
2959 5226 3247 5282 creatura,
3276 5229 3394 5286 qua
3424 5211 3597 5266 virtus

2028 5330 2096 5385 ab
2121 5328 2218 5393 eis,
2251 5340 2368 5396 qua
2394 5327 2576 5377 creata
2605 5324 2751 5381 sunt,
2778 5311 3051 5384 regendis,
3082 5309 3129 5365 si
3159 5305 3452 5378 aliquando
3483 5318 3603 5357 ces-

2028 5427 2194 5486 saret,
2224 5394 2384 5474 simul
2408 5418 2464 5469 et
2501 5409 2715 5469 illorum
2751 5406 3029 5463 cessarent
3058 5400 3287 5470 species,
3316 5394 3601 5464 omnisque

2032 5592 2101 5633 ex
2162 5572 2346 5628 variis.
2395 5565 2660 5626 Nonnulla
2688 5558 2975 5636 Augustini
3010 5560 3128 5615 loca
3175 5552 3442 5622 Indicabo,
3485 5564 3607 5625 qua

2035 5644 2282 5702 consulat
2310 5643 2526 5697 Lector.

2108 5727 2131 5755 θ
2172 5716 2338 5785 Εάἰι.,
2361 5728 2480 5785 quo.

2109 5785 2135 5897 ξ
2171 5768 2387 5913 ἓῖξιὶένξ
2410 5783 2658 5847 obsecro,
2688 5776 2865 5837 locum
2888 5775 3033 5833 hunc
3060 5780 3183 5837 cum
3207 5768 3370 5829 edito.
