4056 6350
496 390 595 450 831

1564 376 1839 437 CLAUDII
1875 369 2335 432 TAURINENSIS
2371 368 2676 427 EPISCOPI

3648 377 3752 435 83!

491 514 689 565 natura
710 477 1038 559 concideret.
1078 498 1263 570 Neque
1283 497 1428 553 enim
1454 496 1593 551 sicut
1622 501 1859 549 structor
1878 490 2075 545 aedium
2101 488 2155 551 Α
2177 483 2546 555 corporalium
2600 482 2962 537 clarissimum
3021 482 3225 548 lumen,
3266 481 3425 554 eique
3470 484 3587 540 vim
3631 503 3756 543 con-

493 585 627 656 cum.
641 594 1002 658 fabricaverit,
1035 592 1296 656 abscedit,
1321 598 1482 659 atque
1507 594 1752 642 cessante
1775 584 1886 649 illo,
1908 592 2070 653 atque

494 689 819 747 abscedente
862 694 968 741 stat
997 700 1133 755 opus
1159 681 1297 751 ejus,
1340 683 1414 736 ita
1441 680 1695 745 mundus,
1737 692 1763 719 α
1797 687 1853 734 et
1893 676 2071 733 omnis

493 790 743 839 creatura
770 779 883 835 sive
902 777 1151 842 visibilis,
1177 776 1291 831 sive
1312 773 1615 839 invisibilis,
1648 773 1762 827 sive
1788 785 2069 841 corporea,

493 878 608 933 sive
636 872 951 945 spiritualis,
977 870 1059 926 vel
1089 870 1201 925 ictu
1228 867 1370 923 oculi
1399 874 1545 921 stare
1565 881 1672 919 non
1694 864 1915 935 poterit,
1945 863 1992 917 si
2020 863 2071 919 ei

493 972 637 1027 Deus
676 969 918 1040 regimen
952 966 1035 1023 sui
1075 964 1440 1028 subtraxerit,
1471 963 1565 1033 qui
1599 961 1750 1018 novit
1779 961 2071 1033 quiescens

493 1077 674 1134 agere,
701 1071 756 1115 et
785 1074 948 1130 agens
974 1058 1274 1130 quiescere,
1302 1065 1588 1128 potestque
1618 1055 1683 1109 ad
1716 1069 1848 1125 opus
1872 1069 2072 1109 novum

492 1169 604 1210 non
631 1167 832 1208 novum
858 1150 1116 1207 adhibere
1152 1148 1438 1203 consilium
1464 1147 1512 1199 δ.
1548 1146 1651 1213 Qui
1689 1162 1813 1201 cum
1836 1152 2067 1212 crearet,

492 1263 603 1302 non
631 1252 716 1300 est
741 1242 984 1299 defessus
1004 1282 1018 1307 ,
1058 1255 1161 1296 nec
1198 1255 1320 1295 cum
1351 1239 1616 1304 cessavit,
1647 1237 1884 1293 refectus
1910 1255 1923 1291 :
1954 1237 2072 1292 sine

493 1340 751 1412 qualitate
782 1339 977 1404 bonus,
1002 1335 1119 1391 sine
1156 1334 1461 1405 quantitate
1496 1348 1747 1404 magnus,
1784 1332 1901 1386 sine
1931 1331 2068 1385 indi-

440 1484 445 1495 ,
494 1430 671 1502 gentia
699 1435 933 1492 creator,
964 1427 1081 1481 sine
1105 1425 1212 1480 situ
1243 1438 1503 1493 praesens,
1532 1423 1648 1477 sine
1674 1422 1862 1477 habitu
1889 1421 2072 1476 omnia

433 1502 449 1559 τ’
494 1522 799 1593 continens,
824 1520 941 1575 sine
967 1518 1085 1574 loco
1118 1517 1316 1586 ubique
1337 1524 1502 1582 totus,
1527 1516 1645 1569 sine
1667 1524 1911 1585 tempore
1933 1529 2074 1569 sem-

436 1620 437 1623 ‘
491 1614 766 1686 piternus,
806 1613 924 1668 sine
949 1610 1059 1667 ulla
1094 1610 1177 1666 sui
1206 1609 1507 1664 mutatione
1547 1607 1815 1663 mirabilia
1844 1607 2071 1673 faciens,

491 1707 737 1779 nihilque
763 1705 995 1775 patiens,
1022 1714 1044 1743 ο
1077 1703 1244 1757 habet
1264 1699 1481 1771 quidem
1511 1699 1750 1763 nuntios,
1770 1699 1823 1753 id
1854 1707 1938 1753 est
1964 1698 2072 1752 An-

491 1798 661 1868 gelos,
692 1812 800 1852 non
834 1805 1015 1850 tamen
1059 1800 1164 1859 est,
1208 1800 1269 1847 ut
1302 1791 1505 1860 aliquid
1533 1790 1602 1854 ei,
1646 1790 1790 1859 quod
1837 1788 2068 1868 nesciat,

2172 591 2380 649 gruam,
2413 583 2468 629 et
2500 582 2705 629 motum
2732 574 2877 629 dedit
2906 591 2919 627 :
2949 574 3040 644 qui
3072 574 3205 644 ipsis
3230 576 3395 630 etiam
3422 575 3620 633 inferis
3652 579 3750 635 do-

2172 671 2525 727 minationem
2548 685 2725 729 suam.
2746 675 3176 740 potestatemque
3195 684 3303 724 non
3318 671 3595 727 subtrahit
3620 691 3634 727 :
3662 674 3755 744 qui

2172 771 2466 834 semina,-et
2486 768 2738 824 alimenta
2761 767 3067 822 mortalium
3088 768 3201 823 sive
3221 768 3391 834 arida,
3406 768 3523 825 sive
3546 769 3753 839 liquida

2171 861 2380 918 naturis
2409 860 2839 929 competentibus
2875 859 3137 913 attributa
3167 858 3440 915 substituit
3480 878 3493 914 :
3527 862 3624 931 qui
3651 870 3761 917 ter-

2169 968 2284 1008 ram
2314 952 2519 1018 fundat,
2542 959 2702 1020 atque
2747 949 2998 1005 fecundat
3026 968 3038 1003 :
3064 948 3385 1019 qu'Lfructus
3405 950 3522 1020 ejus
3551 952 3760 1005 anima-

2168 1046 2330 1113 libus,
2362 1046 2773 1114 bominibusque
2800 1043 3026 1115 largitur
3058 1061 3071 1097 :
3108 1044 3201 1113 qui
3225 1058 3418 1099 causas
3442 1059 3555 1098 non
3582 1043 3758 1098 solum

2168 1139 2510 1211 principales,
2533 1138 2628 1193 sed
2647 1138 2808 1191 etiam
2837 1135 3412 1206 subsequentesnovit,
3434 1143 3603 1205 atque
3615 1136 3761 1191 ordi-

2172 1240 2266 1287 nat
2285 1251 2297 1287 :
2323 1231 2414 1300 qui
2430 1230 2569 1285 luna:
2589 1228 2777 1284 statuit
2797 1227 3015 1281 modum
3032 1242 3187 1281 suum
3206 1244 3220 1279 :
3243 1226 3335 1295 qui
3355 1226 3473 1281 vias
3483 1227 3756 1293 caelestes,

2174 1332 2336 1392 atque
2372 1329 2662 1377 terrestres
2696 1320 2937 1374 locorum
2969 1317 3355 1373 mutationibus
3383 1319 3597 1387 praebet
3619 1359 3633 1383 ,
3666 1320 3759 1388 qui

2172 1414 2423 1470 humanis
2453 1412 2683 1483 ingeniis
2701 1451 2716 1477 ,
2746 1426 2866 1481 qua:
2892 1408 3116 1473 creavit,
3146 1408 3311 1463 etiam
3340 1408 3633 1463 scientiam
3674 1424 3762 1462 ar-

2172 1507 2308 1563 tium
2340 1506 2615 1561 variarum
2658 1504 2726 1558 ad
2766 1500 3125 1573 adjuvandam
3160 1501 3359 1567 vitam,
3401 1508 3762 1570 naturamque

2174 1598 2442 1655 concessit
2485 1611 2501 1650 :
2543 1595 2636 1667 qui
2672 1592 3106 1662 coniunctionem
3146 1592 3315 1647 maris
3352 1600 3408 1646 et
3454 1590 3675 1646 femina:
3696 1593 3762 1645 ad

2174 1690 2501 1760 adjutorium
2542 1686 2901 1759 pronagandae
2928 1685 3096 1755 prolis
3132 1684 3409 1739 instituit:
3444 1684 3537 1755 qui
3578 1683 3759 1738 homi-

2174 1798 2303 1838 num
2330 1781 2580 1845 ccetibus,
2618 1781 2642 1818 ⁸
2666 1778 2811 1848 quod
2834 1776 2989 1839 focis,
3013 1782 3069 1830 et
3090 1774 3387 1829 luminibus
3413 1774 3760 1837 adhiberent,

492 1856 813 1941 annuntient
853 1904 865 1938 :
903 1900 1013 1939 non
1059 1882 1203 1936 enim
1240 1888 1369 1935 sunt
1392 1856 1501 1933 ulla
1529 1856 1944 1949 quae—nesciat;
1974 1877 2071 1933 sed
2096 1878 2145 1938 B
2171 1876 2238 1930 ad
2262 1873 2546 1928 facillimos
2571 1885 2704 1926 usus
2725 1884 2919 1924 munus
2950 1867 3151 1922 terreni
3180 1867 3319 1937 ignis
3344 1866 3592 1920 indulsit.
3637 1865 3763 1920 Haec

490 1978 690 2033 bonum
740 1991 929 2031 eorum
981 1982 1092 2039 est,
1151 1972 1219 2027 de
1254 1970 1508 2042 operibus
1548 1970 1679 2025 suis
1714 1967 1995 2025 consulere
2039 1968 2069 2009 «ι

490 2068 773 2123 veritatem
797 2085 810 2120 :
836 2074 892 2121 et
916 2067 1022 2120 hoc
1041 2070 1125 2118 est
1147 2062 1290 2132 quod
1314 2062 1361 2115 ei
1379 2059 1631 2117 dicuntur
1652 2060 1909 2114 nonnulla
1932 2075 2073 2115 nun-

492 2158 650 2222 tiare,
668 2173 777 2212 non
800 2163 860 2209 ut
886 2155 1001 2224 ipse
1028 2155 1095 2208 ab
1113 2152 1193 2207 eis
1210 2151 1410 2215 'discat,
1438 2150 1533 2204 sed
1563 2159 1623 2203 ut
1648 2149 1716 2203 ab
1739 2150 1828 2203 illo
1850 2150 1952 2220 ipsi
1974 2164 2074 2221 per

491 2249 714 2303 verbum
768 2247 884 2316 ejus
927 2244 1045 2299 sine
1101 2242 1366 2311 corporali
1414 2256 1546 2296 sono
1603 2240 1855 2295 nuntient
1907 2241 2073 2296 etiam

491 2339 637 2408 quod
658 2336 889 2391 voluerit
909 2335 976 2389 ab
1003 2347 1067 2388 eo
1096 2333 1249 2387 missi
1277 2333 1345 2387 ad
1372 2347 1508 2411 qups
1535 2331 1788 2397 voluerit,
1803 2338 1976 2386 totum
2004 2332 2074 2386 ab

493 2430 603 2494 illo,
635 2443 735 2499 per
768 2426 898 2481 illud
930 2425 1156 2481 verbum
1193 2424 1310 2493 ejus
1348 2423 1647 2488 audientes,
1678 2423 1733 2477 id
1763 2431 1848 2478 est
1872 2423 1929 2477 in
1955 2423 2075 2493 ejus

493 2521 718 2591 veritate
748 2518 1084 2574 invenientes
1114 2514 1243 2586 quid
1272 2515 1375 2571 sibi
1410 2515 1738 2581 faciendum,
1764 2515 1914 2585 quid,
1956 2515 2077 2585 qui-

492 2613 610 2678 bus,
638 2613 871 2683 quando
922 2611 1228 2665 nuntiatum
1282 2610 1370 2664 sit.
1416 2608 1553 2662 Nam
1602 2618 1659 2664 et
1705 2625 1803 2665 nos
1852 2624 2074 2668 oramus

492 2720 614 2761 eum
637 2747 652 2772 ,
684 2721 785 2761 nec
814 2712 995 2760 tamen
1026 2703 1386 2759 necessitates
1414 2710 1628 2757 nostras
1654 2706 1910 2758 docemus
1950 2717 2075 2758 eum

496 2795 655 2850 Novit
694 2796 831 2851 enim
879 2794 977 2867 (ait
1002 2794 1239 2850 Verbum
1280 2793 1398 2863 ejus
1440 2792 1656 2864 [Matth.
1694 2792 1748 2857 6,
1788 2793 1842 2859 8,
1880 2800 1928 2846 et
1957 2792 2072 2865 '52.]

492 2897 642 2958 pater
660 2897 844 2953 vester,
866 2888 992 2958 quid
1017 2888 1160 2942 vobis
1192 2903 1541 2941 necessanum
1563 2888 1630 2940 sit
1655 2887 1962 2957 priusquam
1989 2903 2077 2956 pe-

495 2977 619 3030 tatis
655 2977 719 3030 ab
759 2993 819 3031 eo
851 2993 869 3030 :
902 2993 1003 3031 nec
1031 2977 1135 3031 ista
1163 2992 1231 3031 ex
1258 2975 1439 3045 aliquo
1465 2983 1706 3044 tempore
1725 2975 1998 3045 cognovit,
2016 2982 2077 3029 ut

493 3073 705 3132 nosset,
744 3067 838 3122 sed
873 3065 1056 3120 futura
1097 3066 1276 3119 omnia
1320 3064 1666 3135 temporalia,
1711 3072 1873 3134 atque
1899 3065 1958 3119 in
1996 3065 2077 3121 eis

494 3148 656 3213 etiam
685 3158 843 3228 quid,
881 3164 939 3212 et
968 3157 1182 3225 quando
1221 3158 1289 3212 ab
1317 3157 1407 3212 illo
1433 3156 1653 3227 petituri
1677 3155 1985 3222 fueramus,
2022 3163 2076 3210 et

2175 1973 2355 2020 autem
2401 1963 2547 2027 facit,
2587 1968 2749 2030 atque
2780 1960 2892 2030 agit
2914 1973 3053 2012 unus
3081 1971 3246 2011 verus
3275 1957 3419 2011 Deus
3450 1974 3462 2009 :
3499 1954 3593 2011 sed
3617 1957 3763 2010 sicut

2173 2058 2339 2122 Deus,
2363 2056 2418 2111 id
2439 2063 2522 2110 est
2542 2055 2743 2123 ubique
2762 2060 2928 2117 totus,
2954 2050 3129 2106 nullus
3160 2050 3401 2105 inclusus
3425 2050 3582 2113 locis,
3600 2050 3764 2105 nullis

2172 2150 2402 2206 vinculis
2432 2148 2698 2219 alligatus,
2728 2146 2784 2200 in
2824 2144 3000 2199 nullas
3027 2152 3211 2213 partes
3240 2143 3467 2209 sectilis,
3505 2159 3573 2198 ex
3615 2141 3762 2196 nulla

2170 2250 2325 2313 parte
2352 2240 2646 2305 mutabilis,
2676 2238 2906 2308 implens
2930 2238 3129 2293 caelum
3151 2247 3207 2292 et
3233 2246 3461 2302 terram,
3487 2245 3762 2306 praesente

2173 2334 2436 2405 potentia,
2473 2348 2582 2388 non
2618 2332 2895 2402 indigente
2922 2337 3137 2385 natura.
3184 2329 3275 2384 Sic
3305 2331 3488 2400 itaque
3526 2330 3761 2385 admini—

2175 2434 2312 2482 strat
2353 2426 2554 2491 omnia,
2607 2438 2727 2493 quae
2755 2423 2982 2489 creavit,
3024 2432 3087 2477 ut
3135 2423 3298 2478 etiam
3343 2423 3459 2492 ipsa
3511 2423 3765 2493 proprios

2175 2533 2433 2574 exercere
2461 2558 2475 2584 ,
2504 2524 2559 2571 et
2588 2530 2747 2587 agere
2772 2523 2951 2570 motus
2976 2515 3137 2569 sinat.
3170 2514 3429 2581 Quamvis
3452 2514 3604 2567 enim
3633 2513 3765 2568 nihil

2177 2624 2298 2665 esse
2353 2608 2565 2679 possint
2608 2607 2724 2662 sine
2770 2606 2911 2677 ipso,
2952 2621 3058 2661 non
3104 2614 3230 2660 sunt
3269 2606 3413 2674 quod
3457 2605 3598 2675 ipse.
3641 2604 3765 2674 Agit

2177 2708 2355 2756 autem
2386 2698 2557 2754 multa
2603 2698 2766 2753 etiam
2806 2712 2903 2766 per
2950 2697 3202 2769 Angelos,
3235 2697 3330 2753 sed
3355 2696 3574 2751 nonnisi
3606 2712 3675 2750 ex
3707 2711 3764 2750 se

2177 2794 2296 2864 ipso
2322 2790 2601 2846 beatiﬁcat
2625 2788 2877 2858 Angelos.
2914 2787 2995 2841 lta
3025 2787 3274 2857 quamvis
3296 2794 3522 2857 propter
3552 2786 3766 2854 aliquas

2177 2901 2367 2941 causas
2392 2884 2699 2939 hominibus
2719 2883 2952 2953 Angelos
2980 2882 3178 2947 mittat,
3196 2896 3305 2936 non
3335 2889 3517 2935 tamen
3551 2895 3619 2935 ex
3653 2880 3764 2933 An-

2177 2977 2311 3048 gelis
2334 2977 2603 3040 homines,
2646 2975 2740 3030 sed
2769 2990 2835 3029 ex
2866 2989 2923 3029 se
2959 2975 3092 3044 ipso,
3131 2974 3271 3029 sicut
3298 2974 3556 3044 Angelos,
3587 2973 3765 3028 beati-

2178 3068 2327 3125 ficat.
2361 3068 2444 3122 Ab
2472 3068 2577 3123 hoc
2600 3083 2709 3122 uno
2739 3077 2794 3121 et
2813 3081 2939 3123 vero
2968 3066 3078 3121 Deo
3101 3082 3380 3136 speramus
3400 3067 3573 3121 vitam
3609 3077 3769 3121 aeter-

2176 3178 2305 3217 nam
2338 3180 2350 3215 :
2394 3162 2656 3216 habemus
2683 3161 2828 3215 enim
2857 3160 2924 3215 ab
2954 3160 3044 3215 illo
3082 3168 3281 3230 praeter
3315 3158 3630 3228 hujusmodi
3676 3161 3767 3239 be:

493 3267 660 3324 quos,
701 3258 757 3306 et
798 3252 863 3306 de
892 3251 1087 3320 quibus
1114 3251 1277 3305 rebus
1318 3248 1403 3303 vel
1435 3249 1820 3314 exauditurus,
1848 3248 1933 3303 vel
1961 3262 2069 3303 non
2101 3221 2146 3283 δ
2179 3255 2391 3320 neﬁcia,
2447 3270 2567 3324 quae
2617 3269 2685 3309 ex
2732 3254 2872 3317 hac,
2928 3253 2993 3308 de
3037 3268 3143 3322 qua
3193 3252 3451 3307 nonnulla
3502 3228 3764 3317 diximus,

494 3344 844 3399 exauditurus
869 3351 1033 3408 esset,
1062 3343 1179 3397 sine
1204 3341 1358 3396 initio
1388 3348 1513 3395 ante
1537 3340 1829 3411 praescivit.
1893 3350 1917 3378 ο
1940 3338 2073 3394 Uni-

496 3450 681 3490 versas
706 3443 885 3489 autem
911 3442 1189 3489 creaturas
1221 3448 1378 3499 suas,
1409 3441 1466 3488 et
1493 3432 1801 3501 spirituales
1819 3473 1833 3499 ,
1863 3439 1918 3486 et
1947 3447 2075 3509 cor-

496 3527 711 3599 porales
738 3542 845 3581 non
890 3526 1019 3595 quia
1064 3535 1209 3592 sunt,
1257 3526 1380 3580 ideo
1427 3526 1598 3591 novit,
1642 3525 1737 3580 sed
1789 3526 1910 3579 ideo
1946 3533 2073 3581 sunt

496 3618 622 3688 quia
651 3615 819 3681 novit,
847 3630 956 3670 non
976 3615 1121 3670 enim
1163 3614 1410 3680 nescivit,
1442 3629 1578 3683 quas
1601 3611 1825 3679 fecerat,
1858 3622 2075 3669 creatu-

495 3723 608 3763 rus.
650 3706 786 3774 Quia
818 3705 1006 3771 scivit,
1053 3706 1275 3771 creavit,
1307 3720 1413 3759 non
1456 3705 1582 3775 quia
1602 3704 1836 3770 creavit,
1868 3705 2029 3760 scivit
2059 3723 2072 3760 :

2175 3345 2643 3401 administratione
2686 3352 2914 3409 naturze,
2960 3344 3140 3408 bonis,
3191 3343 3457 3414 malisque
3505 3343 3761 3415 largitur,

2175 3453 2463 3510 magnum,
2494 3444 2551 3493 et
2578 3438 2843 3492 bonorum
2883 3435 3162 3505 proprium
3206 3450 3412 3506 magnas
3454 3434 3769 3491 dilectionis

2176 3528 2454 3583 indicium.
2500 3525 2820 3595 Quanquam
2842 3524 3006 3590 enim,
3041 3525 3183 3593 quod
3214 3538 3419 3587 sumus,
3449 3525 3595 3592 quod
3623 3524 3768 3579 vivi-

2177 3636 2334 3685 mus,
2373 3620 2519 3690 quod
2553 3606 2751 3674 (italum
2796 3626 3106 3686 terramque
3158 3615 3523 3686 conspicimus
3552 3614 3574 3681 ,‘
3620 3616 3766 3685 quod

2177 3709 2441 3765 habemus
2467 3715 2721 3773 mentem,
2754 3715 2918 3777 atque
2938 3707 3225 3770 rationem,
3269 3721 3375 3776 qua
3400 3722 3527 3761 cum
3558 3705 3763 3776 ipsum,

495 3794 597 3856 nec
622 3801 777 3855 aliter
816 3815 882 3855 ea
929 3800 1087 3855 scivit
1111 3808 1323 3867 creata,
1358 3815 1519 3869 quam
1558 3800 1792 3854 ereanda
1819 3798 1839 3838 τ
1881 3819 1893 3853 :
1933 3802 2077 3856 hunc
2178 3800 2269 3869 qui
2300 3800 2416 3854 haec
2453 3799 2633 3853 omnia
2681 3797 2961 3864 condidit,
3006 3798 3375 3867 inquiramus,
3411 3812 3765 3867 nequaquam

495 3893 640 3948 enim
668 3891 841 3946 Deum
874 3890 1101 3947 colimus
1129 3889 1378 3962 (docente
1412 3906 1511 3945 nos
1542 3889 1826 3959 Scriptura
1871 3890 2073 3964 divina)
2177 3889 2452 3945 valeamus
2498 3889 2697 3943 actioni
2746 3887 2992 3943 suﬂicere
3038 3888 3336 3959 gratiarum
3359 3928 3375 3955 ,
3407 3897 3590 3944 tamen
3617 3889 3764 3959 quod

496 3985 586 4055 qui
632 3982 842 4038 naturis
868 3998 899 4036 a
928 3997 987 4038 se
1024 3983 1221 4038 creatis
1255 3991 1311 4037 et
1339 3982 1684 4047 subsistcndi,
1724 3990 1779 4036 et
1821 3982 2078 4037 movendi
2177 3995 2276 4035 nos
2305 3987 2587 4045 oneratos,
2619 3980 2950 4047 obrutosque
2974 3979 3244 4047 peccatis,
3277 3988 3331 4035 et
3370 3995 3402 4033 a
3429 3980 3766 4051 contempla-

500 4073 675 4138 tnitia,
713 4074 954 4143 finesque
979 4073 1259 4128 constituit
1291 4092 1302 4127 :
1336 4074 1428 4144 qui
1459 4088 1641 4127 rerum
1669 4088 1861 4128 causas
1890 4074 2074 4139 habet,
2177 4071 2324 4125 tione
2357 4086 2468 4125 suae
2492 4069 2628 4124 lucis
2657 4084 2897 4133 aversos,
2919 4083 2983 4123 ac
3027 4069 3403 4134 tenebrarum,
3443 4068 3497 4123 id
3533 4078 3620 4123 est
3662 4069 3767 4124 ini-

501 4163 670 4227 novit,
717 4170 878 4230 atque
906 4163 1141 4232 disponit
1168 4181 1180 4215 :
1206 4162 1298 4232 qui
1340 4162 1449 4216 vim
1484 4162 1751 4217 seminum
1787 4162 2028 4217 condidit
2055 4176 2070 4216 :
2176 4160 2398 4229 quitatis
2423 4159 2711 4214 dilectione
2733 4166 2982 4224 caecatos,
3007 4173 3116 4213 non
3135 4159 3356 4214 omnino
3379 4159 3641 4224 deseruit,
3669 4161 3768 4215 mi-

501 4256 592 4326 qui
616 4253 937 4310 rationalem
975 4256 1231 4321 animam,
1255 4270 1375 4326 quae
1399 4254 1598 4309 dicitur
1620 4255 1856 4319 animus,
1882 4255 2077 4323 quibus
2176 4249 2356 4318 sitque
2409 4248 2565 4302 nobis
2618 4249 2856 4303 Verbum
2904 4264 3079 4314 suum,
3136 4249 3225 4318 qui
3272 4257 3356 4304 est
3398 4248 3516 4319 ejus
3563 4250 3763 4306 unicus

502 4345 688 4411 voluit,
723 4345 1030 4400 viventibus
1059 4344 1249 4400 indidit
1280 4359 1295 4397 :
1334 4346 1424 4415 qui
1452 4346 1719 4402 sermonis
1741 4345 2072 4413 facultatem,
2178 4341 2343 4405 illius,
2371 4358 2478 4411 quo
2505 4357 2603 4412 pro
2626 4343 2782 4397 nobis
2807 4350 3085 4413 assumpta
3110 4359 3274 4399 carne
3295 4353 3446 4411 nato,
3483 4361 3548 4401 ac
3574 4362 3759 4416 passo,

502 4451 764 4506 usumque
787 4435 1007 4489 donavit
1031 4450 1046 4488 :
1071 4436 1163 4505 qui
1193 4452 1386 4492 munus
1409 4435 1588 4491 futura
1618 4437 1852 4503 dicendi,
1880 4438 2078 4508 quibus
2177 4434 2367 4504 quanti
2402 4433 2544 4490 Deus
2580 4435 2854 4490 hominem
2894 4423 3171 4506 penderet,
3201 4451 3570 4503 noscercmus,
3599 4448 3765 4510 atque

502 4527 722 4597 placuit,
773 4526 1050 4596 spiritibus
1100 4527 1416 4597 impertivit,
1464 4537 1519 4583 et
1567 4543 1665 4598 per
1711 4544 1845 4598 quos
1876 4528 2074 4598 placet,
2100 4580 2152 4599 Ἀ
2178 4526 2271 4582 illo
2302 4526 2567 4583 sacrificio
2591 4527 2886 4598 singulari,
2918 4542 2949 4582 a
2977 4528 3217 4599 peccatis
3241 4529 3493 4584 omnibus
3524 4531 3763 4585 munda—

502 4616 669 4672 malas
698 4615 1033 4670 valetudines
1076 4615 1227 4685 pellit
1258 4631 1272 4669 :
1305 4617 1397 4686 qui
1436 4616 1701 4671 bellorum
1744 4632 1957 4687 quoque
1997 4615 2154 4688 ip-"
2179 4633 2401 4686 remur,
2457 4619 2683 4690 ejusque
2722 4619 2915 4688 spiritu
2951 4619 3007 4674 in
3067 4620 3324 4675 cordibus
3370 4621 3576 4675 nostris
3627 4621 3764 4677 dile-

502 4722 706 4773 sorum,
746 4722 869 4762 cum
915 4707 995 4761 sic
1033 4707 1450 4772 emendandum,
1483 4718 1536 4761 et
1574 4709 1947 4778 castigandum
1993 4718 2079 4765 est
2179 4712 2360 4766 ctione
2394 4709 2606 4774 ditl‘usa,
2656 4710 2907 4765 omnibus
2947 4708 3350 4766 difﬁcultatibus
3380 4713 3677 4782 superatis,
3709 4714 3763 4767 in

508 4800 678 4871 genus
706 4799 1022 4865 humanum,
1061 4800 1319 4863 exordiis,
1352 4796 1744 4870 progressibus,
1774 4801 2080 4879 ﬁnibusque
2178 4808 2437 4855 aeternam
2483 4800 2761 4868 requiem,
2809 4808 2865 4853 et
2915 4801 3385 4872 contemplationis
3428 4801 3549 4872 ejus
3576 4803 3768 4858 ineﬂ'a-

504 4891 855 4946 moderatur:
889 4891 980 4960 qui
1018 4891 1203 4945 mundi
1245 4887 1402 4957 hujus
1452 4891 1629 4961 ignem
1665 4892 2080 4947 vehementissi—
2176 4889 2340 4944 bilem
2365 4888 2704 4943 dulcedinem
2745 4888 3055 4943 veniremus
3102 4908 3115 4942 :
3170 4905 3290 4959 qua:
3334 4890 3528 4956 corda,
3574 4892 3603 4932 ιι
3643 4908 3766 4962 quae

504 4999 670 5047 mum,
702 4994 758 5039 et
778 4983 1228 5039 violentissimum
1262 4997 1363 5052 pro
1393 4982 1669 5037 immensae
1699 4991 1907 5037 natura:
1939 4992 2079 5039 tem-
2177 4981 2374 5052 lingua:
2400 4980 2469 5036 ad
2515 4980 2752 5051 agendas
2805 4981 2854 5036 ei
2896 4981 3098 5052 gratias
3142 4981 3274 5038 satis
3306 4997 3427 5038 esse
3470 4984 3767 5039 contende-

502 5081 818 5144 peramento
867 5081 923 5128 et
968 5073 1194 5138 creavit,
1237 5079 1293 5125 et
1343 5072 1500 5141 regit,
1556 5072 1648 5141 qui
1703 5073 2076 5127 universarum
2187 5074 2297 5127 rint
2342 5074 2399 5127 i?
2437 5092 2456 5126 ι
2490 5073 2633 5129 Deus
2661 5074 2846 5143 itaque
2874 5089 3117 5130 summus
3156 5083 3212 5130 et
3237 5092 3400 5134 verus
3426 5093 3553 5133 cum
3584 5079 3764 5134 Verbo

505 5176 767 5231 aquarum
793 5172 1027 5231 creator,
1050 5175 1105 5218 et
1128 5164 1459 5236 gubernator
1481 5172 1565 5217 est
1597 5164 1728 5233 :qui
1759 5164 1927 5219 solem
1950 5163 2080 5220 fecit
2184 5184 2303 5237 suo,
2353 5177 2408 5223 et
2452 5166 2657 5239 Spiritu
2700 5176 2908 5235 sancto,
2955 5170 3048 5240 qui
3093 5170 3193 5228 tria
3230 5188 3398 5228 unum
3441 5183 3593 5240 sunt,
3622 5172 3763 5228 Deus

578 5310 603 5339 ει
639 5298 697 5352 In
732 5299 877 5354 edito
912 5299 1195 5371 Augustini
1219 5299 1338 5355 loco
1380 5299 1575 5371 desunt
1616 5298 1731 5371 hare
1769 5317 1781 5351 :
1822 5307 1871 5352 et
1909 5299 2077 5353 omnis

507 5379 745 5423 creatura
771 5371 875 5424 sive
918 5369 1213 5439 invisibilis,
1252 5372 1357 5425 sive
1395 5369 1630 5436 visibilis,
1672 5370 1779 5424 sive
1806 5386 2074 5440 corporea,

507 5441 613 5493 sive
637 5440 947 5495 spiritualis.

579 5510 606 5549 ι)
646 5508 803 5564 Num.
857 5510 927 5565 25
969 5525 1085 5580 cap.
1134 5512 1217 5565 14.
1263 5510 1491 5579 Reliqua
1526 5525 1592 5565 ex
1635 5509 1756 5565 aliis
1796 5508 2082 5580 Augustini

508 5580 644 5635 locis
665 5581 886 5636 collecta
915 5590 1059 5635 sunt.
1083 5580 1347 5650 Compara
1376 5582 1490 5636 haec
1511 5595 1632 5637 cum
1656 5581 1743 5647 iis,
1775 5596 1894 5651 qum
1920 5580 2084 5635 tradit

507 5651 987 5724 Augustinus_cap._
1019 5650 1087 5706 50
1117 5651 1239 5705 libri
1260 5652 1420 5724 viride
1453 5652 1691 5724 Civitate.

585 5721 617 5762 ε’
647 5739 717 5777 xv
742 5728 806 5776 de
840 5721 1115 5786 Trinitate,
1140 5738 1258 5791 cap.
1286 5722 1373 5787 15,
1410 5739 1464 5777 n.
1491 5723 1579 5778 22.

583 5792 611 5833 δ
647 5793 875 5849 Additur
901 5792 983 5846 hic
1014 5792 1296 5847 veritatem.
1340 5824 1351 5855 ρ

593 5874 618 5905 ι
651 5865 861 5923 Rursus
884 5862 918 5922 6
948 5861 1013 5921 de
1041 5861 1314 5932 Trinitate,
1346 5873 1464 5933 cap.
1490 5860 1577 5930 10,
1607 5873 1754 5919 num.
1786 5856 1877 5916 tl.

2259 5304 2280 5344 ί
2319 5303 2448 5379 Quae
2491 5311 2790 5379 sequuntur
2829 5306 2897 5379 ad
2926 5321 3177 5379 magnam
3203 5317 3412 5379 partem
3459 5326 3528 5366 ex
3571 5311 3765 5366 eodem

2181 5374 2481 5450 Augustino
2506 5374 2801 5450 desumpsit
2824 5374 3094 5450 Claudius.
3123 5374 3389 5450 Compara
3416 5380 3597 5437 locum
3620 5381 3766 5439 hunc

2184 5446 2308 5557 cur‘n
2324 5448 2513 5583 (eligi?
2532 5447 2601 5502 50
2631 5446 2755 5501 libri
2783 5463 2859 5503 vu
2885 5448 2950 5503 de
2975 5446 3213 5504 Civitate.

2255 5587 2282 5628 b

2262 5588 2282 5627 ιι

2262 5659 2280 5737 ξ
2316 5588 2721 5737 gggsequentia
2754 5661 3004 5737 videntur
3026 5678 3094 5737 ex
3127 5664 3428 5737 Aygustino
3456 5665 3765 5737 desumpta,

2188 5726 2283 5785 sed
2316 5726 2537 5812 locum,—
2565 5731 2622 5787 in
2645 5748 2754 5803 quo
2790 5732 2909 5791 lucc
2942 5736 3125 5793 tradat
3161 5726 3468 5807 S.'Doctor,
3489 5726 3770 5812 hactenus

2193 5814 2305 5858 non
2328 5813 2529 5860 mvem.
