4056 6350
297 368 407 426 855
1257 363 1574 423 ΡΒᾸΞΕΑΤ.
1613 366 1683 422 IN
1719 365 1907 424 CATE.‘

1983 364 2050 422 LM
2096 367 2321 425 SUPER
2357 367 2616 425 MATTH.
3017 375 3029 381 ’
3430 377 3546 445 854

296 464 442 537 unus
468 478 830 549 omnipotens,
863 487 1098 547 creator,
1132 490 1188 537 et
1212 481 1388 538 factor
1416 485 1592 541 omnis
1613 484 1874 555 corporis,
1903 486 1958 547 Α
1981 490 2036 537 et
2063 497 2238 553 graece
2261 482 2477 554 proprie
2501 492 2523 521 ο
2549 480 2707 535 (atria
2737 480 2951 546 dicitur,
2990 495 3055 538 ea
3082 481 3111 524 ἀ
3141 483 3462 555 signiﬁcata,
3493 496 3551 544 et

298 576 456 647 cujus
494 586 621 633 sunt
660 579 716 633 in
759 580 1167 651 participatione
1208 581 1390 639 felices
1420 597 1465 650 ι,
1503 586 1595 656 qui
1621 586 1750 641 fecit
1780 588 1878 643 ho—
1975 578 2319 648 Pronuntiala
2349 574 2499 643 sum;
2526 591 2646 646 quae
2682 583 2902 647 ριόριθι·
2922 582 3180 632 aeternam
3216 580 3381 634 Vitam
3418 580 3551 636 ﬁde-

297 668 503 724 minem
555 670 873 725 rationalem
906 687 973 727 ex
1008 673 1210 740 anima,
1249 683 1305 729 et
1337 689 1583 746 corpore,
1626 678 1719 747 qui
1753 694 1879 734 eum

296 768 635 831 peccantem,
683 776 785 815 nec
818 760 1139 831 impunitum
1165 780 1285 820 esse
1316 767 1591 835 permisit,
1633 783 1733 823 nec
1763 769 1880 823 sine

295 851 672 906 misericordia
702 850 1010 922 dereliquit,
1060 855 1152 924 qui
1194 856 1371 922 bonis,
1414 865 1469 911 et
1505 856 1660 913 malis
1698 874 1881 913 essen-

296 942 428 996 tiam
457 943 622 997 etiam
662 957 786 997 cum
834 943 1123 1013 lapidibus,
1167 947 1334 1001 vitam
1367 948 1680 1003 seminalem
1716 950 1881 1004 etiam

295 1047 422 1087 cum
449 1032 754 1097 arboribus,
790 1033 956 1088 vitam
986 1036 1289 1092 sensualem
1316 1038 1478 1093 etiam
1517 1055 1638 1094 cum
1668 1041 1880 1110 pecori-

295 1122 420 1188 bus,
451 1122 617 1176 vitam
653 1124 1072 1182 intellectualem
1092 1144 1218 1183 cum
1248 1130 1375 1184 solis
1405 1130 1625 1201 Angelis
1654 1133 1818 1199 dedit,
1850 1148 1882 1188 a

294 1230 406 1285 quo
433 1222 516 1269 est
544 1216 721 1270 omnis
745 1218 956 1282 modus,
991 1221 1168 1275 omnis
1203 1223 1432 1292 species,
1463 1227 1640 1279 omnis
1666 1228 1818 1290 ordo,
1853 1242 1885 1282 a

293 1319 405 1373 quo
433 1313 516 1358 est
540 1320 812 1372 mensura,
855 1324 1131 1376 numerus,
1161 1314 1391 1380 pondus,
1424 1330 1455 1369 a
1484 1330 1590 1385 quo
1616 1326 1699 1372 est
1725 1318 1884 1387 quid-

294 1398 428 1467 quid
477 1398 800 1454 naturaliter
830 1399 1195 1473 cujuscunque
1226 1407 1440 1475 generis
1469 1416 1571 1474 est,
1602 1410 1886 1479 cujuslibet

294 1486 673 1544 aestimationis
720 1497 822 1557 est,
873 1508 904 1545 a
959 1508 1066 1561 quo
1124 1503 1250 1548 sunt
1302 1496 1509 1551 semina
1563 1496 1881 1566 formarum,

294 1576 486 1633 formze
530 1581 819 1644 seminum,
849 1590 1029 1637 motus
1062 1585 1328 1640 seminum
1358 1596 1519 1657 atque
1564 1587 1880 1655 formarum,

296 1675 391 1745 qui
413 1674 582 1742 dedit,
608 1678 833 1745 et‘carni
859 1678 1145 1749 originem,
1172 1681 1653 1749 pulchritudinem,
1680 1684 1884 1738 valetu-

297 1766 480 1821 dinem
506 1809 519 1832 ,
571 1771 972 1840 propagationis
1020 1772 1405 1830 fecunditatem
1430 1818 1445 1842 ,
1517 1778 1883 1833 membrorum

299 1859 728 1928 dispositionem,
755 1864 984 1919 salutem
1021 1868 1343 1934 concordiae,
1371 1870 1464 1939 qui
1494 1879 1549 1925 et
1578 1873 1771 1927 animae
1809 1873 1885 1927 ir—
1910 1858 1959 1919 Β

296 1951 551 2005 rationali
588 1952 735 2006 dedit
781 1956 1119 2023 memoriam,
1158 1972 1396 2025 sensum,
1435 1962 1760 2030 appetitum,
1797 1979 1884 2018 ra-

297 2040 485 2096 tionali
528 2050 708 2097 autem
752 2045 975 2115 insuper
1020 2048 1408 2104 misericordiae
1449 2051 1880 2122 intelligentiam,

297 2131 636 2188 voluntatem
672 2152 683 2187 :
718 2134 811 2203 qui
838 2152 946 2192 non
975 2137 1148 2192 solum
1172 2138 1370 2193 cmlum
1390 2181 1404 2206 ,
1433 2149 1489 2196 et
1513 2151 1714 2197 terram
1737 2185 1751 2210 ,
1780 2160 1883 2200 nec

297 2224 473 2279 solum
513 2224 811 2297 Angelum,
855 2235 911 2283 et
953 2230 1249 2296 hominem,
1298 2233 1391 2287 sed
1434 2250 1533 2288 nec
1578 2236 1783 2306 exigui,
1829 2246 1886 2293 et

296 2318 721 2388 contemptibilis
760 2320 1053 2377 animantis
1092 2323 1287 2379 visceri
1329 2326 1545 2395 negavit
1591 2328 1880 2396 spinulam,

299 2424 402 2463 nec
426 2408 608 2463 herba:
631 2407 931 2478 ﬁosculum,
959 2426 1060 2468 nec
1093 2414 1277 2470 arbori
1308 2414 1495 2470 folium
1525 2417 1643 2472 sine
1664 2434 1885 2476 suarum

297 2498 537 2568 partium
568 2501 945 2556 convenientia
967 2543 982 2563 ,
1010 2510 1065 2557 et
1093 2505 1325 2573 quadam
1345 2505 1511 2561 veluti
1535 2522 1668 2577 pace
1690 2507 1885 2564 dereli-

298 2587 437 2657 quit.
470 2587 540 2642 Et
578 2597 734 2660 post:
762 2590 792 2629 ι)
826 2609 845 2641 ‹
883 2592 1200 2662 mysterium
1224 2594 1349 2648 vitae
1381 2603 1598 2651 aeternae
1622 2595 1737 2664 jam
1761 2598 1887 2654 inde

301 2681 372 2737 ab
400 2684 623 2739 exordio
671 2685 886 2754 generis
928 2687 1151 2743 humani
1192 2704 1290 2759 per
1318 2690 1563 2760 quaedam
1611 2693 1786 2765 signa,
1832 2702 1887 2749 et

303 2773 657 2830 Sacramenta
698 2776 1030 2846 temporibus
1079 2794 1340 2851 congrua,
1391 2783 1586 2853 quibus
1626 2786 1882 2854 oportuit,

301 2881 403 2934 per
453 2864 687 2935 Angelos
719 2868 1072 2937 praedicatum
1114 2879 1215 2926 est.
1254 2873 1458 2928 Deinde
1506 2875 1733 2946 populus
1782 2877 1889 2933 He-

302 2954 482 3010 braeus
503 2956 560 3009 in
575 2972 738 3011 unam
762 2958 1051 3027 quamdam
1074 2958 1500 3032 Rempublicam,
1517 2980 1638 3034 quae
1663 2966 1767 3020 hoc
1788 2965 1888 3021 Sa—

301 3054 643 3102 cramentum
676 3058 882 3120 ageret,
928 3060 1284 3123 congregatus
1309 3062 1422 3120 est;
1458 3056 1550 3110 ubi
1580 3072 1679 3126 per
1713 3072 1883 3126 quos—

303 3137 429 3191 dam
474 3139 729 3206 scientes,
772 3156 870 3212 per
915 3143 1178 3212 quosdam
1206 3146 1532 3214 nescientes,
1567 3148 1621 3202 id
1649 3149 1792 3219 quod
1820 3163 1889 3203 ex

304 3230 539 3284 adventu
583 3231 808 3300 Christi,
855 3250 1029 3307 usque
1081 3252 1246 3304 nunc,
1285 3246 1343 3293 et
1384 3240 1638 3311 deinceps
1686 3242 1886 3312 agitur,

302 3324 759 3391 pramuntiaretur
783 3339 901 3382 esse
929 3336 1252 3397 venturum;
1312 3345 1499 3399 sparsa
1528 3332 1693 3386 etiam
1741 3342 1891 3402 post-

301 3426 369 3466 ea
399 3412 588 3467 eadem
646 3423 826 3485 gente,
869 3432 967 3486 per
1015 3426 1204 3489 gentes
1248 3427 1471 3491 propter
1516 3422 1885 3477 testimonium

305 3500 742 3573 Scripturarum,
811 3510 1004 3578 quibus
1085 3518 1287 3567 aeterna
1354 3513 1499 3569 salus
1566 3515 1620 3569 in
1670 3515 1887 3572 Christo

310 3593 495 3652 futura
520 3599 815 3670 praedicata
843 3609 945 3657 est.
1003 3603 1201 3659 Omnes
1249 3605 1392 3660 enim
1411 3621 1521 3661 non
1552 3605 1724 3661 solum
1766 3621 1892 3678 pro-

307 3690 537 3758 phetiae,
599 3708 719 3763 qua:
768 3693 827 3749 in
884 3696 1064 3751 verbis
1119 3704 1280 3763 sunt,
1334 3713 1435 3753 nec
1487 3705 1698 3753 tantum
1751 3714 1882 3768 prae-

304 3791 462 3851 cepta
532 3784 694 3851 vitze,
757 3801 877 3857 qua;
940 3803 1158 3855 mores,
1220 3790 1590 3860 pietatemque
1671 3789 1886 3844 confor-

307 3882 483 3941 mant,
539 3887 702 3948 atque
741 3878 847 3934 illis
875 3880 1073 3937 litteris
1105 3882 1476 3949 continentur,
1504 3898 1690 3937 verum
1722 3883 1887 3938 etiam

308 3981 490 4034 sacra,
517 3970 837 4037 sacerdotia,
854 3972 1261 4042 templum,sive
1291 3973 1719 4034 tabernaculum.
1754 3973 1889 4027 alta-

256 4100 257 4103 η
309 4058 416 4123 ria,
462 4060 749 4127 sacriﬁcia,
781 4063 1137 4129 caeremoniae,
1179 4063 1295 4119 dies
1337 4062 1485 4130 festi,
1530 4071 1585 4118 et
1628 4061 1890 4132 quidquid

310 4148 458 4206 aliud
490 4151 556 4207 ad
578 4168 699 4208 eam
721 4153 1038 4210 servitutem
1063 4155 1321 4225 pertinet,
1349 4170 1469 4225 qua
1498 4154 1609 4210 Deo
1639 4153 1888 4220 debetur,

1978 667 2111 722 lium
2134 668 2189 722 in
2218 667 2455 734 Christo,
2485 677 2540 724 et
2560 666 2779 736 impleta
2805 668 3094 735 credimus,
3121 678 3176 724 et
3203 671 3413 742 impleri
3436 687 3553 726 cer-

1979 758 2180 825 nimus,
2224 767 2278 815 et
2317 760 2587 831 implenda
2628 759 2945 827 conﬁdimus
2992 772 3036 814 ο.
3070 780 3091 813 ι
3126 760 3234 817 Nos
3269 778 3397 818 vero
3426 765 3551 819 dum

1979 850 2303 923 Angelorum
2332 854 2635 908 ministeria
2662 852 2905 908 volumus
2930 852 3342 923 ostendere,per
3369 871 3555 924 quem-

1981 944 2109 998 dam
2137 944 2335 999 mentis
2363 960 2643 1000 excessum
2674 945 3039 999 nescientibus
3068 945 3421 1000 immutabilis
3459 947 3556 1001 Dei

1984 1037 2303 1104 bonitatem,
2332 1044 2387 1092 et
2405 1038 2688 1093 veritatem
2710 1037 2878 1092 divini
2904 1037 3085 1107 operis
3109 1037 3339 1110 insignia
3360 1037 3556 1109 praedi-

1984 1146 2186 1186 camus.

2656 1222 2897 1277 XXXIX.

2053 1340 2358 1413 Interrogas
2399 1356 2631 1411 quoque,
2665 1340 2785 1410 quis
2816 1341 2886 1395 sit
2914 1338 3178 1395 Sacerdos
3202 1340 3430 1411 primus.
3463 1346 3558 1396 aut

1985 1432 2107 1504 quis
2133 1432 2417 1487 secundus.
2455 1432 2667 1486 Primus
2709 1430 2976 1487 Sacerdos
3001 1440 3083 1487 est
3121 1431 3388 1498 Pontifex,
3417 1433 3560 1503 sicut
3582 1480 3595 1500 ,

1982 1521 2185 1587 Aaron,
2223 1530 2277 1577 et
2303 1522 2548 1587 Eleazar,
2575 1528 2739 1591 atque
2766 1521 2966 1591 posteri
2988 1537 3197 1587 eorum,
3222 1523 3416 1592 quibus
3445 1514 3593 1578 liciJ

1984 1622 2098 1669 tum
2142 1621 2260 1669 erat
2307 1613 2545 1683 quotidie
2592 1613 2732 1668 ultra
2773 1613 2949 1667 velum
3001 1612 3209 1682 ingredi
3264 1613 3317 1666 in
3365 1611 3563 1669 Sancta
3586 1617 3613 1687 ί

1985 1704 2327 1761 Sanctorum.
2368 1705 2603 1761 Secundi
2642 1720 2774 1760 vero
2813 1704 3136 1759 Sacerdotes
3174 1710 3350 1767 erant,
3378 1704 3468 1774 qui
3507 1704 3565 1758 in

1983 1805 2170 1850 nostro
2199 1796 2499 1867 presbyteri
2526 1796 2777 1849 dicuntur
2818 1802 3078 1864 tempore,
3111 1792 3178 1847 de
3205 1794 3408 1863 quibus
3436 1793 3566 1847 dicit

1985 1888 2273 1959 Apostolus
2295 1887 2481 1959 (Hebr.
2527 1887 2579 1941 9.
2606 1886 2660 1958 6)
2689 1901 2703 1939 :
2731 1885 2798 1939 In
2819 1886 3073 1939 exteriore
3090 1901 3205 1939 vero
3228 1883 3564 1939 tabernaculo

1985 1998 2176 2053 semper
2207 1980 2489 2035 introibant
2510 1979 2820 2035 Sacerdotes
2845 1978 3228 2046 sacriﬁciorum
3251 1977 3417 2047 ofﬁcia
3440 1993 3565 2031 eon-

1984 2081 2323 2128 aummantes.
2354 2070 2548 2125 Caeteri
2583 2084 2742 2135 vero,
2773 2069 2865 2139 qui
2895 2068 3212 2122 dicebantur
3235 2066 3455 2130 Levitte,
3499 2082 3565 2122 eo

1986 2165 2130 2235 quod
2156 2171 2337 2218 essent
2367 2177 2433 2216 ex
2458 2161 2603 2216 tribu
2634 2161 2783 2226 Levi,
2826 2176 2928 2215 nec
2952 2161 3006 2213 in
3032 2159 3364 2225 interiorem,
3390 2175 3490 2215 nec
3510 2160 3568 2214 in

1984 2254 2310 2311 exteriorem
2346 2252 2618 2307 licentiam
2641 2250 2976 2322 ingrediendi
2999 2249 3299 2315 habebant;
3329 2250 3423 2304 sed
3447 2256 3567 2302 tan-

1986 2354 2100 2399 tum
2129 2352 2284 2400 erant
2301 2342 2585 2411 ianitores,
2626 2350 2680 2398 et
2701 2351 2973 2407 cantores,
3000 2341 3345 2409 ministrique
3374 2338 3566 2396 Sacer-

1987 2437 2189 2502 dotum,
2206 2446 2260 2491 et
2282 2437 2349 2491 ad
2372 2436 2611 2491 exterius
2632 2434 3064 2490 holocaustorum
3087 2433 3276 2499 altare,
3299 2433 3567 2503 lignorum

1987 2544 2239 2594 caesores,
2287 2536 2341 2585 et
2390 2529 2593 2600 ignium
2644 2526 3133 2591 administratores,
3171 2532 3226 2579 et
3256 2531 3568 2579 sanctarum

1954 2638 1959 2643 ·
1988 2623 2232 2677 carnium
2259 2621 2315 2675 in
2340 2620 2536 2690 populo
2558 2606 2978 2689 dispensatores.
3006 2616 3081 2670 De
3102 2616 3187 2669 his
3212 2600 3421 2669 duobus
3440 2612 3567 2668 ﬁliis

1988 2711 2043 2766 in
2074 2710 2286 2766 Psalmo
2314 2711 2442 2765 dicit
2467 2706 2639 2782 (Psal.
2690 2708 2812 2762 154.
2841 2705 2931 2760 20.
2984 2706 3075 2777 21)
3105 2723 3117 2758 :
3161 2696 3567 2758 Domus’Aaran

1988 2802 2271 2858 benedicite
2317 2801 2544 2858 Domino
2592 2798 2613 2840 ι
2661 2818 2675 2854 :
2720 2798 2907 2854 domus
2955 2796 3078 2851 Levi
3131 2793 3410 2851 benedicite
3459 2792 3570 2848 Da-

1988 2909 2150 2950 mmo.

2719 2989 2834 3046 XL.

2062 3104 2130 3160 Et
2157 3112 2281 3177 post
2309 3107 2426 3161 haec
2451 3103 2580 3175 quid
2606 3110 2731 3160 sunt
2758 3102 3018 3176 Tyrones,
3048 3101 3372 3171 interrogas.
3403 3098 3567 3170 Τγιόο

1916 3214 1960 3277 C
1991 3212 2089 3253 nes
2118 3213 2150 3251 a
2188 3197 2349 3270 Tyria
2389 3199 2414 3237 8
2460 3197 2592 3251 urbe
2631 3196 2948 3251 Phoenicum
2989 3208 3187 3248 nomen
3225 3197 3566 3261 acceperunt,

1993 3304 2112 3360 quae
2141 3289 2270 3344 olim
2299 3288 2401 3343 fuit
2429 3286 2740 3357 metropolis
2768 3285 3215 3349 Chananaeorum,
3244 3284 3300 3338 in
3336 3298 3440 3352 qua
3469 3282 3567 3336 ha-

1989 3381 2183 3435 bitavit
2208 3380 2393 3434 Hiram
2422 3396 2539 3445 rex,
2578 3380 2783 3434 amicus
2815 3376 3120 3433 Salomonis
3137 3376 3183 3429 δ.
3217 3375 3459 3446 Tyrones
3490 3371 3570 3427 di-

1994 3478 2189 3525 cuntur
2207 3469 2365 3540 pueri
2385 3466 2576 3534 fortes,
2601 3467 2695 3538 qui
2730 3467 2796 3521 ad
2825 3464 3073 3521 militiam
3102 3465 3394 3536 eliguntur,
3425 3469 3479 3517 et
3503 3461 3572 3515 ad

1992 3577 2144 3617 arma
2168 3561 2399 3632 gerenda
2434 3558 2642 3615 habiles
2668 3558 2903 3614 existunt
2932 3576 2945 3611 :
2979 3558 3032 3611 bi
3064 3556 3211 3612 enim
3239 3569 3348 3610 non
3367 3560 3434 3608 ex
3456 3551 3570 3607 sola

1992 3649 2325 3724 professione
2348 3650 2671 3716 nativitatis,
2706 3650 2801 3704 sed
2822 3664 2889 3703 ex
2921 3655 3163 3719 aSpectu,
3188 3652 3244 3701 et
3263 3644 3573 3699 valetudine

1992 3742 2237 3815 corporis
2283 3744 2641 3800 aestimantur.
2687 3741 2945 3796 Romana:
2989 3748 3167 3793 autem
3203 3736 3412 3791 militiae
3453 3750 3572 3790 mos

1990 3837 2093 3890 fuit
2118 3851 2315 3907 pueros
2345 3836 2579 3904 primum
2599 3847 2853 3888 exercere
2882 3833 3046 3887 armis
3075 3846 3089 3884 :
3127 3846 3254 3884 nam
3289 3837 3444 3884 sexto
3479 3826 3573 3880 de-

1993 3929 2133 3983 cimo
2170 3943 2311 3982 anno
2339 3926 2579 3998 Tyrones
2616 3925 2953 3989 militabant,
2992 3937 3102 3992 quo
3127 3922 3292 3977 etiam
3320 3919 3434 3975 solo
3472 3918 3572 3973 sub

1994 4018 2304 4074 custodibus
2348 4016 2661 4087 agebantur.
2710 4012 2909 4069 Servos
2936 4027 3066 4068 sane
3096 4014 3385 4081 inunquam
3430 4005 3572 4078 apud

1994 4124 2087 4165 eos
2111 4108 2373 4164 militasse
2401 4112 2633 4172 constat,
2656 4103 2762 4160 nisi
2787 4103 3048 4160 servitute
3072 4102 3333 4173 deposita.

1123 4291 1417 4372 Explicit
1452 4291 1753 4356 Claudius
1786 4291 2115 4372 episcopus
2148 4288 2216 4349 in
2252 4284 2449 4349 libros
2478 4284 2732 4363 Regum.

384 4445 412 4505 9
452 4431 570 4505 Ser.
594 4433 667 4487 45
690 4434 823 4490 alias
844 4436 910 4489 de
936 4434 1118 4490 verbis
1141 4436 1380 4505 Apostoli
1409 4436 1496 4499 27,
1527 4452 1677 4491 num.
1701 4437 1735 4491 5
1757 4443 1810 4505 ct
1834 4435 1888 4489 4.

386 4503 415 4541 ι)
455 4503 663 4579 Rursus
690 4521 809 4579 qua:
851 4503 1275 4579 seqtturitur,_ex
1320 4503 1895 4579 Augusti‘noexcerpit

315 4574 573 4698 gingdius
604 4574 662 4630 S.
693 4574 941 4631 Doctoris
969 4576 1283 4633 exscribens
1311 4574 1472 4648 cath
1497 4577 1566 4633 52
1589 4578 1711 4632 libri
1732 4574 1893 4632 vu’de

358 4661 424 4698 ιυι
451 4661 482 4696 a
509 4662 554 4698 ε.

358 4661 554 4699 ιυηατε.

390 4725 412 4754 c

390 4725 412 4754 ε
456 4720 695 4792 Δατρεία.

386 4783 414 4824 δ
456 4783 917 4862 ξὶρηίρεαυενμηῑ,
944 4799 993 4845 et
1018 4790 1519 4862 prie-nuntiaverunt.

394 4864 418 4893 ο
455 4855 849 4929 subsequentia
875 4855 985 4918 non
1012 4855 1231 4917 exstant
1262 4862 1319 4917 in
1344 4861 1504 4918 editis
1528 4859 1813 4933 Augustini
1834 4858 1900 4915 li-

1999 4433 2115 4488 bris
2142 4450 2154 4485 :
2190 4446 2255 4485 an
2287 4428 2414 4484 olim
2444 4424 2770 4492 exstiterint,
2796 4441 2866 4480 an
2893 4440 2961 4481 ex
2984 4425 3104 4482 aliis
3127 4425 3410 4496 Augustini
3439 4426 3571 4496 locis

1999 4519 2063 4558 ea
2092 4500 2449 4568 desumpserit
2469 4497 2742 4563 Claudius,
2769 4513 2838 4552 an
2874 4498 2940 4553 de
2966 4513 3064 4553 suo
3099 4495 3450 4561 substituerit,
3484 4495 3571 4568 ju—

1999 4572 2257 4627 dicaverit
2281 4572 2495 4625 Lector.
3376 4576 3379 4579 λ
3414 4584 3418 4588 ι

1919 4648 1974 4708 D
2076 4643 2095 4682 ί
2138 4642 2254 4697 Νοη
2299 4641 2455 4694 video
2482 4640 2749 4709 quomodo
2778 4639 3024 4695 dicantur
3056 4638 3162 4692 duo
3195 4637 3315 4707 ﬁlii,
3357 4638 3571 4708 quando

1999 4713 2214 4836 quideTm
2242 4710 2423 4768 Aaron
2443 4720 2560 4767 erat
2583 4726 2652 4767 ex
2676 4711 2843 4781 stirpe
2876 4709 3026 4765 Levi.

2186 4800 2300 4836 uro.

2069 4800 2099 4894 ἔ
2136 4800 2526 4926 ἐῖίιᾟωοείαω
2547 4852 2687 4910 hanc
2711 4853 3000 4922 expendat,
3023 4850 3267 4917 obsecro,
3315 4849 3497 4907 lector.

323 5017 3567 5050 Μ

1299 5166 1871 5283 CLAUDII
1953 5156 2593 5279 EPISCOPI

815 5367 1243 5434 PREFATIO
1294 5370 1375 5431 ΙΝ
1422 5368 1808 5433 CATENAM
1869 5371 2114 5434 SUPER
2168 5367 2539 5433 SANCTUM
2587 5366 3095 5431 MATTHEUM.

1400 5563 1497 5630 (Ex
1524 5567 1640 5618 Maii
1665 5568 1949 5632 Spicilegio,
1974 5572 2089 5618 tom.
2116 5568 2203 5631 IV,
2223 5579 2338 5632 pag.
2364 5568 2499 5631 501.)

760 5754 1077 5814 EDITORIS
1115 5756 1454 5814 MONITUM.

401 5836 615 5907 Claudii
647 5849 1001 5910 Taurinensis
1029 5853 1267 5924 episcopi
1319 5833 1555 5921 (quiyde
1597 5867 1695 5910 sua
1742 5855 1902 5908 atate

2010 5770 2135 5844 φφ(
2161 5754 2275 5829 ipse
2305 5759 2589 5844 ιρςιμειυν)
2617 5757 3139 5844 (ΞῼΨιξιειιιθιῖίρωω
3159 5756 3241 5844 in-
3260 5742 3574 5844 99912.33!-

2006 5821 2582 5901 stolas'przefat'ionem'
2598 5832 2741 5889 edidi
2771 5832 2826 5887 in
2855 5829 3084 5901 septimo
3115 5823 3446 5885 collectioiiis
3475 5821 3573 5880 Va-
