4056 6350
525 250 630 311 835

1595 238 1869 302 CLAUDII
1905 234 2370 301 TAURINENSIS
2406 236 2712 297 EPISCOPI

3691 235 3803 299 8:56

520 368 719 425 ticanze
741 360 927 434 script.
945 368 1063 435 vet.
1084 328 1359 421 volumine
1376 375 1433 435 p.
1458 360 1565 435 2’14
1587 360 1755 435 (Infra
1800 361 1905 417 col.
1949 362 2097 435 857).
2128 365 2183 426 Α
2203 358 2351 416 beati
2365 353 3021 428 Hieronymipresbyteri;
3037 368 3200 427 quem
3217 350 3271 408 in
3292 351 3613 424 praefatione
3635 366 3806 425 eIpo-

521 439 676 495 Nunc
709 433 887 495 autem
929 434 1302 509 praefationem
1346 433 1892 509 ejusdem’divulgare
1919 434 2098 509 placet

523 452 676 495 Nunc
709 452 887 495 autem
929 452 1302 561 gruerauonem
1346 452 1587 509 ejusdem
1616 452 1892 504 (llVUlgal'e
1919 452 2098 505 placet

523 512 578 565 in
603 510 865 564 Catenam
900 521 927 558 a
1011 523 1077 562 eo
1103 515 1413 562 contextam
1442 520 1509 560 ex
1548 503 1757 559 Latinis
1793 505 2098 574 praesertim

522 581 775 637 Patribus
800 593 965 649 super
991 578 1225 635 Matthtei
1246 576 1623 648 Evangelium;
1648 590 1812 649 quam
1841 576 2100 631 ineditam

523 652 578 708 in
601 652 810 707 duobus
833 646 1092 718 conspexi
1111 646 1601 713 codicibus,'altero
1622 646 1839 718 quidem
1863 656 2101 705 vetusta-

523 723 596 778 tis
625 731 733 777 tam
755 716 1075 776 venerandae
1101 730 1171 791 ut
1199 720 1300 791 ipsi
1329 719 1554 791 Claudio
1585 716 1836 791 videatur
1863 733 2096 791 coaevus,

525 794 699 848 altero
736 800 916 847 autem
944 790 1122 846 smeuli
1152 787 1319 845 ferme
1345 806 1421 844 χι.
1449 787 1590 844 Sane
1612 788 1740 858 quia
1762 787 1968 843 Latinis
1993 788 2098 843 Ca-

524 864 666 919 tenis
704 877 810 916 non
839 876 991 931 aeque
1015 869 1076 916 ut
1117 860 1320 917 Graecis
1360 859 1911 931 abundamus,_utile
1963 860 2103 915 foret

525 933 874 989 Claudianam
904 928 1042 987 hanc
1070 933 1139 987 ad
1176 932 1452 1002 publicum
1480 946 1637 1002 usum
1671 928 1920 1002 deferre;
1955 931 2102 1002 quod

525 1021 613 1061 me
641 1003 928 1073 aliquando
959 1000 1229 1073 facturum
1256 1018 1364 1057 non
1394 1000 1990 1073 despondeo.rlnterim'
2017 1010 2101 1057 ta-

525 1089 651 1129 men
667 1068 935 1127 eruditum
954 1072 1069 1142 ejus
1088 1068 1365 1143 prologum
1390 1068 1622 1127 libenter
1640 1072 1783 1142 typis
1799 1073 2101 1139 committo,

525 1143 681 1212 cujus
721 1144 932 1199 nonnisi
977 1146 1112 1197 duas
1160 1157 1455 1211 paucorum
1496 1158 1753 1197 versuum
1808 1143 2105 1212 particulas

526 1214 765 1285 vulgavit
796 1215 941 1285 Volitn
969 1213 1256 1285 ABaronius
1304 1215 1393 1269 ad'
1420 1229 1621 1285 annum
1642 1214 1781 1285 7815,
1832 1229 1898 1268 ex
1932 1230 2105 1284 eoque

525 1285 581 1355 in
614 1283 869 1355 epistolas
898 1283 1216 1355 Hibernicas
1263 1285 1451 1353 (quasi
1488 1284 1743 1339 Claudius
1772 1293 1916 1339 esset
1947 1283 2106 1355 gente

526 1352 927 1427 Hibernensis,
971 1356 1114 1427 quod
1153 1352 1424 1427 immerito
1470 1355 1735 1427 creditum
1785 1354 1888 1427 est)
1942 1352 2107 1411 Usse-

524 1426 643 1481 rius
685 1424 1002 1480 transtulit.’
1028 1424 1371 1494 Cteteroquin
1425 1427 1542 1481 hinc
1590 1424 1835 1494 prxfatio
1871 1424 2104 1483 nonnisi

524 1497 582 1552 in
631 1497 935 1565 antiquiore
982 1497 1172 1552 codice
1218 1495 1523 1566 'superl‘uit,
1565 1497 1693 1567 quia
1741 1497 1881 1553 alter
1930 1499 2108 1555 codex

526 1567 819 1639 acephalus
848 1576 948 1624 est.

969 1681 1219 1745 INCIPIT
1258 1681 1652 1743 PR/EFATIO.

870 1813 1074 1853 nounvo
1100 1813 1303 1866 δίψοτο
1333 1813 1396 1853 ΛΟ
1426 1812 1740 1853 BEATISSIIIO
1958 1854 1963 1857 _

575 1884 648 1927 ιτ
683 1883 799 1926 Ill“
830 1885 1111 1925 PECULIARI
1135 1886 1309 1927 CUL'I'U
1336 1883 1677 1933 AFFECTUQUE
1708 1883 2059 1943 SPECIALITEH

815 1956 1128 1998 EXCOLENDO
1186 1958 1347 1997 PATRI
1408 1956 1570 1996 JUSTO
1630 1958 1826 1996 ABBATI

1028 2027 1287 2068 CLAUDIUS
1317 2027 1609 2067 PECCATOR.

602 2148 622 2182 ι
649 2129 808 2185 Anno
833 2127 940 2195 815
977 2127 1372 2184 incarnationis
1406 2126 1705 2182 Salvatoris
1750 2125 1880 2183 Iesu
1908 2126 2113 2203 Christi

524 2220 740 2277 Domini
770 2221 978 2285 nostri,
1016 2228 1303 2291 postquam
1332 2218 1453 2290 pius
1484 2233 1548 2272 ac
1590 2217 1914 2274 mitissimus
1963 2218 2114 2289 prin-

524 2328 672 2384 ceps,
702 2320 904 2367 sanctte
929 2311 1024 2366 Dei
1060 2309 1319 2366 Ecclesia:
1353 2309 1636 2365 catholicae
1667 2308 1809 2363 filius
1840 2308 2115 2365 Hludowi-

524 2412 623 2459 cus
645 2416 786 2457 anno
815 2402 1048 2457 secundo
1077 2401 1292 2473 imperii
1314 2401 1419 2466 sui,
1451 2400 1661 2457 caelesti
1705 2400 1872 2456 fultus
1906 2401 2112 2457 auxilio

526 2496 788 2552 adversus
818 2495 1082 2551 barbaras
1107 2495 1356 2551 nationes
1386 2494 1645 2550 movisset
1668 2496 2003 2563 exercitum;
2036 2502 2115 2550 te-

524 2601 632 2658 que
657 2586 893 2641 abeunte
915 2594 969 2641 et
991 2586 1305 2643 discedente
1333 2594 1423 2655 tua
1462 2585 1789 2657 paternitate
1815 2602 1883 2641 ex
1908 2586 2114 2657 palatio

515 2676 634 2749 jam
662 2677 791 2733 dicti
829 2677 1090 2749 principis
1116 2678 1184 2733 ad
1212 2685 1385 2732 tutum
1432 2677 1798 2748 dilectumque
1836 2679 1930 2734 tibi
1966 2694 2107 2733 sem-

521 2785 621 2840 per
648 2770 724 2825 tui
740 2769 1061 2827 monasterii
1082 2776 1298 2839 portum
1319 2785 1334 2837 ;
1366 2768 1648 2838 injunxisti
1671 2769 1805 2823 mihi
1825 2768 2115 2840 utaliquod

523 2862 745 2932 dignum
777 2863 1055 2916 memoriae
1079 2861 1399 2929 opusculum
1424 2862 1478 2915 in
1504 2861 1845 2930 expositione
1866 2861 2112 2932 Evange-

522 2950 582 3006 lii
612 2952 677 3005 ad
706 2952 989 3022 legendum
1030 2951 1320 3022 dirigerem
1365 2949 1628 3005 fratribus
1670 2951 2109 3005 mouasteriive-

524 3042 625 3097 stri
651 3041 750 3115 (a).
776 3061 794 3093 ι
827 3040 1006 3112 Atque
1034 3042 1244 3123 utinam
1285 3049 1433 3111 tanta
1460 3049 1606 3096 esset
1657 3040 1807 3095 fandi
1862 3040 2112 3109 facultas,

2202 452 2416 510 sitionis
2436 450 2597 521 hujus
2620 449 2855 515 Matthtei
2879 449 3100 519 scripsit
3140 447 3210 505 ad
3231 448 3524 522 quemdam
3568 447 3796 519 Eusebii

2200 548 2440 614 nomine,
2473 547 2527 600 in
2554 562 2662 617 quo
2702 545 2778 599 ait
2806 562 2819 599 :
2856 564 2875 596 ι
2918 543 3050 598 satis
3082 542 3282 609 miror,
3316 541 3518 601 Eusebi
3550 540 3805 615 dilectis-

2202 640 2361 705 sime,
2386 653 2482 693 cur
2505 637 2736 693 Romam
2756 635 2935 701 subito
2957 634 3331 706 navigaturus,
3364 632 3508 691 hanc
3534 632 3634 688 tibi
3665 648 3695 687 a
3716 649 3808 689 me

2201 733 2356 805 quasi
2388 731 2665 787 sitarciam
2694 728 2813 795 dari
2847 727 3102 795 volueris,
3143 735 3205 795 ut
3247 726 3569 781 lllatthzeum
3624 726 3808 780 brevi-

2203 833 2286 882 ter
2306 840 2599 897 exponens,
2633 823 2812 879 verbis
2838 822 3187 894 stringerem,
3211 819 3463 878 sensibus
3488 819 3804 876 dilatarem.

2206 916 2263 973 Si
2294 919 2633 973 meminisses
2660 915 3030 986 responsionis
3071 930 3227 979 meze,
3266 928 3544 985 nunquam
3582 912 3637 967 in
3682 929 3810 984 pau-

2205 1010 2285 1067 cis
2329 1010 2517 1066 diebus
2578 1025 2692 1065 rem
2740 1023 3006 1075 annorum
3045 1015 3283 1081 peteres.
3333 1027 3351 1059 ›
3390 1004 3810 1079 Spoponditque

2205 1116 2267 1159 se
2287 1102 2365 1159 illi
2391 1103 2495 1159 hoc
2518 1102 2572 1156 in
2595 1110 2876 1174 posterum
2900 1099 3213 1172 plenissime
3229 1098 3628 1171 expositurum.
3655 1097 3812 1167 Quod

2207 1195 2426 1265 quidem
2448 1208 2792 1265 nequaquam
2812 1191 3037 1256 faceret,
3063 1192 3108 1246 si
3125 1206 3232 1246 non
3250 1190 3417 1246 multa
3434 1190 3810 1261 praetermissa

2209 1287 2320 1343 illic
2351 1295 2693 1342 sacramenta
2720 1300 2840 1339 esse
2862 1324 2878 1350 ,
2928 1282 3072 1338 idem
3105 1281 3188 1337 vir
3218 1288 3438 1354 sanctus
3476 1280 3672 1337 sciret.
3713 1279 3815 1336 Le-

2210 1384 2304 1449 gat
2336 1385 2392 1431 et
2442 1376 2578 1431 alios
2626 1375 2797 1447 ipsius
2838 1372 3122 1445 Evangelii
3186 1371 3409 1441 Latinos
3469 1372 3815 1445 erpositores

2212 1471 2477 1526 Hilarium
2506 1479 2563 1527 et
2600 1470 2976 1539 Fortunatum,
3002 1475 3057 1523 et
3078 1467 3235 1538 juxta
3278 1467 3522 1533 historia:
3551 1466 3811 1533 ordinem

2212 1579 2402 1623 omnes
2450 1578 2642 1628 sensus
2700 1561 2977 1633 physicos,
3035 1558 3379 1631 allegoricos,
3433 1566 3602 1629 atque
3648 1558 3813 1613 etiam

2213 1657 2426 1715 ethicos
2450 1656 2696 1727 requirat
2723 1655 3011 1725 diligenter
3034 1653 3101 1708 ad
3128 1668 3328 1727 purum
3356 1669 3371 1719 ;
3402 1658 3458 1707 ct
3488 1661 3621 1706 tunc
3651 1665 3813 1707 nosse

2144 1756 2195 1819 Β
2220 1751 2420 1821 poterit
2470 1757 2651 1815 utrum
2691 1761 2791 1818 ego
2846 1747 3018 1803 otiose
3058 1761 3129 1800 an
3180 1747 3391 1811 devote,
3435 1742 3715 1814 superﬂue
3749 1759 3815 1798 an

2218 1843 2547 1913 necessarie,
2574 1843 2628 1897 in
2665 1841 2771 1911 hoc
2816 1854 2982 1911 opere
3026 1839 3407 1895 laboraverim.
3449 1838 3518 1899 Et
3542 1838 3590 1893 si
3628 1837 3681 1899 ei
3710 1852 3814 1892 non

2213 1939 2482 2010 placuerit
2508 1937 2717 1993 fructus
2745 1936 2948 1992 laboris
2981 1934 3113 2001 mei,
3154 1934 3341 1989 audiat
3374 1932 3527 1989 salva
3547 1929 3819 1988 charitate

2215 2044 2538 2100 responsum
2568 2030 2583 2096 ς
2613 2030 2702 2084 cui
2742 2044 2849 2084 non
2873 2028 3067 2099 placet,
3109 2027 3366 2099 negligat.

2286 2124 2522 2180 Obsecro
2548 2125 2712 2179 etiam
2741 2123 3124 2195 paternitatem
3165 2131 3335 2186 tuam,
3380 2129 3438 2177 et
3475 2130 3800 2179 cunctorum

2217 2214 2446 2271 fratrum
2476 2215 2781 2271 benivolam
2828 2214 3175 2279 charitatem,
3226 2221 3286 2271 ut
3315 2227 3425 2267 non
3470 2222 3571 2267 vos
3617 2218 3817 2267 terreat

2216 2308 2429 2378 prolixa
2469 2307 2756 2378 expositio,
2810 2321 2910 2360 nec
2951 2304 3243 2361 voluminis
3290 2303 3651 2373 magnitudo;
3681 2303 3804 2372 quia

2217 2416 2409 2455 revera
2438 2408 2687 2455 sanctum
2716 2397 3087 2469 Evangelium,
3140 2395 3286 2467 quod
3333 2411 3504 2467 regno
3545 2395 3813 2459 ccelorum

2219 2491 2397 2547 simile
2426 2507 2458 2545 a
2486 2489 2771 2565 Salvatore
2794 2497 2983 2544 nostro
3013 2487 3199 2544 multis
3228 2488 3285 2547 in
3312 2486 3451 2545 locis
3473 2502 3601 2545 esse
3632 2487 3814 2558 perhi-

2216 2586 2396 2651 betur,
2424 2601 2533 2640 non
2551 2592 2731 2655 potest
2755 2583 2942 2653 paucis
2986 2581 3257 2638 enuntiari
3300 2581 3484 2636 verbis
3528 2580 3619 2637 vel
3647 2580 3814 2636 sensi-

2216 2679 2320 2735 bus
2347 2678 2636 2748 explicari;
2666 2676 2794 2746 quia
2839 2683 2894 2731 et
2922 2688 3224 2746 congruum
3271 2672 3396 2739 fuit,
3441 2680 3503 2731 ut
3532 2688 3693 2728 sacra
3722 2688 3814 2728 no-

2218 2771 2316 2827 stri
2355 2768 2653 2825 Salvatoris
2708 2768 2851 2823 dicta
2893 2766 3107 2823 caeteris
3154 2764 3476 2836 Scripturis,
3528 2764 3675 2821 sicut
3705 2779 3811 2820 me-

2216 2863 2325 2919 rito
2358 2862 2435 2917 ita
2455 2868 2512 2917 et
2540 2860 2718 2931 specie
2763 2859 3238 2923 discernerentur;
3277 2872 3346 2915 ne
3390 2856 3484 2915 illa
3509 2856 3815 2915 cmkstium

2218 2968 2544 3009 arcanorum
2575 2952 2807 3022 dignitas
2835 2952 3040 3021 passim
3072 2958 3236 3020 atque
3265 2949 3569 3007 indiscrete
3603 2948 3812 3003 cunctis

2217 3054 2451 3117 pateret,
2514 3051 2868 3114 sanctumque
2906 3043 3152 3111 canibus,
3183 3051 3239 3098 et
3285 3040 3605 3111 margarita:
3639 3039 3815 3111 porcis

524 3142 727 3206 quanta
747 3142 832 3189 est
851 3133 1137 3189 obedicndi
1164 3134 1415 3189 voluntas
1443 3148 1675 3203 cumque
1694 3132 1839 3187 aliud
1864 3133 2110 3188 scriben-
2139 3133 2184 3194 C
2214 3142 2633 3206 exponerentur.
2671 3134 2738 3193 Et
2759 3134 2881 3193 ideo
2910 3136 2979 3190 ab
3006 3134 3126 3204 ipso
3157 3130 3443 3188 Salvatore
3483 3139 3682 3189 nostro
3701 3146 3817 3201 pro-

524 3229 656 3287 dum
679 3245 746 3285 ex
774 3227 1100 3309 praecedenti
1124 3224 1240 3297 jam
1278 3234 1521 3299 tempore
1545 3243 1666 3282 mea
1700 3235 1906 3282 teneret
1928 3226 2113 3282 volun-

523 3331 606 3378 tas
628 3364 642 3387 ,
681 3322 749 3377 ad
771 3320 824 3375 id
854 3321 1000 3392 quod
1014 3321 1258 3392 jusseras
1281 3336 1455 3375 meam
1480 3320 1738 3375 continuo
1771 3319 1952 3375 studui
1977 3319 2110 3373 diri-

524 3428 653 3485 gere
698 3411 1062 3485 voluntatem;
1113 3420 1169 3465 et
1224 3408 1575 3481 Evangelium
1632 3410 1928 3465 secundum
1978 3407 2114 3462 Mat-

526 3504 728 3558 thteum
749 3517 817 3556 ex
840 3501 1115 3575 opusculis
1141 3511 1452 3557 sanctorum
1476 3501 1717 3565 Patrum,
1750 3501 1876 3556 licet
1906 3518 2011 3555 non
2045 3501 2114 3555 ad

524 3610 748 3670 purum,
780 3594 925 3665 quod
949 3593 1115 3647 etiam
1139 3592 1355 3648 difﬁcile
1386 3602 1469 3648 est
1499 3593 1647 3659 ﬁeri,
1683 3600 1863 3647 tamen
1888 3601 1949 3647 ut
1970 3592 2114 3647 valui

526 3689 805 3760 inquirere
870 3694 1034 3758 atque
1087 3686 1380 3771 explanare
1432 3693 1660 3741 conatus
1713 3701 1835 3740 sum
1887 3701 1953 3740 ex
2005 3692 2117 3739 tra-

527 3782 762 3855 ctatibus
791 3781 1076 3837 doctorum
1116 3788 1173 3835 et
1221 3779 1490 3851 majorum
1524 3786 1854 3844 nostrorum,
1885 3780 1976 3851 qui
2015 3794 2115 3835 nos

525 3876 582 3932 in
614 3875 793 3931 studio
840 3872 1000 3943 hujus
1052 3874 1256 3944 operis,
1307 3873 1447 3928 sicut
1496 3872 1723 3926 scientia
1774 3872 1851 3926 ita
1896 3878 1952 3926 et
1980 3880 2116 3926 tcm-
2168 3873 2172 3876 ’

525 3985 657 4041 pore
678 3976 1092 4040 praecesserunt,
1128 3966 1180 4021 id
1213 3975 1296 4021 est
1338 3965 1610 4043 Origenis,
1644 3965 1857 4032 Hilarii,
1883 3965 2117 4021 Ambro-

525 4060 614 4123 sii,
651 4059 984 4130 Hieronymi,
1016 4056 1327 4135 Augustini,
1352 4054 1532 4110 Ruﬁni
1559 4056 1654 4128 (ὁ),
1687 4054 1933 4121 Joannis,
1978 4054 2117 4108 Ful-

526 4148 716 4221 gentii,
756 4148 974 4212 Leonis,
1005 4147 1247 4214 Maximi,
1280 4146 1548 4217 Gregorii,
1569 4156 1623 4200 et
1646 4146 1823 4201 Bedte.
1852 4146 1957 4200 Sed
1975 4148 2118 4202 sicut

527 4242 583 4296 in
611 4254 734 4294 arce
754 4239 948 4309 capitis
971 4238 1113 4292 inter
1133 4238 1316 4292 omnia
1340 4242 1584 4291 membra
1608 4236 1793 4307 lingua
1808 4236 1929 4305 plus
1950 4251 2117 4290 mem-

526 4337 641 4391 bris
662 4334 914 4390 omnibus
936 4338 1126 4396 sonat,
1186 4331 1261 4384 ita
1308 4330 1363 4384 in
1411 4330 1732 4399 exponendo
1780 4328 2107 4400 Evangelio,

528 4429 672 4484 inter
724 4442 917 4482 omnes
972 4430 1057 4480 est
1113 4423 1462 4477 beatissimus
1513 4421 1869 4493 Augustinus.
1938 4420 2116 4477 Multis

2212 3238 2463 3287 curatum
2492 3235 2597 3294 est,
2623 3236 2685 3284 ut
2710 3227 2800 3287 illa
2822 3244 3046 3285 suorum
3064 3228 3292 3289 castitas
3316 3225 3668 3296 eloquiorum
3688 3240 3810 3296 pro.

2212 3324 2436 3380 miscuis
2464 3332 2785 3380 cunctorum
2825 3323 2996 3379 oculis
3036 3323 3218 3381 abdita
3240 3322 3343 3379 sub
3390 3322 3549 3392 quasi
3577 3320 3812 3391 quodam

2213 3418 2480 3473 velamine
2509 3418 2781 3487 pudicitia:
2809 3425 3209 3490 contegeretur.
3249 3415 3333 3471 Ac
3359 3415 3549 3471 divina
3570 3415 3807 3484 optima-

2214 3522 2320 3578 que
2353 3508 2756 3578 dispensatione
2803 3510 3084 3578 provisum
3136 3516 3244 3576 est,
3274 3517 3335 3562 ut
3385 3504 3675 3576 Scriptura
3705 3505 3813 3575 ipsa

2215 3602 2529 3673 evangelica
2584 3602 2801 3657 Domini
2853 3603 3026 3658 nostri
3070 3602 3146 3656 ita
3188 3608 3468 3673 tegeretur
3497 3599 3812 3657 caelestibus

2216 3695 2540 3751 obumbrata
2574 3696 2871 3766 mysteriis,
2908 3695 3051 3750 sicut
3075 3702 3288 3751 secreto
3322 3708 3421 3747 suo
3453 3693 3581 3761 ipsa
3621 3691 3811 3746 divini-

2217 3795 2302 3843 tas
2343 3788 2726 3858 operiebatur;
2781 3787 2927 3858 quod
2952 3802 3023 3842 ex
3048 3786 3310 3857 subjectis
3337 3784 3553 3856 plenius
3583 3783 3808 3840 manife-

2218 3889 2397 3937 statur
2424 3883 2707 3953 exemplis.
3164 3882 3167 3887 ’

2289 3978 2443 4046 Quod
2487 3995 2618 4035 vero
2660 3981 2909 4050 quredam
2957 3980 3139 4039 minus
3177 3980 3429 4036 ordinata
3464 3994 3637 4050 quam
3663 3978 3814 4035 decet

2219 4069 2274 4123 in
2309 4069 2412 4125 hoc
2446 4071 2634 4125 codice
2684 4071 2853 4125 multa
2909 4075 3273 4142 reperiuntur,
3335 4085 3446 4126 non
3496 4070 3689 4125 omnia
3728 4070 3816 4123 tri-

2218 4162 2354 4217 buas
2392 4161 2698 4231 imperitiae,
2731 4163 2824 4217 sed
2856 4164 3104 4233 qutedam
3150 4170 3373 4233 propter
3410 4170 3811 4233 paupertatem,

2220 4256 2466 4327 quaedam
2514 4257 2731 4325 ignosce
2782 4266 3003 4326 propter
3051 4257 3297 4326 corporis
3350 4254 3725 4311 infirmitatem
3759 4262 3817 4308 et

2220 4363 2465 4402 meorum
2492 4347 2771 4402 oculorum
2821 4348 3267 4416 imbecillitatem,
3296 4350 3421 4419 quia
3451 4364 3559 4403 non
3589 4346 3815 4400 fuerunt

2220 4439 2274 4494 in
2310 4440 2521 4495 tabellis
2547 4449 2791 4510 excepta,
2823 4440 2909 4495 vel
2964 4440 3237 4496 schedulis
3284 4440 3515 4511 digesta,
3552 4440 3653 4496 sed
3689 4454 3751 4498 ut
3784 4461 3813 4499 a

528 4525 692 4579 etiam
739 4521 795 4575 in
835 4519 1007 4585 Ιοοίε,
1054 4517 1146 4573 Ubi
1199 4518 1396 4571 110mm
1438 4513 1611 4573 ἀείύἱι
1649 4532 1841 4571 sensus
1870 4515 1955 4570 "el
1991 4530 2115 4570 Vm“
2140 4540 2194 4601 1)
2221 4546 2307 4587 me
2330 4531 2559 4587 inveniri
2578 4531 2664 4585 vel
2700 4531 2935 4586 discerni
2966 4539 3277 4602 potuerunt,
3331 4531 3407 4586 ita
3433 4531 3487 4588 in
3518 4531 3627 4589 hoc
3653 4534 3815 4590 affixa

527 4617 593 4672 ba
621 4658 636 4680 ,
696 4616 801 4671 hoc
850 4620 1127 4683 utcunque
1187 4610 1398 4670 valuit.
1452 4609 1673 4681 explere
1728 4609 1935 4665 studuit
1993 4626 2115 4666 mea

528 4715 841 4779 paupertas.

601 4798 678 4854 Te
731 4798 877 4853 enim
916 4793 1176 4865 jubente,
1211 4793 1325 4850 scio
1366 4792 1511 4866 quod
1554 4807 1735 4846 meum
1790 4792 1932 4865 apud
1977 4792 2120 4847 mul-

530 4902 616 4947 tos
664 4889 1050 4962 prtedicabitur
1090 4885 1355 4959 judicium
1391 4926 1406 4951 ,
1468 4885 1562 4954 qui
1631 4884 1931 4938 secundum
1990 4899 2115 4939 car-

530 5000 658 5040 nem
709 4991 917 5038 tantum
942 5022 956 5047 ,
1015 4991 1072 5037 et
1115 4996 1223 5035 non
1253 4980 1422 5034 etiam
1464 4977 1674 5046 justum
1721 4988 1990 5033 noverunt
2030 4976 2119 5048 ju-

531 5078 733 5133 dicium
779 5075 1069 5146 judicare,
1124 5074 1281 5144 quasi
1331 5074 1510 5142 aliqua
1563 5073 1870 5128 temeritate
1913 5072 1968 5126 in
2020 5088 2119 5143 pn-

532 5168 806 5241 gillatione
821 5168 905 5223 vel
934 5166 1357 5238 reprehensione
1376 5158 1640 5247 majorum
1655 5165 1757 5247 hoc
1783 5179 1882 5235 ego
1896 5163 2118 5237 aggredi

529 5264 681 5317 nisus
693 5259 886 5316 fuerim
899 5275 1053 5330 opus.
1068 5257 1237 5330 Legat
1248 5242 1495 5329 quisquis
1523 5256 1611 5312 ille
1624 5266 1709 5312 est
1720 5242 2117 5328 lapologeticum

625 5398 679 5455 ai
705 5398 979 5455 Hactenus
1003 5397 1272 5453 Baronius
1300 5398 1419 5454 loco
1451 5398 1545 5453 cit.

625 5416 657 5453 a
705 5399 979 5455 Hactenus
1003 5399 1272 5453 Baronius
1300 5399 1419 5454 loco
1451 5399 1545 5453 cit.

602 5399 679 5541 Eb;
733 5470 934 5540 Ruﬁni.
993 5468 1245 5524 Mendum
1280 5470 1445 5541 prisci
1483 5468 1825 5525 amanuensis
1862 5468 2119 5526 existimo

568 5540 629 5597 ro
661 5540 886 5596 'Rabano
916 5555 935 5594 :
967 5541 1170 5597 etenim
1206 5541 1259 5594 in
1284 5540 1489 5598 catena
1521 5541 1611 5599 ubi
1655 5542 1915 5599 scribitur
1934 5543 2114 5598 littera

583 5655 597 5678 ,
629 5613 915 5684 Rabanum
948 5627 1056 5684 non
1092 5610 1347 5684 Rufinum
1380 5613 1782 5684 intelligendum
1815 5631 1936 5670 esse
1965 5630 2115 5671 com-

528 5685 690 5763 peri‘,
741 5683 935 5741 collato
978 5683 1223 5763 loco_i|lo_
1257 5703 1275 5735 ι
1307 5684 1367 5763 _Si
1404 5686 1526 5763 quis
1565 5683 1790 5740 uxorem
1846 5686 2113 5763 dimiserit

528 5754 757 5827 excepta
783 5766 946 5812 causa
974 5754 1351 5812 fornicationis
1385 5778 1401 5807 ι
1422 5754 1527 5822 ὴιιὶ
1566 5764 1708 5811 totus
1743 5766 1823 5810 est
1854 5757 2061 5811 Rabani
2095 5773 2108 5811 τ

2220 4624 2406 4679 codice
2430 4633 2574 4679 sunt.
2614 4623 2750 4679 Date
2781 4624 2965 4693 itaque
2987 4625 3205 4678 veniam
3242 4623 3628 4694 imprudentiae
3662 4642 3813 4693 mete,

2218 4732 2383 4786 quam
2407 4718 2754 4783 extorsistis;
2783 4717 2907 4787 quia
2938 4725 2998 4771 ut
3025 4718 3248 4773 auribus
3296 4719 3498 4774 vestris
3545 4722 3813 4776 verbosus

2220 4810 2533 4877 existerem,
2591 4808 2834 4883 dignatio
2890 4819 3074 4865 vestra
3130 4826 3216 4866 me
3270 4812 3469 4883 coegit,
3530 4813 3816 4868 conﬁdens

2206 4901 2363 4972 _quod
2390 4901 2679 4956 voluminis
2708 4903 3012 4973 prolixitas,
3031 4903 3079 4958 si
3104 4902 3385 4973 displiceat
3416 4903 3608 4969 aifatu,
3643 4906 3816 4975 placet

2220 4992 2449 5057 affectu;
2499 5010 2622 5049 eum
2668 4994 3063 5059 intellexerng
3113 5009 3239 5049 eum
3287 4993 3509 5065 (scilicet
3558 4994 3814 5067 codicem)

2222 5098 2328 5138 non
2351 5099 2450 5154 pro
2478 5084 2803 5155 eloquentiae
2828 5100 3100 5151 sermone,
3151 5085 3245 5139 sed
3286 5100 3386 5155 pro
3410 5094 3598 5140 vestro
3626 5101 3813 5142 amore

2220 5168 2505 5261 digestum.
2533 5170 2810 5253 Simulque
2834 5179 2962 5249 quia
2988 5179 3228 5234 sciebam
3250 5178 3551 5233 almitatem
3572 5189 3810 5235 vestram

2220 5268 2276 5322 in
2299 5269 2553 5324 amicitiis
2582 5270 2715 5324 meis
2742 5269 2863 5339 plus
2888 5270 3287 5340 reprehendere
3314 5269 3705 5325 taciturnitatis
3726 5285 3815 5325 ve-

2220 5401 2365 5527 quod
2396 5402 2646 5473 equidem
2674 5416 3002 5472 magnopere
3030 5401 3217 5465 miror,
3245 5401 3374 5472 quia
3393 5401 3560 5457 coaevi
3591 5401 3809 5472 quidem

2244 5485 2441 5527 uerunt
2476 5472 2731 5527 Claudius
2758 5481 2815 5526 et
2841 5472 3100 5527 Rabanus
3130 5514 3143 5527 .
3177 5473 3271 5527 sed
3302 5482 3485 5527 tamen
3525 5473 3690 5527 paulo
3723 5488 3808 5527 se-

2244 5472 2449 5528 iterunt
2476 5472 2731 5527 Claudius
2758 5481 2815 5526 et
2841 5472 3100 5527 Rabanus
3130 5514 3143 5538 ,
3177 5473 3271 5529 sed
3302 5482 3485 5527 tamen
3525 5473 3690 5543 paulo
3723 5488 3808 5527 se-

2219 5545 2343 5600 nior
2388 5544 2663 5599 Claudius.
2707 5544 2991 5599 Fortunati
3012 5559 3239 5614 quoque
3265 5560 3465 5601 nomen
3498 5544 3722 5600 nonnisi
3743 5558 3809 5598 ex

2216 5616 2533 5743 Eraefatione
2566 5615 2877 5697 Hieronymi
2901 5617 2970 5672 ad
2993 5613 3206 5673 Comm.
3263 5617 3323 5672 in
3356 5615 3552 5673 Matth.
3592 5616 3809 5672 videtur

2262 5688 2476 5743 laudtus
2505 5701 2844 5743 cognovrsse.

2262 5688 2476 5744 laudius
2505 5688 2844 5758 cognovisse.
