4056 6350
361 354 471 415 837

1111 360 1431 425 PREFAT.
1468 366 1539 424 IN
1574 367 1926 429 COMMENT.
1969 371 2145 445 SUOS
2180 372 2273 430 AD
2310 368 2528 432 EPIST.
2567 372 2792 435 PAULI.

3512 386 3619 450 838

360 472 698 539 recundiam,
722 487 887 544 quam
915 474 1191 546 loquacem
1220 478 1603 541 familiaritatis
1630 486 1930 578 audaciam.
1960 492 2015 553 Α
2038 490 2143 544 mei
2172 492 2495 562 pervenerit,
2528 491 2967 550 intercessionem
2996 505 3340 567 peccatorum
3366 515 3611 559 meorum

359 566 549 637 Legite
573 567 618 621 si
662 566 854 623 vivetis
885 569 984 639 (ita
1024 570 1191 644 (τοίω,
1217 582 1381 645 atque
1417 580 1781 637 transcribite.

432 657 672 713 Obsecro
686 658 852 715 etiam
865 669 924 715 ut
936 672 1222 732 postquam
1238 665 1391 725 vobis
1404 668 1544 733 bene
1565 672 1814 741 cognitus
1829 672 1945 730 fue-

334 750 451 814 rit,
476 751 732 811 fratribus
754 754 972 817 nostris,
1000 755 1194 824 quibus
1215 758 1391 827 adhuc
1411 761 1717 835 incognitus
1731 774 1834 832 est,
1865 781 1945 847 re-

354 842 625 896 mittatur.
646 840 886 914 Denique
898 859 1000 916 ego
1012 849 1353 919 praesentiam
1374 863 1609 909 vestram
1630 856 1771 925 intra
1798 840 1943 913 men-

355 931 433 985 tis
462 947 594 987 meze
616 938 1088 1005 arcanapossideo,
1121 948 1177 995 et
1196 940 1427 1013 elIigiem
1468 955 1704 1002 vestram
1740 948 1794 1003 in
1825 964 1942 1019 spe-

354 1022 483 1077 culo
502 1025 607 1080 mei
623 1025 1049 1094 cordisiutueor,
1066 1046 1226 1100 quam
1247 1034 1357 1103 illic
1372 1037 1608 1113 charitas
1623 1048 1803 1094 nostra
1817 1056 1941 1115 per-

353 1110 497 1168 fecte
517 1114 776 1184 depinxit,
798 1120 1066 1177 utnullius
1082 1129 1257 1180 aetatis
1280 1128 1450 1197 possit
1467 1110 1731 1203 oblivione
1746 1110 1934 1200 deleri,

352 1217 478 1271 quae
495 1204 611 1275 jugi
638 1209 1009 1265 recordatione
1031 1217 1321 1274 momentis
1358 1219 1582 1290 singulis
1623 1220 1932 1280 innovatur.

2048 579 2271 651 supplex
2303 581 2370 636 ab
2398 582 2644 638 omnibus
2672 585 2919 656 exquiro,
2976 586 3201 644 subnixa
3223 588 3406 661 ‘prece
3454 595 3616 666 depo-

2045 688 2220 741 scens,
2249 683 2308 729 ut
2336 672 2413 730 ita
2460 676 2964 735 misericordissimo
2995 680 3222 739 Domino
3256 695 3442 742 nostro
3472 691 3614 745 assi-

2044 766 2164 822 duis
2192 770 2541 839 petitionibus
2584 771 2837 845 llagitetis
2863 816 2878 842 ,
2905 785 2965 830 ut
3013 776 3068 831 in
3121 781 3371 837 omnibus
3400 784 3613 843 delictis

2042 858 2179 913 meis
2208 870 2369 932 atque
2398 864 2637 932 peccatis
2685 866 2934 923 omnibus
2954 908 2970 933 ,
3002 868 3390 940 Opitulantibus
3417 878 3573 932 vobis
3593 917 3610 945 ,

2042 947 2513 1004 consuetudinaria
2540 952 2822 1009 clementia
2847 962 2902 1011 et
2940 958 3156 1028 cepiosa
3184 959 3424 1019 bonitate
3459 966 3605 1021 dele-

2040 1037 2137 1103 tis,
2167 1038 2268 1092 etsi
2296 1054 2402 1093 non
2432 1040 2499 1095 ad
2522 1040 2662 1096 idem
2689 1045 2965 1112 praemium
2986 1087 3000 1112 ,
3042 1049 3219 1115 saltim
3244 1052 3312 1106 ad
3352 1054 3603 1115 eumdem

2039 1146 2137 1186 nos
2156 1139 2370 1201 portum
2400 1134 2596 1204 quietis
2618 1122 2805 1202 juheat
2834 1141 3116 1208 pervenire
3146 1141 3247 1215 (a).
3272 1164 3289 1195 ι
3324 1144 3395 1200 Ut
3420 1154 3611 1216 quate-

2037 1238 2139 1277 nus
2167 1223 2252 1277 hic
2279 1232 2498 1295 propter
2549 1227 2721 1295 spatia
2772 1227 3050 1297 interjecta
3107 1243 3397 1298 terrarum,
3428 1236 3604 1293 oculis

352 1292 474 1348 Illic
492 1296 637 1351 enim
665 1298 944 1357 vobiscum
969 1311 1025 1357 et
1047 1310 1491 1367 consuetudinem
1512 1313 1936 1384 pietatisvcstrae

350 1387 623 1446 secretius
642 1391 961 1462 conloquor;
984 1396 1096 1451 illic
1117 1400 1279 1455 etiam
1307 1402 1373 1459 de
1396 1405 1517 1459 vita:
1545 1407 1785 1465 melioris
1806 1426 1934 1465 con-

349 1478 661 1535 versatione
670 1492 943 1550 pertracto
961 1504 975 1539 :
1002 1487 1109 1544 illic
1135 1505 1230 1546 vos
1241 1491 1397 1548 labiis
1411 1498 1607 1553 mentis
1627 1501 1929 1567 exosculor,

2036 1316 2279 1387 corporis
2305 1316 2501 1387 scepius
2518 1332 2614 1372 nos
2635 1318 2816 1374 videre
2830 1335 2934 1374 non
2959 1335 3264 1391 possumus,
3291 1324 3377 1379 vel
3403 1325 3605 1381 ibidem

2035 1407 2102 1463 de
2130 1417 2311 1463 mutua
2342 1410 2625 1479 praesentia
2657 1411 2999 1481 gaudeamus.
3051 1414 3116 1469 Et
3143 1417 3356 1485 quando
3387 1417 3542 1472 vobis
3570 1433 3603 1473 a

2027 1497 2175 1568 justo
2196 1500 2377 1571 judice
2408 1502 2736 1556 retribuetur
2783 1518 2983 1559 corona
3013 1506 3353 1571 meritorum,
3404 1507 3536 1562 mihi
3570 1524 3601 1562 a

348 1575 412 1622 et
429 1571 679 1631 manibus
695 1576 891 1633 mentis
913 1578 1227 1648 amplector.
1241 1582 1358 1650 Quo
1384 1584 1444 1641 lit
1459 1594 1516 1640 ut
1540 1603 1669 1644 vera
1690 1590 1928 1660 dilectio,
2032 1591 2277 1661 piissimo
2305 1590 2642 1662 redemptore
2669 1601 2723 1647 et
2754 1595 3016 1650 advocato
3037 1594 3429 1665 perfectissimo
3450 1613 3602 1653 com-

347 1674 475 1729 qua:
495 1662 549 1717 in
578 1664 877 1727 visceribus
898 1672 1035 1727 meis
1063 1672 1183 1728 viva
1214 1678 1379 1732 vestri
1413 1679 1732 1750 ﬁguratione
1757 1684 1932 1739 nutri—
2032 1681 2318 1737 missorum
2348 1682 2506 1737 venia
2529 1698 2635 1737 non
2659 1684 2985 1755 negetur.Et
3010 1686 3129 1740 idco
3154 1701 3251 1755 per
3277 1684 3599 1742 inetfabilem

345 1755 462 1837 tur,
495 1752 808 1824 etigniculo
832 1758 1113 1816 cbaritalis
1142 1765 1479 1837 accenditur,
1510 1770 1713 1826 amoris
1760 1774 1927 1829 vestri
2032 1774 2221 1845 gratiae
2235 1789 2298 1828 ac
2316 1773 2534 1828 virtutis
2559 1752 2926 1843 operationem
2952 1775 3107 1830 nobis
3131 1784 3391 1845 pmstare
3413 1777 3602 1847 digne-

345 1839 485 1894 mihi
514 1844 964 1905 necessitudinem
996 1855 1365 1923 repromittat,
1413 1866 1470 1923 et
1518 1862 1733 1917 animus
1763 1879 1916 1921 meus
1945 1862 1992 1922 B
2022 1839 2137 1929 tur,
2170 1874 2378 1936 utquos
2404 1863 2493 1919 hic
2519 1839 2749 1919 veritate
2772 1865 2897 1919 ﬁdei
2917 1839 3214 1938 conjungit,
3246 1868 3357 1922 illic
3386 1839 3602 1922 habita-

345 1931 485 2033 mibi
516 1934 683 1991 animi
716 1940 883 2001 vestri
924 1940 1209 2013 ﬁdejussor
1246 1948 1473 2019 existat;
1505 1952 1630 2007 dum
1657 1967 1920 2033 quantum
2021 1959 2166 2015 tione
2189 1931 2297 2013 non
2327 1967 2567 2030 separet;
2598 1956 2969 2033 concedatque
2995 1962 3174 2017 divina
3204 1962 3506 2028 miseratio,
3540 1970 3602 2017 ut

343 2026 483 2124 mihi
508 2027 576 2083 de
602 2032 757 2090 vobis
781 2050 1107 2103 praesumere
1132 2041 1377 2112 debeam,
1410 2047 1691 2104 conscium
1718 2028 1920 2108 mutuae
2020 2026 2405 2120 paternitatem
2426 2057 2573 2104 tuam
2596 2066 2695 2121 per
2714 2066 2885 2106 annos
2907 2052 3105 2108 multos
3117 2052 3390 2107 exteriore
3404 2052 3589 2124 vigore

343 2114 655 2215 ἀί¹ξοιί⁰¹¹ίδ
677 2134 866 2193 Ρθειυε
887 2128 1185 2203 interrogo.
2018 2114 2076 2198 et
2120 2142 2400 2198 alacritate
2426 2114 2649 2215 integr—te
2684 2144 2932 2200 sanitatis
2974 2144 3281 2215 indulgeat;
3315 2146 3443 2214 quia
3459 2114 3595 2200 vere

417 2208 485 2264 Et
507 2211 630 2268 ideo
649 2217 958 2285 specialiter
989 2222 1221 2293 deposco
1245 2233 1359 2281 tam
1403 2243 1500 2285 vos
1534 2244 1699 2303 quam
1728 2247 1919 2291 omnes
2021 2240 2150 2288 tunc
2172 2243 2482 2305 reparatum
2504 2208 2625 2290 esse
2646 2250 2731 2290 me
2760 2236 2954 2302 sentio,
2979 2235 3024 2291 si
3040 2236 3106 2291 de
3128 2237 3389 2306 sospitate
3412 2244 3593 2292 vestra

340 2300 511 2356 etiam
529 2306 831 2367 caelestium
853 2324 1247 2385 praeceptorum
1267 2317 1521 2387 factores,
1536 2300 1592 2381 et
1612 2324 1919 2380 divinorum
2020 2300 2423 2397 semperoptata
2439 2341 2758 2403 cognovero.
2775 2325 2940 2382 Filios
2952 2334 3159 2382 vestros
3169 2335 3225 2381 et
3236 2326 3431 2381 fratres
3446 2340 3597 2381 meos

339 2392 678 2487 eloquiorum
701 2409 997 2463 sectatores
1045 2424 1065 2461 α
1095 2408 1165 2465 ad
1189 2424 1537 2483 quoscunque
1556 2415 1669 2471 sive
1698 2431 1797 2487 per
1821 2418 1925 2472 hoc

341 2483 458 2539 sive
474 2501 572 2556 per
591 2489 736 2546 aliud
756 2495 1111 2567 quodcunque
1133 2502 1447 2570 opusculum
1471 2506 1663 2560 notitia
1690 2483 1924 2565 nominis

416 2618 492 2690 (a)
526 2620 680 2680 Hanc
705 2625 837 2684 item
872 2630 1198 2699 particulam
1219 2634 1467 2693 ediderat
1496 2636 1785 2697 Baronius.
1860 2651 1873 2669 ‘

352 2762 1705 2801 __.____________

2026 2417 2270 2473 salutans
2287 2432 2533 2485 veneror,
2553 2426 2607 2474 et
2619 2433 2885 2475 venerans
2896 2412 3088 2474 saluto.
3110 2416 3437 2475 Mementote
3453 2416 3586 2483 mei,

2030 2510 2135 2566 viri
2161 2512 2281 2568 Dei.

1716 2782 3591 2809 W-

1319 2894 1896 3013 CLAUDlI
1982 2899 2626 3021 EPISCOPI

422 3104 946 3190 PREFATIO
1020 3110 1130 3196 IN
1204 3112 1950 3201 COMMENTARIO

1680 3247 1724 3309 Α
1746 3248 1950 3309 pns'

2071 3124 2329 3309 SU?)S
2400 3125 2535 3205 AD
2594 3123 3155 3207 EPISTOLAS
3230 3125 3537 3206 PAULI

2020 3250 2179 3309 [Πιῐ
2238 3254 2307 3309 αν
3536 3298 3537 3301 η

1674 3247 2180 3341 APOSTOLI
2215 3247 2317 3330 ια).
3536 3298 3548 3309 .

1328 3473 1466 3539 (Maii
1488 3475 1667 3541 Script.
1692 3480 1813 3529 vett.
1839 3477 1959 3531 Coll.
1985 3492 2120 3541 nov.,
2147 3487 2264 3533 tom.
2289 3479 2399 3545 ΥΠ,
2420 3495 2468 3547 p.
2491 3479 2625 3545 27L.)

411 3686 713 3746 Venerabili
740 3687 798 3744 in
844 3685 1059 3743 Christo
1104 3686 1421 3758 sinceraque
1466 3689 1731 3747 charitate
1780 3691 1903 3749 dili-
1932 3697 1977 3761 C
2007 3711 2105 3766 per
2138 3695 2549 3767 intelligentiam
2578 3694 2935 3753 extendentes
2955 3708 3073 3759 nos,
3102 3695 3156 3750 in
3178 3696 3445 3766 spirituali
3471 3717 3588 3773 spe-

337 3784 508 3855 gendo
533 3780 895 3837 Theudemiro
922 3779 1103 3835 abbati
1127 3778 1382 3835 Claudius
1406 3781 1704 3851 inspirante
1733 3784 1907 3854 gratia
1938 3784 1944 3795 '

334 3876 428 3930 Dei
447 3874 729 3944 episcopus
752 3877 1064 3942 perpetuam
1084 3869 1431 3925 beatitudinis
1452 3879 1580 3942 opto
1600 3872 1654 3926 in
1677 3871 1907 3927 Domino
1934 3862 1941 3869 ’

335 3966 583 4024 salutem.

406 4058 519 4114 Non
543 4057 689 4114 velut
707 4055 1059 4128 pertinaciter
1078 4054 1305 4127 rigidus,
1334 4056 1549 4112 renisus
1565 4072 1686 4114 sum
1714 4058 1905 4113 volun-

333 4154 431 4209 tati
462 4161 568 4207 tuze
597 4151 687 4207 diu
714 4149 1069 4220 multumque,
1101 4148 1499 4205 studiosissime
1525 4150 1780 4206 clientnle
1798 4191 1813 4215 ,
1842 4159 1904 4206 ut

332 4246 651 4303 dilucidatas
677 4243 917 4316 gentium
944 4242 1191 4314 magistri
1220 4243 1491 4313 Epistolas
1515 4259 1622 4298 non
1653 4243 1748 4299 tibi
1774 4242 1905 4298 diri-

329 4352 547 4413 gerem;
572 4337 669 4392 sed
694 4336 1130 4405 obstrepentibus
1164 4348 1286 4405 quae
1310 4336 1414 4391 isto
1446 4335 1503 4390 in
1527 4335 1724 4390 saeculo
1749 4342 1901 4391 rota-

330 4431 438 4486 tico
485 4424 665 4484 causis'
721 4429 1005 4499 insurgunt
1051 4427 1407 4497 prtepeditus,
1462 4428 1690 4482 necdum
1724 4426 1904 4483 facere

325 4521 494 4592 potui.
521 4519 915 4591 Proposueram
941 4518 996 4573 in
1016 4518 1180 4573 corde
1206 4532 1325 4572 meo
1345 4518 1562 4587 quippe,
1588 4528 1650 4573 ut
1675 4519 1727 4573 in
1755 4534 1914 4574 seru--

327 4612 508 4668 tandis
534 4611 964 4680 meditandisque
994 4609 1313 4679 Scripturis,
1339 4611 1555 4680 quando
1585 4611 1655 4665 ad
1687 4610 1903 4665 illarum

325 4705 666 4762 dulcedinem
684 4704 941 4776 primitus
971 4703 1200 4767 accessi,
1227 4702 1355 4773 vigil
1379 4710 1434 4757 et
1457 4702 1763 4758 indefessus
1785 4704 1903 4759 exi-

326 4790 546 4861 sterem,
586 4811 655 4851 ne
680 4810 910 4851 acumen
948 4794 1146 4849 mentis
1172 4793 1484 4848 obdormire
1526 4794 1900 4863 permitterem

324 4889 488 4945 inerti
515 4890 1045 4962 torpore:cogitans
1071 4901 1241 4957 penes
1294 4901 1413 4952 me,
1455 4894 1584 4942 tune
1633 4888 1901 4943 veraciter

322 4996 412 5034 me
442 4979 625 5035 vivere
646 4978 956 5051 angelorum
986 4993 1163 5049 pane;
1194 4985 1252 5032 et
1279 4977 1325 5033 si
1356 4992 1462 5032 non
1483 4985 1545 5032 ut
1561 4978 1896 5043 summiviri,

2014 3789 2135 3844 culo
2159 3799 2484 3853 crescentes,
2514 3789 2735 3844 minime
2765 3787 3100 3846 retineamur
3129 3789 3196 3843 ab
3224 3790 3448 3848 inlicitis
3485 3811 3580 3850 cu-

2009 3881 2349 3949 piditatibus.
2400 3880 2471 3935 Ut
2498 3876 2688 3933 Cicero
2709 3880 2787 3933 ait
2818 3878 2892 3950 (ὁ)
2929 3900 2941 3933 :
2978 3901 2996 3931 ί
3021 3871 3356 3948 Ὡυελιοὶιίε,
3386 3882 3581 3952 inquit,

2010 3971 2125 4029 dies
2148 3980 2441 4040 noctesque
2463 3971 2927 4026 considerantibus
2945 3973 3591 4045 acuentibusquehn‘eii-i-

2008 4062 2266 4133 gentiam,
2299 4077 2418 4131 qua:
2473 4068 2556 4114 est
2596 4060 2793 4116 mentis
2828 4062 3007 4129 acies,
3067 4066 3491 4140 caventibusque
3518 4090 3587 4129 ne

2008 4152 2225 4223 quando
2255 4152 2344 4207 illa
2391 4150 2665 4217 hebescat,
2695 4151 2748 4206 id
2775 4161 2859 4207 est
2898 4152 2953 4206 in
2987 4152 3323 4227 philosophia
3357 4160 3588 4217 viventi-

2006 4245 2140 4311 bus,
2196 4260 2389 4313 magna
2422 4259 2544 4319 spes
2578 4252 2681 4298 est.
2715 4228 2743 4297 ι’
2791 4242 2922 4299 Post
2956 4240 3233 4315 paululum
3291 4248 3588 4322 adjungens

2007 4337 2084 4393 ait
2118 4352 2133 4392 :
2174 4356 2193 4388 ‹
2222 4338 2356 4395 Etsi
2381 4346 2439 4391 ut
2466 4336 2702 4409 antiquis
2732 4336 3089 4409 philosophis,
3116 4339 3308 4411 hisque
3334 4344 3586 4400 maximis

2006 4428 2270 4499 longeque
2295 4427 2613 4482 clarissimis
2640 4428 2874 4498 placuit,
2903 4437 3134 4485 mternos
3160 4432 3367 4486 animos
3408 4448 3472 4488 ac
3505 4435 3586 4488 di-

2006 4520 2161 4575 vinos
2187 4518 2472 4585 habemus,
2501 4519 2578 4573 sic
2603 4520 3018 4575 existimandum
3044 4529 3146 4587 est,
3184 4538 3289 4591 quo
3318 4524 3494 4594 magis
3526 4525 3583 4581 hi

2006 4609 2212 4667 fuerint
2252 4625 2466 4682 semper
2492 4611 2546 4665 in
2570 4625 2667 4687 suo
2701 4626 2897 4677 cursu,
2925 4610 2978 4666 id
3023 4620 3106 4666 est
3150 4613 3205 4666 in
3264 4613 3475 4667 ratione
3528 4622 3584 4669 et

2002 4704 2366 4775 investigandi
2409 4703 2703 4774 cupiditate
2726 4744 2741 4769 ,
2770 4712 2825 4758 et
2850 4721 2955 4774 quo
2978 4705 3156 4759 minus
3183 4700 3240 4761 se
3268 4705 3577 4764 admiscue-

2004 4795 2114 4850 rint
2144 4805 2307 4865 atque
2332 4794 2726 4864 implicaverint
2741 4793 3018 4849 hominum
3039 4794 3187 4849 vitiis
3205 4802 3260 4849 et
3279 4796 3578 4865 erroribus,

2002 4888 2106 4947 hoc
2133 4888 2220 4942 bis
2243 4885 2541 4943 faciliorem
2567 4900 2850 4940 ascensum
2877 4884 3177 4939 etreditum
3202 4884 3254 4939 in
3280 4886 3475 4940 coelum
3501 4886 3583 4943 fo-

2002 4993 2061 5033 re
2084 4998 2128 5032 ι.
2154 4976 2359 5032 Deinde
2373 4978 2575 5031 addens
2597 4976 2738 5030 hanc
2755 4975 2923 5047 ipsam
2946 4974 3240 5030 clausulam
3256 4970 3575 5047 repetendo,

324 5069 514 5125 saltem
538 5070 989 5141 quemadmodum
1008 5069 1267 5140 languens
1282 5069 1468 5124 vivere
1489 5069 1687 5134 nitens,
1713 5068 1897 5140 lingua
1921 5057 1975 5119 D
2001 5084 2305 5127 sermonem
2321 5068 2515 5129 ﬁniens
2540 5086 2553 5121 :
2581 5065 2967 5145 «QuaprOpter,
2991 5066 3182 5136 inquit,
3207 5075 3264 5120 ut
3290 5066 3579 5138 aliquando

322 5159 563 5218 lambere
591 5160 793 5232 aliquid
823 5162 1134 5225 valuissem,
1165 5167 1222 5217 et
1244 5159 1378 5216 alios
1400 5161 1750 5216 admonerem
1774 5199 1790 5227 ,
1833 5166 1897 5214 ut
2001 5161 2320 5218 terminetur
2347 5160 2542 5225 oratio,
2575 5158 2619 5214 si
2665 5165 2760 5212 aut
2793 5150 3061 5227 exstingui
3109 5158 3395 5229 tranquille
3423 5162 3577 5215 volu-

322 5252 674 5323 apostolicum
700 5268 823 5309 meo
850 5260 1189 5321 sectarentur
1219 5253 1547 5323 exemplum.
1579 5253 1735 5309 Unde
1773 5267 1896 5323 quae
2000 5270 2141 5322 mus,
2169 5268 2293 5309 cum
2323 5252 2379 5307 in
2408 5252 2494 5307 his
2545 5252 2770 5307 artubus
2808 5250 2878 5323 (c)
2931 5251 3259 5318 vixerimus;
3301 5260 3393 5307 aut
3427 5254 3473 5308 si
3508 5271 3576 5309 ex

324 5356 473 5402 retro
496 5354 621 5403 sunt
648 5346 1046 5411 obliviscentes,
1075 5345 1144 5400 ad
1192 5360 1257 5402 ea
1295 5360 1418 5416 quae
1465 5347 1725 5429 interiora
1769 5354 1900 5404 sunt
1999 5346 2105 5403 hac
2155 5347 2211 5404 in
2237 5344 2399 5401 aliam
2449 5350 2543 5399 aut
2599 5341 2676 5418 (ά)
2702 5343 2978 5417 paululum
3033 5340 3314 5402 meliorem
3357 5347 3575 5405 domum

1995 5515 2592 5649 exfgfclbélragmentis
2622 5576 2803 5646 operis
2834 5576 3300 5649 degPhilosophia
3322 5579 3479 5649 ,sive
3507 5579 3564 5636 ia

1995 5647 2287 5721 Hortensio
2310 5688 2325 5711 ,
2366 5649 2506 5717 apud
2543 5647 2770 5721 August.
2812 5648 2882 5721 de
2906 5647 3057 5721 Trin.
3089 5647 3190 5721 lib.
3220 5666 3311 5706 xxv
3336 5648 3427 5721 ﬁn.

2351 5734 2465 5819 ram
2488 5719 2700 5819 frangi
2718 5720 2771 5797 in
2800 5719 3126 5807 editionibus
3159 5719 3457 5819 Ciceronis.

2066 5718 2146 5864 2?)
2182 5718 2701 5864 ἓῗιῖθτιῗῒηὲἵέῗίἱέ
2718 5720 2745 5797 ίε

392 5508 472 5584 (a)
508 5509 589 5565 Ex
611 5510 835 5580 antiquo
880 5508 1066 5565 codice
1107 5505 1382 5588 Bobiensi,
1412 5522 1557 5589 nunc
1602 5508 1888 5590 yaticano.

392 5598 493 5633 prro
535 5580 696 5633 huius
722 5580 1053 5633 nmfationis
1082 5578 1136 5633 in
1169 5575 1459 5633 Pansnensn
1496 5581 1684 5633 codice
1732 5579 1888 5633 lectae

319 5580 493 5638 Porro
535 5580 696 5651 hujus
722 5580 1053 5652 praefationis
1082 5580 1136 5634 in
1170 5580 1459 5633 Parisiensi
1496 5580 1684 5636 codice
1732 5580 1890 5634 lecta:

320 5652 570 5733 meminit
598 5650 1098 5733 etiamjlichardus
1144 5646 1424 5733 Siuion‘ins.
1456 5648 1593 5733 Hist.
1640 5652 1776 5733 σπῆι..

322 5722 425 5792 Ν.,
456 5738 574 5796 cap.
625 5720 715 5796 25.
767 5722 879 5793 Ego
909 5734 1040 5777 vero
1084 5721 1224 5775 hanc
1264 5718 1485 5796 interim
1512 5722 1631 5796 edo,
1670 5721 1892 5796 omissis

324 5789 752 5860 caementariis,
779 5789 1007 5863 quorum
1035 5798 1224 5862 postea
1254 5789 1699 5864 divulgaudomm
1715 5791 1889 5848 otium
