4056 6350
525 252 630 314 855

1596 242 1870 305 CLAUDII
1906 237 2370 303 TAURINENSIS
2406 239 2713 300 EPISCOPI

3690 236 3797 301 8,36

521 371 719 428 ticanae
742 363 928 437 script.
946 372 1059 422 vet.
1085 362 1360 423 volumine
1376 377 1434 437 p.
1458 362 1566 437 επ
1588 362 1756 437 (Infra
1801 364 1906 419 eol.
1950 365 2099 437 857).
2129 367 2183 428 Α
2205 361 2351 418 beati
2366 356 3021 430 Hieronymipresbyteri;
3037 370 3200 428 quem
3219 352 3273 410 in
3294 353 3611 426 praefatione
3633 368 3798 428 expo-

522 442 676 498 Nunc
710 435 889 495 autem
930 437 1303 511 pnefationem
1346 435 1893 511 ejusdem‘divulgare
1920 436 2099 511 placet

524 454 676 498 Nunc
710 454 889 495 autem
930 454 1303 563 granatlonem
1346 454 1587 511 ejusdem
1617 454 1893 507 uivmgare
1920 454 2099 508 placet

524 515 579 569 in
604 513 866 567 Catenam
901 524 928 561 a
1011 526 1078 564 eo
1104 517 1414 564 contextam
1443 523 1510 562 ex
1549 506 1758 562 Latinis
1795 508 2099 577 przesertim

523 583 776 640 Patribus
801 596 965 652 super
992 580 1224 635 Matthxi
1249 579 1624 652 Evangelium;
1649 592 1814 652 quam
1843 578 2101 634 ineditam

524 656 578 711 in
602 654 811 710 duobus
834 649 1093 720 conspexi
1112 649 1421 716 codicibus,
1431 651 1602 705 altero
1624 649 1839 719 quidem
1863 659 2102 709 vetusta-

523 726 597 782 tis
625 734 734 779 tam
756 719 1173 794 venerandzeut
1202 722 1302 794 ipsi
1330 722 1556 794 Claudio
1586 719 1837 794 videatur
1864 736 2097 794 coaevus,

526 797 700 851 altero
737 803 917 849 autem
945 793 1124 849 szeculi
1152 790 1321 849 ferme
1346 809 1422 848 χι.
1450 791 1591 847 Sane
1614 792 1739 861 quia
1764 790 1969 847 Latinis
1994 791 2099 847 Ca-

524 867 667 922 tenis
704 880 811 919 non
840 879 992 934 teque
1016 872 1077 919 ut
1118 864 1321 920 Graecis
1362 862 1913 934 abundamusLutile
1964 863 2104 918 foret

525 936 875 993 Claudianam
905 931 1043 1006 hanc
1072 935 1140 991 ad
1178 935 1453 1006 publicum
1481 950 1637 1006 usum
1671 931 1921 1006 deferre;
1957 934 2104 1005 quod

526 1024 614 1064 me
642 1006 930 1076 aliquando
960 1003 1230 1076 facturum
1258 1022 1364 1075 non
1394 1003 1990 1076 despondeo.tlnterim‘
2018 1014 2103 1060 ta-

526 1092 651 1132 men
667 1074 937 1130 eruditum
955 1075 1070 1145 ejus
1089 1076 1366 1147 prologum
1391 1074 1623 1131 libenter
1641 1075 1785 1145 typis
1800 1076 2102 1147 committo,

525 1146 682 1216 cujus
723 1147 934 1201 nonnisi
978 1149 1114 1201 duas
1162 1160 1458 1215 paucorum
1498 1161 1753 1200 versuum
1809 1146 2107 1216 particulas

528 1218 766 1289 vulgavit
796 1218 942 1289 olim
970 1217 1258 1289 _Baronius
1305 1218 1395 1272 ad~
1421 1232 1623 1289 annum
1641 1217 1782 1289 Sil”),
1834 1232 1899 1271 ex
1933 1233 2107 1287 eoque

526 1289 582 1357 in
615 1287 870 1357 epistolas
901 1287 1217 1345 Hibernicas
1264 1288 1452 1356 (quasi
1489 1287 1745 1342 Claudius
1773 1296 1917 1342 esset
1948 1298 2107 1357 gente

527 1354 920 1423 Hiberneiisis,
973 1359 1116 1430 quod
1155 1354 1425 1412 immerito
1471 1358 1735 1430 creditum
1786 1357 1889 1430 est)
1945 1354 2107 1414 Usse-

525 1430 644 1484 rius
685 1428 1001 1483 transtulit.’
1029 1428 1373 1497 Cmteroquin
1425 1430 1543 1484 haec
1591 1428 1836 1497 praefatio
1872 1428 2105 1486 nonnisi

525 1500 583 1556 in
632 1501 936 1569 antiquiore
984 1501 1174 1555 codice
1220 1499 1524 1570 superfuit,
1566 1500 1695 1570 quia
1742 1501 1882 1556 alter
1931 1502 2108 1557 codex

527 1571 820 1642 acephalus
849 1579 949 1627 est.

971 1684 1221 1747 INCIPIT
1260 1684 1654 1745 PREFATIO.

871 1816 1075 1856 DOIINO
1101 1816 1304 1869 SANCTO
1334 1816 1396 1856 AC
1426 1815 1741 1856 BEATISSIMO

577 1888 649 1930 IT
685 1887 801 1929 ΙΙΗῘ
832 1887 1113 1928 νερυιιλιιι
1136 1888 1310 1927 CUL'I‘U
1338 1885 1679 1936 AFFECTUQUE
1709 1885 2060 1928 SPECIALITBR

816 1959 1129 2001 EXCOLENDO
1187 1960 1348 1999 PATRI
1409 1958 1570 1999 JUSTO
1632 1960 1827 1999 ΑΒΒΔΊΊ

1029 2030 1288 2070 CLAUDIUS
1318 2029 1610 2070 PECCATOR.

603 2151 623 2184 ι
651 2132 809 2188 Δηηο
835 2130 941 2191 815
979 2130 1373 2186 incarnationis
1407 2129 1706 2185 Salvatoris
1751 2127 1881 2185 Jesu
1909 2128 2113 2187 Christi

525 2222 742 2279 Domini
772 2223 980 2287 nostri,
1018 2230 1305 2293 postquam
1334 2221 1455 2293 pius
1485 2235 1550 2275 ac
1592 2220 1915 2275 mitissimus
1964 2220 2115 2290 prin-

526 2331 673 2386 ceps,
703 2323 905 2369 sancta
931 2313 1026 2368 Dei
1062 2312 1320 2368 Ecclesiae
1355 2312 1636 2367 catholicae
1668 2310 1810 2365 filius
1841 2310 2116 2366 Hludowi—

526 2414 624 2462 cus
646 2418 788 2459 anno
817 2404 1051 2459 secundo
1079 2404 1293 2476 imperii
1315 2403 1419 2468 sui,
1452 2403 1661 2460 caelesti
1705 2402 1873 2458 fultus
1907 2403 2114 2458 auxilio

527 2498 790 2555 adversus
819 2498 1083 2553 barbaras
1109 2498 1357 2553 nationes
1386 2497 1645 2552 movisset
1669 2498 2004 2565 exercitum;
2038 2505 2117 2552 te-

526 2603 634 2660 que
659 2588 896 2644 abeunte
916 2596 971 2644 et
993 2589 1305 2645 discedente
1334 2596 1423 2642 tua
1463 2587 1789 2659 paternitate
1815 2604 1883 2643 ex
1910 2588 2116 2658 palatio

516 2678 635 2752 jam
664 2681 794 2736 dicti
831 2680 1092 2751 principis
1118 2681 1186 2736 ad
1213 2688 1386 2735 tutum
1433 2680 1798 2751 dilectumque
1836 2681 1931 2735 tibi
1966 2696 2108 2735 sem-

523 2787 623 2842 per
650 2773 726 2828 tui
743 2771 1062 2835 monasterii
1083 2779 1298 2841 portum
1320 2788 1335 2839 ;
1367 2770 1649 2840 injunxisti
1673 2771 1806 2825 mihi
1826 2770 2117 2843 utaliquod

525 2864 747 2934 dignum
780 2864 1056 2919 memoriae
1080 2864 1400 2932 opusculum
1426 2864 1479 2917 in
1506 2863 1845 2932 expositione
1868 2863 2113 2934 Evange-

524 2953 583 3008 lii
615 2953 679 3007 ad
707 2954 991 3024 legendum
1032 2954 1321 3024 dirigerem
1367 2952 1628 3007 fratribus
1671 2953 1991 3007 monasterii
2014 2968 2109 3007 ve-

526 3045 628 3099 stri
654 3043 752 3117 (a).
778 3063 797 3095 ι
830 3043 1007 3115 Atque
1036 3044 1246 3125 utinam
1286 3051 1435 3097 tanta
1462 3052 1607 3098 esset
1658 3042 1807 3098 fandi
1863 3042 2113 3110 facultas,

2203 455 2417 512 sitionis
2436 452 2597 524 hujus
2620 451 2856 513 Matthzei
2880 451 3100 522 scripsit
3141 450 3212 509 ad
3232 450 3525 520 quemdam
3568 449 3790 521 Eusebii

2201 551 2441 617 nomine,
2475 550 2528 603 in
2555 565 2663 621 quo
2702 547 2778 602 ait
2806 565 2819 601 :
2856 566 2874 599 ‹
2919 545 3051 601 satis
3082 544 3283 611 miror,
3317 542 3519 601 Eusebi
3550 543 3797 615 dilectis-

2203 644 2363 708 sime,
2388 656 2483 697 cur
2507 640 2736 695 Romam
2757 637 2935 694 subito
2958 637 3332 708 navigaturus,
3366 635 3509 699 hanc
3534 635 3631 691 tibi
3663 651 3693 689 a
3717 652 3801 692 me

2202 736 2357 808 quasi
2389 734 2665 790 sitarciam
2695 731 2813 799 dari
2848 730 3103 803 volueris,
3145 738 3206 797 ut
3250 728 3569 783 Matthaeum
3624 727 3801 783 brevi-

2204 836 2287 884 ter
2306 843 2600 900 erponens,
2634 826 2813 882 verbis
2839 825 3189 897 stringerem,
3212 821 3464 881 sensibus
3490 821 3798 878 dilatarem.

2207 919 2264 976 Si
2295 922 2634 976 meminisses
2662 918 3031 988 responsionis
3072 932 3229 987 mete,
3267 930 3544 986 nunquam
3582 914 3637 969 in
3682 931 3805 986 pau-

2206 1012 2286 1070 cis
2330 1013 2518 1069 diebus
2579 1028 2694 1068 rem
2741 1026 3007 1073 annorum
3046 1018 3283 1083 peteres.
3334 1028 3353 1061 ›
3390 1007 3805 1081 Spoponditque

2206 1119 2267 1162 se
2289 1105 2365 1162 illi
2393 1106 2496 1161 hoc
2519 1105 2572 1160 in
2597 1112 2877 1176 posterum
2901 1102 3214 1175 plenissime
3231 1100 3629 1172 expositurum.
3654 1099 3807 1168 Quod

2208 1198 2427 1268 quidem
2449 1210 2792 1269 nequaquam
2814 1194 3038 1259 faceret,
3064 1193 3233 1249 sinon
3251 1192 3418 1251 multa
3435 1192 3808 1263 praetermissa

2210 1290 2321 1347 illic
2353 1298 2694 1346 sacramenta
2721 1302 2841 1342 esse
2863 1327 2879 1353 ,
2929 1284 3073 1340 idem
3107 1284 3189 1339 vir
3219 1291 3439 1338 sanctus
3478 1283 3672 1351 sciret.
3713 1282 3810 1338 Le-

2211 1387 2304 1451 gat
2337 1388 2393 1434 ct
2443 1378 2579 1434 alios
2628 1377 2798 1449 ipsius
2839 1375 3123 1447 Evangelii
3187 1373 3411 1429 Latinos
3470 1374 3811 1447 expositores

2213 1474 2479 1529 Hilarium
2507 1482 2564 1530 et
2600 1472 2978 1537 Fortunatum,
3003 1478 3059 1525 et
3079 1469 3235 1540 juxta
3278 1469 3524 1526 historia:
3552 1468 3806 1525 ordinem

2213 1581 2403 1623 omnes
2450 1580 2642 1631 sensus
2701 1563 2979 1635 physicos,
3036 1561 3380 1632 allegoricos,
3433 1568 3605 1631 atque
3650 1560 3810 1614 etiam

2214 1660 2427 1716 ethicos
2451 1658 2697 1729 requirat
2724 1656 3013 1727 diligenter
3035 1656 3102 1710 ad
3130 1670 3330 1729 purum
3357 1671 3372 1721 ;
3403 1661 3460 1721 et
3490 1662 3625 1708 tunc
3654 1668 3808 1709 nosse

2144 1759 2197 1821 B
2221 1753 2420 1823 poterit
2471 1759 2652 1815 utrum
2692 1764 2792 1822 ego
2847 1749 3019 1804 otiose
3060 1763 3131 1802 an
3181 1749 3392 1813 devote,
3436 1743 3717 1816 superﬂue
3749 1760 3811 1800 an

2218 1846 2547 1915 necessarie,
2575 1846 2628 1900 in
2666 1844 2772 1899 hoc
2817 1857 2983 1914 opere
3026 1842 3407 1896 laboraverim.
3451 1839 3593 1901 Etsi
3634 1839 3683 1894 ei
3712 1854 3810 1894 non

2214 1941 2483 2013 placuerit
2510 1940 2718 1995 fructus
2747 1938 2949 1994 laboris
2983 1937 3113 2003 mei,
3155 1936 3343 1991 audiat
3376 1934 3529 1991 salva
3550 1931 3815 1990 charitate

2216 2048 2538 2102 responsum
2570 2048 2584 2098 ;
2614 2032 2701 2088 cui
2743 2048 2849 2086 non
2875 2030 3068 2101 placet,
3111 2030 3367 2101 negligat.

2287 2126 2524 2182 Obsecro
2550 2126 2713 2181 etiam
2741 2125 3124 2196 paternitatem
3166 2132 3336 2189 tuam,
3381 2131 3439 2181 et
3476 2131 3797 2179 cunctorum

2217 2216 2447 2273 fratrum
2478 2218 2782 2273 benivolam
2830 2216 3177 2280 cbaritatem,
3227 2223 3426 2273 utnon
3471 2225 3571 2270 vos
3618 2219 3812 2268 terreat

2217 2309 2429 2380 prolixa
2470 2308 2757 2379 expositio,
2812 2324 2911 2362 nec
2952 2305 3243 2362 voluminis
3292 2305 3654 2375 magnitudo;
3683 2304 3801 2374 quia

2218 2417 2410 2457 revera
2439 2410 2689 2457 sanctum
2718 2399 3089 2471 Evangelium,
3142 2397 3287 2469 quod
3333 2412 3505 2469 regno
3546 2397 3810 2455 ccelorum

2220 2492 2398 2549 simile
2427 2508 2458 2547 a
2488 2492 2771 2565 Salvatore
2796 2498 2985 2546 nostro
3015 2489 3201 2545 multis
3230 2490 3286 2551 in
3315 2488 3452 2547 locis
3473 2504 3601 2547 esse
3634 2488 3810 2560 perhi-

2218 2588 2398 2653 betur,
2425 2602 2533 2642 non
2553 2595 2732 2656 potest
2756 2585 2944 2655 paucis
2988 2584 3258 2641 enuntiari
3302 2582 3485 2638 verbis
3530 2582 3621 2639 vel
3649 2581 3810 2637 sensi-

2218 2681 2321 2737 bus
2348 2680 2638 2750 explicari;
2668 2678 2795 2749 quia
2840 2685 2896 2732 et
2924 2690 3225 2748 congruum
3272 2673 3398 2740 fuit,
3443 2682 3503 2731 ut
3532 2689 3695 2729 sacra
3724 2689 3811 2729 no-

2220 2772 2317 2829 stri
2356 2771 2655 2827 Salvatoris
2709 2770 2852 2825 dicta
2895 2768 3108 2824 caeteris
3155 2766 3476 2837 Scripturis,
3529 2765 3678 2823 sicut
3708 2780 3807 2821 me-

2218 2864 2327 2921 rito
2360 2864 2436 2919 ita
2457 2871 2514 2919 et
2543 2862 2720 2933 specie
2765 2862 3239 2926 discernerentur;
3277 2874 3349 2915 ne
3392 2858 3483 2915 illa
3509 2857 3810 2917 celestium

2219 2970 2545 3011 arcanorum
2576 2954 2808 3025 dignitas
2837 2954 3042 3024 passim
3073 2961 3237 3021 atque
3265 2951 3567 3009 indiscrete
3603 2949 3806 3005 cunctis

2219 3056 2453 3119 pateret,
2517 3054 2869 3116 sanctumque
2907 3044 3153 3110 canibus,
3185 3052 3240 3100 et
3286 3042 3604 3113 margaritae
3639 3040 3809 3112 porcis

526 3145 729 3208 quanta
750 3144 835 3191 est
854 3135 1138 3209 obediendi
1164 3136 1416 3191 voluntas
1444 3150 1676 3206 cumque
1695 3135 1840 3189 aliud
1864 3134 2111 3191 scriben—
2141 3134 2184 3196 C
2216 3145 2634 3209 exponerentur.
2672 3137 2740 3195 Et
2762 3136 2882 3192 ideo
2912 3138 2980 3192 ab
3007 3136 3127 3206 ipso
3158 3133 3444 3190 Salvatore
3483 3140 3683 3191 nostro
3702 3146 3811 3203 pro-

525 3231 659 3289 dum
681 3247 749 3287 ex
776 3230 1101 3311 przecedenti
1126 3227 1241 3300 jam
1279 3237 1522 3302 tempore
1546 3245 1666 3284 mea
1700 3238 1907 3284 teneret
1929 3228 2115 3284 volun-

526 3334 609 3381 tas
631 3366 645 3390 ,
683 3325 751 3380 ad
774 3322 826 3378 id
856 3324 1001 3394 quod
1016 3324 1260 3395 jusseras
1283 3338 1457 3377 meam
1481 3322 1739 3378 continuo
1772 3321 1953 3376 studui
1978 3321 2111 3375 diri-

526 3430 656 3488 gere
700 3414 1063 3489 voluntatem;
1115 3422 1170 3467 et
1225 3410 1575 3484 Evangelium
1633 3412 1928 3467 secundum
1980 3409 2116 3465 Mat-

528 3506 729 3561 thzeum
752 3520 818 3559 ex
842 3503 1117 3576 opusculis
1143 3514 1453 3559 sanctorum
1477 3504 1717 3568 Patrum,
1751 3504 1877 3558 licet
1907 3519 2013 3557 non
2047 3503 2116 3557 ad

527 3613 750 3673 purum,
782 3596 927 3667 quod
951 3596 1117 3650 etiam
1141 3594 1356 3650 dillicile
1386 3604 1470 3650 est
1501 3594 1648 3662 fieri,
1683 3603 1864 3649 tamen
1890 3604 1951 3649 ut
1973 3595 2115 3650 valui

527 3692 808 3763 inquirere
872 3698 1035 3760 atque
1088 3688 1381 3765 explanare
1432 3695 1661 3743 conatus
1713 3704 1835 3742 sum
1887 3704 1955 3742 ex
2007 3696 2119 3741 tra-

529 3785 764 3843 ctatibus
793 3784 1078 3839 doctorum
1118 3790 1175 3837 et
1222 3781 1490 3854 majorum
1526 3789 1855 3863 nostrorum,
1886 3782 1979 3853 qui
2017 3797 2116 3837 nos

527 3879 584 3935 in
616 3878 795 3933 studio
841 3874 1002 3945 hujus
1053 3876 1258 3947 Operis,
1309 3876 1448 3930 sicut
1497 3875 1724 3929 scientia
1775 3875 1851 3929 ita
1897 3882 1953 3929 et
1982 3882 2117 3928 tem-

527 3987 659 4044 pore
682 3977 1093 4043 praecesserunt,
1130 3968 1183 4023 id
1214 3978 1297 4024 est
1339 3967 1611 4043 Origenis,
1646 3968 1858 4034 Hilarii,
1884 3968 2119 4023 Ambro-

528 4062 616 4127 sii,
653 4061 985 4132 Hieronymi,
1018 4058 1329 4139 Augustini,
1354 4057 1533 4113 Ruﬁni
1559 4059 1655 4131 (ὑ),
1688 4056 1934 4125 Joannis,
1979 4057 2118 4111 Ful-

528 4151 718 4223 gentii,
759 4150 975 4215 Leonis,
1007 4149 1249 4215 Maximi,
1281 4148 1549 4219 Gregorii,
1571 4159 1623 4202 et
1646 4149 1824 4203 Bedae.
1853 4148 1959 4204 Sed
1976 4149 2120 4203 sicut

530 4244 586 4298 in
614 4257 736 4297 arce
756 4241 949 4311 capitis
972 4240 1115 4294 inter
1135 4240 1318 4295 omnia
1341 4244 1585 4293 membra
1609 4239 1793 4310 lingua
1810 4238 1931 4307 plus
1951 4253 2118 4292 mem-

529 4339 644 4394 bris
664 4336 915 4392 omnibus
937 4341 1128 4399 sonat,
1189 4333 1263 4386 ita
1310 4332 1365 4387 in
1413 4332 1733 4401 exponendo
1781 4329 2109 4401 Evangelio,

530 4431 674 4486 inter
726 4444 919 4485 omnes
973 4432 1058 4482 est
1115 4426 1464 4480 beatissimus
1515 4423 1870 4495 Augustinus.
1939 4422 2118 4477 Multis

2213 3240 2464 3289 curatum
2495 3237 2599 3297 est,
2625 3238 2686 3286 ut
2713 3230 2800 3287 illa
2824 3246 3047 3287 suorum
3066 3229 3293 3289 castitas
3317 3227 3669 3298 eloquiorum
3690 3242 3804 3297 pro.

2214 3327 2438 3383 miscuis
2466 3335 2787 3382 cunctorum
2826 3324 2998 3381 oculis
3038 3325 3219 3382 abdita
3241 3324 3344 3381 sub
3390 3323 3549 3393 quasi
3576 3322 3808 3392 quodam

2215 3420 2482 3476 velamine
2511 3420 2781 3490 pudicitia:
2810 3425 3211 3490 eontegeretur.
3250 3416 3335 3472 Ac
3361 3416 3547 3471 divina
3570 3415 3803 3485 optima-

2215 3525 2321 3581 que
2355 3510 2757 3579 dispensatione
2805 3511 3085 3580 provisum
3137 3517 3246 3576 est,
3275 3518 3336 3562 ut
3385 3505 3673 3577 Scriptura
3706 3506 3813 3576 ipsa

2216 3603 2530 3675 evangelica
2585 3604 2801 3659 Domini
2854 3604 3027 3659 nostri
3071 3604 3148 3658 ita
3190 3608 3469 3674 tegeretur
3496 3600 3813 3657 coelestibus

2217 3697 2541 3753 obumbrata
2576 3698 2871 3768 mysteriis,
2909 3697 3052 3752 sicut
3076 3703 3290 3754 secreto
3323 3709 3422 3749 suo
3455 3694 3581 3762 ipsa
3620 3693 3812 3747 divini-

2219 3797 2304 3844 tas
2345 3790 2727 3860 operiebatur;
2782 3790 2928 3859 quod
2954 3805 3023 3844 ex
3050 3788 3311 3859 subjectis
3338 3785 3553 3857 plenius
3584 3784 3809 3840 manife-

2220 3892 2399 3939 statur
2426 3885 2708 3955 exemplis.

2290 3980 2444 4048 Quod
2488 3998 2619 4037 vero
2661 3983 2909 4052 quzedam
2958 3982 3140 4040 minus
3179 3981 3430 4037 ordinata
3464 3994 3636 4051 quam
3663 3978 3816 4034 decet

2220 4071 2275 4125 in
2310 4071 2414 4127 hoc
2448 4072 2635 4127 codice
2685 4072 2855 4127 multa
2910 4076 3274 4143 reperiuntur,
3335 4087 3446 4127 non
3495 4070 3688 4127 omnia
3727 4070 3818 4124 tri-

2220 4163 2355 4218 buas
2394 4163 2699 4233 imperium,
2732 4165 2825 4219 sed
2857 4165 3104 4234 quaedam
3151 4171 3374 4234 propter
3409 4170 3810 4234 paupertatem,

2221 4257 2467 4329 quaedam
2515 4258 2732 4327 ignosce
2783 4267 3004 4328 propter
3052 4258 3298 4328 corporis
3351 4255 3725 4312 infirmitatem
3758 4264 3817 4309 et

2222 4364 2467 4404 meorum
2494 4349 2773 4404 oculorum
2822 4349 3268 4416 imbecillitatem,
3296 4352 3422 4421 quia
3453 4366 3561 4406 non
3591 4348 3815 4402 fuerunt

2222 4440 2275 4495 in
2311 4441 2523 4496 tabellis
2548 4451 2791 4511 excepta,
2825 4442 2910 4497 vel
2965 4442 3237 4497 scliedulis
3285 4442 3515 4513 digesta,
3553 4442 3650 4497 sed
3688 4454 3748 4499 ut
3781 4463 3810 4500 a

531 4527 695 4581 etiam
741 4523 797 4577 in
838 4521 972 4577 lOCiS
994 4561 1009 4587 9
1057 4519 1148 4576 Ubi
1202 4521 1397 4574 horum
1440 4515 1612 4574 ἀείύίῑ
1650 4534 1842 4573 Sensus
1873 4516 1956 4572 "el
1993 4532 2117 4572 vel“
2140 4542 2195 4602 1)
2222 4548 2308 4587 me
2331 4533 2561 4588 inveniri
2580 4532 2665 4587 vel
2701 4532 2935 4587 discerni
2967 4541 3278 4604 potuerunt,
3332 4533 3407 4588 ita
3434 4533 3488 4589 in
3518 4533 3627 4589 hoc
3652 4535 3813 4590 affixa

530 4619 596 4674 ba
623 4659 639 4683 ,
698 4619 802 4673 hoc
851 4622 1129 4685 utcunque
1189 4612 1399 4671 valuit.
1453 4611 1674 4683 explere
1729 4611 1937 4668 studuit
1995 4628 2116 4668 mea

531 4717 843 4781 paupertas.

604 4800 680 4856 Te
732 4800 879 4855 enim
919 4796 1178 4867 iubente,
1212 4795 1327 4852 scio
1367 4794 1512 4867 quod
1556 4809 1737 4849 meum
1791 4794 1934 4866 apud
1979 4794 2121 4849 mul-

533 4904 618 4948 tos
667 4891 1052 4963 prtedicabitur
1092 4887 1356 4960 judicium
1393 4928 1408 4953 ,
1469 4887 1563 4956 qui
1632 4887 1932 4940 secundum
1991 4902 2115 4941 car-

533 5002 660 5041 nem
712 4993 958 5049 tantum,
1017 4994 1074 5038 et
1117 4998 1225 5037 non
1256 4981 1424 5036 etiam
1466 4978 1675 5048 justum
1724 4990 1992 5035 noverunt
2030 4978 2119 5050 ju-

533 5080 734 5134 dicium
781 5077 1072 5147 judicare,
1127 5076 1283 5145 quasi
1332 5075 1511 5144 aliqua
1564 5075 1871 5129 temeritate
1914 5074 1969 5128 in
2020 5090 2119 5145 pu—

534 5170 808 5243 gillatione
823 5170 907 5225 vel
936 5168 1358 5240 reprehensione
1377 5158 1642 5247 majorum
1656 5167 1760 5243 hoc
1784 5181 1883 5237 ego
1898 5164 2118 5237 aggredi

532 5264 683 5318 nisus
694 5261 889 5319 fuerim
901 5277 1056 5333 opus.
1071 5259 1239 5332 Legat
1250 5259 1497 5331 quisquis
1525 5258 1613 5314 ille
1627 5267 1711 5314 est
1726 5258 2117 5329 apologeticum

628 5401 681 5456 al
708 5401 981 5456 Hactenus
1006 5399 1273 5455 Baronlus
1302 5400 1421 5455 loco
1453 5399 1547 5455 cit.

628 5419 659 5455 a
708 5401 981 5456 Hactenus
1006 5401 1273 5455 Baronius
1302 5401 1421 5455 loco
1453 5401 1547 5455 cit.

605 5401 681 5543 ibi
734 5472 937 5541 Ruﬁni.
996 5470 1245 5526 Mendum
1281 5472 1448 5541 prisci
1485 5470 1827 5543 amanuensis
1863 5470 2119 5527 existimo

571 5559 631 5599 ro
664 5542 888 5597 ’Rabano
918 5556 938 5594 :
969 5542 1171 5598 etenim
1207 5543 1262 5596 in
1299 5552 1491 5598 catena
1523 5542 1613 5599 ubi
1657 5543 2115 5601 scribiturlittera

586 5657 599 5681 ,
634 5614 916 5671 Rabanum
951 5629 1059 5669 non
1093 5612 1349 5668 Ruﬁnum
1382 5614 1785 5685 intelligendum
1817 5631 1937 5671 esse
1965 5631 2116 5671 com-

530 5687 692 5763 peri,
742 5685 938 5742 collato
981 5685 1225 5763 locoillo
1259 5703 1277 5735 ι
1309 5685 1369 5763 Si
1406 5687 1527 5763 quis
1570 5702 1791 5741 uxorem
1847 5686 2114 5763 dimiserit

530 5756 758 5828 excepta
784 5766 948 5814 causa
977 5756 1353 5813 fornicationis
1387 5778 1403 5808 ι
1426 5756 1529 5823 ‘qni
1567 5765 1709 5809 totus
1745 5766 1827 5810 est
1856 5757 2062 5812 Rabani
2096 5774 2109 5811 :

2221 4626 2407 4680 codice
2431 4635 2575 4680 sunt.
2616 4624 2751 4681 Date
2783 4625 2966 4694 itaque
2989 4626 3207 4680 veniam
3243 4625 3626 4695 imprudentiae
3659 4643 3812 4692 mae,

2219 4733 2383 4788 quam
2408 4720 2755 4785 extorsistis;
2784 4718 2908 4788 quia
2940 4726 2999 4772 ut
3026 4719 3249 4773 auribus
3297 4719 3498 4775 vestris
3545 4722 3813 4776 verbosus

2220 4812 2534 4878 existercm,
2594 4810 2835 4884 dignatio
2891 4820 3075 4865 vestra
3131 4826 3217 4867 me
3271 4813 3469 4885 coegit,
3528 4813 3817 4869 confidens

2206 4902 2364 4974 'quod
2392 4902 2681 4957 voluminis
2710 4903 3013 4973 prolixitas,
3033 4904 3079 4958 si
3105 4902 3386 4974 displiéeat
3418 4903 3609 4971 aifatu,
3641 4907 3819 4977 placet

2162 5052 2165 5055 λ
2220 4993 2450 5058 aﬂ'ectu;
2502 5011 2623 5050 cum
2670 4995 3065 5061 intellexeritis,
3115 5011 3241 5051 eum
3288 4994 3507 5068 (scilicet
3558 4996 3817 5067 codicem)

2222 5100 2329 5139 non
2352 5100 2452 5155 pro
2480 5086 2803 5156 eloquentiae
2829 5101 3102 5152 sermone,
3153 5087 3246 5141 sed
3288 5102 3387 5156 pro
3412 5095 3599 5142 vestro
3628 5103 3818 5144 amore

2219 5170 2506 5252 digestum.
2535 5170 2811 5253 Simulque
2836 5181 2963 5251 quia
2990 5181 3229 5236 sciebam
3252 5180 3552 5236 almitatem
3575 5190 3815 5237 vestram

2221 5269 2276 5324 in
2300 5270 2554 5325 amicitiis
2584 5272 2716 5326 meis
2744 5271 2865 5341 plus
2890 5272 3287 5342 reprehendere
3314 5271 3707 5327 taciturnitatis
3727 5287 3821 5327 ve-

2221 5403 2366 5529 ξιισά
2397 5403 3005 5485 equidemmagnopere
3033 5404 3218 5467 miror,
3247 5404 3375 5474 quia
3393 5402 3560 5459 co:evi
3593 5402 3816 5474 quidem

2244 5486 2443 5529 uerunt
2478 5474 2732 5528 Claudius
2761 5483 2817 5528 et
2844 5474 3103 5529 Rabanus
3132 5516 3146 5529 .
3179 5476 3273 5529 sed
3303 5484 3486 5529 tamen
3526 5475 3694 5529 paulo
3727 5491 3816 5529 sc-

2244 5475 2443 5529 iverunt
2478 5474 2817 5546 Claudiuset
2844 5474 3103 5529 Rabanus
3132 5516 3146 5541 ,
3179 5476 3273 5531 sed
3303 5484 3486 5530 tamen
3526 5475 3694 5546 paulo
3727 5491 3816 5529 sc-

2219 5547 2344 5601 nior
2389 5546 2664 5600 Claudius.
2710 5544 2994 5601 Fortunati
3024 5561 3241 5615 quoque
3267 5562 3466 5604 nomen
3501 5544 3727 5603 nonnisi
3750 5561 3817 5601 ex

2217 5617 2535 5743 jérmfatioiie
2567 5616 2880 5699 Hieronymi
2904 5618 2974 5674 ad
2996 5615 3208 5674 Comm.
3266 5619 3325 5674 in
3356 5618 3553 5676 Matth.
3593 5618 3818 5676 videtur

2263 5689 2477 5743 laudius
2506 5702 2847 5743 coanovnsse.

2263 5689 2477 5744 laudius
2506 5689 2847 5759 cognovisse.
