4056 6350
277 392 382 453 857

1024 378 1344 440 ΡΒᾸΞῈΑΤ.
1381 375 1451 435 IN
1488 372 1839 434 COMMENT.
1882 365 2058 439 SUOS
2093 365 2186 423 AD
2223 358 2442 420 EPIST.
2480 354 2706 415 PAULI.

3425 343 3532 407 838

278 505 614 569 recundiam,
637 516 804 573 quam
831 499 1107 569 loquacem
1137 494 1519 551 familiaritatis
1547 489 1847 581 audaciam.
1877 490 1932 551 Α
1954 485 2060 540 mei
2088 479 2412 555 pervenerit,
2445 473 2883 530 intercessionem
2912 473 3255 540 peccatorum
3281 476 3527 520 meorum

2102 572 2116 581 .
2256 570 2268 581 .
2445 566 2478 581 σι
2548 580 2555 581 ,
2601 579 2633 581 _,
2668 562 2809 581 ηυξ-Α
2895 556 3116 581 ---λ-ε..-
3140 555 3322 581 ’.ι-...ΛΑ
3376 556 3508 581 ,ΠΛ-..αι

279 602 468 672 Legite
492 598 537 655 si
579 596 773 652 vivetis
803 593 903 665 (ita
942 589 1110 662 cod.),
1136 598 1299 660 atque
1335 585 1701 642 transcribite.

352 694 593 749 Obsecro
607 687 773 744 etiam
786 694 846 739 ut
857 694 1144 755 postquam
1158 680 1312 737 vobis
1325 680 1464 745 bene
1486 677 1735 748 cognitus
1750 674 1867 730 fue-

283 788 374 851 rit,
399 782 656 845 fratribus
676 778 896 841 nostris,
922 775 1117 846 quibus
1138 774 1314 841 adhuc
1334 770 1641 845 incognitus
1654 777 1757 834 est,
1786 782 1868 845 re-

282 878 551 932 mittatur.
571 871 811 941 Denique
823 883 924 940 ege
938 864 1279 941 praesentiam
1299 874 1535 920 vestram
1556 862 1697 921 intra
1723 872 1868 913 men-

285 969 360 1022 tis
388 980 522 1021 meaa
543 960 1016 1037 arcanapossidee,
1049 966 1104 1013 et
1124 956 1355 1027 efﬁgiem
1395 963 1631 1011 vestram
1666 952 1723 1007 in
1752 965 1870 1020 spe-

287 1059 412 1114 culo
432 1057 537 1113 mei
553 1053 979 1115 cordisiutueer,
995 1066 1157 1120 quam
1177 1049 1287 1111 illic
1301 1046 1538 1121 charitas
1552 1052 1733 1101 nostra
1748 1056 1871 1117 per-

289 1148 430 1205 fecte
449 1146 708 1216 depinxit,
729 1153 788 1201 ut
800 1143 999 1198 nullius
1014 1146 1189 1197 aetatis
1213 1139 1383 1212 possit
1398 1137 1663 1209 oblivione
1678 1132 1866 1200 deleri,

289 1238 546 1309 quaajugi
572 1235 943 1293 recordatione
966 1233 1255 1289 momentis
1292 1229 1517 1301 singulis
1558 1227 1867 1282 innovatur.

292 1330 411 1386 lilic
429 1328 575 1385 enim
602 1326 882 1385 vobiscum
906 1333 962 1379 ct
984 1323 1429 1380 consuetudinem
1450 1321 1667 1393 pietatis
1680 1327 1873 1391 vestrae

292 1421 561 1478 secretius
580 1420 901 1493 conloquor;
923 1417 1035 1477 illic
1057 1417 1218 1471 etiam
1246 1416 1312 1471 de
1334 1416 1456 1471 vitae
1484 1413 1723 1468 melioris
1745 1427 1873 1483 cen-

1966 572 2190 645 supplex
2222 570 2289 625 ab
2317 566 2563 624 omnibus
2590 562 2837 634 exquire,
2893 556 3120 614 subnixa
3140 555 3324 628 'prece
3373 556 3535 625 depo-

1966 682 2141 733 scens,
2170 674 2229 720 ut
2258 662 2333 719 ita
2380 656 2885 717 misericordissime
2915 651 3143 707 Domine
3176 658 3363 705 nostro
3393 649 3534 704 assi-

1967 762 2087 817 duis
2116 757 2464 833 petitionibus
2506 752 2760 825 ﬂagitetis
2786 792 2802 818 ,
2828 759 2889 805 ut
2937 749 2992 804 in
3044 747 3294 803 omnibus
3323 745 3536 801 delictis

1967 852 2104 910 meis
2133 860 2294 922 atque
2323 847 2562 919 peccatis
2610 843 2860 899 omnibus
2880 881 2895 907 ,
2927 836 3315 912 epitulantibus
3342 837 3498 892 vobis
3518 875 3535 903 ,

1969 935 2441 997 censuetudinaria
2467 932 2750 990 clementia
2775 938 2830 986 et
2867 930 3083 1001 copiosa
3110 927 3352 981 bonitate
3387 925 3533 980 dele-

1969 1032 2067 1097 tis,
2096 1029 2198 1085 etsi
2226 1043 2331 1082 nen
2362 1025 2429 1080 ad
2451 1025 2591 1079 idem
2619 1021 2895 1092 praemium
2916 1060 2930 1085 ,
2971 1019 3150 1083 saltim
3174 1016 3242 1070 ad
3281 1015 3533 1073 eumdem

1970 1141 2069 1181 nos
2088 1130 2303 1194 portum
2332 1118 2528 1190 quietis
2550 1112 2737 1184 jubeat
2766 1112 3047 1184 pervenire
3078 1109 3179 1183 (a).
3204 1130 3221 1160 ι
3255 1107 3328 1164 Ut
3352 1113 3542 1177 quate-

1971 1233 2073 1273 nus
2093 1203 2187 1269 hic
2214 1219 2432 1284 propter
2482 1208 2655 1278 spatia
2705 1202 2984 1272 interiecta
3041 1212 3331 1261 terrarum,
3362 1195 3538 1251 oculis

1973 1307 2216 1383 corporis
2241 1303 2438 1375 smpius
2454 1315 2550 1355 nos
2570 1297 2752 1353 videre
2767 1311 2871 1350 non
2895 1305 3201 1365 possumus,
3226 1288 3314 1343 vel
3340 1286 3541 1342 ibidem

1974 1403 2041 1458 de
2068 1377 2251 1456 mutua
2280 1393 2563 1467 praesentia
2596 1389 2938 1462 gaudeamus.
2988 1385 3055 1439 Et
3082 1381 3295 1453 quando
3326 1377 3481 1434 vobis
3509 1391 3543 1431 a

292 1467 560 1478 ---.-.._-
583 1467 901 1493 --π-ημη
923 1467 1030 1477 ,----
1252 1467 1308 1471 --
1486 1467 1489 1468 ν
1555 1467 1558 1468 ν
1709 1467 1716 1468 ,

292 1511 916 1580 versationepertmcto:
943 1508 1050 1573 illic
1076 1506 1339 1563 veslabiis
1352 1506 1548 1560 mentis
1568 1480 1870 1567 exesculor,
1968 1493 2116 1564 justo
2138 1490 2319 1563 judice
2348 1486 2676 1541 retribuetur
2724 1493 2924 1535 corona
2954 1474 3295 1535 meritorum.
3346 1467 3477 1523 mihi
3511 1482 3542 1520 ει

294 1612 355 1660 et
372 1604 622 1663 manibus
638 1602 835 1661 mentis
857 1599 1170 1669 amplector.
1184 1597 1301 1666 Quo
1328 1596 1388 1652 fit
1402 1604 1459 1651 ut
1481 1611 1611 1650 vera
1633 1593 1872 1659 dilectio,

295 1711 421 1767 quae
442 1696 495 1751 in
524 1695 823 1755 visceribus
844 1694 981 1753 meis
1006 1692 1129 1747 viva
1157 1691 1325 1747 vestri
1358 1686 1678 1760 figuratione
1703 1684 1878 1741 nutri—

296 1793 409 1850 tur,
442 1783 755 1856 etigniculo
779 1781 1061 1857 Charitatis
1090 1778 1427 1847 accenditur,
1458 1774 1661 1831 ameris
1707 1774 1875 1829 vestri

1974 1585 2219 1656 piissimo
2248 1578 2585 1647 redemptore
2611 1580 2666 1627 et
2697 1572 2959 1625 advocato
2980 1561 3372 1637 perfectissime
3393 1572 3544 1613 cem-

1977 1676 2263 1731 missorum
2293 1668 2451 1724 venia
2475 1681 2580 1719 non
2604 1656 2930 1733 negetur.Et
2956 1657 3075 1710 ideo
3099 1668 3196 1723 per
3222 1646 3545 1704 ineffabilem
3624 1682 3629 1687 ι
3658 1684 3663 1689 .

1980 1766 2169 1841 gratiae
2183 1779 2245 1818 ac
2263 1758 2482 1815 virtutis
2507 1753 2874 1825 operationem
2899 1746 3054 1823 nobis
3078 1748 3339 1814 prmstare
3360 1739 3549 1808 digne-

300 1828 409 1850 *νη
445 1828 752 1856 "rw-"vv"
783 1828 1059 1857 ν--ησν--νῖ-
1090 1828 1427 1847 ν-ννν--πτ--τ
1460 1828 1595 1831 νην-ν
1644 1828 1655 1830 -
1758 1828 1763 1829 γ
1981 1828 2012 1841 ν

298 1866 437 1931 mihi
464 1874 915 1933 necessitudinem
946 1871 1315 1942 repromittat,
1363 1877 1420 1933 et
1469 1868 1682 1923 animus
1714 1880 1867 1920 meus
1894 1860 1942 1920 B
1971 1868 2087 1923 tur,
2119 1865 2180 1911 ut
2196 1869 2329 1926 quos
2353 1850 2443 1904 hic
2468 1845 2698 1901 veritate
2722 1842 2847 1896 fidei
2866 1835 3164 1909 conjungit,
3196 1832 3307 1887 illic
3336 1828 3551 1885 habita-

300 1965 437 2022 ωίιιί
468 1965 636 2021 animi
668 1965 836 2029 Vestri
876 1963 1162 2034 fidejussor
1199 1962 1425 2031 existat;
1457 1960 1581 2016 dum
1610 1968 1873 2038 quantum
1973 1955 2118 2009 tione
2142 1924 2250 2005 non
2280 1951 2520 2017 separet;
2550 1937 2921 2008 concedatque
2947 1933 3127 1989 divina
3155 1924 3458 1988 miseratio,
3492 1927 3554 1974 ut

300 2013 437 2022 —""
469 2013 636 2021 “·-···--
679 2013 836 2029 εστιν-ν-
876 2013 1153 2034 ---νσν-‹-ν-
1206 2013 1390 2031 '—'"‘T’
1411 2013 1424 2029 1
1465 2013 1509 2016 π
1532 2013 1560 2014 η
1621 2013 1644 2030 ι
2338 2013 2358 2017 -

299 2061 438 2117 mihi
462 2061 531 2116 de
557 2061 713 2131 vobis
736 2074 1062 2130 presumere
1087 2057 1332 2125 debeam,
1364 2054 1646 2112 conscium
1672 2030 1874 2108 [huius
1974 2040 2359 2116 paternitatem
2380 2043 2528 2089 tuam
2550 2047 2649 2102 per
2669 2042 2839 2084 annos
2862 2024 3059 2080 multos
3071 2017 3344 2075 exteriore
3358 2013 3543 2084 vigere

302 2152 611 2210 dilectionis
634 2161 823 2223 pectus
845 2152 1142 2222 interrege.

1976 2108 2033 2194 et
2076 2133 2357 2189 alacritate
2383 2128 2606 2198 integra)
2641 2120 2889 2178 sanitatis
2930 2113 3238 2184 indulgeat;
3272 2108 3399 2178 quia
3422 2117 3552 2159 vere

376 2202 610 2210 παπ---
635 2202 820 2223 rh,"
1025 2202 1111 2222 ,σ-

376 2244 445 2298 Ει
468 2245 589 2299 ideo
608 2243 917 2314 specialiter
949 2243 1180 2313 deposco
1204 2248 1318 2303 tam
1362 2252 1459 2295 vos
1494 2251 1659 2311 quam
1688 2249 1878 2291 omnes
1978 2236 2109 2283 tunc
2131 2231 2441 2297 reparatum
2464 2233 2584 2274 esse
2605 2230 2690 2270 me
2719 2210 2913 2275 sentio,
2938 2207 2983 2263 si
2999 2207 3064 2262 de
3088 2202 3347 2272 sospitate
3369 2204 3552 2253 vestra

2735 2301 2832 2314 η...
2987 2304 3024 2314 _.
3046 2311 3083 2314 _-
3098 2311 3116 2314 _
3137 2301 3179 2314 -.
3199 2292 3389 2314 ..ω-η
3407 2297 3552 2314 ...ηιμ

304 2337 473 2392 etiam
490 2336 793 2393 ccelestium
815 2343 1209 2406 praeceptorum
1229 2332 1483 2396 factores,
1498 2337 1554 2389 et
1574 2328 1881 2385 divinorum

305 2428 643 2498 elequiorum
666 2436 961 2487 sectatores
1009 2444 1029 2480 ι
1059 2426 1129 2485 ad
1154 2438 1501 2495 quoscunque
1520 2422 1633 2477 sive
1662 2434 1759 2491 per
1784 2419 1888 2473 hoc

308 2520 423 2575 sive
440 2535 538 2590 per
558 2520 703 2575 aliud
723 2519 1077 2589 quodcunque
1099 2515 1414 2588 opusculum
1437 2512 1629 2569 notitia
1654 2509 1890 2566 nominis

385 2653 461 2725 (a)
495 2652 649 2711 Hanc
674 2653 807 2710 item
842 2651 1168 2724 particulam
1188 2648 1437 2713 ediderat
1465 2644 1755 2701 Baronius.
1829 2651 1842 2670 ‘

324 2791 1677 2819 w—

1981 2292 2385 2389 semper'optata
2400 2320 2719 2387 cognovero.
2735 2301 2901 2357 Filios
2912 2304 3120 2354 vestros
3130 2301 3186 2349 et
3198 2292 3392 2345 fratres
3406 2297 3558 2341 meos

1990 2411 2234 2467 salutans
2251 2374 2497 2468 veneror:
2516 2407 2848 2456 etvenerans
2859 2386 3052 2449 salute.
3074 2384 3401 2441 Mementote
3416 2374 3549 2440 mei,

1996 2504 2101 2560 viri
2127 2502 2247 2579 Dei.

1689 2740 3562 2806 ____________________—-——-—

1296 2897 1874 3024 CLAUDlI
1957 2886 2604 3011 EPISCOPI

402 3132 928 3219 PREFATIO
1001 3129 1111 3214 IN
1185 3119 1994 3213 COMMENTARIUS
2052 3115 2311 3300 SU?)S
2383 3110 2517 3191 ΑΙ)
2576 3095 3137 3191 EPISTOLAS
3209 3086 3518 3169 PAULI

1667 3243 2162 3300 annm‘mJ
2223 3245 2297 3300 α,

1659 3243 2166 3327 APOSTOLI
2199 3243 2302 3319 Ψ).
3519 3256 3532 3267 ~

1318 3484 1457 3551 (Maii
1478 3483 1657 3546 Script.
1682 3482 1803 3533 vett.
1828 3477 1949 3531 Coll.
1975 3488 2111 3535 nov.,
2136 3480 2254 3525 tom.
2279 3466 2390 3532 V11,
2409 3480 2458 3533 p.
2480 3461 2614 3526 2η.)

405 3714 709 3781 Venerabili
736 3715 794 3771 in
840 3708 1055 3768 Christo
1100 3704 1417 3770 sinceraque
1462 3695 1727 3754 charitate
1775 3692 1899 3750 dili—
1927 3694 1972 3759 C
2002 3706 2100 3762 per
2133 3681 2545 3755 intelligentiam
2572 3671 2930 3732 extendentes
2950 3678 3068 3727 nos,
3097 3663 3151 3717 in
3173 3661 3440 3732 spirituali
3466 3676 3584 3732 spe-

2569 3770 2580 3781 .
2630 3770 2641 3781 ο
2829 3762 3097 3781 Αιᾼ-Α..---..
3127 3756 3192 3781 ..ι-ι
3222 3754 3443 3781 ξηιζιιζιξι.
3485 3770 3547 3781 η..

335 3819 508 3892 gende
532 3806 893 3869 Theudemire
920 3798 1101 3856 abbati
1125 3793 1380 3852 Claudius
1404 3789 1702 3861 inspirante
1731 3784 1906 3856 gratia

334 3875 429 3967 Bei
448 3907 730 3977 episcopus
753 3900 1065 3969 perpetuam
1083 3881 1431 3942 beatitudinis
1452 3886 1580 3951 opto
1600 3877 1654 3932 in
1676 3875 1907 3929 Domino

337 4002 587 4061 salutem.
630 4000 635 4007 ‘

408 4093 524 4150 Non
547 4088 694 4145 velut
712 4077 1063 4156 pertinaciter
1082 4070 1311 4145 rigidus,
1338 4066 1555 4123 renisus
1571 4077 1691 4120 sum
1718 4058 1910 4115 velun-

338 4188 440 4246 tati
469 4195 577 4241 tuae
605 4181 695 4238 diu
715 4152 1077 4241 multumque,
1108 4161 1506 4222 studiosissime
1533 4152 1787 4212 clientule
1805 4192 1819 4217 ,
1849 4158 1912 4207 ut

341 4241 662 4340 dilbeidatas
687 4269 927 4345 gentium
954 4259 1200 4334 magistri
1230 4254 1500 4328 Epistolas
1525 4265 1632 4306 non
1662 4246 1757 4302 tibi
1784 4241 1915 4299 diri-

342 4386 561 4449 gerem;
584 4339 1142 4429 sedvebstrepentibus
1176 4363 1298 4422 quae
1321 4349 1426 4404 isto
1458 4345 1515 4399 in
1538 4339 1735 4398 saeculo
1761 4342 1912 4392 rota-

344 4428 453 4522 :ice
500 4454 680 4517 causis
735 4428 1019 4523 insurgunt
1064 4441 1421 4515 praepeditus,
1476 4434 1705 4491 necdum
1738 4428 1918 4485 facere

341 4555 512 4628 potui.
538 4551 931 4621 Proposueram
958 4540 1013 4595 in
1033 4536 1196 4593 corde
1222 4546 1342 4587 meo
1361 4529 1578 4599 quippe,
1604 4532 1666 4578 ut
1691 4522 1743 4576 in
1771 4534 1931 4574 scru-v

345 4613 983 4704 tandis'meditandisque
1012 4625 1332 4697 Scripturis,
1358 4619 1574 4692 quando
1604 4616 1673 4671 ad
1706 4613 1922 4668 illarum

347 4738 688 4797 dulcedinem
706 4729 962 4804 primitus
993 4720 1221 4783 accessi,
1247 4714 1376 4787 vigil
1400 4720 1455 4768 et
1478 4708 1784 4766 indefessus
1806 4703 1924 4759 exi-

349 4841 570 4894 sterem,
611 4841 680 4882 ne
704 4798 933 4879 acumen
970 4812 1169 4871 mentis
1196 4804 1507 4864 obdormire
1549 4798 1925 4870 permitterem

350 4923 515 4981 inerti
542 4913 1071 4991 torporezcegitans
1097 4917 1267 4975 penes
1320 4913 1439 4962 me,
1479 4903 1610 4950 tunc
1657 4889 1926 4946 veraciter

350 5031 441 5071 me
470 4976 654 5068 vivere
674 5004 985 5079 angelorum
1014 5010 1191 5070 pane;
1223 5000 1280 5048 et
1307 4990 1353 5047 si
1383 5002 1490 5043 non
1510 4992 1573 5040 ut
1589 4976 1924 5041 summiviri,

2011 3782 2132 3839 cule
2157 3785 2482 3838 crescentes,
2512 3770 2733 3825 minime
2762 3762 3097 3820 retineamur
3127 3756 3193 3809 ab
3222 3754 3447 3809 inlicitis
3483 3770 3578 3809 cu-

2008 3872 2349 3945 piditatibus.
2400 3865 2471 3921 Ut
2497 3860 2688 3915 Cicero
2709 3857 2787 3910 ait
2817 3853 2892 3924 (b)
2929 3872 2941 3906 :
2978 3872 2996 3903 ι
3020 3842 3356 3918 Qummebis,
3386 3844 3582 3912 inquit,

2012 3966 2127 4027 dies
2150 3969 2443 4027 noctesque
2465 3948 2929 4009 considerantibus
2947 3935 3593 4008 acuentibusque'hneii-io

2013 4054 2271 4128 gentiam,
2303 4063 2423 4120 quae
2477 4052 2561 4099 est
2601 4037 2797 4096 mentis
2832 4035 3012 4102 acies,
3072 4020 3496 4101 caventibusque
3522 4047 3591 4086 ne

2016 4121 2232 4219 quando
2262 4140 2352 4196 illa
2398 4135 2672 4197 hebescat,
2701 4129 2865 4211 idest
2904 4125 2959 4179 in
2992 4121 3330 4194 philosophia
3364 4121 3594 4177 viventi-

2016 4208 2149 4304 bus,
2205 4247 2399 4302 magna
2431 4242 2553 4305 spes
2587 4232 2690 4279 est.
2725 4208 2749 4274 ἰ
2799 4217 2931 4274 Post
2964 4208 3243 4286 paululum
3300 4211 3597 4281 adjnngcns

2018 4332 2095 4388 ait
2186 4347 2205 4380 ι
2234 4326 2369 4387 Etsi
2392 4302 2713 4389 utantiquis
2743 4308 3101 4386 philosophis,
3126 4307 3319 4376 hisque
3345 4302 3598 4359 maximis

2020 4424 2284 4492 longeque
2309 4410 2627 4469 clarissimis
2653 4405 2888 4478 placuit,
2916 4410 3147 4456 aeternos
3174 4398 3381 4451 animos
3421 4409 3486 4447 ac
3519 4392 3599 4447 di-

2021 4515 2177 4568 vinos
2201 4508 2488 4570 habemus,
2516 4502 2594 4581 sic
2619 4495 3034 4571 existimandum
3060 4497 3162 4555 est,
3200 4503 3305 4558 quo
3334 4483 3509 4555 magis
3540 4483 3599 4537 hi

2024 4604 2231 4661 fuerint
2270 4610 2484 4667 semper
2510 4575 2685 4669 insue
2719 4602 2915 4651 cursu,
2943 4583 2996 4639 id
3041 4589 3124 4636 est
3168 4580 3224 4651 in
3282 4575 3493 4630 ratione
3546 4579 3602 4627 et

2023 4692 2387 4766 investigandi
2430 4666 2723 4757 cupiditate
2747 4722 2761 4748 ,
2790 4688 2846 4734 et
2870 4694 2975 4747 quo
2998 4666 3179 4729 minus
3203 4687 3260 4726 se
3289 4666 3597 4724 admiscue-

2026 4790 2137 4846 rint
2167 4794 2329 4855 atque
2355 4756 3040 4850 implicaverintheminum
3062 4761 3210 4815 vitiis
3228 4766 3283 4813 et
3302 4756 3600 4822 erroribus,

2026 4883 2131 4943 hoc
2157 4879 2245 4933 his
2269 4872 2566 4931 faciliorem
2592 4875 2875 4921 ascensum
2901 4865 2957 4911 et
2972 4854 3203 4909 reditum
3226 4850 3280 4905 in
3304 4847 3500 4903 coelum
3526 4844 3608 4900 fo-

2360 4942 2363 4947 l
3006 4945 3015 4947 “
3162 4943 3174 4947 -
3422 4945 3428 4947 μ
3527 4928 3541 4947 6

2029 4988 2089 5028 re
2111 4991 2156 5024 ι.
2181 4942 2385 5023 Deinde
2400 4962 2602 5015 addens
2622 4957 2766 5010 hanc
2781 4951 2950 5025 ipsam
2973 4943 3267 5000 clausulam
3283 4928 3602 5007 repetendo,

354 5031 441 5071 me
470 5028 654 5068 VlVel'e
674 5028 740 5062 an
780 5028 985 5061 murum
1053 5028 1153 5052 auc
1176 5036 1191 5061 ,
1223 5028 1280 5048 ει
1309 5028 1353 5047 m
1383 5028 1490 5043 ην..
1514 5028 1573 5040 ..η
1589 5028 1786 5038 -.-πη---
1813 5028 1923 5041 .--Ἴ

354 5105 546 5161 saltem
569 5028 1297 5173 quemfdmodumplanguens
1312 5081 1498 5135 vivere
1518 5076 1717 5137 nitens,
1741 5070 1926 5140 lingua
1949 5054 2004 5116 D
2031 5073 2335 5121 sermonem
2350 5053 2544 5113 finiens
2568 5068 2581 5103 ε
2610 5045 2996 5141 «Quapropter,
3019 5034 3211 5105 inquit,
3235 5039 3294 5085 ut
3319 5028 3608 5099 aliquando

1479 5170 1494 5173 ’
1907 5164 1920 5173 ⁴
2036 5153 2352 5173 ”’ν““²“-·⁸·-·-
2380 5143 2552 5173 Λ““·³“
2607 5138 2649 5173 οἵ
2698 5142 2787 5173 0M
2825 5126 3091 5173 vatmoni
3141 5121 3427 5173 tmnmiille
3453 5120 3608 5173 vol“-

355 5164 605 5251 lambere
624 5186 825 5260 aliquid
854 5183 1167 5243 valuissem,
1197 5182 1255 5232 et
1276 5173 1411 5229 alios
1433 5170 1783 5225 admonerem
1806 5200 1822 5228 ,
1864 5164 1929 5213 ut

358 5256 857 5359 apostolicum—meo
884 5279 1224 5341 sectarentur
1254 5263 1582 5334 exemplum.
1613 5256 1771 5313 Unde
1807 5266 1931 5324 quae

359 5352 511 5438 retro
535 5385 659 5436 sunt
685 5373 1083 5432 obliviscentes,
1113 5363 1182 5419 ad
1229 5376 1295 5417 ea
1333 5373 1456 5429 quae
1502 5352 1762 5432 interiora
1806 5352 1937 5404 sunt

434 5542 514 5618 (α)
549 5541 630 5618 ει
653 5538 903 5618 entiam.
921 5529 1108 5618 φάίςθ
1126 5517 1602 5618 ﬂuitasse“:

362 5581 537 5673 Pe‘rrb
550 5581 1097 5680 "lfui'JQ'BFéraiidnis
1126 5596 1179 5652 in
1211 5581 1726 5680 Parisiensincodice
1772 5581 1933 5680 lectiei:

834 5675 896 5680 “
939 5673 951 5680 ‘
1058 5670 1070 5680 '
1187 5662 1241 5680 ιν
1285 5660 1459 5680 η-ε---
1523 5659 1616 5680 γε-.
1687 5654 1785 5680 ...ῃ

365 5648 537 5673 ΚΙΙΙΙυ
579 5648 739 5680 uu’uo
766 5648 1093 5678 r-W...-.---_._
1126 5648 1177 5652 ,η

365 5684 616 5745 meminit
643 5681 807 5737 etiam
834 5670 1143 5745 Richardus
1187 5660 1469 5745 Simonius
1502 5657 1651 5745 Hist.
1685 5648 1929 5745 orig}:

643 5720 1087 5817 νὶξςδιῇᾇξῖἷτῖ)
1124 5720 1270 5792 hanc
1306 5730 1531 5827 inter-im
1556 5728 1678 5827 Ede,
1716 5720 1938 5827 emissis

715 5821 746 5827 ”
1086 5824 1111 5827 ν’
1130 5814 1264 5827 λ-ΑΑΑ
1340 5817 1426 5827 --σιι
1451 5814 1549 5827 non
1591 5810 1743 5827 Aul-Im
1764 5809 1798 5827 η
1823 5804 1935 5827 ..πη

373 5792 801 5887 admirabili,
814 5792 1057 5888 attriti-5.
1083 5814 1272 5881 postea
1302 5799 1746 5873 divulgandon
1763 5792 1938 5850 otium

2032 5153 2352 5217 terminetur
2378 5143 2573 5207 oratio,
2607 5138 2651 5195 si
2697 5120 2803 5189 aut
2825 5120 3093 5199 exstingui
3141 5121 3427 5194 tranQuille
3453 5120 3609 5175 volu-

2033 5262 2176 5315 mus,
2203 5257 2327 5299 cum
2357 5239 2413 5294 in
2442 5236 2528 5292 his
2579 5230 2804 5287 artubus
2841 5223 2912 5297 (c)
2963 5218 3293 5283 vixerimus;
3336 5222 3428 5270 aut
3461 5214 3508 5269 si
3541 5228 3610 5267 ex

2036 5341 2142 5399 hac
2164 5308 2248 5396 'in
2274 5333 2435 5390 aliam
2485 5333 2579 5382 aut
2635 5321 2712 5397 (ά)
2737 5316 3014 5395 paululum
3069 5308 3350 5369 meliorem
3394 5309 3613 5366 domum

2036 5505 2634 5649 ἶιῗῖξῖξξοςωςωθξιιίθ
2665 5552 2844 5649 operis
2859 5542 3355 5649 Ademlfhiles‘ephia’
3365 5540 3521 5649 ,nsive
3550 5536 3607 5592 in

2038 5609 2560 5703 Hdr’tlen's-ioljpud
2569 5609 2814 5708 'Kug'ust.
2855 5618 3101 5708 defriti;
3125 5609 3355 5708 Alibi'm‘v
3366 5609 3471 5708 Ζ

2112 5684 2742 5856 ξῂνᾘέῖἕέὧῖυῂαηὶὁῖιε
2763 5697 2818 5777 in
2846 5689 3172 5750 editionibus
3205 5684 3504 5743 Ciceronis,

2172 5782 2193 5855 )
2231 5778 2313 5836 Ed
2354 5818 2394 5846 ο,
2422 5772 2566 5831 haud
2589 5767 2767 5847 paulo.
2960 5768 2971 5779 ‘
3472 5764 3475 5769 .
