4056 6350
508 391 616 450 .839

1577 390 1848 452 CLAUDII
1883 393 2344 452 TAURINENSIS
2378 392 2680 453 EPISCOPI

3667 394 3785 453 8ιο

513 507 629 563 sine
680 520 833 560 mora
885 504 1210 591 demigrare,
1266 508 1321 563 in
1347 508 1432 564 his
1463 509 1655 564 studiis
1709 511 1866 566 nobis
1913 496 2091 566 omnis
2118 518 2171 578 Α
2195 511 2360 566 debes
2386 510 2645 565 molestus
2672 521 2792 562 esse
2835 505 2990 571 mihi,
3022 504 3243 575 quando
3270 518 3373 576 ego
3398 504 3471 571 si,
3500 513 3563 559 ut
3580 488 3783 563 volun-

510 616 675 672 opera
714 608 768 655 et
800 617 929 656 cura
951 602 1198 671 ponenda
1224 610 1309 657 est
1356 600 1452 674 (a).
1485 602 1663 657 Ardor
1700 619 1930 674 namque
1961 605 2084 672 iste,

510 701 612 757 etsi
638 715 744 754 non
776 698 996 753 instruit
1024 700 1316 769 quazrentis
1355 700 1614 766 animum,
1665 700 1938 770 ingenium
1984 700 2091 754 sal-

508 797 621 846 tem
669 798 926 855 exercet;
959 796 1014 844 et
1065 789 1270 844 invenit
1325 791 1464 844 scire
1485 805 1544 844 se
1594 791 1737 859 quod
1773 804 1832 844 se
1862 789 2090 845 fortasse

508 882 720 936 nescire
772 881 1031 950 putabat;
1068 881 1212 936 unde
1268 880 1574 936 admonitus
1625 882 1729 936 scit
1762 882 1903 951 quod
1932 890 2089 935 antea

508 971 806 1027 nesciebat.
846 991 866 1024 ι
902 972 1039 1032 Dum
1086 973 1228 1026 enim
1267 972 1474 1026 victum
1505 972 1688 1027 labore
1750 982 1805 1027 et
1854 972 2090 1027 nummis

510 1076 768 1126 emerem,
812 1062 1145 1116 commodius
1174 1062 1228 1116 in
1257 1062 1451 1116 divinis
1498 1060 1793 1131 Scripturis
1818 1078 1938 1117 mea
1967 1077 2087 1117 ver-

509 1155 732 1209 sabatur
756 1154 1008 1208 intentio.
1023 1153 1117 1224 jAd
1135 1153 1434 1208 dioeceseos
1449 1168 1636 1208 curam
1651 1154 1934 1219 accedens,
1955 1162 2090 1223 quot

510 1259 691 1299 causae
744 1252 992 1314 surgunt,
1043 1259 1109 1298 eo
1154 1242 1385 1313 amplius
1429 1243 1816 1298 sollicitudines
1844 1243 2084 1312 pariunt.

506 1323 759 1389 Brumale
804 1341 1011 1404 tempus
1052 1334 1167 1388 vias
1214 1333 1481 1403 palatinas
1512 1342 1697 1389 terens
1720 1334 1895 1388 eundo
1923 1342 1977 1388 et
2004 1350 2090 1389 re-

510 1423 741 1489 deundo,
768 1424 945 1478 minus
988 1423 1113 1478 licet
1148 1423 1369 1494 implere
1404 1439 1567 1493 supra
1606 1432 2087 1479 commemoratum

507 1531 767 1572 amorem.
796 1514 923 1569 Post
952 1515 1189 1570 medium
1242 1515 1389 1569 veris
1437 1514 1777 1584 procedendo
1819 1523 2086 1569 armatum

504 1620 886 1676 pergamenam
925 1604 997 1676 (ὁ)
1032 1604 1239 1675 pariter
1284 1620 1407 1660 cum
1464 1604 1631 1659 armis
1680 1602 1878 1669 ferens,
1923 1619 2088 1674 pergo

506 1698 574 1751 ad
597 1697 854 1751 excubias
880 1695 1200 1760 maritimas,
1234 1711 1359 1750 cum
1407 1695 1600 1748 timore
1648 1692 1964 1748 cxcubaudo
1992 1693 2089 1747 ad-

503 1803 692 1842 versus
718 1788 995 1859 Agarenos
1041 1796 1095 1843 et
1125 1788 1366 1853 Mauros;
1400 1795 1559 1842 nocte
1605 1795 1798 1840 tenens
1814 1785 2080 1857 gladium,

2197 610 2282 656 tas
2309 601 2480 665 adest,
2509 597 2833 670 possibilitas
2868 597 3100 662 adesset,
3135 596 3349 651 debitOr
3395 596 3476 651 tui
3507 613 3613 652 non
3638 599 3781 655 fuis-

2197 709 2312 749 sem
2342 712 2354 747 :
2394 694 2440 747 si
2469 701 2591 747 ante
2617 693 2719 746 has
2746 689 3134 745 sollicitudines
3180 690 3283 744 hoc
3320 703 3459 759 opus
3504 705 3612 745 non
3642 690 3783 747 fuis.

2196 802 2310 842 sem
2344 803 2650 859 aggressus,
2711 786 3026 858 rogantibus
3071 784 3353 850 fratribus,
3383 791 3447 839 ut
3487 784 3656 849 nosti,
3684 784 3781 839 vix

2195 895 2339 934 nunc
2359 880 2551 934 exinde
2575 878 2777 948 aliquid
2802 877 3090 933 valuissem
3117 892 3297 948 agere.
3347 876 3415 930 Et
3442 890 3575 931 vere
3600 875 3783 932 fateor

2194 982 2282 1023 me
2308 969 2561 1038 primitus
2595 969 2821 1022 invitum
2848 968 3141 1023 accessisse
3171 976 3225 1022 et
3251 968 3307 1021 in
3334 967 3441 1022 hoc
3467 982 3607 1038 Opus
3638 977 3694 1022 et
3718 968 3779 1022 in

2193 1057 2641 1125 Pentateucbum,
2693 1058 2837 1128 quod
2861 1058 3123 1129 postulas,
3168 1058 3565 1128 imperantibus
3590 1058 3779 1114 fratri-

2193 1146 2294 1203 bus
2320 1148 2372 1201 in
2401 1148 2585 1203 schola
2610 1149 2937 1215 constitutis,
2980 1149 3176 1218 quibus
3207 1148 3329 1202 viva
3354 1164 3489 1205 voce
3518 1148 3777 1220 Scriptu-

2193 1252 2284 1292 ras
2314 1237 2613 1304 tradebam,
2657 1238 3002 1307 praecipiente
3045 1239 3134 1308 pio
3182 1237 3429 1308 principe
3460 1237 3781 1294 Hludowico

2195 1328 2543 1398 imperatore,
2570 1331 2877 1399 compulsus
2902 1331 3066 1386 etiam
3115 1347 3147 1384 a
3172 1339 3474 1386 memorato
3527 1332 3780 1403 principe

2192 1425 2254 1471 ut
2275 1434 2383 1473 non
2430 1427 2637 1473 tantum
2671 1420 2837 1475 verba
2868 1435 2968 1489 per
3009 1420 3333 1475 oblivionem
3362 1421 3641 1490 palantem
3670 1430 3782 1477 tra-

2194 1510 2397 1575 derem,
2430 1511 2525 1567 sed
2547 1511 2711 1566 etiam
2739 1512 2948 1567 calamo
2974 1513 3062 1567 diu
3083 1522 3435 1584 permanente
3455 1515 3774 1581 scriberem,

2193 1610 2253 1657 ut
2278 1604 2421 1673 quod
2474 1619 2569 1659 ore
2614 1605 2952 1676 promebam,
3001 1606 3211 1662 calamo
3268 1608 3660 1678 scriptitarem.
3702 1610 3778 1664 De

2193 1693 2556 1750 admonitione
2582 1694 2810 1751 fratrum
2838 1704 2895 1751 et
2941 1697 3317 1753 exhortatione
3371 1691 3531 1754 unde'
3570 1701 3777 1768 rogasti

2192 1787 2335 1856 quod
2378 1788 2695 1854 scriberem,
2722 1796 2782 1843 ut
2808 1796 2994 1844 votum
3039 1789 3184 1860 quod
3230 1799 3497 1845 voverunt
3545 1792 3779 1846 Domino

505 1886 557 1930 et
590 1878 676 1933 die
705 1878 871 1933 libros
901 1886 957 1933 et
978 1878 1248 1934 calamum
1309 1878 1533 1946 implere
1589 1891 1791 1931 conans
1845 1882 2083 1943 coeptum
2114 1908 2162 1968 Β
2190 1877 2447 1945 reddant;
2477 1887 2531 1933 et
2558 1885 2857 1943 votum,,ut
2894 1878 3033 1946 dico,
3080 1894 3187 1934 non
3238 1880 3598 1949 propositum,
3631 1882 3778 1948 quod

508 1970 858 2047 desiderium.
901 1970 1016 2025 Nisi
1066 1971 1212 2026 enim
1261 1970 1350 2024 ille
1390 1970 1494 2035 vir,
1526 1984 1649 2024 cum
1681 1968 1854 2039 gratia
1882 1981 2086 2037 praace-

505 2061 685 2126 dente,
715 2062 929 2132 spiritui
965 2063 1305 2131 praesideret,
1365 2076 1524 2130 quem
1564 2058 1908 2114 commendat
1944 2058 2088 2127 Apo-

505 2154 694 2219 stolus,
726 2171 850 2209 cum
886 2154 953 2209 de
978 2156 1156 2224 capite
1186 2154 1290 2208 viri
1331 2169 1438 2208 non
1475 2152 1704 2207 velando
1732 2152 1992 2221 loquitur,
2024 2150 2089 2204 il-

505 2243 599 2300 lud
630 2245 797 2301 menti
822 2260 955 2299 mea:
986 2245 1255 2300 accideret
1278 2244 1422 2314 quod
1454 2243 1520 2299 de
1551 2244 1756 2299 semine
1780 2241 1924 2311 jacto
1952 2242 2086 2297 citra

510 2335 655 2389 viam
698 2335 955 2390 Dominus
1004 2335 1244 2405 protulit.
1301 2334 1403 2402 Qui
1433 2334 1599 2389 etiam
1654 2342 1707 2388 te
1733 2349 1892 2404 agere
1918 2332 2086 2385 vitam

506 2425 866 2493 demonstras,
908 2427 1121 2497 quando
1163 2443 1250 2482 me
1276 2426 1391 2482 sine
1447 2425 1808 2483 sollicitudine
1833 2423 2084 2480 conside-

505 2532 616 2583 ras,
641 2527 700 2574 et
741 2521 810 2575 ob
838 2521 943 2576 hoc
966 2520 1228 2576 molestus
1253 2535 1312 2575 es
1339 2520 1474 2575 mihi
1531 2527 1771 2575 exactor.
1800 2518 1911 2574 Nec
1937 2518 2083 2572 enim

579 2652 655 2726 (αθ
680 2653 951 2729 Hactenus
962 2655 1152 2713 Cicero
1177 2657 1315 2729 apud
1336 2656 1713 2729 Augustinum.
1740 2653 2090 2729 Subsequws

507 2734 690 2797 autem
717 2726 977 2797 periodus
997 2736 1177 2784 utrum
1202 2726 1483 2786 Ciceronis
1502 2745 1573 2784 an
1597 2727 1806 2784 Claudii
1841 2727 1925 2797 sit.
1966 2740 2092 2780 eru-

505 2796 606 2849 diti
639 2796 947 2865 dispiciant.

576 2866 650 3005 ἓὸἷ
688 2866 846 2933 Cod.,
871 2886 1203 2940 pergameno.

602 2952 628 2987 c
691 2936 1002 2992 Temeraria
1030 2941 1145 2994 hinc
1172 2956 1203 2994 e

602 2936 650 2995 cl
691 2936 1002 2992 Temeraria
1030 2941 1145 2994 haec
1172 2947 1225 2994 et
1257 2939 1387 2995 falsa
1419 2940 1625 2995 Claudii
1651 2937 1920 2994 sententia
1949 2950 2082 2991 con-

504 3004 772 3061 futatione
792 3023 901 3064 non
928 3008 1151 3081 indiget.
1193 3010 1259 3064 Et
1286 3011 1504 3080 quidem
1532 3009 1768 3075 scimus,
1799 3006 2084 3063 Claudium

2195 1971 2478 2041 scripsisti,
2532 1969 2674 2042 quod
2720 1972 2887 2026 solius
2923 1971 3019 2026 Dei
3062 1979 3176 2039 est;
3211 1972 3412 2027 nullam
3451 1973 3785 2027 admonitio-

2193 2077 2320 2116 nem
2371 2061 2651 2117 meliorem
2678 2063 2829 2132 potui
2860 2062 3124 2129 invenire,
3183 2077 3345 2131 quam
3376 2062 3635 2133 Epistola
3666 2064 3783 2133 pri-

2192 2170 2294 2208 ma:
2321 2153 2472 2208 Pauli
2495 2154 2743 2225 apostoli,
2775 2170 2938 2224 quam
2969 2154 3113 2220 misi,
3150 2155 3278 2224 quia
3308 2164 3420 2210 tota
3448 2156 3575 2210 inde
3601 2157 3778 2226 agitur

2192 2251 2253 2298 ut
2280 2245 2472 2299 merita
2502 2244 2781 2300 hominum
2815 2244 2986 2311 tollat,
3014 2244 3158 2300 unde
3183 2246 3419 2300 maxime
3472 2260 3622 2299 nunc
3655 2261 3775 2299 mo-

2191 2335 2350 2390 nachi
2409 2334 2706 2406 gloriantur
2760 2334 2871 2409 (c):
2910 2343 2965 2391 et
3011 2337 3240 2408 gratiam
3283 2336 3380 2392 Dei
3403 2338 3770 2416 commendat,

2189 2439 2287 2494 per
2336 2440 2494 2494 quam
2541 2428 2718 2481 omnis
2772 2426 2866 2496 qui
2920 2426 3090 2494 vovit,
3143 2426 3289 2497 quod
3333 2427 3481 2481 vovit
3542 2427 3776 2482 Domino

2193 2516 2401 2573 reddat.

2196 2651 2261 2708 de
2289 2652 2432 2709 cultu
2462 2667 2679 2726 quoque
2698 2668 2979 2710 sacrarum
3011 2655 3304 2726 imaginum
3326 2669 3617 2726 perperam
3657 2656 3775 2725 opi-

2196 2672 2261 2708 uc
2289 2672 2432 2709 cuuu
2462 2672 2677 2725 quoque
2698 2672 2979 2710 sacrarum
3011 2672 3118 2713 ima
3159 2672 3304 2710 unum
3326 2672 3617 2726 perperam
3657 2672 3775 2725 opi-

2193 2735 2411 2780 nantem
2441 2741 2470 2778 a
2497 2725 2859 2803 Theudemiro
2886 2727 3077 2783 abbate
3121 2672 3306 2853 {quem
3339 2726 3600 2782 Claudius
3631 2743 3775 2780 nunc

2193 2794 2508 2853 alloquitur)
2546 2796 2712 2851 fuisse
2756 2796 3073 2853 refutatum.
3173 2806 3192 2852 t
3225 2797 3436 2852 mittam
3472 2796 3773 2852 Arianismi

2192 2794 2508 2867 alloquitur)
2546 2796 2712 2867 fuisse
2756 2796 3073 2853 refutatum.
3121 2794 3192 2853 Ut
3225 2797 3436 2852 mittam
3472 2796 3773 2852 Arianismi

2190 2865 2623 2940 criminationem
2677 2865 2900 2940 Claudio
2950 2870 3273 2940 impactum,
3300 2883 3408 2939 qua
3437 2867 3772 2939 ceteroquin

2191 2937 2365 2992 critici
2397 2937 2646 2994 homines
2671 2953 2797 2994 eum
2816 2937 3120 2997 absolvunt.

1598 3254 2087 3340 CLAUDII
2159 3250 2696 3338 EPISCOPI

1149 3413 1521 3471 PRIEFATIO
1557 3410 2038 3469 EXPOSITIONIS
2071 3407 2141 3464 IN
2178 3407 2567 3468 EPISTOLAM
2601 3410 2696 3466 AD
2730 3408 3068 3468 EPHESIOS
3097 3448 3117 3479 ,

1361 3545 1466 3604 AD
1506 3544 1980 3608 LUDOVICUM
2032 3544 2226 3607 PIUM
2284 3544 2889 3611 IMPERATOREM.

1709 3734 1934 3797 (Mabill.,
1958 3733 2073 3786 γει.
2098 3733 2352 3799 Analect.,
2383 3750 2431 3798 p.
2452 3712 2555 3797 9i.)

569 3968 797 4040 Proprio
824 3967 1042 4023 domino
1068 3980 1190 4020 meo
1230 3963 1431 4035 inclyto
1460 3970 1623 4032 atque
1649 3960 1905 4031 glorioso,
1944 3962 2077 4017 mihi
2105 3967 2149 4030 Ο
2182 3942 2463 4034 scripserit
2483 3963 2675 4019 beatus
2693 3977 2856 4035 porro
2880 3962 3157 4034 apostolus
3174 3961 3393 4030 Petrus,
3422 3962 3480 4018 in
3510 3980 3617 4035 qua
3644 3974 3719 4020 ait
3743 3985 3757 4020 :

502 4061 723 4133 speciali
755 4059 902 4114 cultu
945 4056 1245 4126 affectuque
1273 4072 1385 4127 prie
1408 4055 1620 4111 cunctis
1642 4054 1965 4109 mortalibus
1997 4054 2080 4109 di-

501 4157 740 4227 ligendo,
764 4156 938 4226 gratia
966 4155 1061 4209 Dei
1103 4153 1252 4208 Patri
1283 4152 1472 4223 patriae
1500 4150 1679 4221 potius
1708 4165 1870 4219 quam
1910 4150 2080 4219 impe-

501 4236 697 4312 ratori,
726 4246 879 4317 cujus
903 4244 1115 4314 imperii
1139 4242 1375 4314 dignitas
1405 4255 1471 4295 ex
1491 4239 1640 4294 fonte
1661 4248 1781 4295 orta
1807 4248 1891 4294 est
1912 4240 2080 4309 pieta-

496 4339 586 4403 tis,
611 4344 811 4393 sancta:
860 4335 958 4390 Dei
992 4333 1247 4389 Ecclesia:
1286 4330 1565 4387 catholicae
1612 4329 1726 4385 filio
1780 4328 2078 4385 Hlodohico

497 4428 754 4484 Claudius
776 4433 1050 4498 peccator.

566 4521 703 4577 Cum
732 4519 932 4575 nostris
957 4516 1289 4588 temporibus
1324 4515 1725 4586 tepescentibus
1758 4514 1948 4571 studiis
1992 4529 2075 4569 ra-

494 4631 588 4670 rus
619 4614 849 4684 quisque
870 4611 1183 4667 inveniatur
1205 4610 1519 4681 quotidiana
1564 4609 1863 4663 intentione
1900 4622 2081 4678 prom-

492 4707 794 4777 ptissimus,
811 4720 918 4759 non
939 4704 1114 4759 solum
1136 4701 1205 4756 ad
1219 4700 1595 4773 disserendum
1620 4714 1740 4769 qua:
1770 4698 2078 4754 indiscussa

494 4806 637 4865 sunt,
677 4798 772 4854 sed
799 4797 961 4852 etiam
993 4796 1062 4849 ad
1105 4793 1391 4865 legendum
1425 4806 1545 4861 qua:
1564 4792 1680 4862 jam
1722 4806 1751 4844 a
1782 4789 2078 4858 majoribus

494 4889 724 4943 disserta
751 4894 900 4953 sunt,
928 4886 1126 4940 mirum
1162 4898 1193 4937 a
1214 4898 1301 4937 me
1329 4896 1463 4952 opus
1484 4889 1635 4934 tanta
1670 4878 1749 4943 ac}
1771 4888 1881 4933 tam
1913 4878 2079 4933 subli-

495 4980 600 5034 mis
620 4987 799 5034 vestra
848 4978 1015 5050 exigit
1036 4974 1338 5054 imperialis
1366 4979 1629 5043 potestas,
1653 4985 1778 5025 cum
1808 4969 2077 5039 Epistolas

495 5068 740 5139 magistri
761 5068 1002 5139 gentium
1031 5064 1262 5136 apostoli
1286 5062 1442 5118 Pauli
1468 5076 1537 5116 ex
1568 5060 1890 5115 tractatibus
1916 5057 2079 5128 majo-

496 5174 617 5215 rum
642 5166 949 5214 nostrorum
993 5157 1265 5211 disserere
1290 5153 1444 5223 jubet
1488 5154 1580 5224 qui
1621 5168 1722 5208 nos
1773 5152 2079 5207 illuminan-

496 5259 580 5306 tes
606 5264 636 5304 e
659 5248 874 5305 Christo
912 5249 970 5303 in
996 5245 1174 5303 studio
1201 5245 1362 5315 hujus
1386 5246 1567 5315 operis
1598 5242 1804 5297 affatim
1847 5243 2074 5298 scientia

2183 4053 2331 4110 Sicut
2368 4064 2417 4108 et
2440 4055 2784 4109 altarissimus
2812 4054 2977 4124 frater
3018 4063 3193 4120 noster
3216 4052 3422 4111 Paulus
3474 4059 3760 4112 secundum

2179 4143 2361 4199 datam
2384 4145 2485 4198 sibi
2523 4145 2837 4215 sapientiam
2883 4147 3087 4218 scripsit
3120 4146 3286 4215 vobis,
3317 4149 3453 4202 sicut
3476 4151 3607 4202 etin
3651 4167 3762 4202 om-

2180 4235 2333 4291 nibus
2361 4235 2614 4307 Epistolis
2649 4236 2860 4308 loquens
2895 4241 2951 4293 in
2977 4240 3053 4294 eis
3079 4241 3143 4295 de
3186 4242 3266 4295 his
3308 4242 3365 4295 in
3412 4243 3598 4312 quibus
3636 4253 3760 4298 sunt

2150 4326 2420 4398 ~quazdam
2457 4326 2704 4395 difﬁcilia
2728 4328 3015 4397 intellectu,
3037 4347 3155 4402 qua:
3189 4332 3390 4387 indocti
3419 4343 3466 4386 et
3490 4332 3759 4388 instabiles

2180 4419 2411 4473 homines
2454 4418 2762 4488 depravant,
2802 4423 2938 4477 sicut
2987 4433 3037 4478 et
3091 4434 3307 4480 crateras
3351 4428 3648 4496 scripturas
3691 4428 3761 4482 ad

2180 4524 2331 4563 suam
2352 4510 2583 4579 ipsorum
2625 4512 2989 4579 perditionem.
3025 4515 3167 4571 Ecce
3216 4525 3355 4571 teste
3397 4519 3563 4573 beato
3600 4518 3762 4573 Petro

2179 4598 2295 4668 ejus
2323 4606 2632 4674 coapostolo
2660 4606 2964 4662 invenimus
2994 4608 3139 4677 quod
3184 4610 3358 4665 adhuc
3386 4610 3442 4664 in
3473 4626 3646 4667 carne
3688 4614 3763 4666 vi-

2179 4691 2429 4748 ventibus
2456 4695 2589 4764 ipsis
2611 4698 2887 4767 apostolis,
2908 4699 2986 4777 ob
3001 4698 3377 4757 difficultatem
3410 4717 3609 4758 sensus
3648 4704 3764 4758 illa-

2179 4795 2301 4835 rum
2330 4783 2398 4839 ab
2419 4784 2652 4842 indoctis
2677 4787 3006 4855 hominibus,
3036 4790 3129 4859 qui
3159 4806 3255 4846 eas
3279 4808 3389 4847 non
3422 4802 3576 4848 recte
3605 4792 3763 4848 inte].

2178 4872 2449 4940 lexerunt,
2498 4877 2723 4932 diverste
2767 4878 3003 4935 haereses
3045 4891 3403 4938 emerserunt.
3449 4881 3587 4950 Quis
3632 4899 3759 4955 ergo

2178 4966 2247 5020 ad
2283 4967 2675 5035 expositionem
2701 4969 2916 5026 illarum
2943 4972 3101 5042 digne
3123 4973 3208 5028 vel
3232 4975 3456 5045 proprie
3499 4976 3761 5035 accedere

2176 5057 2365 5126 possit,
2396 5074 2532 5128 quas
2563 5068 2746 5117 tantus
2788 5077 2854 5117 ac
2884 5062 3008 5118 talis
3029 5065 3236 5135 primus
3269 5066 3326 5121 in
3349 5082 3518 5123 carne
3546 5068 3759 5124 Domini

2177 5145 2458 5202 confessor
2481 5157 2536 5203 et
2563 5149 2696 5205 Novi
2722 5151 3053 5208 Tcstamenti
3077 5154 3334 5211 Ecclesia:
3374 5165 3569 5226 pastor
3611 5174 3759 5214 asse-

2177 5242 2249 5296 rit
2272 5257 2395 5299 esse
2420 5243 2665 5301 difﬁciles
2707 5245 3015 5302 intellectu?
3040 5247 3317 5315 Attamen,
3366 5248 3496 5305 licet
3528 5267 3637 5306 non
3683 5252 3760 5305 vi-

495 5351 552 5401 et
577 5351 815 5412 tempore
832 5347 1246 5411 praecesserunt.
1271 5336 1431 5392 Novit
1454 5350 1686 5405 namque
1706 5335 2075 5391 sacratissima
2098 5335 2153 5396 D
2180 5339 2330 5397 ribus
2358 5342 2514 5407 meis,
2560 5342 2655 5397 sed
2699 5344 2908 5399 meritis
2932 5344 3160 5411 vestris,
3199 5344 3490 5414 adiuvante
3533 5347 3626 5403 illo
3668 5347 3759 5417 qui

495 5441 552 5491 et
572 5432 705 5488 mihi
736 5445 951 5499 semper
980 5428 1357 5484 amantissima
1404 5426 1672 5482 serenitas
1700 5436 1904 5493 vestra,
1954 5442 2077 5496 quae

493 5525 600 5599 piis
633 5531 716 5580 est
741 5537 957 5593 semper
981 5520 1233 5591 operibus
1260 5522 1489 5586 intenta,
1515 5528 1571 5574 et
1598 5521 1800 5576 sanctis
1828 5520 2075 5575 lectioni-

493 5618 597 5673 bus
639 5615 879 5681 erudita,
932 5628 1093 5685 quam
1140 5614 1241 5669 sub
1269 5610 1534 5685 imperiali
1575 5611 1878 5668 diademate
1923 5613 2075 5668 theo-

496 5709 719 5767 reticam
752 5725 862 5765 non
890 5708 1103 5779 ambigo
1130 5720 1391 5777 peragere
1430 5704 1635 5769 vitam;
1675 5703 1804 5773 quid
1822 5703 1889 5759 de
1916 5704 2075 5761 laude

493 5802 808 5860 earumdem
856 5799 1207 5872 epistolarum
1272 5797 1328 5852 in
1391 5794 1633 5866 Epistola
1684 5811 1781 5852 sua
1830 5798 2073 5855 secunda

2180 5432 2392 5500 aperuit
2433 5447 2496 5486 os
2524 5440 2820 5499 mutorum,
2850 5441 2905 5489 et
2933 5434 3143 5504 linguas
3170 5435 3455 5493 infantium
3502 5435 3634 5493 fecit
3681 5437 3761 5491 di-

2180 5530 2354 5575 sertas
2383 5539 2395 5575 :
2431 5522 2523 5592 qui
2549 5532 2634 5578 cst
2655 5523 2824 5580 ﬁdelis
2860 5525 2914 5579 in
2942 5528 3124 5582 verbis
3163 5528 3297 5593 suis,
3327 5536 3380 5584 et
3432 5538 3658 5584 sanctus
3704 5529 3755 5583 in

2178 5613 2429 5669 omnibus
2455 5612 2709 5684 operibus
2732 5617 2875 5683 suis;
2907 5617 3001 5687 qui
3018 5618 3182 5675 dixit:
3201 5616 3370 5674 Petite
3391 5629 3441 5673 et
3468 5620 3753 5689 accipietis,

2177 5710 2396 5779 qzuerite
2420 5718 2469 5763 et
2497 5711 2790 5776 invenietis,
2820 5712 3023 5782 pulsate
3047 5722 3095 5767 et
3134 5714 3397 5786 aperietur
3428 5714 3571 5767 vobis
3587 5730 3608 5778 ;
3652 5711 3755 5765 lar-

2179 5800 2359 5870 giente
2386 5800 2587 5870 pietate
2608 5799 2746 5871 ejus,
2775 5802 2920 5858 circa
2941 5805 3244 5862 socordiam
3280 5794 3473 5862 sensus
3497 5804 3607 5860 mei
3626 5801 3755 5874 Epi‘
