4056 6350
325 389 431 452 8M

1246 401 1504 462 manu.
1542 401 1612 462 lN
1649 403 1868 469 EPIST.
1909 371 1975 464 u.
2013 406 2220 468 PAULI
2257 410 2350 469 Αι)
2386 410 2636 476 GALAT.

3475 427 3585 492 84!

326 507 498 565 stolas
521 507 798 581 beatijam
826 510 957 568 dicti
981 515 1211 586 apostoli
1242 517 1394 575 Pauli
1435 521 1504 577 ad
1525 519 1787 592 Ephesios
1824 531 1904 578 at-
1927 525 1981 587 Α
2005 523 2175 591 virus,
2199 507 2482 585 catholicis
2503 529 2724 587 auribus
2751 524 3008 588 denuntio
3030 531 3282 605 fugienda
3307 555 3321 594 :
3345 554 3581 612 quorum

323 616 434 673 que
465 601 534 657 ad
558 599 954 675 Philippenses,
979 621 1090 662 non
1113 616 1222 665 tam
1258 627 1325 667 ex
1359 612 1625 682 majorum
1665 617 1903 672 tractati-

320 692 444 759 bus,
493 709 654 763 quam
704 709 766 750 ex
817 695 1156 756 diversorum
1203 710 1530 760 tractatuum
1581 709 1898 776 sententiis,

326 784 486 838 veluti
510 785 792 842 mendicus
820 802 927 842 non
955 789 1161 847 habens
1183 794 1456 863 propriam
1485 805 1722 866 segetem
1740 839 1754 864 ,
1804 799 1900 854 sed

279 887 282 889 λ
318 883 442 943 post
469 883 615 946 terga
655 878 974 934 metentium
999 896 1063 935 ex
1105 883 1335 940 aliorum
1385 897 1565 958 segete
1610 899 1903 963 congregat

317 965 421 1019 sibi
455 966 676 1032 victum,
711 984 780 1024 ne
817 969 1012 1027 hiemis
1042 980 1286 1046 tempore
1334 976 1476 1034 fame
1520 981 1896 1051 periclitetur:

317 1057 392 1109 ita
417 1065 474 1110 et
497 1073 600 1127 ego
620 1073 685 1113 ex
714 1060 942 1116 aliorum
969 1064 1146 1130 dictis,
1181 1067 1280 1122 has
1310 1069 1460 1124 brevi
1491 1071 1632 1143 stylo
1661 1087 1903 1144 compre-

316 1146 481 1202 hendi
531 1149 817 1219 Epistolas.
857 1154 1028 1220 Quam
1077 1158 1470 1227 expositionem
1517 1161 1564 1216 si
1607 1172 1788 1233 aptam
1830 1166 1898 1220 ad

314 1234 603 1308 legendum
627 1239 957 1309 jndicavcrit
983 1248 1246 1304 serenitas
1271 1259 1478 1320 vestra,
1518 1254 1586 1309 ad
1617 1263 1898 1312 auctorem

312 1327 537 1386 referite
559 1329 834 1389 Christum
865 1354 878 1391 :
910 1339 1034 1408 quia
1057 1339 1160 1396 hoc
1177 1341 1374 1412 ipsum,
1401 1352 1463 1400 ut
1480 1345 1736 1417 praefatus
1754 1364 1892 1415 sum,

314 1420 552 1479 donante
585 1426 814 1483 Domino
833 1439 1074 1487 vestrum
1104 1443 1206 1489 est.
1242 1435 1301 1491 Si
1330 1451 1460 1492 vero
1490 1440 1896 1511 reprehensioni

312 1512 551 1580 patuerit
571 1525 794 1586 propter
820 1522 1087 1578 sermonis
1116 1525 1495 1592 rusticitatem,
1516 1538 1724 1586 remota
1748 1531 1896 1588 falla-

312 1603 399 1658 cia
429 1620 548 1674 quae
589 1618 791 1664 rectam
818 1610 978 1668 ﬁdem
1005 1614 1250 1683 oll'endit,
1293 1618 1599 1688 hnjusmodi
1646 1623 1894 1682 homines

309 1709 344 1748 a
376 1695 532 1752 nobis
569 1714 674 1754 non
720 1703 1179 1772 pertimescendus
1226 1707 1312 1764 ille
1346 1710 1644 1780 admonuit,
1693 1714 1758 1770 de
1787 1730 1894 1786 quo

309 1782 603 1855 loquimur,
626 1797 681 1844 et
707 1806 868 1860 quem
899 1801 1144 1852 tenemus
1169 1797 1222 1851 in
1248 1799 1517 1865 manibus,
1540 1803 1633 1872 qui
1663 1782 1891 1874 regnum

2005 614 2206 672 idcirco
2235 619 2438 677 reticeo
2461 621 2746 691 vocabula,
2784 639 2854 681 ne
2880 624 3140 698 derogare
3187 631 3393 698 videar,
3442 653 3582 708 pra-

2001 726 2245 770 cessores
2271 716 2471 786 potius,
2499 731 2662 786 quam
2699 716 2879 772 dicere
2901 718 3209 775 veritatem.

2075 824 2371 895 Epistulam
2387 843 2517 884 sane
2529 827 2772 902 Apustuli
2786 830 2852 884 ad
2866 828 3087 885 Galatas
3102 832 3153 885 in
3171 847 3277 903 qua
3292 850 3433 891 anno
3452 855 3564 910 prae

2002 916 2183 981 terito,
2201 916 2255 970 in
2271 926 2530 987 quantum
2544 918 2705 981 valui,
2724 919 3118 976 studiosissime
3149 922 3410 989 laboravi,
3445 929 3580 984 nihil

2000 1003 2055 1060 in
2067 1021 2132 1060 ea
2147 1022 2318 1078 nuper
2332 1008 2458 1062 auxi
2478 1026 2490 1062 :
2508 1010 2601 1064 sed
2628 1010 2724 1076 ita,
2757 1017 2818 1064 ut
2831 1019 2989 1065 antea
3006 1026 3037 1066 a
3069 1027 3154 1067 me
3183 1017 3576 1085 comprehensa

1999 1103 2102 1163 est,
2117 1097 2386 1155 huicvero
2401 1099 2968 1170 operijuxtaurdinem
2991 1119 3147 1160 suum
3171 1105 3222 1160 in
3267 1109 3444 1179 capite
3481 1127 3572 1166 so-

1997 1188 2158 1244 ciavi.

2066 1303 2143 1360 De
2163 1315 2373 1363 caeteris
2400 1322 2531 1363 vero
2560 1309 2821 1380 epistolis,
2851 1310 2979 1367 licet
3007 1311 3242 1384 plurima
3271 1329 3437 1386 penes
3483 1331 3572 1374 me

1996 1398 2284 1454 teneantur
2311 1407 2588 1470 excerpta,
2637 1400 2804 1456 multa
2829 1410 3012 1458 tamen
3061 1404 3238 1461 adhuc
3282 1415 3576 1477 supersunt
3623 1429 3628 1434 ο

1993 1488 2374 1558 perquirenda.
2426 1489 2535 1546 Sed
2571 1491 2696 1562 quia
2735 1507 2824 1548 me
2869 1507 3013 1549 anno
3061 1497 3335 1564 praesenti,
3367 1514 3579 1569 praepe-

1995 1581 2266 1638 dientibus
2291 1584 2533 1654 peccatis
2569 1585 2724 1651 meis,
2764 1587 3002 1658 graviter
3045 1589 3345 1661 obligastis,
3393 1601 3448 1648 et
3495 1593 3582 1650 ni-

1993 1678 2118 1734 miis
2160 1679 2524 1736 anxietatibus
2565 1679 2799 1749 deditus,
2853 1683 2986 1739 mihi
3025 1684 3212 1741 vivere
3259 1701 3368 1742 non
3421 1687 3576 1757 libet,

1992 1784 2171 1841 neque
2212 1769 2527 1842 Scripturas
2567 1774 2903 1843 perscrutari
2946 1774 3091 1832 licet.
3151 1775 3304 1834 Unde
3350 1779 3580 1838 obsecro

309 1873 408 1932 Dei
453 1895 557 1934 non
603 1882 656 1935 in
684 1898 955 1952 sermone,
989 1888 1082 1944 sed
1110 1889 1164 1944 in
1202 1891 1399 1948 vinum
1424 1862 1885 1966 esse'perdgcuit’
1917 1877 1965 1939 Β
1993 1862 2336 1919 clementiam
2376 1873 2664 1966 .vest-ram,
2711 1873 2774 1966 ut
2820 1866 3108 1966 nonmihi
3153 1869 3273 1966 sitis
3304 1870 3578 1966 molestus

305 1983 375 2025 ac
393 1973 740 2044 semetipsum
771 1979 938 2034 verbo
975 1981 1155 2050 potius
1197 1985 1620 2053 quamﬁcientia
1670 1989 1890 2060 imperi-

304 2071 422 2118 tum
443 2078 560 2119 esse
582 2067 817 2137 scripsit.
859 2069 1154 2130 Funestum
1189 2083 1351 2146 atque
1378 2076 1702 2136 detestabile
1731 2080 1888 2137 Pela-

401 2155 615 2226 dugma,
645 2161 737 2230 qui
775 2161 1019 2234 ingratus
1063 2167 1257 2223 divina:
1284 2170 1472 2240 gratiae
1501 2174 1713 2229 exstitit
1751 2191 1888 2246 prae-

303 2244 516 2302 dicatur
534 2264 632 2318 per
663 2251 898 2310 cmlestis
937 2257 1126 2327 gratia:
1161 2261 1531 2331 gratissimum
1577 2244 1882 2336 praeconem

301 2334 675 2398 beatissimum
696 2344 1057 2416 Augustinum
1093 2351 1160 2408 de
1203 2353 1307 2410 hac
1338 2334 1595 2426 epistola,
1619 2367 1882 2430 quantum

298 2431 474 2500 potui,
505 2431 746 2491 funditus
778 2437 1045 2496 abdicavi.

376 2523 481 2580 Sed
517 2535 572 2582 et
617 2528 830 2586 illorum
856 2533 948 2603 qui
991 2550 1059 2590 ex
1088 2537 1192 2594 hac
1214 2539 1284 2595 ad
1328 2539 1592 2613 Ephesios
1644 2542 1884 2615 Epistula

298 2613 477 2671 fulciri
503 2618 674 2673 moliti
707 2631 832 2676 sunt
858 2624 1121 2683 haeresem
1148 2645 1325 2698 suam,
1364 2633 1453 2688 ubi
1479 2633 1573 2699 ait,
1597 2613 1748 2690 Sicut
1783 2635 1886 2692 ele-

295 2707 372 2778 git
409 2723 502 2763 nos
529 2720 649 2765 ante
677 2715 860 2769 mundi
887 2721 1329 2789 constitutionem,
1351 2725 1560 2782 animas
1598 2726 1881 2786 hominum

296 2809 425 2856 ante
448 2803 633 2858 mundi
657 2806 980 2878 principium
995 2810 1176 2867 fuisse
1200 2821 1255 2868 et
1283 2824 1584 2872 coaeternas
1607 2817 1720 2874 Deo
1735 2833 1885 2874 crea-

296 2894 404 2949 tori
441 2907 757 2967 senserunt;
799 2901 915 2958 sive
977 2904 1142 2960 etiam
1185 2906 1240 2961 in
1290 2906 1527 2978 Epistula
1567 2911 1635 2966 ad
1677 2908 1882 2983 Philip-

297 2997 499 3054 penses
543 2987 714 3044 Deum
761 2989 976 3048 Patrem
1018 2997 1286 3066 potiorem
1327 2998 1466 3054 Filio
1509 3002 1878 3058 crediderunt.

297 3074 428 3134 Hac
464 3082 669 3150 omnia,
703 3083 851 3141 velut
889 3088 1119 3145 mortale
1149 3091 1508 3162 praecipitium
1551 3101 1647 3149 aut
1683 3094 1882 3151 lethale

1992 1963 2254 2010 exactor:
2299 1955 2426 2024 quia
2475 1957 2521 2011 si
2563 1971 2650 2010 me
2689 1955 2958 2028 adjuverit
2987 1957 3162 2028 pietas
3208 1960 3391 2017 divina
3417 2002 3434 2028 ,
3475 1977 3579 2034 ego

1992 2047 2061 2102 ad
2106 2047 2438 2103 reddendum
2489 2048 2714 2104 devotus
2761 2063 2883 2104 sum
2934 2051 3167 2107 debitor.
3218 2051 3577 2126 Omnipotens

1992 2136 2274 2204 Dominus,
2305 2137 2505 2207 quiest
2531 2137 2647 2193 Rex
2693 2154 2882 2208 regum
2929 2149 2985 2195 et
3027 2141 3287 2200 Dominus
3333 2135 3581 2202 domino?

1991 2244 2131 2296 rum,
2160 2244 2257 2284 vos
2277 2229 2557 2286 dominum
2577 2245 2756 2285 meum
2779 2231 3122 2287 inimicorum
3148 2235 3390 2290 omnium
3413 2249 3578 2306 supe-

1989 2333 2114 2374 rare
2138 2307 2366 2375 insidias
2393 2319 2590 2386 faciat;
2616 2335 2983 2392 concessoque
3007 2323 3232 2394 praemio
3272 2325 3577 2382 sincerissi-

1991 2424 2095 2464 mze
2118 2410 2425 2476 charitatis,
2452 2409 2519 2465 ad
2554 2410 2856 2480 profectum
2900 2420 2956 2468 et
2993 2422 3245 2470 ornatum
3274 2416 3444 2470 totius
3468 2408 3576 2472 Ec-

1988 2499 2190 2569 clesiae,
2214 2503 2288 2557 ita
2328 2503 2514 2558 vivere
2545 2506 2822 2571 concedat,
2860 2514 2922 2560 ut
2963 2506 3117 2562 ﬁnito
3157 2510 3402 2566 mortalis
3444 2511 3573 2568 vitae

1987 2595 2242 2661 termino,
2269 2593 2500 2651 liberum
2528 2610 2560 2649 a
2603 2597 2812 2665 peccati
2855 2597 3189 2654 conscientia
3235 2615 3336 2656 suo
3381 2609 3572 2658 sancto

1986 2693 2171 2742 astare
2191 2684 2356 2741 faciat
2375 2687 2590 2743 throno.
2623 2686 2875 2759 Explicit.

2415 2799 2662 2857 INCIPIT
2698 2801 3136 2862 TRACTATUS.

2062 2912 2279 2986 Ephesii
2310 2922 2440 2969 sunt
2478 2914 2686 2970 Asiani.
2731 2913 2797 2970 Hi
2846 2925 3071 2987 accepto
3111 2918 3278 2974 verbo
3318 2919 3571 2980 veritatis

1985 3005 2344 3076 perstiterunt
2371 3005 2424 3061 in
2452 3004 2580 3072 ﬁde,
2599 3007 2700 3062 hos
2720 3003 2990 3063 collaudat
3009 3007 3300 3080 Apostolus
3324 3011 3571 3070 scribens

1985 3094 2068 3151 eis
2090 3110 2122 3150 a
2152 3094 2324 3151 Roma
2346 3095 2414 3151 de
2434 3110 2679 3174 carcere,
2704 3105 2811 3153 etc.

313 3202 3567 3254 ———-———-———-————-——-—u—_——_—__—_~t

1054 3319 1838 3440 CLAUDII
1909 3331 2750 3447 EPISGOPI

287 3508 948 3675 ΕΝᾹΒΒΔἸἮ)
1053 3521 1186 3676 IN
1291 3524 1939 3688 EPISTOLAM
2050 3535 2163 3689 ll.
2281 3535 2644 3692 PAULI
2747 3537 2908 3693 ΔΙ)
2982 3539 3548 3700 GALA’I‘AS.

1446 3849 1705 3916 (Biblioth.
1726 3865 1857 3907 max.
1879 3855 2102 3923 Patrum,
2126 3867 2244 3912 tom.
2275 3858 2429 3926 XIV.)

821 4057 1318 4145 AUCTORIS

575 4214 963 4282 EPISTOLA
1005 4221 1586 4288 DEDICATORIA.
1649 4170 1667 4184 Ι

355 4332 584 4396 Domino
631 4341 875 4413 piissimo
902 4353 959 4400 et
1001 4345 1054 4400 in
1102 4344 1322 4404 Christo
1367 4364 1578 4405 summo
1604 4349 1738 4405 mihi
1763 4350 1865 4406 ho-

283 4439 419 4485 nure
439 4430 784 4502 singulariter
801 4435 1096 4492 excolendo
1113 4435 1486 4497 Dructerannu
1503 4440 1686 4498 abbati
1706 4441 1868 4499 Clau-

284 4523 406 4579 dius
428 4536 704 4594 peccator.

357 4615 513 4683 Tres,
540 4617 595 4672 ni
623 4617 799 4686 fallor,
847 4629 904 4674 et
944 4636 1009 4678 eo
1053 4623 1284 4694 amplius
1325 4623 1442 4697 jam
1485 4635 1868 4697 pertranseunt

282 4712 526 4779 tempore
555 4710 702 4777 anni,
754 4713 898 4782 quod
926 4729 1014 4769 me
1053 4715 1231 4772 adhuc
1276 4717 1332 4772 in
1371 4718 1603 4776 Aluenni
1648 4722 1868 4792 cespitis

281 4808 433 4861 arvo,
465 4797 520 4853 in
559 4799 760 4870 palatio
796 4801 868 4872 pii
896 4803 1158 4875 principis
1207 4805 1408 4862 domini
1452 4807 1711 4867 Ludovici
1738 4819 1868 4866 tunc

279 4889 442 4959 regis,
476 4892 634 4946 modo
671 4892 1032 4964 imperatoris,
1064 4895 1342 4953 detentum
1393 4901 1641 4956 socordia
1671 4916 1866 4959 sensus

277 4987 383 5040 mei
416 4993 506 5041 tua
553 4987 758 5045 fervida
805 4990 1091 5049 dilectione
1132 4993 1360 5051 adorsus
1385 4995 1644 5062 excitare,
1673 5003 1734 5050 ut
1763 4994 1864 5051 ali-

274 5090 437 5146 quem
466 5077 801 5137 l‘rucluosum
824 5081 1065 5140 laborem
1101 5085 1154 5140 in
1180 5086 1435 5157 Epistolis
1461 5087 1706 5158 magistri
1738 5102 1868 5159 gen-

275 5165 414 5222 tium
441 5183 774 5228 assumerem
821 5175 1047 5245 apostoli
1078 5175 1250 5230 Pauli.
1294 5176 1402 5233 Sed
1431 5178 1556 5248 quia
1587 5177 1866 5234 laboribus

273 5264 331 5312 et
357 5259 663 5316 turbinibus
711 5265 897 5318 mundi
928 5265 1216 5335 depressus
1251 5267 1514 5324 hactenus
1537 5283 1732 5338 parere
1755 5269 1868 5341 jus-

271 5347 412 5403 siOni
440 5358 545 5406 tute
570 5353 809 5423 nequivi,
855 5357 1015 5411 modo
1044 5356 1304 5428 largiente
1334 5359 1446 5414 Deo
1471 5359 1526 5414 in
1571 5359 1677 5416 isto
1707 5359 1854 5429 Qua-

1889 4062 1935 4126 C
1965 4060 2034 4117 ad
2055 4062 2188 4121 alios
2207 4064 2376 4122 libros
2393 4065 2602 4137 praefati
2618 4065 2732 4138 jam
2757 4066 2937 4125 Patris
2955 4069 3242 4142 Augustini
3288 4082 3346 4130 et
3362 4078 3560 4136 exinde

1967 4167 2109 4221 eam,
2142 4171 2262 4226 qum
2288 4157 2344 4212 in
2375 4157 2480 4213 illis
2530 4159 2717 4214 deerat
2743 4160 3087 4228 tractatibus,
3118 4162 3339 4234 explere
3374 4169 3557 4226 studui

1965 4248 2382 4317 expositionem.
2429 4250 2697 4308 Nonnulla
2745 4252 2930 4321 etiam,
2982 4262 3042 4311 ut
3079 4258 3212 4312 mihi
3244 4260 3418 4315 visum
3447 4270 3556 4330 est,

1968 4335 2109 4393 infra
2161 4339 2378 4396 illorum
2432 4341 2780 4410 locutionem,
2828 4359 2951 4401 mea
2999 4348 3181 4404 studui
3226 4351 3558 4424 conjungere

1965 4430 2154 4498 verba,
2181 4447 2302 4502 quas
2329 4442 2612 4506 utramque
2634 4437 3025 4507 expositionem
3061 4439 3264 4512 absque
3291 4443 3552 4500 scissione

1967 4521 2378 4594 coniungerent,
2413 4532 2469 4580 et
2510 4524 2737 4597 legentis
2760 4539 3080 4586 exercerent
3124 4547 3362 4602 sensum,
3394 4543 3452 4590 et
3471 4535 3549 4592 fa-

1967 4615 2186 4670 stidium
2216 4616 2456 4673 facerent
2487 4618 2709 4674 evitare.
2742 4619 2893 4678 Hanc
2929 4622 3147 4678 interim
3175 4625 3329 4693 quasi
3355 4640 3548 4682 manu-

1965 4708 2084 4765 bias
2109 4709 2369 4778 quasdam
2410 4717 2517 4766 tute
2540 4726 2710 4766 ovans
2737 4710 2975 4780 dirigere
3013 4711 3204 4768 studeo
3231 4714 3507 4770 sanctitati
3531 4731 3550 4771 :

1966 4806 2029 4854 ut
2053 4800 2263 4870 quoties
2287 4815 2408 4857 eam
2434 4817 2598 4856 manu
2625 4803 2866 4859 tenueris
2886 4811 2942 4858 et
2968 4802 3185 4874 legeris,
3212 4805 3318 4861 mei
3342 4821 3553 4864 memor

1965 4906 2088 4948 esse
2120 4892 2360 4964 digneris
2385 4911 2398 4949 :
2449 4903 2506 4950 et
2533 4895 2588 4950 in
2613 4911 2778 4950 unum
2808 4894 3098 4969 coniungat
3138 4899 3400 4955 immensa
3424 4900 3548 4956 ubi-

1966 5003 2072 5058 que
2099 5003 2340 5058 praesens
2367 4989 2572 5045 Christi
2603 4990 2861 5058 charitas,
2890 5005 3029 5062 quos
3069 4993 3242 5063 spatia
3280 5000 3546 5050 terrarum

1967 5079 2280 5136 dissociant.
2327 5081 2403 5136 De
2452 5081 2664 5137 caeteris
2693 5097 2825 5138 vero
2853 5082 3118 5153 epistolis;
3146 5082 3260 5154 jam
3289 5084 3456 5140 multa
3489 5085 3548 5142 in

1966 5171 2215 5226 manibus
2244 5171 2450 5227 nostris
2495 5180 2749 5228 tenentur
2772 5181 3048 5246 excerpta,
3083 5175 3153 5232 ad
3182 5191 3337 5247 quas,
3370 5177 3417 5233 si
3443 5178 3549 5235 Do-

1966 5262 2146 5318 minus
2171 5262 2420 5328 voluerit,
2453 5272 2510 5318 et
2529 5263 2697 5319 vitam
2740 5274 2904 5338 atque
2933 5265 3160 5323 salutem
3191 5270 3543 5336 concesserit,

1964 5354 2248 5415 orantibus
2280 5356 2434 5412 vobis
2459 5371 2561 5429 pro
2603 5357 2782 5426 nobis,
2809 5359 2877 5414 ad
2907 5360 3296 5430 expositionem
3328 5360 3546 5417 illarum

271 5439 591 5513 dragesima:
612 5454 856 5518 tempore
877 5427 1159 5521 epistulam
1180 5451 1325 5508 beati
1341 5449 1456 5520 jam
1474 5451 1606 5508 dicti
1629 5427 1858 5524 apostoli

1977 5448 2284 5517 luantocius
2304 5427 2530 5520 potuero
2554 5449 2813 5506 accedere
2851 5427 3176 5522 procurabo.
3203 5450 3334 5508 Pius
3360 5460 3415 5508 et
3437 5453 3546 5508 mi-

269 5529 423 5588 Pauli
449 5535 518 5591 ad
546 5534 768 5594 Galatas
805 5553 872 5595 ex
906 5541 1228 5598 tractatibus
1257 5541 1540 5597 beatorum
1571 5542 1860 5614 Augustini

267 5629 329 5678 et
352 5623 665 5698 Hieronymi
707 5627 928 5686 Patrum
971 5632 1254 5703 permixtis
1286 5633 1572 5704 procuravi
1610 5634 1862 5690 ordinare

265 5717 576 5774 sententiis.
621 5717 682 5774 In
711 5720 906 5790 quibus
953 5722 1275 5780 tractatibus
1303 5740 1428 5782 cum
1457 5723 1526 5781 ad
1554 5739 1858 5797 congruen-

265 5810 381 5888 tem
405 5808 801 5879 expositionem
827 5810 998 5868 multa
1023 5813 1218 5874 deesse
1259 5830 1560 5893 cernerem,
1605 5821 1739 5880 verti
1772 5836 1858 5881 me

675 5923 953 5996 PATROL.
995 5925 1167 6013 ριν,

1963 5539 2196 5596 sericors
2254 5539 2397 5595 Deus
2446 5547 2503 5595 et
2555 5542 2907 5598 reverendam
2967 5541 3099 5598 mihi
3153 5541 3545 5599 beatitudinem

1963 5639 2132 5694 tuam,
2163 5631 2232 5686 ad
2267 5629 2569 5702 profectum
2613 5641 2670 5688 et
2709 5642 2960 5690 ornatum
3009 5633 3266 5690 Ecclesiae
3307 5648 3440 5698 suas,
3489 5641 3544 5686 et

1963 5721 2124 5779 annis
2149 5722 2506 5794 multiplicare
2535 5723 2808 5797 dignetur,
2847 5733 2902 5781 et
2926 5725 3155 5781 meritis.
3199 5723 3328 5780 Vale
3354 5721 3410 5776 in
3437 5721 3544 5775 Du-

1964 5815 2114 5877 minu
2137 5816 2222 5874 vir
2251 5814 2368 5888 Dei.
2397 5823 2454 5879 et
2479 5825 2752 5874 memento
2778 5816 2904 5877 mei.

3065 5930 3138 5992 ‘27
