2028 3175
267 181 321 213 865

300 232 301 235 ‘
402 283 405 289 ι
514 262 517 265 .
532 227 793 287 ΑιισιΙΜΕΝῩΠΜ

355 294 534 323 EPISTOLIE
554 296 586 324 1).
605 296 706 332 PAULI
734 298 779 325 AD
798 298 966 327 GALATAS.

300 344 402 382 Galatae
427 356 490 380 sunt
502 352 599 381 Grmci.
619 353 725 381 Galatia
738 355 810 382 dicta
825 364 840 383 a
853 356 950 391 priscis
969 356 1058 384 Gallo-

265 407 325 426 rum
341 399 478 434 gentibus,
492 406 506 426 a
520 400 618 434 quibus
631 401 735 429 exstitit
748 407 887 437 occupata.
905 402 971 430 Nam
988 402 1056 430 Galli

265 447 292 473 in
310 445 439 473 auxilium
462 446 533 482 regis
548 446 679 483 Bithynice
701 448 800 481 vocali,
823 456 936 483 regnum
949 457 1009 476 cum
1025 457 1057 478 eo

263 496 326 531 post
340 496 477 527 peractam
491 492 635 520 victoriam
649 493 799 522 diviserunt
813 503 820 521 :
845 494 939 529 sicque
960 495 1057 522 deinde

264 537 366 565 Grazcis
386 537 511 571 admisti,
532 538 647 573 primum
670 538 837 577 Gallogrwci,
856 548 927 567 nunc
937 547 970 568 ex
985 541 1056 568 anti-

264 592 317 619 quo
336 584 473 612 Gallorum
495 585 603 612 nomine
627 585 731 613 Galataa
754 587 889 620 dicuntur,
914 591 941 614 et
962 594 1056 616 eorum

263 631 337 666 regio
358 630 463 658 Galatia
478 635 658 673 nuncupatur.
681 631 714 659 Hi
736 633 849 660 verbum
863 633 985 661 veritatis
1000 634 1057 669 pri-

261 675 335 703 mum
351 676 384 702 ab
407 669 536 711 Apostolo
557 669 729 713 acceperunt,
753 678 800 705 sed
824 683 886 715 post
907 679 1056 706 discessum

261 720 319 755 ejus
341 721 435 748 tentati
459 725 521 748 sunt
544 720 559 749 a
584 720 658 750 falsis
673 721 810 757 apostolis,
826 727 857 749 ut
879 723 906 750 in
920 723 1006 760 legem
1029 729 1056 751 et

252 760 495 794 icircumcisionem
510 766 691 794 verterentur.
711 765 766 795 Hos
785 767 930 803 Apostolus
946 773 1057 796 revocat

260 811 294 839 ad
307 811 385 844 fidem
399 804 532 845 veritatis,
550 812 672 840 scribens
686 812 727 840 eis
748 813 781 840 ab
801 812 917 848 Epheso.
946 813 1002 842 Hoc
1014 815 1057 842 vel

259 856 376 884 maxime
392 856 552 892 argumento
574 856 675 884 Galate
690 862 767 884 erant
788 866 802 884 a
818 858 1056 894 pseudoapostolis

257 902 381 938 persuasi
396 906 476 937 atque
487 895 601 935 seducti,
613 903 684 938 quod
697 903 821 937 Paulum,
837 912 886 939 per
899 912 978 940 quem
991 913 1055 932 vero

257 948 403 985 Evangelia
429 950 608 983 crediderant,
633 959 686 978 non
707 958 768 979 esse
789 952 940 987 apostolum
963 952 1054 980 audie-

256 997 341 1025 bant:
365 996 500 1029 videlicet,
526 996 589 1033 quia
614 1002 700 1033 neque
721 998 754 1026 de
776 998 918 1026 duodecim
939 999 1052 1033 electus,

256 1052 344 1080 neque
358 1044 506 1076 Christum,
520 1048 550 1071 ut
568 1044 665 1072 Petrus
678 1049 706 1072 et
720 1046 822 1079 caeteri,
845 1045 989 1081 aliquando
1011 1054 1054 1074 se-

256 1081 334 1118 cutus
349 1090 454 1118 fuisset.
479 1090 565 1125 Quam
581 1091 783 1127 derogationem
807 1099 919 1120 necesse
934 1092 1053 1121 habebat

252 1128 328 1164 veris
351 1137 512 1170 rationibus,
536 1145 568 1164 ac
582 1138 745 1165 auctoritate
768 1138 855 1166 sancti
873 1137 992 1173 Spiritus
1008 1146 1053 1166 re-

254 1174 355 1215 l'utare,
370 1191 419 1218 per
433 1183 555 1211 ordinem
571 1182 689 1219 probans
706 1191 760 1212 non
780 1192 810 1212 se
829 1184 863 1212 ab
886 1184 1051 1218 hominibus,

255 1218 343 1263 neque
360 1236 410 1264 per
419 1228 557 1257 hominem
569 1218 691 1263 missum,
705 1230 753 1257 sed
764 1237 814 1265 per
828 1237 891 1257 eum
903 1230 950 1266 qui
963 1230 1052 1265 ipsum

253 1280 282 1305 et
293 1279 406 1312 caeteros
420 1276 447 1304 in
462 1276 584 1304 ordinem
597 1277 766 1311 apostolatus
779 1276 870 1313 elegit.

411 1343 493 1371 ITEM
513 1343 618 1371 ALIUD
633 1342 891 1372 ARGUMENTUM.

288 1397 377 1426 Causa
389 1402 501 1433 propter
516 1401 599 1433 Quam
614 1398 710 1426 scribit
721 1398 868 1433 Apostolus
883 1399 917 1427 ad
927 1399 1049 1433 Galatas,

253 1444 312 1480 haec
325 1448 377 1477 est,
394 1447 425 1471 ut
443 1444 596 1480 intelligant
609 1445 725 1479 gratiam
742 1444 791 1472 Dei
806 1445 833 1472 id
854 1452 945 1473 secum
959 1453 1049 1481 agere,

252 1492 284 1516 ut
296 1489 345 1516 sub
360 1488 418 1523 lege
436 1487 494 1522 jam
509 1496 564 1524 non
588 1489 651 1517 sint.
670 1488 737 1516 Cum
753 1489 826 1517 enim
847 1490 993 1525 praedicata
1010 1491 1050 1519 eis

252 1538 325 1561 esset
334 1533 472 1569 Evangelii
485 1534 582 1569 gratia,
603 1542 658 1562 non
672 1534 816 1573 defuerunt
828 1536 937 1571 quidam
950 1544 984 1565 ex
997 1537 1050 1566 οίιι

252 1578 429 1616 cumcisione,
455 1579 580 1614 quamvis
605 1579 754 1613 Christiani
779 1581 898 1615 nomine,
929 1582 1068 1612 nondum,

251 1629 342 1652 tamen
359 1628 481 1652 tenentes
496 1625 582 1660 ipsum
597 1627 691 1662 gratire
714 1627 887 1664 beneficium,
908 1632 936 1656 et
957 1629 1047 1657 adhuc

250 1670 372 1697 volentes
396 1677 456 1697 esse
480 1671 531 1698 sub
554 1670 683 1713 oneribus
707 1670 783 1708 legis,
809 1668 890 1707 quam
917 1667 1047 1702 Dominus

250 1715 324 1742 Deus
337 1715 514 1749 imposuerat,
525 1723 580 1743 non
590 1715 702 1750 justitize
717 1717 907 1751 servientibus,
923 1719 969 1746 sed
986 1727 1048 1755 pec-

251 1765 313 1789 cato
326 1770 332 1788 :
345 1760 447 1795 justam
462 1761 565 1800 scilicet
586 1762 671 1797 legem
687 1762 795 1798 injustis
808 1764 962 1793 hominibus
978 1766 1047 1800 dan-

251 1806 295 1840 do,
309 1807 343 1835 ad
358 1798 566 1838 demonstranda
580 1813 692 1842 peccata
705 1816 809 1842 eorum,
824 1818 877 1838 non
888 1811 1045 1839 auferenda.

251 1853 309 1880 Non
324 1853 396 1881 enim
412 1852 501 1880 aufert
521 1858 632 1888 peccata
655 1854 707 1882 nisi
729 1856 816 1890 gratia
837 1856 899 1884 lidei
923 1865 983 1892 qum
998 1866 1046 1893 per

250 1899 422 1926 dilectionem
435 1903 573 1934 operatur.
599 1899 654 1927 Sub
676 1901 727 1928 hac
740 1909 805 1937 ergo
819 1903 905 1945 gratia
923 1903 979 1939 jam
993 1904 1047 1932 Ga—

250 1944 320 1971 latas
338 1945 502 1972 constitutos
523 1945 562 1972 illi
584 1946 711 1974 volebant
725 1948 889 1977 constituere
911 1947 961 1977 sub
982 1959 1047 1979 one-

250 1991 324 2018 ribus
348 1991 426 2026 legis,
447 1997 634 2020 asseverantes
659 1993 725 2020 nihil
746 1995 786 2022 eis
808 1996 937 2029 prodesse
958 1997 1046 2025 Evan-

248 2036 358 2073 gelium,
378 2037 430 2064 nisi
445 2033 715 2076 cirwmciderentur,
738 2044 765 2068 et
786 2045 899 2069 caeteras
922 2043 1045 2071 carnales

248 2081 352 2110 Iudaici
363 2082 432 2109 ritus
446 2082 649 2112 observationes
663 2084 795 2112 subirent.
812 2085 846 2113 Et
857 2087 918 2115 ideo
932 2086 1043 2116 Paulum

249 2129 398 2164 apostolum
416 2133 571 2164 suspectum
594 2130 694 2159 habere
717 2138 866 2166 coeperant,
880 2142 894 2161 a
915 2143 970 2171 quo
990 2134 1044 2164 illis

248 2176 423 2212 Evangelium
438 2176 613 2211 praedicatum
636 2182 704 2211 erat,
730 2183 859 2215 tanquam
874 2189 927 2209 non
948 2186 1043 2210 tenen-

249 2226 303 2250 tem
319 2222 487 2257 disciplinam
502 2226 661 2251 caeterorum
676 2225 866 2260 apostolorum,
882 2227 926 2263 qui
947 2234 1042 2264 gentes

248 2267 382 2302 cogebant
391 2266 540 2302 judaizare.
554 2267 679 2296 Cesserat
692 2270 762 2298 enim
787 2271 880 2300 talium
902 2274 1041 2303 hominum

247 2312 382 2341 scandulis
392 2313 529 2348 apostolus
543 2313 649 2348 Petrus,
661 2320 688 2343 et
699 2315 725 2343 in
738 2317 937 2347 simulationem
947 2328 1040 2349 eorum

247 2359 344 2387 ductus
358 2362 426 2392 erat,
442 2363 569 2394 tanquam
581 2365 608 2388 et
621 2361 677 2396 ipse
695 2363 746 2391 hoc
761 2364 883 2398 sentiret,
900 2367 966 2394 nihil
980 2375 1041 2402 pro-

248 2406 326 2434 desse
339 2406 464 2441 gentibus
486 2406 671 2443 Evangelium,
692 2409 743 2437 nisi
766 2418 849 2439 onera
865 2412 930 2448 legis
944 2414 1040 2449 imple-

246 2456 317 2479 rent.
328 2452 352 2479 A
367 2456 419 2487 qua
434 2453 604 2481 simulatione
623 2454 693 2482 idem
713 2457 850 2491 apostolus
863 2455 962 2487 Paulus
978 2467 1039 2488 eum

246 2498 396 2531 revocavit,
413 2498 484 2526 sicut
504 2499 531 2527 in
557 2500 609 2528 hac
632 2501 689 2537 ipsa
713 2502 832 2537 Epistola
856 2502 943 2533 docet.
968 2506 1040 2536 Talis

245 2544 358 2579 quidem
380 2546 494 2580 quaistio
518 2549 559 2574 est
586 2550 614 2575 et
636 2548 664 2575 in
691 2548 810 2584 Epistoia
826 2547 859 2579 ad
883 2552 1039 2583 Romanos:

245 2592 433 2618 verumtamen
442 2589 550 2619 videtur
565 2592 666 2628 aliquid
683 2594 824 2630 interesse,
843 2598 913 2632 quod
927 2599 962 2627 ibi
978 2608 1042 2627 con-

246 2635 395 2662 tentionem
416 2635 502 2671 ipsam
522 2637 634 2672 dirimit,
650 2640 780 2676 litemque
795 2644 960 2679 comprimit,
982 2654 1042 2681 qua:

246 2681 319 2708 inter
332 2688 378 2708 eos
393 2682 438 2716 qui
448 2689 482 2710 ex
492 2682 592 2712 Iudaeis
605 2688 632 2712 et
645 2693 692 2714 eos
704 2688 749 2722 qui
765 2695 796 2715 ex
817 2690 942 2723 gentibus
954 2693 1041 2719 credi-

246 2729 343 2756 derant
355 2731 415 2756 orta
430 2733 488 2755 erat
501 2738 507 2755 :
523 2737 583 2757 cum
604 2731 642 2758 illi
663 2736 791 2768 tanquam
812 2742 845 2762 ex
858 2737 963 2764 meritis
977 2745 1040 2773 ope-

245 2778 307 2802 rum
323 2774 389 2810 legis
401 2774 453 2802 sibi
471 2774 605 2803 redditum
622 2777 757 2814 Evangelii
772 2782 913 2815 praemium
926 2782 1041 2811 arbitra-

244 2824 348 2853 rentur,
371 2820 442 2856 quod
465 2822 606 2856 praemium
627 2823 833 2859 incircumcisis,
848 2831 975 2862 tanquam
990 2828 1040 2856 im-

244 2866 361 2899 meritis,
376 2865 504 2893 nolebant
516 2867 574 2894 dari
588 2876 594 2900 ;
608 2868 645 2895 illi
657 2874 751 2897 contra
762 2871 862 2899 Judaais
872 2880 901 2900 se
911 2873 1040 2908 prmferre

243 2914 384 2949 gestirem,
407 2918 536 2950 tanquam
558 2915 777 2947 interfectoribus
802 2919 917 2951 Domini.
940 2921 969 2950 In
988 2922 1040 2952 hac

803 183 940 215 CLAUDII
960 185 1191 215 TAURINENSIS
1210 182 1364 226 EPISCOPI
1411 202 1413 204 -

1070 244 1096 275 A
1108 251 1174 272 vero
1188 244 1308 279 Epistola
1320 244 1353 271 ad
1367 251 1415 271 eos
1429 240 1524 281 scribit
1540 238 1589 280 qui
1607 237 1666 279 iam
1680 250 1812 275 commoti
1828 252 1910 275 erant

1833 189 1910 218 '8“

1110 291 1271 329 auctoritate
1294 290 1402 329 illorum
1420 290 1466 329 qui
1480 297 1513 317 ex
1537 290 1637 325 Judasis
1659 297 1738 321 erant
1760 297 1788 321 et
1801 294 1838 321 ad
1855 295 1908 323 ob-

1109 325 1277 363 servationes
1291 325 1359 371 legis
1381 325 1523 372 cogebant.
1547 335 1692 371 Coeperant
1707 338 1779 366 enim
1794 339 1836 367 eis
1849 347 1910 367 cre-

1109 382 1183 415 dere,
1196 386 1324 417 tanquam
1344 381 1442 409 Paulus
1457 382 1596 417 apostolus
1607 390 1660 410 non
1675 391 1740 411 vera
1762 385 1909 419 praedicas-

1109 432 1160 460 set,
1174 428 1245 463 quod
1257 436 1303 455 eos
1314 427 1471 456 circumcidi
1484 428 1630 456 noluisset:
1644 434 1672 457 et
1686 430 1747 458 ideo
1757 431 1798 458 sic
1807 433 1907 466 coepit:

1109 473 1193 501 Miror
1207 474 1276 509 quod
1290 474 1328 501 sic
1349 479 1402 502 tam
1423 474 1474 501 cito
1489 475 1690 510 transferimini,
1707 477 1739 504 ab
1752 486 1782 504 eo
1805 479 1852 513 qui
1866 487 1909 507 m

1108 522 1206 550 vocavit
1222 522 1249 549 in
1263 521 1376 557 gloriam
1395 521 1507 555 Christi,
1522 523 1549 550 in
1562 523 1637 551 aliud
1654 523 1841 560 Evangelium.
1853 525 1908 554 Hoc

1107 565 1171 602 ergo
1185 564 1298 595 exordio
1311 576 1401 596 causae
1414 569 1592 604 quaestionem
1605 570 1724 598 breviter
1740 571 1906 599 insinuavit:

1107 620 1262 648 quanquam
1276 618 1303 640 et
1317 614 1374 649 ipsa
1389 615 1552 643 salutatione
1575 615 1647 652 (cum
1671 617 1736 644 dicit
1752 625 1784 645 se
1800 623 1908 652 aposto-

1107 657 1163 685 lum
1179 667 1232 687 nan
1244 659 1276 686 ab
1287 660 1448 694 hominibus,
1462 670 1543 697 neque
1564 671 1611 698 per
1630 662 1774 697 hominem,
1793 665 1869 699 quod
1882 666 1909 692 in

1106 704 1179 732 nulla
1192 705 1245 732 alia
1261 705 1379 741 Epistola
1394 707 1494 735 dixisse
1519 708 1667 745 invenitur)
1692 710 1760 737 satis
1777 711 1908 744 ostendit,

1106 749 1134 778 e't
1150 751 1209 779 illos
1231 752 1277 787 qui
1293 752 1355 780 talia
1378 754 1579 787 persuadebant
1593 762 1646 782 non
1658 762 1720 783 esse
1743 764 1757 783 a
1773 756 1841 789 Deo,
1864 758 1908 786 sed

1107 799 1141 826 ab
1155 798 1309 827 hominibus
1327 809 1332 826 :
1348 803 1375 827 et
1389 801 1495 828 crrteris
1513 801 1652 836 apostolis,
1666 807 1799 837 quantum
1814 805 1851 832 ad
1864 812 1908 832 au-

1106 844 1263 872 ctoritatem
1278 845 1425 873 testimonii
1446 847 1595 883 evangelici
1620 848 1747 883 pertinet,
1776 849 1907 885 imparem

1106 900 1136 920 se
1152 892 1246 920 haberi
1260 901 1313 921 non
1335 898 1471 929 oportere.
1488 895 1711 931 Quandoquidem
1733 904 1789 924 non
1811 897 1848 924 ab
1862 897 1908 924 ho-

1069 928 1094 959 Β
1107 939 1237 972 minibus,
1250 947 1337 974 neque
1350 928 1398 975 per
1413 928 1561 975 hominem,
1586 928 1634 970 sed
1656 950 1705 977 per
1720 941 1814 970 Jesum
1830 942 1909 970 Chri-

1105 987 1188 1017 stum,
1202 989 1229 1011 et
1248 985 1333 1012 Deum
1352 985 1473 1019 Patrem,
1495 994 1525 1014 se
1538 987 1689 1022 apostolum
1710 988 1826 1015 noverit.
1845 988 1909 1015 Sin—

1104 1030 1165 1065 gula
1186 1030 1267 1066 igitur
1282 1032 1316 1060 ab
1338 1032 1397 1068 ipso
1420 1033 1547 1068 Epistolas
1563 1034 1705 1067 vestibulo,
1731 1035 1908 1070 permittente

1104 1076 1219 1104 Domino
1234 1081 1260 1105 et
1281 1078 1426 1113 adjuvante
1440 1079 1558 1107 studium
1574 1084 1709 1114 nostrum,
1726 1081 1767 1108 sic
1781 1081 1907 1110 conside-

1104 1123 1190 1150 randa
1201 1127 1230 1150 et
1247 1125 1388 1152 tractanda
1403 1125 1581 1159 suscepimus.

1247 1168 1281 1196 IN
1301 1169 1414 1198 CAPUT
1430 1170 1566 1199 PRIMUM
1580 1171 1761 1200 EXEGESIS.

1143 1215 1246 1243 Paulus
1268 1216 1412 1251 apostolus.
1438 1217 1513 1251 Quod
1538 1225 1636 1245 nomen
1659 1226 1739 1246 suum
1767 1220 1906 1254 apostolus

1101 1261 1246 1295 Paulus'in
1260 1263 1386 1302 omnibus
1398 1270 1467 1298 pene
1481 1263 1610 1299 Epistolis
1623 1265 1755 1300 praeponit
1774 1266 1804 1293 in
1817 1267 1905 1300 titulo,

1100 1310 1250 1341 auctoritas
1269 1315 1321 1339 est.
1344 1311 1380 1339 Ut
1393 1312 1465 1339 enim
1487 1312 1594 1348 judices
1617 1313 1709 1340 saeculi
1736 1312 1831 1348 hujus,
1854 1322 1906 1349 quo

1101 1357 1250 1385 nobiliores
1261 1365 1322 1386 esse
1332 1358 1486 1392 videantur,
1497 1367 1531 1387 ex
1541 1360 1650 1395 regibus
1660 1360 1760 1395 quibus
1770 1361 1903 1395 serviunt,

1100 1407 1128 1431 et
1140 1411 1175 1431 ex
1196 1404 1336 1440 dignitate,
1351 1412 1403 1440 qua
1423 1406 1617 1439 intumescunt,
1632 1407 1764 1434 vocabula
1788 1408 1906 1436 sortiun-

1101 1455 1145 1478 tur
1158 1459 1165 1483 ;
1180 1451 1219 1479 ita
1232 1455 1260 1479 et
1272 1452 1417 1487 Apostolus
1430 1452 1559 1489 grandem
1579 1453 1650 1480 inter
1661 1453 1832 1482 Christianos
1853 1456 1903 1483 sibi

1099 1497 1241 1525 vindicans
1266 1498 1437 1534 dignitatem,
1461 1499 1614 1534 apostolum
1641 1507 1671 1528 se
1699 1499 1804 1528 Christi
1825 1501 1904 1529 titulo

1099 1544 1268 1578 praenotavit,
1292 1548 1324 1571 ut
1342 1551 1377 1572 ex
1400 1545 1460 1580 ipsa
1484 1545 1603 1572 lecturos
1618 1545 1736 1572 nominis
1754 1547 1903 1574 autoritate

1081 1610 1083 1625 ί
1101 1592 1226 1621 terreret,
1248 1588 1375 1623 judicans
1388 1597 1484 1617 omnes
1502 1590 1549 1625 qui
1573 1590 1600 1617 in
1620 1590 1730 1618 Christo
1745 1593 1900 1625 crederent,

1100 1634 1198 1663 debere
1222 1636 1271 1665 sibi
1294 1645 1353 1664 esse
1381 1637 1525 1671 subjectos.
1553 1638 1696 1673 Apostolus
1721 1644 1828 1673 autem,
1851 1642 1901 1669 hoc

1099 1686 1140 1708 est
1152 1682 1260 1715 missus,
1274 1681 1448 1711 Ilcbrazoruur
1464 1684 1572 1718 proprie
1583 1685 1746 1711 vocabulum
1762 1691 1818 1718 est,
1830 1687 1900 1721 quod

1100 1727 1170 1755 Silas
1185 1737 1291 1763 quoque
1306 1734 1384 1756 sonat
1399 1740 1404 1755 :
1429 1730 1471 1756 cui
1487 1738 1501 1756 a
1517 1731 1647 1758 mittendo
1665 1731 1786 1759 missove
1801 1740 1900 1769 nomen

1099 1773 1256 1809 impositum
1282 1780 1332 1803 est.
1358 1776 1441 1803 Aiunt
1465 1772 1672 1815 Hebraeihinter
1696 1777 1770 1814 ipsos
1792 1786 1900 1815 quoque

1098 1822 1244 1855 prophetas
1268 1826 1294 1848 et
1321 1828 1428 1850 sanctos
1456 1814 1527 1850 viros
1553 1814 1614 1851 esse
1640 1817 1785 1859 quosdam,
1811 1826 1900 1862 quiet

1098 1868 1237 1902 prophetze
1258 1873 1285 1896 et
1309 1869 1422 1904 apostoli
1448 1870 1523 1904 sint;
1547 1871 1614 1899 alios
1636 1880 1702 1900 vero
1725 1874 1773 1908 qui
1793 1878 1898 1902 tantum

1097 1915 1245 1949 propheta.
1260 1915 1383 1951 Denique
1398 1916 1508 1953 Moysen
1523 1918 1567 1945 cui
1581 1918 1700 1946 dicitur:
1725 1920 1758 1947 Et
1770 1929 1823 1956 ego
1836 1922 1897 1949 mit-

1098 1964 1153 1987 tam
1169 1965 1195 1988 te
1215 1962 1249 1989 ad
1262 1961 1430 1989 Pharaonem
1443 1971 1450 1996 ;
1465 1967 1492 1990 et
1506 1963 1563 1999 ipse
1584 1966 1747 2000 respondeat
1760 1976 1766 1993 :
1783 1966 1897 1996 Provide

1097 2005 1190 2038 alium,
1203 2014 1283 2041 quem
1298 2007 1390 2035 mittas
1404 2007 1503 2042 (Exod.
1518 2009 1570 2048 ιιι),
1591 2014 1619 2037 et
1631 2010 1737 2044 Isaiam,
1751 2013 1796 2040 cui
1812 2013 1896 2048 loqui-

1097 2055 1142 2078 tur
1155 2051 1249 2079 Dcus:
1272 2052 1357 2086 Quem
1379 2054 1496 2088 mittam,
1512 2043 1619 2090 etv'quis
1642 2057 1691 2084 ibit
1712 2058 1745 2085 ad
1768 2043 1896 2094 populum

1096 2096 1175 2124 istum
1189 2097 1424 2138 (Isa.vr)?esse‘et
1439 2101 1576 2136 apostolos
1599 2106 1625 2130 et
1645 2104 1799 2139 prophetas.
1819 2106 1897 2134 Unde

1094 2146 1122 2170 et
1137 2150 1186 2187 nos
1201 2151 1344 2193 possumus
1359 2144 1519 2182 intelligere,
1533 2146 1665 2186 Joannem
1680 2157 1788 2193 quoque
1800 2151 1895 2185 Bapti-

1094 2184 1164 2215 stam
1184 2192 1210 2216 et
1223 2184 1383 2226 prophetam
1398 2194 1425 2218 et
1449 2193 1599 2227 apostolum
1621 2184 1823 2230 appellanlIiim.
1842 2184 1894 2226 rSi-

1094 2234 1201 2270 quidem
1217 2235 1255 2262 ait
1273 2235 1414 2272 Scriptura
1428 2247 1434 2264 :
1451 2237 1516 2265 Fuit
1529 2240 1606 2267 homo
1625 2242 1721 2270 missus
1735 2252 1751 2269 α
1768 2238 1837 2277 Deo,
1853 2246 1894 2273 cui

1094 2289 1187 2309 nomen
1198 2287 1254 2309 erat
1269 2283 1385 2311 Joannes
1398 2283 1490 2322 (Joan.
1510 2285 1540 2321 ι).
1557 2286 1591 2314 Ει
1613 2287 1639 2314 in
1654 2287 1773 2323 Epistola
1789 2290 1825 2318 ad
1841 2291 1894 2319 He-

1095 2329 1182 2357 brmos
1197 2333 1340 2366 propterea
1356 2330 1468 2359 Paulum
1483 2333 1562 2360 solita
1577 2326 1772 2364 consuetudine
1785 2345 1838 2374 nec
1851 2347 1897 2367 n0-

1094 2381 1156 2402 mcn
1180 2380 1268 2418 suum,
1295 2384 1345 2404 nee
1366 2375 1488 2415 Apostoli
1513 2379 1675 2408 vocabulum
1698 2378 1895 2418 prchosuisse,

1095 2420 1157 2455 quia
1169 2419 1201 2448 de
1213 2414 1322 2450 Christo
1335 2428 1393 2450 erat
1407 2421 1528 2461 dicturus
1541 2434 1547 2452 :
1562 2414 1778 2465 llabentesverg-o
1791 2414 1895 2466 princi;

1094 2473 1155 2501 pem
1177 2467 1348 2495 sacerdotum
1371 2473 1398 2496 et
1418 2468 1569 2505 apostolum
1591 2473 1770 2503 confessionis
1791 2481 1894 2505 nostra:

1093 2510 1185 2539 Jesum
1198 2511 1290 2548 (Hebr.
1308 2513 1346 2550 tv)
1368 2523 1373 2540 :
1392 2522 1442 2543 nec
1454 2514 1538 2544 fuisse
1551 2525 1700 2553 congruum
1715 2524 1745 2553 ut
1762 2521 1806 2549 ubi
1817 2521 1892 2551 Chri-

1092 2557 1150 2585 stus
1163 2557 1302 2592 apostolus
1317 2558 1447 2588 dicendus
1461 2566 1530 2596 erat,
1555 2562 1591 2590 ibi
1606 2564 1688 2593 etiam
1713 2563 1813 2596 Paulus
1827 2576 1891 2605 apo-

1092 2604 1178 2632 stolus
1199 2609 1355 2640 poneretur.
1384 2607 1506 2641 Quatuor
1529 2613 1618 2643 autem
1633 2619 1733 2647 genera
1755 2604 1891 2650 apostolo-

1092 2657 1151 2678 rum
1168 2655 1249 2679 sunt:
1266 2661 1360 2686 unum,
1377 2653 1448 2689 quod
1463 2663 1551 2691 neque
1565 2655 1600 2684 ab
1614 2656 1780 2693 hominibus,
1801 2668 1891 2698 neque

1091 2704 1141 2731 per
1155 2697 1304 2732 hominem,
1330 2699 1376 2727 sed
1401 2708 1449 2736 per
1472 2699 1563 2729 Jesum
1589 2700 1730 2732 Christum
1753 2709 1780 2733 et
1803 2705 1889 2735 Deum

1090 2742 1197 2770 Patrem
1213 2753 1220 2777 ;
1238 2744 1321 2779 aliud,
1338 2746 1408 2781 quod
1421 2755 1435 2774 a
1450 2747 1504 2776 Deo
1518 2748 1626 2784 quidem
1640 2755 1693 2785 est,
1709 2746 1756 2780 sed
1774 2760 1825 2788 per
1843 2754 1890 2783 bo-

1091 2788 1191 2817 minem
1205 2798 1211 2823 ;
1238 2791 1359 2825 tertium,
1376 2793 1447 2827 quod
1468 2792 1502 2821 ab
1524 2793 1643 2831 homine,
1667 2802 1695 2825 et
1712 2806 1765 2826 non
1781 2806 1797 2825 a
1811 2798 1887 2834 Deo;

1090 2839 1228 2870 quartum,
1246 2836 1316 2871 quod
1338 2846 1425 2874 neque
1438 2848 1453 2867 a
1476 2839 1540 2873 Deo,
1553 2849 1642 2879 neque
1665 2851 1714 2879 per
1734 2844 1886 2881 hominem,

1090 2879 1137 2907 sed
1151 2888 1165 2908 a
1179 2883 1333 2918 semetipso.
1350 2882 1388 2913 De
1399 2884 1486 2921 primo
1500 2895 1604 2927 genere
1624 2887 1789 2928 potestlesse
1801 2879 1887 2921 Isaias

1089 2928 1118 2956 et
1139 2927 1230 2956 ceteri
1253 2929 1401 2966 prophetae,
1425 2936 1453 2961 et
1475 2931 1534 2973 ipse
1555 2936 1693 2972 apostolus
1711 2935 1822 2972 Paulus,
1837 2938 1888 2974 qui

1455 2983 1466 2994 ν
1483 2985 1485 2991 .
