  <div class='ocr_page' id='page_1' title='image "/cluster/home/n/w/nwhite01/storage/ocr_20150623/104/hvd.32044015466824/450.png"; bbox 0 0 4056 6350; ppageno 0'>
   <div class='ocr_carea' id='block_1_1' title="bbox 128 2085 1875 2161">
    <p class='ocr_par' dir='ltr' id='par_1_1' title="bbox 128 2085 1875 2161">
     <span class='ocr_line' id='line_1_1' title="bbox 128 2085 1875 2161; baseline -0.003 -14"><span class='ocrx_word' id='word_1_1' title='bbox 128 2085 143 2100; x_wconf 87' lang='grc'><em>’</em></span> <span class='ocrx_word' id='word_1_2' title='bbox 192 2138 213 2145; x_wconf 80' lang='lat'><strong>-</strong></span> <span class='ocrx_word' id='word_1_3' title='bbox 284 2090 495 2159; x_wconf 86' lang='lat' dir='ltr'><strong>labant,</strong></span> <span class='ocrx_word' id='word_1_4' title='bbox 528 2100 583 2149; x_wconf 89' lang='lat' dir='ltr'><strong>et</strong></span> <span class='ocrx_word' id='word_1_5' title='bbox 611 2092 795 2148; x_wconf 90' lang='lat' dir='ltr'><strong>nescio</strong></span> <span class='ocrx_word' id='word_1_6' title='bbox 823 2092 967 2148; x_wconf 91' lang='lat' dir='ltr'><strong>unde</strong></span> <span class='ocrx_word' id='word_1_7' title='bbox 1008 2092 1186 2148; x_wconf 90' lang='lat' dir='ltr'><strong>subito</strong></span> <span class='ocrx_word' id='word_1_8' title='bbox 1212 2090 1543 2161; x_wconf 81' lang='lat' dir='ltr'><strong>prorupisse,</strong></span> <span class='ocrx_word' id='word_1_9' title='bbox 1583 2087 1725 2147; x_wconf 85' lang='lat' dir='ltr'><strong>vela</strong></span> <span class='ocrx_word' id='word_1_10' title='bbox 1759 2102 1875 2143; x_wconf 89' lang='lat' dir='ltr'><strong>ma-</strong></span> 
     </span>
    </p>
   </div>
   <div class='ocr_carea' id='block_1_2' title="bbox 283 344 3537 489">
    <p class='ocr_par' dir='ltr' id='par_1_2' title="bbox 283 344 3537 489">
     <span class='ocr_line' id='line_1_2' title="bbox 283 344 3537 489; baseline -0.005 -24"><span class='ocrx_word' id='word_1_11' title='bbox 283 386 393 465; x_wconf 65' lang='lat' dir='ltr'><strong>sta</strong></span> <span class='ocrx_word' id='word_1_12' title='bbox 1208 374 1465 464; x_wconf 59' lang='lat' dir='ltr'><strong>animi.</strong></span> <span class='ocrx_word' id='word_1_13' title='bbox 1504 384 1575 461; x_wconf 76' lang='lat' dir='ltr'><strong>1N</strong></span> <span class='ocrx_word' id='word_1_14' title='bbox 1613 390 1831 460; x_wconf 84' lang='lat' dir='ltr'><strong>EPIST.</strong></span> <span class='ocrx_word' id='word_1_15' title='bbox 1872 396 1938 460; x_wconf 78' lang='grc' dir='ltr'><strong>ι).</strong></span> <span class='ocrx_word' id='word_1_16' title='bbox 1979 358 2699 489; x_wconf 42' lang='lat' dir='ltr'><strong>Numantianum</strong></span> <span class='ocrx_word' id='word_1_17' title='bbox 2804 460 2823 487; x_wconf 35' lang='lat'><strong>‘.</strong></span> <span class='ocrx_word' id='word_1_18' title='bbox 2936 458 3019 489; x_wconf 49' lang='grc' dir='ltr'><em>Μ</em></span> <span class='ocrx_word' id='word_1_19' title='bbox 3102 486 3105 489; x_wconf 14' lang='grc' dir='ltr'>ν</span> <span class='ocrx_word' id='word_1_20' title='bbox 3200 474 3203 479; x_wconf 26' lang='grc' dir='ltr'>ι</span> 
     </span>
    </p>
   </div>
   <div class='ocr_carea' id='block_1_3' title="bbox 254 498 3539 593">
    <p class='ocr_par' dir='ltr' id='par_1_3' title="bbox 254 498 3539 593">
     <span class='ocr_line' id='line_1_3' title="bbox 254 498 3539 593; baseline -0.005 -14"><span class='ocrx_word' id='word_1_21' title='bbox 254 517 262 523; x_wconf 77' lang='grc'><strong>’</strong></span> <span class='ocrx_word' id='word_1_22' title='bbox 282 532 467 593; x_wconf 87' lang='lat' dir='ltr'><strong>neque</strong></span> <span class='ocrx_word' id='word_1_23' title='bbox 496 498 565 574; x_wconf 82' lang='lat' dir='ltr'><strong>an</strong></span> <span class='ocrx_word' id='word_1_24' title='bbox 588 506 918 586; x_wconf 80' lang='lat' dir='ltr'><strong>hominibus,</strong></span> <span class='ocrx_word' id='word_1_25' title='bbox 947 531 1123 588; x_wconf 89' lang='lat' dir='ltr'><strong>neque</strong></span> <span class='ocrx_word' id='word_1_26' title='bbox 1142 506 1241 589; x_wconf 82' lang='lat' dir='ltr'><strong>per</strong></span> <span class='ocrx_word' id='word_1_27' title='bbox 1266 516 1559 579; x_wconf 89' lang='lat' dir='ltr'><strong>hominem,</strong></span> <span class='ocrx_word' id='word_1_28' title='bbox 1587 517 1681 572; x_wconf 89' lang='lat' dir='ltr'><strong>sed</strong></span> <span class='ocrx_word' id='word_1_29' title='bbox 1703 531 1734 570; x_wconf 89' lang='lat' dir='ltr'><strong>a</strong></span> <span class='ocrx_word' id='word_1_30' title='bbox 1754 514 1867 573; x_wconf 88' lang='lat' dir='ltr'><strong>Deo</strong></span> <span class='ocrx_word' id='word_1_31' title='bbox 1893 514 1945 577; x_wconf 82' lang='lat' dir='ltr'><strong>A</strong></span> <span class='ocrx_word' id='word_1_32' title='bbox 1971 514 2170 584; x_wconf 77' lang='lat' dir='ltr'><strong>signat.</strong></span> <span class='ocrx_word' id='word_1_33' title='bbox 2199 511 2381 568; x_wconf 85' lang='lat' dir='ltr'><strong>Facile</strong></span> <span class='ocrx_word' id='word_1_34' title='bbox 2399 511 2543 567; x_wconf 91' lang='lat' dir='ltr'><strong>enim</strong></span> <span class='ocrx_word' id='word_1_35' title='bbox 2563 513 2758 581; x_wconf 76' lang='lat' dir='ltr'><strong>poterit</strong></span> <span class='ocrx_word' id='word_1_36' title='bbox 2785 505 2909 579; x_wconf 82' lang='lat' dir='ltr'><strong>quis</strong></span> <span class='ocrx_word' id='word_1_37' title='bbox 2934 505 3230 579; x_wconf 74' lang='lat' dir='ltr'><strong>intelligere</strong></span> <span class='ocrx_word' id='word_1_38' title='bbox 3251 522 3439 577; x_wconf 81' lang='lat' dir='ltr'><strong>errare</strong></span> <span class='ocrx_word' id='word_1_39' title='bbox 3454 524 3539 579; x_wconf 76' lang='lat' dir='ltr'><strong>se,</strong></span> 
     </span>
    </p>
   </div>
   <div class='ocr_carea' id='block_1_4' title="bbox 284 599 3539 679">
    <p class='ocr_par' dir='ltr' id='par_1_4' title="bbox 284 599 3539 679">
     <span class='ocr_line' id='line_1_4' title="bbox 284 599 3539 679; baseline -0.004 -10"><span class='ocrx_word' id='word_1_40' title='bbox 284 602 451 669; x_wconf 82' lang='lat' dir='ltr'><strong>Patre</strong></span> <span class='ocrx_word' id='word_1_41' title='bbox 474 619 531 666; x_wconf 93' lang='lat' dir='ltr'><strong>et</strong></span> <span class='ocrx_word' id='word_1_42' title='bbox 550 608 999 667; x_wconf 78' lang='lat' dir='ltr'><strong>Christo-missus</strong></span> <span class='ocrx_word' id='word_1_43' title='bbox 1026 620 1127 667; x_wconf 89' lang='lat' dir='ltr'><strong>est.</strong></span> <span class='ocrx_word' id='word_1_44' title='bbox 1162 606 1239 665; x_wconf 89' lang='lat' dir='ltr'><strong>De</strong></span> <span class='ocrx_word' id='word_1_45' title='bbox 1267 608 1522 674; x_wconf 90' lang='lat' dir='ltr'><strong>secundo,</strong></span> <span class='ocrx_word' id='word_1_46' title='bbox 1544 605 1700 662; x_wconf 80' lang='lat' dir='ltr'><strong>Jesus</strong></span> <span class='ocrx_word' id='word_1_47' title='bbox 1723 606 1865 665; x_wconf 84' lang='lat' dir='ltr'><strong>ﬁlius</strong></span> <span class='ocrx_word' id='word_1_48' title='bbox 1965 607 2012 663; x_wconf 87' lang='lat' dir='ltr'><strong>si</strong></span> <span class='ocrx_word' id='word_1_49' title='bbox 2045 622 2104 662; x_wconf 88' lang='lat' dir='ltr'><strong>se</strong></span> <span class='ocrx_word' id='word_1_50' title='bbox 2142 622 2173 662; x_wconf 91' lang='lat' dir='ltr'><strong>a</strong></span> <span class='ocrx_word' id='word_1_51' title='bbox 2207 606 2392 662; x_wconf 91' lang='lat' dir='ltr'><strong>multis</strong></span> <span class='ocrx_word' id='word_1_52' title='bbox 2431 603 2610 661; x_wconf 87' lang='lat' dir='ltr'><strong>videat</strong></span> <span class='ocrx_word' id='word_1_53' title='bbox 2653 599 2995 679; x_wconf 63' lang='lat' dir='ltr'><strong>reprehendi,</strong></span> <span class='ocrx_word' id='word_1_54' title='bbox 3032 599 3184 667; x_wconf 83' lang='lat' dir='ltr'><strong>Quod</strong></span> <span class='ocrx_word' id='word_1_55' title='bbox 3220 608 3409 675; x_wconf 77' lang='lat' dir='ltr'><strong>autem</strong></span> <span class='ocrx_word' id='word_1_56' title='bbox 3440 601 3539 669; x_wconf 87' lang='lat' dir='ltr'><strong>ait,</strong></span> 
     </span>
    </p>
   </div>
   <div class='ocr_carea' id='block_1_5' title="bbox 286 688 3543 778">
    <p class='ocr_par' dir='ltr' id='par_1_5' title="bbox 286 688 3543 778">
     <span class='ocr_line' id='line_1_5' title="bbox 286 688 3543 778; baseline -0.005 -12"><span class='ocrx_word' id='word_1_57' title='bbox 286 710 459 776; x_wconf 83' lang='lat' dir='ltr'><strong>Nave,</strong></span> <span class='ocrx_word' id='word_1_58' title='bbox 490 706 580 778; x_wconf 82' lang='lat' dir='ltr'><strong>qui</strong></span> <span class='ocrx_word' id='word_1_59' title='bbox 611 723 641 761; x_wconf 87' lang='lat' dir='ltr'><strong>a</strong></span> <span class='ocrx_word' id='word_1_60' title='bbox 686 706 796 761; x_wconf 83' lang='lat' dir='ltr'><strong>Deo</strong></span> <span class='ocrx_word' id='word_1_61' title='bbox 824 705 1041 777; x_wconf 86' lang='lat' dir='ltr'><strong>quidem</strong></span> <span class='ocrx_word' id='word_1_62' title='bbox 1071 712 1155 760; x_wconf 91' lang='lat' dir='ltr'><strong>est</strong></span> <span class='ocrx_word' id='word_1_63' title='bbox 1201 688 1474 775; x_wconf 73' lang='lat' dir='ltr'><strong>apostolus</strong></span> <span class='ocrx_word' id='word_1_64' title='bbox 1520 701 1864 767; x_wconf 89' lang='lat' dir='ltr'><strong>constitutus,</strong></span> <span class='ocrx_word' id='word_1_65' title='bbox 1963 698 2216 757; x_wconf 83' lang='lat' dir='ltr'><strong>Ecclesiis</strong></span> <span class='ocrx_word' id='word_1_66' title='bbox 2246 696 2493 764; x_wconf 62' lang='lat' dir='ltr'><strong>Galatia,</strong></span> <span class='ocrx_word' id='word_1_67' title='bbox 2518 704 2575 752; x_wconf 90' lang='lat' dir='ltr'><strong>et</strong></span> <span class='ocrx_word' id='word_1_68' title='bbox 2598 696 2702 773; x_wconf 83' lang='lat' dir='ltr'><strong>hoc</strong></span> <span class='ocrx_word' id='word_1_69' title='bbox 2726 695 3038 769; x_wconf 77' lang='lat' dir='ltr'><strong>notandum,</strong></span> <span class='ocrx_word' id='word_1_70' title='bbox 3068 694 3193 764; x_wconf 82' lang='lat' dir='ltr'><strong>quia</strong></span> <span class='ocrx_word' id='word_1_71' title='bbox 3220 695 3306 751; x_wconf 82' lang='lat' dir='ltr'><strong>hic</strong></span> <span class='ocrx_word' id='word_1_72' title='bbox 3329 703 3543 752; x_wconf 81' lang='lat' dir='ltr'><strong>tantum</strong></span> 
     </span>
    </p>
   </div>
   <div class='ocr_carea' id='block_1_6' title="bbox 280 786 3542 875">
    <p class='ocr_par' dir='ltr' id='par_1_6' title="bbox 280 786 3542 875">
     <span class='ocr_line' id='line_1_6' title="bbox 280 786 3542 875; baseline -0.004 -17"><span class='ocrx_word' id='word_1_73' title='bbox 280 805 378 860; x_wconf 87' lang='lat' dir='ltr'><strong>sed</strong></span> <span class='ocrx_word' id='word_1_74' title='bbox 404 817 502 875; x_wconf 91' lang='lat' dir='ltr'><strong>per</strong></span> <span class='ocrx_word' id='word_1_75' title='bbox 525 798 799 855; x_wconf 86' lang='lat' dir='ltr'><strong>hominem</strong></span> <span class='ocrx_word' id='word_1_76' title='bbox 843 797 1083 871; x_wconf 82' lang='lat' dir='ltr'><strong>Moysen.</strong></span> <span class='ocrx_word' id='word_1_77' title='bbox 1135 796 1376 852; x_wconf 82' lang='lat' dir='ltr'><strong>Tertium</strong></span> <span class='ocrx_word' id='word_1_78' title='bbox 1414 810 1582 869; x_wconf 87' lang='lat' dir='ltr'><strong>genus</strong></span> <span class='ocrx_word' id='word_1_79' title='bbox 1610 802 1713 859; x_wconf 90' lang='lat' dir='ltr'><strong>est,</strong></span> <span class='ocrx_word' id='word_1_80' title='bbox 1744 808 1866 851; x_wconf 87' lang='lat' dir='ltr'><strong>cum</strong></span> <span class='ocrx_word' id='word_1_81' title='bbox 1965 791 2309 863; x_wconf 76' lang='lat' dir='ltr'><strong>generaliter,</strong></span> <span class='ocrx_word' id='word_1_82' title='bbox 2357 806 2465 853; x_wconf 84' lang='lat' dir='ltr'><strong>non</strong></span> <span class='ocrx_word' id='word_1_83' title='bbox 2512 788 2580 845; x_wconf 89' lang='lat' dir='ltr'><strong>ad</strong></span> <span class='ocrx_word' id='word_1_84' title='bbox 2628 803 2789 849; x_wconf 84' lang='lat' dir='ltr'><strong>unam</strong></span> <span class='ocrx_word' id='word_1_85' title='bbox 2836 786 3132 863; x_wconf 76' lang='lat' dir='ltr'><strong>Ecclesium</strong></span> <span class='ocrx_word' id='word_1_86' title='bbox 3161 787 3320 843; x_wconf 86' lang='lat' dir='ltr'><strong>unius</strong></span> <span class='ocrx_word' id='word_1_87' title='bbox 3365 790 3542 859; x_wconf 76' lang='lat' dir='ltr'><strong>urbis,</strong></span> 
     </span>
    </p>
   </div>
   <div class='ocr_carea' id='block_1_7' title="bbox 278 877 3546 975">
    <p class='ocr_par' dir='ltr' id='par_1_7' title="bbox 278 877 3546 975">
     <span class='ocr_line' id='line_1_7' title="bbox 278 877 3546 975; baseline -0.006 -24"><span class='ocrx_word' id='word_1_88' title='bbox 278 894 562 951; x_wconf 84' lang='lat' dir='ltr'><strong>hominum</strong></span> <span class='ocrx_word' id='word_1_89' title='bbox 594 891 778 946; x_wconf 80' lang='lat' dir='ltr'><strong>favore</strong></span> <span class='ocrx_word' id='word_1_90' title='bbox 806 899 861 947; x_wconf 92' lang='lat' dir='ltr'><strong>et</strong></span> <span class='ocrx_word' id='word_1_91' title='bbox 890 888 1067 946; x_wconf 91' lang='lat' dir='ltr'><strong>studio</strong></span> <span class='ocrx_word' id='word_1_92' title='bbox 1100 888 1294 975; x_wconf 81' lang='lat' dir='ltr'><strong>aliquis</strong></span> <span class='ocrx_word' id='word_1_93' title='bbox 1318 888 1617 965; x_wconf 72' lang='lat' dir='ltr'><strong>ordinatur,</strong></span> <span class='ocrx_word' id='word_1_94' title='bbox 1643 893 1703 941; x_wconf 87' lang='lat' dir='ltr'><strong>ut</strong></span> <span class='ocrx_word' id='word_1_95' title='bbox 1724 898 1869 943; x_wconf 87' lang='lat' dir='ltr'><strong>nunc</strong></span> <span class='ocrx_word' id='word_1_96' title='bbox 1966 884 2061 941; x_wconf 88' lang='lat' dir='ltr'><strong>sed</strong></span> <span class='ocrx_word' id='word_1_97' title='bbox 2085 880 2152 937; x_wconf 88' lang='lat' dir='ltr'><strong>ad</strong></span> <span class='ocrx_word' id='word_1_98' title='bbox 2189 882 2354 961; x_wconf 81' lang='lat' dir='ltr'><strong>totius</strong></span> <span class='ocrx_word' id='word_1_99' title='bbox 2382 880 2673 951; x_wconf 69' lang='lat' dir='ltr'><strong>provincia:</strong></span> <span class='ocrx_word' id='word_1_100' title='bbox 2716 879 2984 935; x_wconf 84' lang='lat' dir='ltr'><strong>scribebat</strong></span> <span class='ocrx_word' id='word_1_101' title='bbox 3012 877 3306 935; x_wconf 86' lang='lat' dir='ltr'><strong>Ecclesias.</strong></span> <span class='ocrx_word' id='word_1_102' title='bbox 3350 878 3417 935; x_wconf 87' lang='lat' dir='ltr'><strong>Et</strong></span> <span class='ocrx_word' id='word_1_103' title='bbox 3440 879 3546 935; x_wconf 86' lang='lat' dir='ltr'><strong>Ec-</strong></span> 
     </span>
    </p>
   </div>
   <div class='ocr_carea' id='block_1_8' title="bbox 278 972 3543 1056">
    <p class='ocr_par' dir='ltr' id='par_1_8' title="bbox 278 972 3543 1056">
     <span class='ocr_line' id='line_1_8' title="bbox 278 972 3543 1056; baseline -0.003 -15"><span class='ocrx_word' id='word_1_104' title='bbox 278 987 530 1041; x_wconf 91' lang='lat' dir='ltr'><strong>videmus</strong></span> <span class='ocrx_word' id='word_1_105' title='bbox 556 976 817 1056; x_wconf 90' lang='lat' dir='ltr'><strong>plurimos</strong></span> <span class='ocrx_word' id='word_1_106' title='bbox 846 1000 953 1041; x_wconf 90' lang='lat' dir='ltr'><strong>non</strong></span> <span class='ocrx_word' id='word_1_107' title='bbox 985 983 1081 1039; x_wconf 92' lang='lat' dir='ltr'><strong>Dei</strong></span> <span class='ocrx_word' id='word_1_108' title='bbox 1100 972 1329 1053; x_wconf 79' lang='lat' dir='ltr'><strong>judicio.</strong></span> <span class='ocrx_word' id='word_1_109' title='bbox 1372 980 1468 1037; x_wconf 91' lang='lat' dir='ltr'><strong>sed</strong></span> <span class='ocrx_word' id='word_1_110' title='bbox 1494 980 1769 1051; x_wconf 78' lang='lat' dir='ltr'><strong>redempto</strong></span> <span class='ocrx_word' id='word_1_111' title='bbox 1791 977 1870 1053; x_wconf 53' lang='lat' dir='ltr'><strong>fa;-</strong></span> <span class='ocrx_word' id='word_1_112' title='bbox 1968 975 2162 1039; x_wconf 86' lang='lat' dir='ltr'><strong>clesias</strong></span> <span class='ocrx_word' id='word_1_113' title='bbox 2188 982 2364 1041; x_wconf 90' lang='lat' dir='ltr'><strong>vocat,</strong></span> <span class='ocrx_word' id='word_1_114' title='bbox 2410 988 2544 1045; x_wconf 88' lang='lat' dir='ltr'><strong>quas</strong></span> <span class='ocrx_word' id='word_1_115' title='bbox 2572 981 2759 1056; x_wconf 78' lang='lat' dir='ltr'><strong>postea</strong></span> <span class='ocrx_word' id='word_1_116' title='bbox 2784 988 2970 1045; x_wconf 85' lang='lat' dir='ltr'><strong>errore</strong></span> <span class='ocrx_word' id='word_1_117' title='bbox 2995 972 3173 1045; x_wconf 90' lang='lat' dir='ltr'><strong>arguit</strong></span> <span class='ocrx_word' id='word_1_118' title='bbox 3202 973 3543 1043; x_wconf 82' lang='lat' dir='ltr'><strong>depravatas.</strong></span> 
     </span>
    </p>
   </div>
   <div class='ocr_carea' id='block_1_9' title="bbox 277 1054 3544 1150">
    <p class='ocr_par' dir='ltr' id='par_1_9' title="bbox 277 1054 3544 1150">
     <span class='ocr_line' id='line_1_9' title="bbox 277 1054 3544 1150; baseline -0.004 -15"><span class='ocrx_word' id='word_1_119' title='bbox 277 1095 412 1136; x_wconf 89' lang='lat' dir='ltr'><strong>vore</strong></span> <span class='ocrx_word' id='word_1_120' title='bbox 439 1054 604 1150; x_wconf 81' lang='lat' dir='ltr'><strong>vulgi,</strong></span> <span class='ocrx_word' id='word_1_121' title='bbox 638 1078 692 1133; x_wconf 93' lang='lat' dir='ltr'><strong>in</strong></span> <span class='ocrx_word' id='word_1_122' title='bbox 743 1078 1107 1135; x_wconf 86' lang='lat' dir='ltr'><strong>sacerdotium</strong></span> <span class='ocrx_word' id='word_1_123' title='bbox 1158 1075 1455 1147; x_wconf 83' lang='lat' dir='ltr'><strong>subrogati.</strong></span> <span class='ocrx_word' id='word_1_124' title='bbox 1500 1072 1761 1141; x_wconf 89' lang='lat' dir='ltr'><strong>Quartum</strong></span> <span class='ocrx_word' id='word_1_125' title='bbox 1785 1078 1869 1139; x_wconf 89' lang='lat' dir='ltr'><strong>est</strong></span> <span class='ocrx_word' id='word_1_126' title='bbox 1967 1066 2049 1121; x_wconf 78' lang='lat' dir='ltr'><strong>Ex</strong></span> <span class='ocrx_word' id='word_1_127' title='bbox 2080 1081 2187 1137; x_wconf 91' lang='lat' dir='ltr'><strong>quo</strong></span> <span class='ocrx_word' id='word_1_128' title='bbox 2210 1066 2540 1121; x_wconf 87' lang='lat' dir='ltr'><strong>noscendum</strong></span> <span class='ocrx_word' id='word_1_129' title='bbox 2583 1054 2870 1134; x_wconf 84' lang='lat' dir='ltr'><strong>dupliciter</strong></span> <span class='ocrx_word' id='word_1_130' title='bbox 2894 1064 3189 1119; x_wconf 89' lang='lat' dir='ltr'><strong>Ecclesiam</strong></span> <span class='ocrx_word' id='word_1_131' title='bbox 3234 1080 3393 1136; x_wconf 88' lang='lat' dir='ltr'><strong>posse</strong></span> <span class='ocrx_word' id='word_1_132' title='bbox 3412 1064 3544 1137; x_wconf 87' lang='lat' dir='ltr'><strong>dici,</strong></span> 
     </span>
    </p>
   </div>
   <div class='ocr_carea' id='block_1_10' title="bbox 281 1160 3542 1244">
    <p class='ocr_par' dir='ltr' id='par_1_10' title="bbox 281 1160 3542 1244">
     <span class='ocr_line' id='line_1_10' title="bbox 281 1160 3542 1244; baseline -0.004 -17"><span class='ocrx_word' id='word_1_133' title='bbox 281 1172 874 1244; x_wconf 85' lang='lat' dir='ltr'><strong>pseudoprophetarum</strong></span> <span class='ocrx_word' id='word_1_134' title='bbox 924 1177 979 1224; x_wconf 92' lang='lat' dir='ltr'><strong>et</strong></span> <span class='ocrx_word' id='word_1_135' title='bbox 1026 1166 1615 1239; x_wconf 88' lang='lat' dir='ltr'><strong>pseudoapostolorum,</strong></span> <span class='ocrx_word' id='word_1_136' title='bbox 1657 1165 1724 1219; x_wconf 92' lang='lat' dir='ltr'><strong>de</strong></span> <span class='ocrx_word' id='word_1_137' title='bbox 1752 1161 1870 1239; x_wconf 45' lang='lat' dir='ltr'><strong>qui:</strong></span> <span class='ocrx_word' id='word_1_138' title='bbox 1966 1171 2025 1219; x_wconf 89' lang='lat' dir='ltr'><strong>et</strong></span> <span class='ocrx_word' id='word_1_139' title='bbox 2050 1178 2170 1227; x_wconf 85' lang='lat' dir='ltr'><strong>eam</strong></span> <span class='ocrx_word' id='word_1_140' title='bbox 2215 1177 2357 1237; x_wconf 33' lang='lat' dir='ltr'><strong>quae.</strong></span> <span class='ocrx_word' id='word_1_141' title='bbox 2385 1176 2492 1225; x_wconf 86' lang='lat' dir='ltr'><strong>non</strong></span> <span class='ocrx_word' id='word_1_142' title='bbox 2530 1160 2752 1231; x_wconf 65' lang='lat' dir='ltr'><strong>habeat</strong></span> <span class='ocrx_word' id='word_1_143' title='bbox 2793 1160 3056 1243; x_wconf 85' lang='lat' dir='ltr'><strong>maculam</strong></span> <span class='ocrx_word' id='word_1_144' title='bbox 3107 1168 3217 1215; x_wconf 85' lang='lat' dir='ltr'><strong>aut</strong></span> <span class='ocrx_word' id='word_1_145' title='bbox 3244 1176 3455 1226; x_wconf 70' lang='lat' dir='ltr'><strong>rugam,</strong></span> <span class='ocrx_word' id='word_1_146' title='bbox 3484 1167 3542 1216; x_wconf 92' lang='lat' dir='ltr'><strong>et</strong></span> 
     </span>
    </p>
   </div>
   <div class='ocr_carea' id='block_1_11' title="bbox 280 1250 3548 1332">
    <p class='ocr_par' dir='ltr' id='par_1_11' title="bbox 280 1250 3548 1332">
     <span class='ocr_line' id='line_1_11' title="bbox 280 1250 3548 1332; baseline -0.002 -15"><span class='ocrx_word' id='word_1_147' title='bbox 280 1262 387 1317; x_wconf 91' lang='lat' dir='ltr'><strong>bus</strong></span> <span class='ocrx_word' id='word_1_148' title='bbox 433 1258 742 1332; x_wconf 85' lang='lat' dir='ltr'><strong>Apostolus,</strong></span> <span class='ocrx_word' id='word_1_149' title='bbox 790 1257 1111 1324; x_wconf 81' lang='lat' dir='ltr'><strong>istiusmodi,</strong></span> <span class='ocrx_word' id='word_1_150' title='bbox 1183 1256 1376 1328; x_wconf 91' lang='lat' dir='ltr'><strong>inquit,</strong></span> <span class='ocrx_word' id='word_1_151' title='bbox 1422 1251 1867 1329; x_wconf 81' lang='lat' dir='ltr'><strong>pseudoapostoli,</strong></span> <span class='ocrx_word' id='word_1_152' title='bbox 1967 1266 2094 1323; x_wconf 81' lang='lat' dir='ltr'><strong>vere</strong></span> <span class='ocrx_word' id='word_1_153' title='bbox 2120 1267 2316 1323; x_wconf 88' lang='lat' dir='ltr'><strong>corpus</strong></span> <span class='ocrx_word' id='word_1_154' title='bbox 2343 1250 2546 1323; x_wconf 75' lang='lat' dir='ltr'><strong>Christi</strong></span> <span class='ocrx_word' id='word_1_155' title='bbox 2592 1251 2703 1323; x_wconf 71' lang='lat' dir='ltr'><strong>sit;</strong></span> <span class='ocrx_word' id='word_1_156' title='bbox 2748 1258 2804 1306; x_wconf 91' lang='lat' dir='ltr'><strong>et</strong></span> <span class='ocrx_word' id='word_1_157' title='bbox 2829 1267 2951 1307; x_wconf 89' lang='lat' dir='ltr'><strong>eam</strong></span> <span class='ocrx_word' id='word_1_158' title='bbox 2976 1266 3095 1321; x_wconf 66' lang='lat' dir='ltr'><strong>quae</strong></span> <span class='ocrx_word' id='word_1_159' title='bbox 3123 1252 3179 1306; x_wconf 88' lang='lat' dir='ltr'><strong>in</strong></span> <span class='ocrx_word' id='word_1_160' title='bbox 3209 1250 3413 1311; x_wconf 82' lang='lat' dir='ltr'><strong>Christi</strong></span> <span class='ocrx_word' id='word_1_161' title='bbox 3448 1268 3548 1309; x_wconf 87' lang='lat' dir='ltr'><strong>no-</strong></span> 
     </span>
    </p>
   </div>
   <div class='ocr_carea' id='block_1_12' title="bbox 281 1342 3548 1429">
    <p class='ocr_par' dir='ltr' id='par_1_12' title="bbox 281 1342 3548 1429">
     <span class='ocr_line' id='line_1_12' title="bbox 281 1342 3548 1429; baseline -0.002 -21"><span class='ocrx_word' id='word_1_162' title='bbox 281 1354 516 1425; x_wconf 88' lang='lat' dir='ltr'><strong>operarii</strong></span> <span class='ocrx_word' id='word_1_163' title='bbox 561 1350 872 1423; x_wconf 78' lang='lat' dir='ltr'><strong>iniquitatis,</strong></span> <span class='ocrx_word' id='word_1_164' title='bbox 923 1348 1356 1419; x_wconf 78' lang='lat' dir='ltr'><strong>transﬁgurantes</strong></span> <span class='ocrx_word' id='word_1_165' title='bbox 1405 1364 1479 1429; x_wconf 72' lang='lat' dir='ltr'><strong>se</strong></span> <span class='ocrx_word' id='word_1_166' title='bbox 1505 1347 1562 1409; x_wconf 79' lang='lat' dir='ltr'><strong>in</strong></span> <span class='ocrx_word' id='word_1_167' title='bbox 1596 1342 1870 1429; x_wconf 52' lang='lat' dir='ltr'><strong>apostolos</strong></span> <span class='ocrx_word' id='word_1_168' title='bbox 1967 1345 2134 1410; x_wconf 69' lang='lat' dir='ltr'><strong>mine.</strong></span> <span class='ocrx_word' id='word_1_169' title='bbox 2147 1346 2350 1417; x_wconf 85' lang='lat' dir='ltr'><strong>absque</strong></span> <span class='ocrx_word' id='word_1_170' title='bbox 2390 1344 2564 1417; x_wconf 85' lang='lat' dir='ltr'><strong>plenis</strong></span> <span class='ocrx_word' id='word_1_171' title='bbox 2596 1342 2960 1416; x_wconf 76' lang='lat' dir='ltr'><strong>perfectisque</strong></span> <span class='ocrx_word' id='word_1_172' title='bbox 2983 1345 3272 1402; x_wconf 81' lang='lat' dir='ltr'><strong>virtutibus</strong></span> <span class='ocrx_word' id='word_1_173' title='bbox 3319 1361 3548 1419; x_wconf 79' lang='lat' dir='ltr'><strong>congre-</strong></span> 
     </span>
    </p>
   </div>
   <div class='ocr_carea' id='block_1_13' title="bbox 281 1424 3547 1517">
    <p class='ocr_par' dir='ltr' id='par_1_13' title="bbox 281 1424 3547 1517">
     <span class='ocr_line' id='line_1_13' title="bbox 281 1424 3547 1517; baseline -0.004 -15"><span class='ocrx_word' id='word_1_174' title='bbox 281 1446 481 1502; x_wconf 81' lang='lat' dir='ltr'><strong>Christi</strong></span> <span class='ocrx_word' id='word_1_175' title='bbox 524 1440 609 1517; x_wconf 83' lang='lat' dir='ltr'><strong>(II</strong></span> <span class='ocrx_word' id='word_1_176' title='bbox 636 1440 760 1499; x_wconf 86' lang='lat' dir='ltr'><strong>Cor.</strong></span> <span class='ocrx_word' id='word_1_177' title='bbox 786 1441 886 1514; x_wconf 69' lang='grc' dir='ltr'><strong>χι),</strong></span> <span class='ocrx_word' id='word_1_178' title='bbox 917 1440 1006 1514; x_wconf 90' lang='lat' dir='ltr'><strong>qui</strong></span> <span class='ocrx_word' id='word_1_179' title='bbox 1040 1440 1245 1506; x_wconf 90' lang='lat' dir='ltr'><strong>dicunt,</strong></span> <span class='ocrx_word' id='word_1_180' title='bbox 1276 1436 1404 1496; x_wconf 80' lang='lat' dir='ltr'><strong>llaec</strong></span> <span class='ocrx_word' id='word_1_181' title='bbox 1430 1424 1561 1495; x_wconf 86' lang='lat' dir='ltr'><strong>dicit</strong></span> <span class='ocrx_word' id='word_1_182' title='bbox 1588 1424 1867 1505; x_wconf 78' lang='lat' dir='ltr'><strong>Dominus,</strong></span> <span class='ocrx_word' id='word_1_183' title='bbox 1969 1443 2144 1507; x_wconf 81' lang='lat' dir='ltr'><strong>getur.</strong></span> <span class='ocrx_word' id='word_1_184' title='bbox 2573 1503 2576 1506; x_wconf 24' lang='grc'>,</span> <span class='ocrx_word' id='word_1_185' title='bbox 2742 1500 2747 1501; x_wconf 18' lang='grc' dir='ltr'>ί</span> <span class='ocrx_word' id='word_1_186' title='bbox 2870 1492 2875 1501; x_wconf 81' lang='lat'><em>_</em></span> <span class='ocrx_word' id='word_1_187' title='bbox 3000 1486 3003 1493; x_wconf 77' lang='lat'><strong>,</strong></span> <span class='ocrx_word' id='word_1_188' title='bbox 3272 1482 3277 1485; x_wconf 96' lang='lat'><strong>.</strong></span> <span class='ocrx_word' id='word_1_189' title='bbox 3440 1482 3443 1489; x_wconf 90' lang='lat'><strong>.</strong></span> <span class='ocrx_word' id='word_1_190' title='bbox 3476 1488 3479 1493; x_wconf 80' lang='grc'><em>,</em></span> <span class='ocrx_word' id='word_1_191' title='bbox 3542 1484 3547 1489; x_wconf 83' lang='lat'><strong>.</strong></span> 
     </span>
    </p>
   </div>
   <div class='ocr_carea' id='block_1_14' title="bbox 280 1524 3553 1603">
    <p class='ocr_par' dir='ltr' id='par_1_14' title="bbox 280 1524 3553 1603">
     <span class='ocr_line' id='line_1_14' title="bbox 280 1524 3553 1603; baseline -0.002 -8"><span class='ocrx_word' id='word_1_192' title='bbox 280 1547 340 1595; x_wconf 91' lang='lat' dir='ltr'><strong>et</strong></span> <span class='ocrx_word' id='word_1_193' title='bbox 367 1537 627 1594; x_wconf 87' lang='lat' dir='ltr'><strong>Dominus</strong></span> <span class='ocrx_word' id='word_1_194' title='bbox 664 1552 771 1591; x_wconf 88' lang='lat' dir='ltr'><strong>non</strong></span> <span class='ocrx_word' id='word_1_195' title='bbox 799 1532 946 1590; x_wconf 83' lang='lat' dir='ltr'><strong>misit</strong></span> <span class='ocrx_word' id='word_1_196' title='bbox 973 1549 1086 1590; x_wconf 89' lang='lat' dir='ltr'><strong>eos.</strong></span> <span class='ocrx_word' id='word_1_197' title='bbox 1654 1598 1657 1603; x_wconf 0' lang='lat' dir='ltr'><strong>Q</strong></span> <span class='ocrx_word' id='word_1_198' title='bbox 2041 1524 2227 1583; x_wconf 83' lang='lat' dir='ltr'><strong>Gratia</strong></span> <span class='ocrx_word' id='word_1_199' title='bbox 2252 1526 2398 1601; x_wconf 68' lang='lat' dir='ltr'><strong>vobis</strong></span> <span class='ocrx_word' id='word_1_200' title='bbox 2439 1536 2488 1581; x_wconf 85' lang='lat' dir='ltr'><strong>et</strong></span> <span class='ocrx_word' id='word_1_201' title='bbox 2520 1544 2627 1599; x_wconf 69' lang='lat' dir='ltr'><strong>pax</strong></span> <span class='ocrx_word' id='word_1_202' title='bbox 2652 1545 2686 1582; x_wconf 83' lang='grc' dir='ltr'><em>α</em></span> <span class='ocrx_word' id='word_1_203' title='bbox 2720 1526 2831 1591; x_wconf 77' lang='lat' dir='ltr'><strong>Deo</strong></span> <span class='ocrx_word' id='word_1_204' title='bbox 2857 1524 3043 1595; x_wconf 69' lang='lat' dir='ltr'><strong>Patre,</strong></span> <span class='ocrx_word' id='word_1_205' title='bbox 3087 1535 3138 1581; x_wconf 85' lang='lat' dir='ltr'><strong>et</strong></span> <span class='ocrx_word' id='word_1_206' title='bbox 3169 1526 3392 1585; x_wconf 74' lang='lat' dir='ltr'><strong>Domino</strong></span> <span class='ocrx_word' id='word_1_207' title='bbox 3419 1528 3553 1589; x_wconf 70' lang='lat' dir='ltr'><strong>lout</strong></span> 
     </span>
    </p>
   </div>
   <div class='ocr_carea' id='block_1_15' title="bbox 360 1612 3555 1701">
    <p class='ocr_par' dir='ltr' id='par_1_15' title="bbox 360 1612 3555 1701">
     <span class='ocr_line' id='line_1_15' title="bbox 360 1612 3555 1701; baseline -0.003 -17"><span class='ocrx_word' id='word_1_208' title='bbox 360 1627 487 1684; x_wconf 81' lang='lat' dir='ltr'><strong>Non</strong></span> <span class='ocrx_word' id='word_1_209' title='bbox 515 1612 579 1683; x_wconf 73' lang='lat' dir='ltr'><strong>ab</strong></span> <span class='ocrx_word' id='word_1_210' title='bbox 626 1626 941 1688; x_wconf 83' lang='lat' dir='ltr'><strong>hominibus,</strong></span> <span class='ocrx_word' id='word_1_211' title='bbox 997 1642 1159 1697; x_wconf 85' lang='lat' dir='ltr'><strong>neque</strong></span> <span class='ocrx_word' id='word_1_212' title='bbox 1187 1640 1280 1696; x_wconf 86' lang='lat' dir='ltr'><strong>per</strong></span> <span class='ocrx_word' id='word_1_213' title='bbox 1320 1620 1605 1678; x_wconf 82' lang='lat' dir='ltr'><strong>hominem.</strong></span> <span class='ocrx_word' id='word_1_214' title='bbox 1635 1619 1755 1685; x_wconf 82' lang='lat' dir='ltr'><strong>Non</strong></span> <span class='ocrx_word' id='word_1_215' title='bbox 1780 1634 1870 1701; x_wconf 43' lang='lat' dir='ltr'><strong>su;-</strong></span> <span class='ocrx_word' id='word_1_216' title='bbox 1971 1615 2201 1695; x_wconf 68' lang='lat' dir='ltr'><strong>Christo.</strong></span> <span class='ocrx_word' id='word_1_217' title='bbox 2237 1616 2422 1679; x_wconf 84' lang='lat' dir='ltr'><strong>Gratia</strong></span> <span class='ocrx_word' id='word_1_218' title='bbox 2453 1615 2549 1687; x_wconf 83' lang='lat' dir='ltr'><strong>Dei</strong></span> <span class='ocrx_word' id='word_1_219' title='bbox 2577 1624 2678 1682; x_wconf 85' lang='lat' dir='ltr'><strong>est,</strong></span> <span class='ocrx_word' id='word_1_220' title='bbox 2699 1631 2805 1689; x_wconf 74' lang='lat' dir='ltr'><strong>qua</strong></span> <span class='ocrx_word' id='word_1_221' title='bbox 2839 1614 3555 1688; x_wconf 71' lang='lat' dir='ltr'><strong>nobis,donantur.peocata,</strong></span> 
     </span>
    </p>
   </div>
   <div class='ocr_carea' id='block_1_16' title="bbox 280 1704 3557 1793">
    <p class='ocr_par' dir='ltr' id='par_1_16' title="bbox 280 1704 3557 1793">
     <span class='ocr_line' id='line_1_16' title="bbox 280 1704 3557 1793; baseline -0.003 -18"><span class='ocrx_word' id='word_1_222' title='bbox 280 1721 470 1793; x_wconf 88' lang='lat' dir='ltr'><strong>perbe,</strong></span> <span class='ocrx_word' id='word_1_223' title='bbox 501 1728 563 1775; x_wconf 90' lang='lat' dir='ltr'><strong>ut</strong></span> <span class='ocrx_word' id='word_1_224' title='bbox 588 1717 805 1790; x_wconf 88' lang='lat' dir='ltr'><strong>quidam</strong></span> <span class='ocrx_word' id='word_1_225' title='bbox 848 1704 1059 1787; x_wconf 86' lang='lat' dir='ltr'><strong>putant,</strong></span> <span class='ocrx_word' id='word_1_226' title='bbox 1088 1714 1183 1773; x_wconf 92' lang='lat' dir='ltr'><strong>sed</strong></span> <span class='ocrx_word' id='word_1_227' title='bbox 1228 1714 1554 1791; x_wconf 68' lang='lat' dir='ltr'><strong>necessarie,</strong></span> <span class='ocrx_word' id='word_1_228' title='bbox 1602 1725 1777 1793; x_wconf 84' lang='lat' dir='ltr'><strong>neque</strong></span> <span class='ocrx_word' id='word_1_229' title='bbox 1803 1708 1872 1769; x_wconf 83' lang='lat' dir='ltr'><strong>ab</strong></span> <span class='ocrx_word' id='word_1_230' title='bbox 1971 1719 2038 1785; x_wconf 84' lang='lat' dir='ltr'><strong>ut</strong></span> <span class='ocrx_word' id='word_1_231' title='bbox 2056 1707 2473 1781; x_wconf 75' lang='lat' dir='ltr'><strong>reconciliemur</strong></span> <span class='ocrx_word' id='word_1_232' title='bbox 2522 1706 2654 1771; x_wconf 86' lang='lat' dir='ltr'><strong>Deo.</strong></span> <span class='ocrx_word' id='word_1_233' title='bbox 2704 1706 2819 1783; x_wconf 71' lang='lat' dir='ltr'><strong>Pax</strong></span> <span class='ocrx_word' id='word_1_234' title='bbox 2860 1715 3067 1775; x_wconf 76' lang='lat' dir='ltr'><strong>autem,</strong></span> <span class='ocrx_word' id='word_1_235' title='bbox 3103 1723 3208 1777; x_wconf 83' lang='lat' dir='ltr'><strong>qua</strong></span> <span class='ocrx_word' id='word_1_236' title='bbox 3235 1709 3557 1785; x_wconf 75' lang='lat' dir='ltr'><strong>reconcilia-</strong></span> 
     </span>
    </p>
   </div>
   <div class='ocr_carea' id='block_1_17' title="bbox 282 1790 3562 1889">
    <p class='ocr_par' dir='ltr' id='par_1_17' title="bbox 282 1790 3562 1889">
     <span class='ocr_line' id='line_1_17' title="bbox 282 1790 3562 1889; baseline -0.005 -16"><span class='ocrx_word' id='word_1_237' title='bbox 282 1790 617 1880; x_wconf 81' lang='lat' dir='ltr'><strong>hominibus,</strong></span> <span class='ocrx_word' id='word_1_238' title='bbox 649 1826 822 1883; x_wconf 88' lang='lat' dir='ltr'><strong>neque</strong></span> <span class='ocrx_word' id='word_1_239' title='bbox 865 1826 964 1887; x_wconf 90' lang='lat' dir='ltr'><strong>per</strong></span> <span class='ocrx_word' id='word_1_240' title='bbox 991 1809 1287 1875; x_wconf 86' lang='lat' dir='ltr'><strong>hominem,</strong></span> <span class='ocrx_word' id='word_1_241' title='bbox 1328 1822 1386 1864; x_wconf 89' lang='lat' dir='ltr'><strong>se</strong></span> <span class='ocrx_word' id='word_1_242' title='bbox 1412 1790 1723 1889; x_wconf 29' lang='lat' dir='ltr'><strong>apostolum.</strong></span> <span class='ocrx_word' id='word_1_243' title='bbox 1749 1816 1872 1875; x_wconf 82' lang='lat' dir='ltr'><strong>esse</strong></span> <span class='ocrx_word' id='word_1_244' title='bbox 1900 1832 1943 1889; x_wconf 39' lang='lat' dir='ltr'><strong>Et</strong></span> <span class='ocrx_word' id='word_1_245' title='bbox 1972 1816 2094 1881; x_wconf 83' lang='lat' dir='ltr'><strong>mur</strong></span> <span class='ocrx_word' id='word_1_246' title='bbox 2122 1801 2255 1871; x_wconf 68' lang='lat' dir='ltr'><strong>Deo,</strong></span> <span class='ocrx_word' id='word_1_247' title='bbox 2283 1814 2391 1855; x_wconf 89' lang='lat' dir='ltr'><strong>non</strong></span> <span class='ocrx_word' id='word_1_248' title='bbox 2418 1798 2571 1875; x_wconf 75' lang='lat' dir='ltr'><strong>utin</strong></span> <span class='ocrx_word' id='word_1_249' title='bbox 2619 1799 2828 1873; x_wconf 64' lang='lat' dir='ltr'><strong>ueteris</strong></span> <span class='ocrx_word' id='word_1_250' title='bbox 2852 1797 3118 1870; x_wconf 86' lang='lat' dir='ltr'><strong>epistolis,</strong></span> <span class='ocrx_word' id='word_1_251' title='bbox 3157 1798 3254 1855; x_wconf 90' lang='lat' dir='ltr'><strong>Dei</strong></span> <span class='ocrx_word' id='word_1_252' title='bbox 3297 1799 3475 1856; x_wconf 84' lang='lat' dir='ltr'><strong>Patris</strong></span> <span class='ocrx_word' id='word_1_253' title='bbox 3502 1807 3562 1857; x_wconf 83' lang='lat' dir='ltr'><strong>et</strong></span> 
     </span>
    </p>
   </div>
   <div class='ocr_carea' id='block_1_18' title="bbox 282 1846 3559 1983">
    <p class='ocr_par' dir='ltr' id='par_1_18' title="bbox 282 1846 3559 1983">
     <span class='ocr_line' id='line_1_18' title="bbox 282 1846 3559 1883; baseline -0.005 -12"><span class='ocrx_word' id='word_1_254' title='bbox 282 1846 617 1880; x_wconf 71' lang='lat' dir='ltr'><strong>uuuuluuua,</strong></span> <span class='ocrx_word' id='word_1_255' title='bbox 649 1846 822 1883; x_wconf 57' lang='lat' dir='ltr'><strong>In.un</strong></span> <span class='ocrx_word' id='word_1_256' title='bbox 904 1846 955 1866; x_wconf 66' lang='lat' dir='ltr'><strong>ut</strong></span> <span class='ocrx_word' id='word_1_257' title='bbox 992 1846 1287 1875; x_wconf 74' lang='grc' dir='ltr'><strong>υνιιιιιιυμι,</strong></span> <span class='ocrx_word' id='word_1_258' title='bbox 1328 1846 1385 1864; x_wconf 71' lang='grc' dir='ltr'><strong>ον</strong></span> <span class='ocrx_word' id='word_1_259' title='bbox 1412 1846 1714 1876; x_wconf 69' lang='grc' dir='ltr'><strong>ιιι-’νεηνιυιμ</strong></span> <span class='ocrx_word' id='word_1_260' title='bbox 1751 1846 1872 1875; x_wconf 72' lang='grc' dir='ltr'><strong>γνυν</strong></span> <span class='ocrx_word' id='word_1_261' title='bbox 1906 1846 1919 1865; x_wconf 67' lang='grc' dir='ltr'>μ</span> <span class='ocrx_word' id='word_1_262' title='bbox 1974 1846 2084 1881; x_wconf 56' lang='grc' dir='ltr'><strong>ξτ-νη</strong></span> <span class='ocrx_word' id='word_1_263' title='bbox 2122 1846 2255 1871; x_wconf 60' lang='grc' dir='ltr'><strong>-ν-ννι</strong></span> <span class='ocrx_word' id='word_1_264' title='bbox 2285 1846 2391 1855; x_wconf 74' lang='lat' dir='ltr'><strong>--v-</strong></span> <span class='ocrx_word' id='word_1_265' title='bbox 2418 1846 2571 1875; x_wconf 35' lang='lat' dir='ltr'><strong>dw-‘N&#39;w</strong></span> <span class='ocrx_word' id='word_1_266' title='bbox 2620 1846 2827 1873; x_wconf 67' lang='lat' dir='ltr'><strong>v—_v-—--</strong></span> <span class='ocrx_word' id='word_1_267' title='bbox 2855 1846 3118 1870; x_wconf 63' lang='lat' dir='ltr'><strong>-r—--—--,</strong></span> <span class='ocrx_word' id='word_1_268' title='bbox 3157 1846 3254 1855; x_wconf 62' lang='grc' dir='ltr'><strong>ν--</strong></span> <span class='ocrx_word' id='word_1_269' title='bbox 3298 1846 3474 1856; x_wconf 61' lang='grc' dir='ltr'><strong>-..ν-η</strong></span> <span class='ocrx_word' id='word_1_270' title='bbox 3505 1846 3559 1857; x_wconf 59' lang='grc' dir='ltr'><strong>ν-</strong></span> 
     </span>
     <span class='ocr_line' id='line_1_19' title="bbox 282 1846 3559 1983; baseline -0.005 -18"><span class='ocrx_word' id='word_1_271' title='bbox 282 1909 558 1983; x_wconf 90' lang='lat' dir='ltr'><strong>proponit,</strong></span> <span class='ocrx_word' id='word_1_272' title='bbox 587 1906 681 1963; x_wconf 91' lang='lat' dir='ltr'><strong>sed</strong></span> <span class='ocrx_word' id='word_1_273' title='bbox 718 1920 813 1976; x_wconf 89' lang='lat' dir='ltr'><strong>per</strong></span> <span class='ocrx_word' id='word_1_274' title='bbox 840 1846 1023 1959; x_wconf 43' lang='lat' dir='ltr'><strong>{esum</strong></span> <span class='ocrx_word' id='word_1_275' title='bbox 1047 1902 1347 1968; x_wconf 87' lang='lat' dir='ltr'><strong>Christum,</strong></span> <span class='ocrx_word' id='word_1_276' title='bbox 1369 1910 1425 1957; x_wconf 91' lang='lat' dir='ltr'><strong>et</strong></span> <span class='ocrx_word' id='word_1_277' title='bbox 1442 1888 1611 1979; x_wconf 79' lang='lat' dir='ltr'><strong>Deum</strong></span> <span class='ocrx_word' id='word_1_278' title='bbox 1632 1882 1867 1965; x_wconf 79' lang='lat' dir='ltr'><strong>Patrem,</strong></span> <span class='ocrx_word' id='word_1_279' title='bbox 1896 1846 1947 1938; x_wconf 57' lang='lat' dir='ltr'><strong><em>ﬁ</em></strong></span> <span class='ocrx_word' id='word_1_280' title='bbox 1974 1892 2193 1971; x_wconf 77' lang='lat' dir='ltr'><strong>Domini</strong></span> <span class='ocrx_word' id='word_1_281' title='bbox 2208 1891 2382 1968; x_wconf 57' lang='lat'><strong>1.105!“</strong></span> <span class='ocrx_word' id='word_1_282' title='bbox 2404 1888 2534 1949; x_wconf 60' lang='lat'><strong>’65“</strong></span> <span class='ocrx_word' id='word_1_283' title='bbox 2564 1890 2790 1957; x_wconf 63' lang='lat' dir='ltr'><strong>Christi.</strong></span> <span class='ocrx_word' id='word_1_284' title='bbox 2815 1891 3047 1964; x_wconf 74' lang='lat' dir='ltr'><strong>gratiam</strong></span> <span class='ocrx_word' id='word_1_285' title='bbox 3069 1892 3238 1983; x_wconf 84' lang='lat' dir='ltr'><strong>ponit,</strong></span> <span class='ocrx_word' id='word_1_286' title='bbox 3270 1900 3324 1947; x_wconf 90' lang='lat' dir='ltr'><strong>et</strong></span> <span class='ocrx_word' id='word_1_287' title='bbox 3343 1908 3559 1963; x_wconf 80' lang='lat' dir='ltr'><strong>pacem.</strong></span> 
     </span>
    </p>
   </div>
   <div class='ocr_carea' id='block_1_19' title="bbox 284 1978 3560 2077">
    <p class='ocr_par' dir='ltr' id='par_1_19' title="bbox 284 1978 3560 2077">
     <span class='ocr_line' id='line_1_20' title="bbox 284 1978 3560 2077; baseline -0.006 -20"><span class='ocrx_word' id='word_1_288' title='bbox 284 1978 350 2057; x_wconf 75' lang='lat' dir='ltr'><strong>ut</strong></span> <span class='ocrx_word' id='word_1_289' title='bbox 377 1978 470 2057; x_wconf 85' lang='lat' dir='ltr'><strong>eos</strong></span> <span class='ocrx_word' id='word_1_290' title='bbox 495 1997 586 2071; x_wconf 91' lang='lat' dir='ltr'><strong>qui</strong></span> <span class='ocrx_word' id='word_1_291' title='bbox 624 1992 850 2051; x_wconf 91' lang='lat' dir='ltr'><strong>Paulum</strong></span> <span class='ocrx_word' id='word_1_292' title='bbox 880 2002 1035 2051; x_wconf 86' lang='lat' dir='ltr'><strong>extra</strong></span> <span class='ocrx_word' id='word_1_293' title='bbox 1080 1993 1361 2073; x_wconf 80' lang='lat' dir='ltr'><strong>duodecim</strong></span> <span class='ocrx_word' id='word_1_294' title='bbox 1407 1978 1678 2062; x_wconf 87' lang='lat' dir='ltr'><strong>apostolos</strong></span> <span class='ocrx_word' id='word_1_295' title='bbox 1704 1990 1875 2061; x_wconf 44' lang='lat' dir='ltr'><strong>venti:</strong></span> <span class='ocrx_word' id='word_1_296' title='bbox 1970 1997 2069 2059; x_wconf 87' lang='lat' dir='ltr'><strong>per</strong></span> <span class='ocrx_word' id='word_1_297' title='bbox 2098 1998 2232 2057; x_wconf 80' lang='lat' dir='ltr'><strong>quas</strong></span> <span class='ocrx_word' id='word_1_298' title='bbox 2281 1983 2483 2077; x_wconf 78' lang='lat' dir='ltr'><strong>absque</strong></span> <span class='ocrx_word' id='word_1_299' title='bbox 2522 1997 2751 2077; x_wconf 20' lang='lat' dir='ltr'><strong>.nperum</strong></span> <span class='ocrx_word' id='word_1_300' title='bbox 3037 1988 3093 2077; x_wconf 77' lang='lat' dir='ltr'><strong>et</strong></span> <span class='ocrx_word' id='word_1_301' title='bbox 3141 1978 3362 2053; x_wconf 84' lang='lat' dir='ltr'><strong>peccata</strong></span> <span class='ocrx_word' id='word_1_302' title='bbox 3399 1982 3560 2077; x_wconf 86' lang='lat' dir='ltr'><strong>nobis</strong></span> 
     </span>
    </p>
   </div>
   <div class='ocr_carea' id='block_1_20' title="bbox 1974 2072 3561 2155">
    <p class='ocr_par' dir='ltr' id='par_1_20' title="bbox 1974 2072 3561 2155">
     <span class='ocr_line' id='line_1_21' title="bbox 1974 2072 3561 2155; baseline -0.001 -22"><span class='ocrx_word' id='word_1_303' title='bbox 1974 2082 2383 2155; x_wconf 26' lang='lat' dir='ltr'><strong>concessa‘sunt,</strong></span> <span class='ocrx_word' id='word_1_304' title='bbox 2404 2072 2650 2143; x_wconf 82' lang='lat' dir='ltr'><strong>pristina,</strong></span> <span class='ocrx_word' id='word_1_305' title='bbox 2695 2079 2752 2147; x_wconf 89' lang='lat' dir='ltr'><strong>et</strong></span> <span class='ocrx_word' id='word_1_306' title='bbox 2777 2087 2881 2147; x_wconf 79' lang='lat' dir='ltr'><strong>pax</strong></span> <span class='ocrx_word' id='word_1_307' title='bbox 2922 2072 3126 2129; x_wconf 85' lang='lat' dir='ltr'><strong>indulta</strong></span> <span class='ocrx_word' id='word_1_308' title='bbox 3153 2081 3273 2144; x_wconf 87' lang='lat' dir='ltr'><strong>post</strong></span> <span class='ocrx_word' id='word_1_309' title='bbox 3301 2074 3513 2130; x_wconf 83' lang='lat' dir='ltr'><strong>veniam</strong></span> <span class='ocrx_word' id='word_1_310' title='bbox 3540 2091 3561 2131; x_wconf 87' lang='lat'><strong>:</strong></span> 
     </span>
    </p>
   </div>
   <div class='ocr_carea' id='block_1_21' title="bbox 282 2162 1917 2257">
    <p class='ocr_par' dir='ltr' id='par_1_21' title="bbox 282 2174 1876 2257">
     <span class='ocr_line' id='line_1_22' title="bbox 282 2174 1876 2257; baseline -0.004 -19"><span class='ocrx_word' id='word_1_311' title='bbox 282 2182 495 2255; x_wconf 81' lang='lat' dir='ltr'><strong>joribus</strong></span> <span class='ocrx_word' id='word_1_312' title='bbox 524 2182 854 2248; x_wconf 89' lang='lat' dir='ltr'><strong>ordinatum,</strong></span> <span class='ocrx_word' id='word_1_313' title='bbox 882 2182 985 2257; x_wconf 87' lang='lat' dir='ltr'><strong>hac</strong></span> <span class='ocrx_word' id='word_1_314' title='bbox 1013 2181 1337 2238; x_wconf 85' lang='lat' dir='ltr'><strong>auctoritate</strong></span> <span class='ocrx_word' id='word_1_315' title='bbox 1358 2174 1733 2235; x_wconf 80' lang='lat' dir='ltr'><strong>confunderet.</strong></span> <span class='ocrx_word' id='word_1_316' title='bbox 1778 2174 1876 2257; x_wconf 80' lang='lat' dir='ltr'><strong>Po-</strong></span> 
     </span>
    </p>
   </div>
   <div class='ocr_carea' id='block_1_22' title="bbox 2012 2162 3564 2257">
    <p class='ocr_par' dir='ltr' id='par_1_22' title="bbox 2012 2162 3564 2249">
     <span class='ocr_line' id='line_1_23' title="bbox 2012 2162 3564 2249; baseline 0 -28"><span class='ocrx_word' id='word_1_317' title='bbox 2012 2165 2077 2243; x_wconf 82' lang='lat' dir='ltr'><strong>ed_</strong></span> <span class='ocrx_word' id='word_1_318' title='bbox 2107 2163 2550 2249; x_wconf 69' lang='lat' dir='ltr'><strong>prudenterjarn</strong></span> <span class='ocrx_word' id='word_1_319' title='bbox 2593 2179 2817 2241; x_wconf 82' lang='lat' dir='ltr'><strong>causam</strong></span> <span class='ocrx_word' id='word_1_320' title='bbox 2854 2163 2977 2243; x_wconf 81' lang='lat' dir='ltr'><strong>agit</strong></span> <span class='ocrx_word' id='word_1_321' title='bbox 2998 2162 3283 2221; x_wconf 88' lang='lat' dir='ltr'><strong>adversum</strong></span> <span class='ocrx_word' id='word_1_322' title='bbox 3326 2179 3420 2220; x_wconf 91' lang='lat' dir='ltr'><strong>eos</strong></span> <span class='ocrx_word' id='word_1_323' title='bbox 3465 2163 3564 2235; x_wconf 86' lang='lat' dir='ltr'><strong>qui</strong></span> 
     </span>
    </p>
   </div>
   <div class='ocr_carea' id='block_1_23' title="bbox 289 2253 1917 2346">
    <p class='ocr_par' dir='ltr' id='par_1_23' title="bbox 289 2253 1878 2346">
     <span class='ocr_line' id='line_1_24' title="bbox 289 2253 1878 2346; baseline -0.003 -17"><span class='ocrx_word' id='word_1_324' title='bbox 289 2253 399 2329; x_wconf 82' lang='lat' dir='ltr'><strong>test</strong></span> <span class='ocrx_word' id='word_1_325' title='bbox 429 2280 607 2333; x_wconf 86' lang='lat' dir='ltr'><strong>autem</strong></span> <span class='ocrx_word' id='word_1_326' title='bbox 637 2281 693 2329; x_wconf 91' lang='lat' dir='ltr'><strong>et</strong></span> <span class='ocrx_word' id='word_1_327' title='bbox 721 2268 939 2346; x_wconf 88' lang='lat' dir='ltr'><strong>oblique</strong></span> <span class='ocrx_word' id='word_1_328' title='bbox 968 2254 1024 2328; x_wconf 89' lang='lat' dir='ltr'><strong>in</strong></span> <span class='ocrx_word' id='word_1_329' title='bbox 1071 2273 1295 2327; x_wconf 91' lang='lat' dir='ltr'><strong>Petrum</strong></span> <span class='ocrx_word' id='word_1_330' title='bbox 1330 2278 1386 2327; x_wconf 89' lang='lat' dir='ltr'><strong>et</strong></span> <span class='ocrx_word' id='word_1_331' title='bbox 1428 2271 1483 2327; x_wconf 90' lang='lat' dir='ltr'><strong>in</strong></span> <span class='ocrx_word' id='word_1_332' title='bbox 1531 2278 1757 2327; x_wconf 65' lang='lat' dir='ltr'><strong>caeteros</strong></span> <span class='ocrx_word' id='word_1_333' title='bbox 1796 2253 1878 2346; x_wconf 45' lang='lat' dir='ltr'><strong>di?</strong></span> 
     </span>
    </p>
   </div>
   <div class='ocr_carea' id='block_1_24' title="bbox 2012 2253 3563 2346">
    <p class='ocr_par' dir='ltr' id='par_1_24' title="bbox 2012 2253 3563 2333">
     <span class='ocr_line' id='line_1_25' title="bbox 2012 2253 3563 2333; baseline 0.001 -24"><span class='ocrx_word' id='word_1_334' title='bbox 2012 2262 2191 2317; x_wconf 74' lang='lat' dir='ltr'><strong>ierant</strong></span> <span class='ocrx_word' id='word_1_335' title='bbox 2232 2270 2286 2320; x_wconf 12' lang='lat' dir='ltr'><strong>ag</strong></span> <span class='ocrx_word' id='word_1_336' title='bbox 2314 2253 2433 2329; x_wconf 76' lang='lat' dir='ltr'><strong>lege</strong></span> <span class='ocrx_word' id='word_1_337' title='bbox 2477 2253 2759 2331; x_wconf 69' lang='lat' dir='ltr'><strong>prteveuti,</strong></span> <span class='ocrx_word' id='word_1_338' title='bbox 2812 2261 2867 2323; x_wconf 74' lang='lat' dir='ltr'><strong>et</strong></span> <span class='ocrx_word' id='word_1_339' title='bbox 2909 2254 3172 2333; x_wconf 84' lang='lat' dir='ltr'><strong>putabant</strong></span> <span class='ocrx_word' id='word_1_340' title='bbox 3218 2267 3463 2329; x_wconf 84' lang='lat' dir='ltr'><strong>seposse</strong></span> <span class='ocrx_word' id='word_1_341' title='bbox 3489 2269 3563 2313; x_wconf 76' lang='lat' dir='ltr'><strong>ex</strong></span> 
     </span>
    </p>
   </div>
   <div class='ocr_carea' id='block_1_25' title="bbox 290 2342 3563 2438">
    <p class='ocr_par' dir='ltr' id='par_1_25' title="bbox 290 2342 3563 2438">
     <span class='ocr_line' id='line_1_26' title="bbox 290 2342 3563 2438; baseline -0.003 -15"><span class='ocrx_word' id='word_1_342' title='bbox 290 2375 438 2423; x_wconf 86' lang='lat' dir='ltr'><strong>ctum</strong></span> <span class='ocrx_word' id='word_1_343' title='bbox 476 2366 670 2438; x_wconf 83' lang='lat' dir='ltr'><strong>accipi,</strong></span> <span class='ocrx_word' id='word_1_344' title='bbox 718 2342 870 2437; x_wconf 78' lang='lat' dir='ltr'><strong>quod</strong></span> <span class='ocrx_word' id='word_1_345' title='bbox 902 2382 1012 2422; x_wconf 89' lang='lat' dir='ltr'><strong>non</strong></span> <span class='ocrx_word' id='word_1_346' title='bbox 1039 2364 1106 2420; x_wconf 88' lang='lat' dir='ltr'><strong>ab</strong></span> <span class='ocrx_word' id='word_1_347' title='bbox 1133 2364 1392 2437; x_wconf 87' lang='lat' dir='ltr'><strong>apostolis</strong></span> <span class='ocrx_word' id='word_1_348' title='bbox 1425 2366 1474 2419; x_wconf 90' lang='lat' dir='ltr'><strong>ei</strong></span> <span class='ocrx_word' id='word_1_349' title='bbox 1517 2364 1589 2421; x_wconf 90' lang='lat' dir='ltr'><strong>sit</strong></span> <span class='ocrx_word' id='word_1_350' title='bbox 1618 2342 1878 2437; x_wconf 71' lang='lat' dir='ltr'><strong>traditum</strong></span> <span class='ocrx_word' id='word_1_351' title='bbox 1977 2346 2231 2418; x_wconf 66' lang='lat' dir='ltr'><strong>operibus</strong></span> <span class='ocrx_word' id='word_1_352' title='bbox 2250 2344 2556 2438; x_wconf 61' lang='grc' dir='ltr'><strong>Ῑυεῐίίῖοξιτξ»</strong></span> <span class='ocrx_word' id='word_1_353' title='bbox 2585 2354 2646 2399; x_wconf 73' lang='grc' dir='ltr'><strong>ιιι</strong></span> <span class='ocrx_word' id='word_1_354' title='bbox 2671 2345 2875 2438; x_wconf 47' lang='lat' dir='ltr'><strong>semini</strong></span> <span class='ocrx_word' id='word_1_355' title='bbox 2905 2360 2963 2401; x_wconf 71' lang='lat' dir='ltr'><strong>se</strong></span> <span class='ocrx_word' id='word_1_356' title='bbox 2989 2344 3171 2423; x_wconf 64' lang='lat' dir='ltr'><strong>Salvos</strong></span> <span class='ocrx_word' id='word_1_357' title='bbox 3198 2344 3398 2417; x_wconf 60' lang='grc' dir='ltr'><strong>Βΐῧιίίι,</strong></span> <span class='ocrx_word' id='word_1_358' title='bbox 3425 2356 3480 2403; x_wconf 72' lang='grc' dir='ltr'><strong>ει</strong></span> <span class='ocrx_word' id='word_1_359' title='bbox 3502 2345 3563 2402; x_wconf 72' lang='lat' dir='ltr'><strong>in</strong></span> 
     </span>
    </p>
   </div>
   <div class='ocr_carea' id='block_1_26' title="bbox 293 2434 3126 2537">
    <p class='ocr_par' dir='ltr' id='par_1_26' title="bbox 293 2434 3126 2537">
     <span class='ocr_line' id='line_1_27' title="bbox 293 2434 3126 2537; baseline -0.002 -24"><span class='ocrx_word' id='word_1_360' title='bbox 293 2434 666 2526; x_wconf 65' lang='lat' dir='ltr'><strong>Evangeliuin,</strong></span> <span class='ocrx_word' id='word_1_361' title='bbox 697 2434 791 2514; x_wconf 81' lang='lat' dir='ltr'><strong>sed</strong></span> <span class='ocrx_word' id='word_1_362' title='bbox 836 2458 904 2514; x_wconf 91' lang='lat' dir='ltr'><strong>ab</strong></span> <span class='ocrx_word' id='word_1_363' title='bbox 950 2458 1067 2529; x_wconf 89' lang='lat' dir='ltr'><strong>ipso</strong></span> <span class='ocrx_word' id='word_1_364' title='bbox 1101 2434 1232 2514; x_wconf 78' lang='lat' dir='ltr'><strong>Jesu</strong></span> <span class='ocrx_word' id='word_1_365' title='bbox 1272 2456 1510 2523; x_wconf 86' lang='lat' dir='ltr'><strong>Christo,</strong></span> <span class='ocrx_word' id='word_1_366' title='bbox 1557 2456 1649 2526; x_wconf 91' lang='lat' dir='ltr'><strong>qui</strong></span> <span class='ocrx_word' id='word_1_367' title='bbox 1677 2444 1733 2537; x_wconf 79' lang='lat' dir='ltr'><strong>et</strong></span> <span class='ocrx_word' id='word_1_368' title='bbox 1757 2434 1879 2513; x_wconf 86' lang='lat' dir='ltr'><strong>illos</strong></span> <span class='ocrx_word' id='word_1_369' title='bbox 1978 2451 2045 2493; x_wconf 79' lang='grc' dir='ltr'><strong>θο</strong></span> <span class='ocrx_word' id='word_1_370' title='bbox 2070 2449 2418 2525; x_wconf 42' lang='lat' dir='ltr'><strong>Perseverate</strong></span> <span class='ocrx_word' id='word_1_371' title='bbox 2445 2434 2641 2505; x_wconf 64' lang='lat' dir='ltr'><strong>debere</strong></span> <span class='ocrx_word' id='word_1_372' title='bbox 2665 2434 2809 2505; x_wconf 71' lang='lat' dir='ltr'><strong>QUOd</strong></span> <span class='ocrx_word' id='word_1_373' title='bbox 2831 2442 3126 2507; x_wconf 55' lang='lat' dir='ltr'><strong>(imperam-</strong></span> 
     </span>
    </p>
   </div>
   <div class='ocr_carea' id='block_1_27' title="bbox 294 2542 3571 2627">
    <p class='ocr_par' dir='ltr' id='par_1_27' title="bbox 294 2542 3571 2627">
     <span class='ocr_line' id='line_1_28' title="bbox 294 2542 3571 2627; baseline 0.001 -25"><span class='ocrx_word' id='word_1_374' title='bbox 294 2544 573 2618; x_wconf 84' lang='lat' dir='ltr'><strong>apostolos</strong></span> <span class='ocrx_word' id='word_1_375' title='bbox 617 2547 873 2621; x_wconf 79' lang='lat' dir='ltr'><strong>elegerat.</strong></span> <span class='ocrx_word' id='word_1_376' title='bbox 927 2542 1040 2603; x_wconf 81' lang='lat' dir='ltr'><strong>Hoc</strong></span> <span class='ocrx_word' id='word_1_377' title='bbox 1088 2557 1267 2604; x_wconf 90' lang='lat' dir='ltr'><strong>autem</strong></span> <span class='ocrx_word' id='word_1_378' title='bbox 1298 2555 1470 2603; x_wconf 91' lang='lat' dir='ltr'><strong>totum</strong></span> <span class='ocrx_word' id='word_1_379' title='bbox 1512 2548 1636 2627; x_wconf 89' lang='lat' dir='ltr'><strong>ideo</strong></span> <span class='ocrx_word' id='word_1_380' title='bbox 1673 2563 1884 2627; x_wconf 51' lang='lat' dir='ltr'><strong>prmpa:</strong></span> <span class='ocrx_word' id='word_1_381' title='bbox 2051 2549 2157 2615; x_wconf 82' lang='lat' dir='ltr'><strong>Qui</strong></span> <span class='ocrx_word' id='word_1_382' title='bbox 2184 2548 2327 2605; x_wconf 78' lang='lat' dir='ltr'><strong>dedit</strong></span> <span class='ocrx_word' id='word_1_383' title='bbox 2370 2547 2705 2619; x_wconf 70' lang='lat' dir='ltr'><strong>semetipsum</strong></span> <span class='ocrx_word' id='word_1_384' title='bbox 2744 2564 2843 2619; x_wconf 79' lang='lat' dir='ltr'><strong>pro</strong></span> <span class='ocrx_word' id='word_1_385' title='bbox 2875 2548 3100 2619; x_wconf 75' lang='lat' dir='ltr'><strong>peccatis</strong></span> <span class='ocrx_word' id='word_1_386' title='bbox 3142 2549 3356 2615; x_wconf 76' lang='lat' dir='ltr'><strong>nostris,</strong></span> <span class='ocrx_word' id='word_1_387' title='bbox 3387 2556 3445 2604; x_wconf 75' lang='lat' dir='ltr'><strong>tu</strong></span> <span class='ocrx_word' id='word_1_388' title='bbox 3471 2565 3571 2606; x_wconf 72' lang='lat' dir='ltr'><strong>nos</strong></span> 
     </span>
    </p>
   </div>
   <div class='ocr_carea' id='block_1_28' title="bbox 296 2626 3571 2713">
    <p class='ocr_par' dir='ltr' id='par_1_28' title="bbox 296 2626 3571 2713">
     <span class='ocr_line' id='line_1_29' title="bbox 296 2626 3571 2713; baseline 0.001 -21"><span class='ocrx_word' id='word_1_389' title='bbox 296 2647 473 2702; x_wconf 84' lang='lat' dir='ltr'><strong>ratur,</strong></span> <span class='ocrx_word' id='word_1_390' title='bbox 504 2646 563 2693; x_wconf 90' lang='lat' dir='ltr'><strong>ut</strong></span> <span class='ocrx_word' id='word_1_391' title='bbox 585 2648 745 2692; x_wconf 90' lang='lat' dir='ltr'><strong>nemo</strong></span> <span class='ocrx_word' id='word_1_392' title='bbox 772 2638 874 2694; x_wconf 89' lang='lat' dir='ltr'><strong>sibi</strong></span> <span class='ocrx_word' id='word_1_393' title='bbox 902 2646 1087 2694; x_wconf 86' lang='lat' dir='ltr'><strong>contra</strong></span> <span class='ocrx_word' id='word_1_394' title='bbox 1111 2637 1245 2711; x_wconf 86' lang='lat' dir='ltr'><strong>legis</strong></span> <span class='ocrx_word' id='word_1_395' title='bbox 1285 2653 1451 2695; x_wconf 91' lang='lat' dir='ltr'><strong>onera</strong></span> <span class='ocrx_word' id='word_1_396' title='bbox 1477 2655 1576 2710; x_wconf 91' lang='lat' dir='ltr'><strong>pro</strong></span> <span class='ocrx_word' id='word_1_397' title='bbox 1606 2626 1883 2713; x_wconf 71' lang='lat' dir='ltr'><strong>Evangelii</strong></span> <span class='ocrx_word' id='word_1_398' title='bbox 1982 2641 2199 2712; x_wconf 72' lang='lat' dir='ltr'><strong>eriperet</strong></span> <span class='ocrx_word' id='word_1_399' title='bbox 2222 2638 2286 2694; x_wconf 83' lang='lat' dir='ltr'><strong>de</strong></span> <span class='ocrx_word' id='word_1_400' title='bbox 2309 2638 2561 2712; x_wconf 52' lang='lat' dir='ltr'><strong>praesenti</strong></span> <span class='ocrx_word' id='word_1_401' title='bbox 2592 2636 2789 2699; x_wconf 60' lang='lat' dir='ltr'><strong>sarculo</strong></span> <span class='ocrx_word' id='word_1_402' title='bbox 2817 2637 3069 2709; x_wconf 68' lang='lat' dir='ltr'><strong>maligno.</strong></span> <span class='ocrx_word' id='word_1_403' title='bbox 3101 2637 3290 2708; x_wconf 83' lang='lat' dir='ltr'><strong>Neque</strong></span> <span class='ocrx_word' id='word_1_404' title='bbox 3314 2637 3482 2697; x_wconf 84' lang='lat' dir='ltr'><strong>Filius</strong></span> <span class='ocrx_word' id='word_1_405' title='bbox 3505 2654 3571 2696; x_wconf 81' lang='lat' dir='ltr'><strong>se</strong></span> 
     </span>
    </p>
   </div>
   <div class='ocr_carea' id='block_1_29' title="bbox 297 2724 3566 2809">
    <p class='ocr_par' dir='ltr' id='par_1_29' title="bbox 297 2724 3566 2809">
     <span class='ocr_line' id='line_1_30' title="bbox 297 2724 3566 2809; baseline 0.002 -26"><span class='ocrx_word' id='word_1_406' title='bbox 297 2729 474 2802; x_wconf 85' lang='lat' dir='ltr'><strong>gratia</strong></span> <span class='ocrx_word' id='word_1_407' title='bbox 501 2729 793 2799; x_wconf 86' lang='lat' dir='ltr'><strong>disputanti</strong></span> <span class='ocrx_word' id='word_1_408' title='bbox 838 2738 1021 2799; x_wconf 89' lang='lat' dir='ltr'><strong>posset</strong></span> <span class='ocrx_word' id='word_1_409' title='bbox 1063 2745 1354 2801; x_wconf 89' lang='lat' dir='ltr'><strong>opponere.</strong></span> <span class='ocrx_word' id='word_1_410' title='bbox 1408 2724 1515 2785; x_wconf 89' lang='lat' dir='ltr'><strong>Sed</strong></span> <span class='ocrx_word' id='word_1_411' title='bbox 1562 2729 1756 2787; x_wconf 88' lang='lat' dir='ltr'><strong>Petrus</strong></span> <span class='ocrx_word' id='word_1_412' title='bbox 1782 2731 1885 2809; x_wconf 71' lang='lat' dir='ltr'><strong>hoc</strong></span> <span class='ocrx_word' id='word_1_413' title='bbox 1985 2734 2133 2801; x_wconf 85' lang='lat' dir='ltr'><strong>dedit</strong></span> <span class='ocrx_word' id='word_1_414' title='bbox 2154 2748 2255 2805; x_wconf 84' lang='lat' dir='ltr'><strong>pro</strong></span> <span class='ocrx_word' id='word_1_415' title='bbox 2278 2732 2515 2804; x_wconf 81' lang='lat' dir='ltr'><strong>peccatis</strong></span> <span class='ocrx_word' id='word_1_416' title='bbox 2552 2731 2753 2795; x_wconf 79' lang='lat' dir='ltr'><strong>nostris</strong></span> <span class='ocrx_word' id='word_1_417' title='bbox 2794 2732 3006 2802; x_wconf 79' lang='lat' dir='ltr'><strong>absque</strong></span> <span class='ocrx_word' id='word_1_418' title='bbox 3032 2731 3311 2807; x_wconf 77' lang='lat' dir='ltr'><strong>voluntate</strong></span> <span class='ocrx_word' id='word_1_419' title='bbox 3360 2730 3566 2799; x_wconf 74' lang='lat' dir='ltr'><strong>Patris,</strong></span> 
     </span>
    </p>
   </div>
   <div class='ocr_carea' id='block_1_30' title="bbox 298 2818 3577 2899">
    <p class='ocr_par' dir='ltr' id='par_1_30' title="bbox 298 2818 3577 2899">
     <span class='ocr_line' id='line_1_31' title="bbox 298 2818 3577 2899; baseline 0.001 -22"><span class='ocrx_word' id='word_1_420' title='bbox 298 2820 456 2887; x_wconf 78' lang='lat' dir='ltr'><strong>dixit,</strong></span> <span class='ocrx_word' id='word_1_421' title='bbox 485 2820 577 2876; x_wconf 90' lang='lat' dir='ltr'><strong>sed</strong></span> <span class='ocrx_word' id='word_1_422' title='bbox 622 2818 849 2892; x_wconf 84' lang='lat' dir='ltr'><strong>apostoli</strong></span> <span class='ocrx_word' id='word_1_423' title='bbox 874 2820 977 2891; x_wconf 90' lang='lat' dir='ltr'><strong>hoc</strong></span> <span class='ocrx_word' id='word_1_424' title='bbox 1024 2828 1346 2887; x_wconf 87' lang='lat' dir='ltr'><strong>statuerunt,</strong></span> <span class='ocrx_word' id='word_1_425' title='bbox 1389 2822 1485 2878; x_wconf 91' lang='lat' dir='ltr'><strong>sed</strong></span> <span class='ocrx_word' id='word_1_426' title='bbox 1527 2836 1885 2899; x_wconf 74' lang='lat' dir='ltr'><strong>praecessores</strong></span> <span class='ocrx_word' id='word_1_427' title='bbox 1984 2843 2161 2898; x_wconf 64' lang='lat' dir='ltr'><strong>neruis</strong></span> <span class='ocrx_word' id='word_1_428' title='bbox 2178 2826 2346 2889; x_wconf 87' lang='lat' dir='ltr'><strong>Pater</strong></span> <span class='ocrx_word' id='word_1_429' title='bbox 2366 2824 2593 2880; x_wconf 84' lang='lat' dir='ltr'><strong>tradidit</strong></span> <span class='ocrx_word' id='word_1_430' title='bbox 2614 2823 2811 2879; x_wconf 88' lang='lat' dir='ltr'><strong>Filium</strong></span> <span class='ocrx_word' id='word_1_431' title='bbox 2834 2824 2957 2883; x_wconf 79' lang='lat' dir='ltr'><strong>sine</strong></span> <span class='ocrx_word' id='word_1_432' title='bbox 2979 2822 3102 2880; x_wconf 89' lang='lat' dir='ltr'><strong>Filii</strong></span> <span class='ocrx_word' id='word_1_433' title='bbox 3132 2822 3427 2883; x_wconf 75' lang='lat' dir='ltr'><strong>voluntate.</strong></span> <span class='ocrx_word' id='word_1_434' title='bbox 3461 2822 3577 2881; x_wconf 78' lang='lat' dir='ltr'><strong>Sed</strong></span> 
     </span>
    </p>
   </div>
   <div class='ocr_carea' id='block_1_31' title="bbox 298 2911 3575 2993">
    <p class='ocr_par' dir='ltr' id='par_1_31' title="bbox 298 2911 3575 2993">
     <span class='ocr_line' id='line_1_32' title="bbox 298 2911 3575 2993; baseline 0.001 -26"><span class='ocrx_word' id='word_1_435' title='bbox 298 2912 378 2967; x_wconf 91' lang='lat' dir='ltr'><strong>tui</strong></span> <span class='ocrx_word' id='word_1_436' title='bbox 409 2911 551 2966; x_wconf 87' lang='lat' dir='ltr'><strong>aliud</strong></span> <span class='ocrx_word' id='word_1_437' title='bbox 580 2912 972 2968; x_wconf 82' lang='lat' dir='ltr'><strong>decreverunt:</strong></span> <span class='ocrx_word' id='word_1_438' title='bbox 1004 2911 1147 2982; x_wconf 90' lang='lat' dir='ltr'><strong>quod</strong></span> <span class='ocrx_word' id='word_1_439' title='bbox 1177 2911 1391 2982; x_wconf 79' lang='lat' dir='ltr'><strong>quidem</strong></span> <span class='ocrx_word' id='word_1_440' title='bbox 1423 2913 1475 2969; x_wconf 92' lang='lat' dir='ltr'><strong>in</strong></span> <span class='ocrx_word' id='word_1_441' title='bbox 1514 2913 1885 2987; x_wconf 80' lang='lat' dir='ltr'><strong>sequentibus,</strong></span> <span class='ocrx_word' id='word_1_442' title='bbox 1948 2986 1961 2993; x_wconf 22' lang='grc' dir='ltr'><strong>κ</strong></span> <span class='ocrx_word' id='word_1_443' title='bbox 1986 2920 2104 2976; x_wconf 66' lang='lat' dir='ltr'><strong>haec</strong></span> <span class='ocrx_word' id='word_1_444' title='bbox 2139 2925 2228 2981; x_wconf 84' lang='lat' dir='ltr'><strong>est</strong></span> <span class='ocrx_word' id='word_1_445' title='bbox 2255 2917 2505 2977; x_wconf 79' lang='lat' dir='ltr'><strong>voluntas</strong></span> <span class='ocrx_word' id='word_1_446' title='bbox 2531 2915 2680 2981; x_wconf 84' lang='lat' dir='ltr'><strong>Filii,</strong></span> <span class='ocrx_word' id='word_1_447' title='bbox 2727 2915 3059 2973; x_wconf 85' lang='lat' dir='ltr'><strong>voluntatem</strong></span> <span class='ocrx_word' id='word_1_448' title='bbox 3086 2915 3280 2972; x_wconf 72' lang='lat' dir='ltr'><strong>‘Patris</strong></span> <span class='ocrx_word' id='word_1_449' title='bbox 3321 2915 3575 2987; x_wconf 80' lang='lat' dir='ltr'><strong>implere,</strong></span> 
     </span>
    </p>
   </div>
   <div class='ocr_carea' id='block_1_32' title="bbox 297 2992 3576 3081">
    <p class='ocr_par' dir='ltr' id='par_1_32' title="bbox 297 2992 3576 3081">
     <span class='ocr_line' id='line_1_33' title="bbox 297 2992 3576 3081; baseline 0 -20"><span class='ocrx_word' id='word_1_450' title='bbox 297 3018 449 3061; x_wconf 87' lang='lat' dir='ltr'><strong>nunc</strong></span> <span class='ocrx_word' id='word_1_451' title='bbox 474 3003 625 3074; x_wconf 86' lang='lat' dir='ltr'><strong>quasi</strong></span> <span class='ocrx_word' id='word_1_452' title='bbox 654 3003 867 3058; x_wconf 88' lang='lat' dir='ltr'><strong>occulto</strong></span> <span class='ocrx_word' id='word_1_453' title='bbox 892 3018 1141 3058; x_wconf 87' lang='lat' dir='ltr'><strong>sermone</strong></span> <span class='ocrx_word' id='word_1_454' title='bbox 1164 3003 1520 3076; x_wconf 70' lang='lat' dir='ltr'><strong>prtecludens,</strong></span> <span class='ocrx_word' id='word_1_455' title='bbox 1545 2992 1887 3071; x_wconf 76' lang='lat' dir='ltr'><strong>manifestius</strong></span> <span class='ocrx_word' id='word_1_456' title='bbox 1954 2992 1961 2993; x_wconf 19' lang='grc' dir='ltr'>ί</span> <span class='ocrx_word' id='word_1_457' title='bbox 1986 3019 2048 3066; x_wconf 83' lang='lat' dir='ltr'><strong>ut</strong></span> <span class='ocrx_word' id='word_1_458' title='bbox 2072 3012 2189 3081; x_wconf 82' lang='lat' dir='ltr'><strong>ipse</strong></span> <span class='ocrx_word' id='word_1_459' title='bbox 2215 3009 2455 3081; x_wconf 83' lang='lat' dir='ltr'><strong>loquitur</strong></span> <span class='ocrx_word' id='word_1_460' title='bbox 2483 3009 2539 3063; x_wconf 90' lang='lat' dir='ltr'><strong>in</strong></span> <span class='ocrx_word' id='word_1_461' title='bbox 2580 3006 2837 3065; x_wconf 89' lang='lat' dir='ltr'><strong>Psalmo:</strong></span> <span class='ocrx_word' id='word_1_462' title='bbox 2889 3003 2956 3065; x_wconf 87' lang='lat' dir='ltr'><strong>Ut</strong></span> <span class='ocrx_word' id='word_1_463' title='bbox 2982 3006 3212 3077; x_wconf 67' lang='lat' dir='ltr'><strong>[acerem</strong></span> <span class='ocrx_word' id='word_1_464' title='bbox 3254 3005 3576 3069; x_wconf 61' lang='lat' dir='ltr'><strong>voluntates.</strong></span> 
     </span>
    </p>
   </div>
   <div class='ocr_carea' id='block_1_33' title="bbox 300 3082 3577 3170">
    <p class='ocr_par' dir='ltr' id='par_1_33' title="bbox 300 3082 3577 3170">
     <span class='ocr_line' id='line_1_34' title="bbox 300 3082 3577 3170; baseline 0.004 -20"><span class='ocrx_word' id='word_1_465' title='bbox 300 3096 453 3159; x_wconf 84' lang='lat' dir='ltr'><strong>facit,</strong></span> <span class='ocrx_word' id='word_1_466' title='bbox 490 3096 614 3152; x_wconf 88' lang='lat' dir='ltr'><strong>dum</strong></span> <span class='ocrx_word' id='word_1_467' title='bbox 654 3097 721 3151; x_wconf 92' lang='lat' dir='ltr'><strong>ab</strong></span> <span class='ocrx_word' id='word_1_468' title='bbox 752 3096 829 3150; x_wconf 93' lang='lat' dir='ltr'><strong>eis</strong></span> <span class='ocrx_word' id='word_1_469' title='bbox 851 3095 944 3165; x_wconf 91' lang='lat' dir='ltr'><strong>qui</strong></span> <span class='ocrx_word' id='word_1_470' title='bbox 973 3096 1224 3151; x_wconf 88' lang='lat' dir='ltr'><strong>videntur</strong></span> <span class='ocrx_word' id='word_1_471' title='bbox 1253 3112 1374 3153; x_wconf 90' lang='lat' dir='ltr'><strong>esse</strong></span> <span class='ocrx_word' id='word_1_472' title='bbox 1415 3095 1636 3168; x_wconf 88' lang='lat' dir='ltr'><strong>aliquid,</strong></span> <span class='ocrx_word' id='word_1_473' title='bbox 1667 3097 1802 3153; x_wconf 89' lang='lat' dir='ltr'><strong>nihil</strong></span> <span class='ocrx_word' id='word_1_474' title='bbox 1830 3082 1887 3151; x_wconf 81' lang='lat' dir='ltr'><strong>in</strong></span> <span class='ocrx_word' id='word_1_475' title='bbox 1988 3110 2159 3168; x_wconf 70' lang='lat' dir='ltr'><strong>tatam,</strong></span> <span class='ocrx_word' id='word_1_476' title='bbox 2187 3101 2327 3163; x_wconf 62' lang='lat' dir='ltr'><strong>Deut</strong></span> <span class='ocrx_word' id='word_1_477' title='bbox 2377 3115 2523 3163; x_wconf 56' lang='lat' dir='ltr'><strong>metu</strong></span> <span class='ocrx_word' id='word_1_478' title='bbox 2558 3097 2699 3163; x_wconf 65' lang='lat' dir='ltr'><strong>volui</strong></span> <span class='ocrx_word' id='word_1_479' title='bbox 2729 3096 2900 3169; x_wconf 66' lang='grc' dir='ltr'><strong>(Ρσαίο</strong></span> <span class='ocrx_word' id='word_1_480' title='bbox 2926 3098 3136 3170; x_wconf 67' lang='lat' dir='ltr'><strong>xmx).</strong></span> <span class='ocrx_word' id='word_1_481' title='bbox 3170 3097 3369 3168; x_wconf 64' lang='grc' dir='ltr'><strong>Δρωιθ</strong></span> <span class='ocrx_word' id='word_1_482' title='bbox 3393 3104 3577 3154; x_wconf 65' lang='grc' dir='ltr'><strong>θείαι-</strong></span> 
     </span>
    </p>
   </div>
   <div class='ocr_carea' id='block_1_34' title="bbox 302 3186 3580 3300">
    <p class='ocr_par' dir='ltr' id='par_1_34' title="bbox 302 3186 3580 3300">
     <span class='ocr_line' id='line_1_35' title="bbox 302 3186 3580 3300; baseline -0.001 -53"><span class='ocrx_word' id='word_1_483' title='bbox 302 3206 366 3247; x_wconf 89' lang='lat' dir='ltr'><strong>se</strong></span> <span class='ocrx_word' id='word_1_484' title='bbox 394 3189 647 3300; x_wconf 48' lang='lat' dir='ltr'><strong>militum</strong></span> <span class='ocrx_word' id='word_1_485' title='bbox 682 3186 885 3300; x_wconf 36' lang='lat' dir='ltr'><strong>refert)</strong></span> <span class='ocrx_word' id='word_1_486' title='bbox 915 3197 971 3243; x_wconf 89' lang='lat' dir='ltr'><strong>et</strong></span> <span class='ocrx_word' id='word_1_487' title='bbox 998 3189 1097 3260; x_wconf 89' lang='lat' dir='ltr'><strong>ipsi</strong></span> <span class='ocrx_word' id='word_1_488' title='bbox 1135 3188 1296 3291; x_wconf 82' lang='lat' dir='ltr'><strong>Petro</strong></span> <span class='ocrx_word' id='word_1_489' title='bbox 1322 3190 1375 3242; x_wconf 88' lang='lat' dir='ltr'><strong>in</strong></span> <span class='ocrx_word' id='word_1_490' title='bbox 1400 3186 1593 3244; x_wconf 84' lang='lat' dir='ltr'><strong>faciem</strong></span> <span class='ocrx_word' id='word_1_491' title='bbox 1618 3189 1885 3300; x_wconf 67' lang='lat' dir='ltr'><strong>nestitisse</strong></span> <span class='ocrx_word' id='word_1_492' title='bbox 1988 3194 2068 3253; x_wconf 90' lang='lat' dir='ltr'><strong>dit</strong></span> <span class='ocrx_word' id='word_1_493' title='bbox 2093 3192 2229 3249; x_wconf 90' lang='lat' dir='ltr'><strong>nihil</strong></span> <span class='ocrx_word' id='word_1_494' title='bbox 2251 3192 2509 3262; x_wconf 80' lang='lat' dir='ltr'><strong>prodesse</strong></span> <span class='ocrx_word' id='word_1_495' title='bbox 2535 3189 2728 3300; x_wconf 70' lang='lat' dir='ltr'><strong>legem,</strong></span> <span class='ocrx_word' id='word_1_496' title='bbox 2766 3189 2985 3259; x_wconf 79' lang='lat' dir='ltr'><strong>quando</strong></span> <span class='ocrx_word' id='word_1_497' title='bbox 3023 3188 3295 3294; x_wconf 77' lang='lat' dir='ltr'><strong>Christum</strong></span> <span class='ocrx_word' id='word_1_498' title='bbox 3326 3188 3457 3300; x_wconf 55' lang='lat' dir='ltr'><strong>dicit</strong></span> <span class='ocrx_word' id='word_1_499' title='bbox 3476 3187 3580 3245; x_wconf 84' lang='lat' dir='ltr'><strong>ob-</strong></span> 
     </span>
    </p>
   </div>
   <div class='ocr_carea' id='block_1_35' title="bbox 300 3279 3560 3357">
    <p class='ocr_par' dir='ltr' id='par_1_35' title="bbox 300 3279 3560 3357">
     <span class='ocr_line' id='line_1_36' title="bbox 300 3279 3560 3357; baseline -0 -20"><span class='ocrx_word' id='word_1_500' title='bbox 300 3296 365 3337; x_wconf 89' lang='lat' dir='ltr'><strong>se</strong></span> <span class='ocrx_word' id='word_1_501' title='bbox 404 3280 609 3345; x_wconf 89' lang='lat' dir='ltr'><strong>scribit,</strong></span> <span class='ocrx_word' id='word_1_502' title='bbox 644 3279 787 3335; x_wconf 89' lang='lat' dir='ltr'><strong>nulla</strong></span> <span class='ocrx_word' id='word_1_503' title='bbox 830 3279 1015 3336; x_wconf 90' lang='lat' dir='ltr'><strong>dicens</strong></span> <span class='ocrx_word' id='word_1_504' title='bbox 1066 3279 1392 3357; x_wconf 82' lang='lat' dir='ltr'><strong>necessitate</strong></span> <span class='ocrx_word' id='word_1_505' title='bbox 1434 3280 1795 3349; x_wconf 89' lang='lat' dir='ltr'><strong>compulsum,</strong></span> <span class='ocrx_word' id='word_1_506' title='bbox 1826 3286 1887 3335; x_wconf 90' lang='lat' dir='ltr'><strong>ut</strong></span> <span class='ocrx_word' id='word_1_507' title='bbox 1913 3279 1958 3300; x_wconf 85' lang='lat'><strong>“‘</strong></span> <span class='ocrx_word' id='word_1_508' title='bbox 1993 3284 2181 3341; x_wconf 85' lang='lat' dir='ltr'><strong>tulisse</strong></span> <span class='ocrx_word' id='word_1_509' title='bbox 2205 3297 2283 3349; x_wconf 91' lang='lat' dir='ltr'><strong>se,</strong></span> <span class='ocrx_word' id='word_1_510' title='bbox 2315 3290 2489 3351; x_wconf 85' lang='lat' dir='ltr'><strong>utpro</strong></span> <span class='ocrx_word' id='word_1_511' title='bbox 2516 3280 2672 3341; x_wconf 85' lang='lat' dir='ltr'><strong>nobis</strong></span> <span class='ocrx_word' id='word_1_512' title='bbox 2697 3288 2996 3350; x_wconf 81' lang='lat' dir='ltr'><strong>pateretur,</strong></span> <span class='ocrx_word' id='word_1_513' title='bbox 3022 3288 3082 3337; x_wconf 90' lang='lat' dir='ltr'><strong>ut</strong></span> <span class='ocrx_word' id='word_1_514' title='bbox 3101 3280 3560 3352; x_wconf 71' lang='lat' dir='ltr'><strong>nosjustlicaret,</strong></span> 
     </span>
    </p>
   </div>
   <div class='ocr_carea' id='block_1_36' title="bbox 300 3371 3582 3451">
    <p class='ocr_par' dir='ltr' id='par_1_36' title="bbox 300 3371 3582 3451">
     <span class='ocr_line' id='line_1_37' title="bbox 300 3371 3582 3451; baseline 0 -21"><span class='ocrx_word' id='word_1_515' title='bbox 300 3372 573 3447; x_wconf 79' lang='lat' dir='ltr'><strong>hypocrisi</strong></span> <span class='ocrx_word' id='word_1_516' title='bbox 613 3373 829 3443; x_wconf 75' lang='lat' dir='ltr'><strong>cederet</strong></span> <span class='ocrx_word' id='word_1_517' title='bbox 871 3371 1197 3429; x_wconf 74' lang='lat' dir='ltr'><strong>Iudaeorum.</strong></span> <span class='ocrx_word' id='word_1_518' title='bbox 1245 3371 1398 3445; x_wconf 85' lang='lat' dir='ltr'><strong>Quod</strong></span> <span class='ocrx_word' id='word_1_519' title='bbox 1445 3373 1493 3431; x_wconf 83' lang='lat' dir='ltr'><strong>si</strong></span> <span class='ocrx_word' id='word_1_520' title='bbox 1539 3373 1891 3435; x_wconf 85' lang='lat' dir='ltr'><strong>temerarium</strong></span> <span class='ocrx_word' id='word_1_521' title='bbox 1992 3394 2129 3451; x_wconf 85' lang='lat' dir='ltr'><strong>quos</strong></span> <span class='ocrx_word' id='word_1_522' title='bbox 2150 3379 2237 3437; x_wconf 79' lang='lat' dir='ltr'><strong>lex</strong></span> <span class='ocrx_word' id='word_1_523' title='bbox 2256 3391 2386 3437; x_wconf 77' lang='lat' dir='ltr'><strong>reos</strong></span> <span class='ocrx_word' id='word_1_524' title='bbox 2410 3375 2649 3440; x_wconf 73' lang='lat' dir='ltr'><strong>tenebat,</strong></span> <span class='ocrx_word' id='word_1_525' title='bbox 2672 3382 2734 3433; x_wconf 85' lang='lat' dir='ltr'><strong>ut</strong></span> <span class='ocrx_word' id='word_1_526' title='bbox 2756 3375 2896 3431; x_wconf 86' lang='lat' dir='ltr'><strong>eruti</strong></span> <span class='ocrx_word' id='word_1_527' title='bbox 2920 3391 2957 3431; x_wconf 85' lang='lat' dir='ltr'><strong>.a</strong></span> <span class='ocrx_word' id='word_1_528' title='bbox 2982 3374 3099 3446; x_wconf 85' lang='lat' dir='ltr'><strong>lege</strong></span> <span class='ocrx_word' id='word_1_529' title='bbox 3117 3389 3216 3445; x_wconf 82' lang='lat' dir='ltr'><strong>per</strong></span> <span class='ocrx_word' id='word_1_530' title='bbox 3243 3371 3582 3430; x_wconf 69' lang='lat' dir='ltr'><strong>ildemChri-v</strong></span> 
     </span>
    </p>
   </div>
   <div class='ocr_carea' id='block_1_37' title="bbox 303 3462 3581 3543">
    <p class='ocr_par' dir='ltr' id='par_1_37' title="bbox 303 3462 3581 3543">
     <span class='ocr_line' id='line_1_38' title="bbox 303 3462 3581 3543; baseline 0.001 -25"><span class='ocrx_word' id='word_1_531' title='bbox 303 3464 628 3537; x_wconf 86' lang='lat' dir='ltr'><strong>quihusdam</strong></span> <span class='ocrx_word' id='word_1_532' title='bbox 658 3464 890 3531; x_wconf 86' lang='lat' dir='ltr'><strong>videtur,</strong></span> <span class='ocrx_word' id='word_1_533' title='bbox 917 3480 1039 3519; x_wconf 92' lang='lat' dir='ltr'><strong>eum</strong></span> <span class='ocrx_word' id='word_1_534' title='bbox 1081 3473 1270 3519; x_wconf 86' lang='lat' dir='ltr'><strong>contra</strong></span> <span class='ocrx_word' id='word_1_535' title='bbox 1313 3465 1603 3535; x_wconf 83' lang='lat' dir='ltr'><strong>apostolos,</strong></span> <span class='ocrx_word' id='word_1_536' title='bbox 1642 3466 1890 3536; x_wconf 87' lang='lat' dir='ltr'><strong>quamvis</strong></span> <span class='ocrx_word' id='word_1_537' title='bbox 1992 3471 2085 3543; x_wconf 81' lang='lat' dir='ltr'><strong>sti,</strong></span> <span class='ocrx_word' id='word_1_538' title='bbox 2110 3469 2225 3539; x_wconf 77' lang='lat' dir='ltr'><strong>iam</strong></span> <span class='ocrx_word' id='word_1_539' title='bbox 2252 3484 2361 3529; x_wconf 80' lang='lat' dir='ltr'><strong>non</strong></span> <span class='ocrx_word' id='word_1_540' title='bbox 2403 3475 2725 3538; x_wconf 77' lang='lat' dir='ltr'><strong>peccatores,</strong></span> <span class='ocrx_word' id='word_1_541' title='bbox 2752 3479 3018 3535; x_wconf 76' lang='lat' dir='ltr'><strong>essemus,</strong></span> <span class='ocrx_word' id='word_1_542' title='bbox 3048 3464 3140 3521; x_wconf 88' lang='lat' dir='ltr'><strong>sed</strong></span> <span class='ocrx_word' id='word_1_543' title='bbox 3181 3462 3463 3533; x_wconf 77' lang='lat' dir='ltr'><strong>iustiﬁcati</strong></span> <span class='ocrx_word' id='word_1_544' title='bbox 3490 3478 3581 3522; x_wconf 59' lang='lat' dir='ltr'><strong>sev</strong></span> 
     </span>
    </p>
   </div>
   <div class='ocr_carea' id='block_1_38' title="bbox 305 3554 3585 3629">
    <p class='ocr_par' dir='ltr' id='par_1_38' title="bbox 305 3554 3585 3629">
     <span class='ocr_line' id='line_1_39' title="bbox 305 3554 3585 3629; baseline -0.001 -14"><span class='ocrx_word' id='word_1_545' title='bbox 305 3558 541 3623; x_wconf 88' lang='lat' dir='ltr'><strong>occulte,</strong></span> <span class='ocrx_word' id='word_1_546' title='bbox 570 3557 829 3625; x_wconf 86' lang='lat' dir='ltr'><strong>locutum,</strong></span> <span class='ocrx_word' id='word_1_547' title='bbox 859 3556 949 3627; x_wconf 93' lang='lat' dir='ltr'><strong>qui</strong></span> <span class='ocrx_word' id='word_1_548' title='bbox 972 3555 1401 3629; x_wconf 85' lang='lat' dir='ltr'><strong>Hierosolymam</strong></span> <span class='ocrx_word' id='word_1_549' title='bbox 1425 3557 1629 3619; x_wconf 87' lang='lat' dir='ltr'><strong>idcirco</strong></span> <span class='ocrx_word' id='word_1_550' title='bbox 1651 3559 1892 3629; x_wconf 73' lang='lat' dir='ltr'><strong>perrexit</strong></span> <span class='ocrx_word' id='word_1_551' title='bbox 1993 3559 2166 3615; x_wconf 87' lang='lat' dir='ltr'><strong>cunda</strong></span> <span class='ocrx_word' id='word_1_552' title='bbox 2187 3558 2471 3613; x_wconf 89' lang='lat' dir='ltr'><strong>nativitate</strong></span> <span class='ocrx_word' id='word_1_553' title='bbox 2490 3555 2613 3610; x_wconf 88' lang='lat' dir='ltr'><strong>Filii</strong></span> <span class='ocrx_word' id='word_1_554' title='bbox 2634 3556 2730 3612; x_wconf 92' lang='lat' dir='ltr'><strong>Dei</strong></span> <span class='ocrx_word' id='word_1_555' title='bbox 2750 3556 3023 3627; x_wconf 86' lang='lat' dir='ltr'><strong>appellati.</strong></span> <span class='ocrx_word' id='word_1_556' title='bbox 3054 3554 3323 3615; x_wconf 59' lang='lat' dir='ltr'><strong>Saeculum</strong></span> <span class='ocrx_word' id='word_1_557' title='bbox 3340 3565 3585 3625; x_wconf 61' lang='lat' dir='ltr'><strong>praesen!</strong></span> 
     </span>
    </p>
   </div>
   <div class='ocr_carea' id='block_1_39' title="bbox 308 3645 3579 3729">
    <p class='ocr_par' dir='ltr' id='par_1_39' title="bbox 308 3645 3579 3729">
     <span class='ocr_line' id='line_1_40' title="bbox 308 3645 3579 3729; baseline -0.003 -22"><span class='ocrx_word' id='word_1_558' title='bbox 308 3660 374 3707; x_wconf 92' lang='lat' dir='ltr'><strong>ut</strong></span> <span class='ocrx_word' id='word_1_559' title='bbox 404 3667 526 3707; x_wconf 90' lang='lat' dir='ltr'><strong>cum</strong></span> <span class='ocrx_word' id='word_1_560' title='bbox 571 3651 652 3707; x_wconf 87' lang='lat' dir='ltr'><strong>eis</strong></span> <span class='ocrx_word' id='word_1_561' title='bbox 696 3647 969 3707; x_wconf 82' lang='lat' dir='ltr'><strong>conferret</strong></span> <span class='ocrx_word' id='word_1_562' title='bbox 1008 3649 1380 3729; x_wconf 86' lang='lat' dir='ltr'><strong>Evangelium,</strong></span> <span class='ocrx_word' id='word_1_563' title='bbox 1410 3666 1479 3707; x_wconf 91' lang='lat' dir='ltr'><strong>ne</strong></span> <span class='ocrx_word' id='word_1_564' title='bbox 1522 3648 1664 3708; x_wconf 81' lang='lat' dir='ltr'><strong>forte</strong></span> <span class='ocrx_word' id='word_1_565' title='bbox 1706 3650 1764 3707; x_wconf 90' lang='lat' dir='ltr'><strong>in</strong></span> <span class='ocrx_word' id='word_1_566' title='bbox 1802 3666 1894 3707; x_wconf 89' lang='lat' dir='ltr'><strong>va-</strong></span> <span class='ocrx_word' id='word_1_567' title='bbox 1992 3652 2289 3729; x_wconf 66' lang='lat' dir='ltr'><strong>malignum</strong></span> <span class='ocrx_word' id='word_1_568' title='bbox 2314 3657 2537 3724; x_wconf 85' lang='lat' dir='ltr'><strong>propter</strong></span> <span class='ocrx_word' id='word_1_569' title='bbox 2564 3648 2829 3719; x_wconf 81' lang='lat' dir='ltr'><strong>malignos</strong></span> <span class='ocrx_word' id='word_1_570' title='bbox 2854 3647 3102 3704; x_wconf 87' lang='lat' dir='ltr'><strong>homines</strong></span> <span class='ocrx_word' id='word_1_571' title='bbox 3126 3646 3220 3718; x_wconf 91' lang='lat' dir='ltr'><strong>qui</strong></span> <span class='ocrx_word' id='word_1_572' title='bbox 3244 3647 3300 3703; x_wconf 90' lang='lat' dir='ltr'><strong>in</strong></span> <span class='ocrx_word' id='word_1_573' title='bbox 3320 3645 3411 3700; x_wconf 88' lang='lat' dir='ltr'><strong>illo</strong></span> <span class='ocrx_word' id='word_1_574' title='bbox 3432 3654 3579 3711; x_wconf 82' lang='lat' dir='ltr'><strong>sunt,</strong></span> 
     </span>
    </p>
   </div>
   <div class='ocr_carea' id='block_1_40' title="bbox 308 3727 3646 3819">
    <p class='ocr_par' dir='ltr' id='par_1_40' title="bbox 308 3727 3646 3819">
     <span class='ocr_line' id='line_1_41' title="bbox 308 3727 3646 3819; baseline -0.002 -20"><span class='ocrx_word' id='word_1_575' title='bbox 308 3758 470 3799; x_wconf 89' lang='lat' dir='ltr'><strong>cuum</strong></span> <span class='ocrx_word' id='word_1_576' title='bbox 497 3750 740 3799; x_wconf 87' lang='lat' dir='ltr'><strong>curreret</strong></span> <span class='ocrx_word' id='word_1_577' title='bbox 763 3750 857 3801; x_wconf 88' lang='lat' dir='ltr'><strong>aut</strong></span> <span class='ocrx_word' id='word_1_578' title='bbox 879 3742 1226 3803; x_wconf 86' lang='lat' dir='ltr'><strong>cucurrisset.</strong></span> <span class='ocrx_word' id='word_1_579' title='bbox 1261 3727 1556 3813; x_wconf 79' lang='lat' dir='ltr'><strong>sequitur:</strong></span> <span class='ocrx_word' id='word_1_580' title='bbox 1890 3812 1895 3819; x_wconf 25' lang='lat'><strong><em>,</em></strong></span> <span class='ocrx_word' id='word_1_581' title='bbox 1995 3727 2396 3819; x_wconf 84' lang='lat' dir='ltr'><strong>intelligendum</strong></span> <span class='ocrx_word' id='word_1_582' title='bbox 2424 3752 2525 3809; x_wconf 89' lang='lat' dir='ltr'><strong>est,</strong></span> <span class='ocrx_word' id='word_1_583' title='bbox 2568 3742 2712 3797; x_wconf 85' lang='lat' dir='ltr'><strong>sicut</strong></span> <span class='ocrx_word' id='word_1_584' title='bbox 2751 3741 2983 3805; x_wconf 83' lang='lat' dir='ltr'><strong>dicimus</strong></span> <span class='ocrx_word' id='word_1_585' title='bbox 3024 3738 3313 3809; x_wconf 78' lang='lat' dir='ltr'><strong>malignam</strong></span> <span class='ocrx_word' id='word_1_586' title='bbox 3359 3736 3585 3801; x_wconf 72' lang='lat' dir='ltr'><strong>domum</strong></span> <span class='ocrx_word' id='word_1_587' title='bbox 3638 3794 3646 3813; x_wconf 57' lang='grc'><em>,</em></span> 
     </span>
    </p>
   </div>
   <div class='ocr_carea' id='block_1_41' title="bbox 391 3829 3579 3909">
    <p class='ocr_par' dir='ltr' id='par_1_41' title="bbox 391 3829 3579 3909">
     <span class='ocr_line' id='line_1_42' title="bbox 391 3829 3579 3909; baseline -0.002 -20"><span class='ocrx_word' id='word_1_588' title='bbox 391 3832 497 3889; x_wconf 88' lang='lat' dir='ltr'><strong>Sed</strong></span> <span class='ocrx_word' id='word_1_589' title='bbox 521 3851 612 3905; x_wconf 86' lang='lat' dir='ltr'><strong>per</strong></span> <span class='ocrx_word' id='word_1_590' title='bbox 656 3833 839 3889; x_wconf 74' lang='lat' dir='ltr'><strong>Iesum</strong></span> <span class='ocrx_word' id='word_1_591' title='bbox 886 3829 1176 3898; x_wconf 71' lang='lat' dir='ltr'><strong>Christum,</strong></span> <span class='ocrx_word' id='word_1_592' title='bbox 1223 3842 1270 3888; x_wconf 86' lang='lat' dir='ltr'><strong>et</strong></span> <span class='ocrx_word' id='word_1_593' title='bbox 1314 3832 1484 3889; x_wconf 85' lang='lat' dir='ltr'><strong>Deum</strong></span> <span class='ocrx_word' id='word_1_594' title='bbox 1532 3832 1770 3898; x_wconf 70' lang='lat' dir='ltr'><strong>Patrem,</strong></span> <span class='ocrx_word' id='word_1_595' title='bbox 1805 3835 1897 3906; x_wconf 82' lang='lat' dir='ltr'><strong>qui</strong></span> <span class='ocrx_word' id='word_1_596' title='bbox 1995 3846 2217 3909; x_wconf 82' lang='lat' dir='ltr'><strong>propter</strong></span> <span class='ocrx_word' id='word_1_597' title='bbox 2245 3833 2509 3907; x_wconf 78' lang='lat' dir='ltr'><strong>malignos</strong></span> <span class='ocrx_word' id='word_1_598' title='bbox 2538 3831 2904 3902; x_wconf 77' lang='lat' dir='ltr'><strong>inhabitantes</strong></span> <span class='ocrx_word' id='word_1_599' title='bbox 2930 3830 2985 3885; x_wconf 91' lang='lat' dir='ltr'><strong>in</strong></span> <span class='ocrx_word' id='word_1_600' title='bbox 3012 3843 3099 3897; x_wconf 75' lang='lat' dir='ltr'><strong>ea,</strong></span> <span class='ocrx_word' id='word_1_601' title='bbox 3123 3844 3232 3884; x_wconf 90' lang='lat' dir='ltr'><strong>non</strong></span> <span class='ocrx_word' id='word_1_602' title='bbox 3260 3836 3443 3883; x_wconf 83' lang='lat' dir='ltr'><strong>tamen</strong></span> <span class='ocrx_word' id='word_1_603' title='bbox 3473 3842 3579 3884; x_wconf 62' lang='lat' dir='ltr'><strong>saa-</strong></span> 
     </span>
    </p>
   </div>
   <div class='ocr_carea' id='block_1_42' title="bbox 310 3918 3588 3994">
    <p class='ocr_par' dir='ltr' id='par_1_42' title="bbox 310 3918 3588 3994">
     <span class='ocr_line' id='line_1_43' title="bbox 310 3918 3588 3994; baseline -0.001 -10"><span class='ocrx_word' id='word_1_604' title='bbox 310 3928 580 3984; x_wconf 81' lang='lat' dir='ltr'><strong>suscitavit</strong></span> <span class='ocrx_word' id='word_1_605' title='bbox 609 3943 729 3982; x_wconf 82' lang='lat' dir='ltr'><strong>eum</strong></span> <span class='ocrx_word' id='word_1_606' title='bbox 761 3944 793 3981; x_wconf 89' lang='lat' dir='ltr'><strong>a</strong></span> <span class='ocrx_word' id='word_1_607' title='bbox 820 3927 1058 3980; x_wconf 76' lang='lat' dir='ltr'><strong>mortuis.</strong></span> <span class='ocrx_word' id='word_1_608' title='bbox 1103 3925 1239 3992; x_wconf 87' lang='lat' dir='ltr'><strong>Quia</strong></span> <span class='ocrx_word' id='word_1_609' title='bbox 1286 3927 1430 3980; x_wconf 91' lang='lat' dir='ltr'><strong>enim</strong></span> <span class='ocrx_word' id='word_1_610' title='bbox 1463 3933 1520 3981; x_wconf 89' lang='lat' dir='ltr'><strong>et</strong></span> <span class='ocrx_word' id='word_1_611' title='bbox 1563 3924 1686 3979; x_wconf 88' lang='lat' dir='ltr'><strong>Filii</strong></span> <span class='ocrx_word' id='word_1_612' title='bbox 1715 3933 1771 3979; x_wconf 92' lang='lat' dir='ltr'><strong>et</strong></span> <span class='ocrx_word' id='word_1_613' title='bbox 1795 3925 1898 3980; x_wconf 89' lang='lat' dir='ltr'><strong>Pa-</strong></span> <span class='ocrx_word' id='word_1_614' title='bbox 1997 3926 2176 3983; x_wconf 91' lang='lat' dir='ltr'><strong>culum</strong></span> <span class='ocrx_word' id='word_1_615' title='bbox 2206 3924 2382 3994; x_wconf 91' lang='lat' dir='ltr'><strong>ipsum</strong></span> <span class='ocrx_word' id='word_1_616' title='bbox 2413 3923 2557 3993; x_wconf 81' lang='lat' dir='ltr'><strong>quod</strong></span> <span class='ocrx_word' id='word_1_617' title='bbox 2577 3921 2665 3976; x_wconf 89' lang='lat' dir='ltr'><strong>die</strong></span> <span class='ocrx_word' id='word_1_618' title='bbox 2691 3927 2747 3975; x_wconf 90' lang='lat' dir='ltr'><strong>et</strong></span> <span class='ocrx_word' id='word_1_619' title='bbox 2777 3927 2955 3991; x_wconf 75' lang='lat' dir='ltr'><strong>nocte,</strong></span> <span class='ocrx_word' id='word_1_620' title='bbox 2979 3918 3139 3975; x_wconf 88' lang='lat' dir='ltr'><strong>annis</strong></span> <span class='ocrx_word' id='word_1_621' title='bbox 3155 3919 3327 3975; x_wconf 90' lang='lat' dir='ltr'><strong>currit</strong></span> <span class='ocrx_word' id='word_1_622' title='bbox 3350 3928 3408 3977; x_wconf 85' lang='lat' dir='ltr'><strong>et</strong></span> <span class='ocrx_word' id='word_1_623' title='bbox 3434 3935 3588 3980; x_wconf 72' lang='lat' dir='ltr'><strong>mett-</strong></span> 
     </span>
    </p>
   </div>
   <div class='ocr_carea' id='block_1_43' title="bbox 311 4012 3578 4093">
    <p class='ocr_par' dir='ltr' id='par_1_43' title="bbox 311 4012 3578 4093">
     <span class='ocr_line' id='line_1_44' title="bbox 311 4012 3578 4093; baseline -0.002 -18"><span class='ocrx_word' id='word_1_624' title='bbox 311 4020 419 4075; x_wconf 90' lang='lat' dir='ltr'><strong>tris</strong></span> <span class='ocrx_word' id='word_1_625' title='bbox 446 4033 549 4073; x_wconf 90' lang='lat' dir='ltr'><strong>una</strong></span> <span class='ocrx_word' id='word_1_626' title='bbox 572 4025 654 4074; x_wconf 90' lang='lat' dir='ltr'><strong>est</strong></span> <span class='ocrx_word' id='word_1_627' title='bbox 677 4019 919 4091; x_wconf 77' lang='lat' dir='ltr'><strong>operatio</strong></span> <span class='ocrx_word' id='word_1_628' title='bbox 945 4035 957 4070; x_wconf 91' lang='lat'><strong>:</strong></span> <span class='ocrx_word' id='word_1_629' title='bbox 989 4024 1046 4071; x_wconf 84' lang='lat' dir='ltr'><strong>et</strong></span> <span class='ocrx_word' id='word_1_630' title='bbox 1068 4023 1127 4072; x_wconf 93' lang='lat' dir='ltr'><strong>ut</strong></span> <span class='ocrx_word' id='word_1_631' title='bbox 1147 4016 1289 4073; x_wconf 90' lang='lat' dir='ltr'><strong>scias</strong></span> <span class='ocrx_word' id='word_1_632' title='bbox 1316 4017 1445 4093; x_wconf 90' lang='lat' dir='ltr'><strong>quia</strong></span> <span class='ocrx_word' id='word_1_633' title='bbox 1480 4016 1622 4072; x_wconf 89' lang='lat' dir='ltr'><strong>Deus</strong></span> <span class='ocrx_word' id='word_1_634' title='bbox 1643 4023 1722 4071; x_wconf 88' lang='lat' dir='ltr'><strong>est</strong></span> <span class='ocrx_word' id='word_1_635' title='bbox 1743 4014 1902 4070; x_wconf 86' lang='lat' dir='ltr'><strong>Chri—</strong></span> <span class='ocrx_word' id='word_1_636' title='bbox 1999 4016 2167 4077; x_wconf 89' lang='lat' dir='ltr'><strong>sibus,</strong></span> <span class='ocrx_word' id='word_1_637' title='bbox 2200 4013 2457 4086; x_wconf 80' lang='lat' dir='ltr'><strong>appellari</strong></span> <span class='ocrx_word' id='word_1_638' title='bbox 2502 4012 2851 4079; x_wconf 28' lang='lat' dir='ltr'><strong>malum,,sed</strong></span> <span class='ocrx_word' id='word_1_639' title='bbox 2871 4028 2943 4079; x_wconf 15' lang='lat' dir='ltr'><strong>ea,</strong></span> <span class='ocrx_word' id='word_1_640' title='bbox 2971 4028 3090 4084; x_wconf 82' lang='lat' dir='ltr'><strong>quae</strong></span> <span class='ocrx_word' id='word_1_641' title='bbox 3110 4014 3169 4069; x_wconf 92' lang='lat' dir='ltr'><strong>in</strong></span> <span class='ocrx_word' id='word_1_642' title='bbox 3195 4012 3394 4071; x_wconf 66' lang='lat' dir='ltr'><strong>saaculo</strong></span> <span class='ocrx_word' id='word_1_643' title='bbox 3418 4012 3578 4075; x_wconf 71' lang='lat' dir='ltr'><strong>ﬁunt.</strong></span> 
     </span>
    </p>
   </div>
   <div class='ocr_carea' id='block_1_44' title="bbox 313 4092 3583 4185">
    <p class='ocr_par' dir='ltr' id='par_1_44' title="bbox 313 4092 3583 4185">
     <span class='ocr_line' id='line_1_45' title="bbox 313 4092 3583 4185; baseline -0 -22"><span class='ocrx_word' id='word_1_644' title='bbox 313 4115 456 4176; x_wconf 86' lang='lat' dir='ltr'><strong>stus,</strong></span> <span class='ocrx_word' id='word_1_645' title='bbox 483 4122 514 4161; x_wconf 90' lang='lat' dir='ltr'><strong>a</strong></span> <span class='ocrx_word' id='word_1_646' title='bbox 546 4122 652 4178; x_wconf 92' lang='lat' dir='ltr'><strong>quo</strong></span> <span class='ocrx_word' id='word_1_647' title='bbox 678 4092 769 4162; x_wconf 89' lang='lat' dir='ltr'><strong>ille</strong></span> <span class='ocrx_word' id='word_1_648' title='bbox 804 4117 889 4163; x_wconf 90' lang='lat' dir='ltr'><strong>est</strong></span> <span class='ocrx_word' id='word_1_649' title='bbox 930 4100 1104 4179; x_wconf 77' lang='lat' dir='ltr'><strong>factus</strong></span> <span class='ocrx_word' id='word_1_650' title='bbox 1146 4092 1440 4178; x_wconf 87' lang='lat' dir='ltr'><strong>apostolus,</strong></span> <span class='ocrx_word' id='word_1_651' title='bbox 1490 4105 1775 4176; x_wconf 84' lang='lat' dir='ltr'><strong>diligenter</strong></span> <span class='ocrx_word' id='word_1_652' title='bbox 1801 4105 1899 4161; x_wconf 88' lang='lat' dir='ltr'><strong>ad—</strong></span> <span class='ocrx_word' id='word_1_653' title='bbox 2000 4106 2279 4185; x_wconf 76' lang='lat' dir='ltr'><strong>Quomodo</strong></span> <span class='ocrx_word' id='word_1_654' title='bbox 2301 4103 2544 4171; x_wconf 83' lang='lat' dir='ltr'><strong>sulIieere</strong></span> <span class='ocrx_word' id='word_1_655' title='bbox 2557 4104 2756 4160; x_wconf 89' lang='lat' dir='ltr'><strong>dicitur</strong></span> <span class='ocrx_word' id='word_1_656' title='bbox 2772 4104 2875 4173; x_wconf 78' lang='lat' dir='ltr'><strong>diei</strong></span> <span class='ocrx_word' id='word_1_657' title='bbox 2899 4104 3102 4159; x_wconf 86' lang='lat' dir='ltr'><strong>malitia</strong></span> <span class='ocrx_word' id='word_1_658' title='bbox 3127 4120 3224 4171; x_wconf 85' lang='lat' dir='ltr'><strong>sua</strong></span> <span class='ocrx_word' id='word_1_659' title='bbox 3248 4103 3583 4177; x_wconf 65' lang='lat' dir='ltr'><strong>(Manium).</strong></span> 
     </span>
    </p>
   </div>
   <div class='ocr_carea' id='block_1_45' title="bbox 312 4192 3597 4269">
    <p class='ocr_par' dir='ltr' id='par_1_45' title="bbox 312 4192 3597 4269">
     <span class='ocr_line' id='line_1_46' title="bbox 312 4192 3597 4269; baseline 0 -14"><span class='ocrx_word' id='word_1_660' title='bbox 312 4208 470 4255; x_wconf 87' lang='lat' dir='ltr'><strong>verte</strong></span> <span class='ocrx_word' id='word_1_661' title='bbox 514 4196 822 4269; x_wconf 79' lang='lat' dir='ltr'><strong>quod‘ante</strong></span> <span class='ocrx_word' id='word_1_662' title='bbox 858 4197 1221 4253; x_wconf 86' lang='lat' dir='ltr'><strong>nominaverit</strong></span> <span class='ocrx_word' id='word_1_663' title='bbox 1246 4197 1443 4255; x_wconf 90' lang='lat' dir='ltr'><strong>Filium</strong></span> <span class='ocrx_word' id='word_1_664' title='bbox 1471 4212 1635 4267; x_wconf 90' lang='lat' dir='ltr'><strong>quam</strong></span> <span class='ocrx_word' id='word_1_665' title='bbox 1660 4196 1903 4265; x_wconf 83' lang='lat' dir='ltr'><strong>Patrem,</strong></span> <span class='ocrx_word' id='word_1_666' title='bbox 2003 4199 2071 4255; x_wconf 87' lang='lat' dir='ltr'><strong>Et</strong></span> <span class='ocrx_word' id='word_1_667' title='bbox 2090 4199 2205 4256; x_wconf 90' lang='lat' dir='ltr'><strong>dies</strong></span> <span class='ocrx_word' id='word_1_668' title='bbox 2223 4194 2389 4253; x_wconf 89' lang='lat' dir='ltr'><strong>Jacob</strong></span> <span class='ocrx_word' id='word_1_669' title='bbox 2421 4196 2573 4269; x_wconf 88' lang='lat' dir='ltr'><strong>parvi</strong></span> <span class='ocrx_word' id='word_1_670' title='bbox 2599 4196 2908 4252; x_wconf 89' lang='lat' dir='ltr'><strong>scribuntur</strong></span> <span class='ocrx_word' id='word_1_671' title='bbox 2934 4203 2995 4252; x_wconf 89' lang='lat' dir='ltr'><strong>et</strong></span> <span class='ocrx_word' id='word_1_672' title='bbox 3026 4196 3152 4267; x_wconf 81' lang='lat' dir='ltr'><strong>mali</strong></span> <span class='ocrx_word' id='word_1_673' title='bbox 3188 4192 3339 4268; x_wconf 86' lang='lat' dir='ltr'><strong>(Gen.</strong></span> <span class='ocrx_word' id='word_1_674' title='bbox 3378 4195 3597 4269; x_wconf 59' lang='lat' dir='ltr'><strong>sunt);</strong></span> 
     </span>
    </p>
   </div>
   <div class='ocr_carea' id='block_1_46' title="bbox 315 4286 3587 4367">
    <p class='ocr_par' dir='ltr' id='par_1_46' title="bbox 315 4286 3587 4367">
     <span class='ocr_line' id='line_1_47' title="bbox 315 4286 3587 4367; baseline 0 -21"><span class='ocrx_word' id='word_1_675' title='bbox 315 4299 507 4347; x_wconf 86' lang='lat' dir='ltr'><strong>contra</strong></span> <span class='ocrx_word' id='word_1_676' title='bbox 532 4288 831 4344; x_wconf 88' lang='lat' dir='ltr'><strong>calumnias</strong></span> <span class='ocrx_word' id='word_1_677' title='bbox 857 4287 1201 4345; x_wconf 83' lang='lat' dir='ltr'><strong>Arianorum.</strong></span> <span class='ocrx_word' id='word_1_678' title='bbox 1251 4289 1384 4345; x_wconf 92' lang='lat' dir='ltr'><strong>lllud</strong></span> <span class='ocrx_word' id='word_1_679' title='bbox 1411 4304 1543 4345; x_wconf 88' lang='lat' dir='ltr'><strong>vero</strong></span> <span class='ocrx_word' id='word_1_680' title='bbox 1584 4289 1730 4362; x_wconf 90' lang='lat' dir='ltr'><strong>quod</strong></span> <span class='ocrx_word' id='word_1_681' title='bbox 1757 4289 1906 4345; x_wconf 88' lang='lat' dir='ltr'><strong>addi—</strong></span> <span class='ocrx_word' id='word_1_682' title='bbox 2004 4308 2113 4350; x_wconf 89' lang='lat' dir='ltr'><strong>non</strong></span> <span class='ocrx_word' id='word_1_683' title='bbox 2137 4292 2278 4367; x_wconf 89' lang='lat' dir='ltr'><strong>quod</strong></span> <span class='ocrx_word' id='word_1_684' title='bbox 2306 4292 2538 4360; x_wconf 86' lang='lat' dir='ltr'><strong>spatium</strong></span> <span class='ocrx_word' id='word_1_685' title='bbox 2569 4288 2846 4361; x_wconf 83' lang='lat' dir='ltr'><strong>temporis,</strong></span> <span class='ocrx_word' id='word_1_686' title='bbox 2894 4289 2953 4343; x_wconf 86' lang='lat' dir='ltr'><strong>in</strong></span> <span class='ocrx_word' id='word_1_687' title='bbox 2989 4303 3096 4360; x_wconf 90' lang='lat' dir='ltr'><strong>quo</strong></span> <span class='ocrx_word' id='word_1_688' title='bbox 3114 4288 3254 4343; x_wconf 80' lang='lat' dir='ltr'><strong>vixit</strong></span> <span class='ocrx_word' id='word_1_689' title='bbox 3275 4286 3442 4344; x_wconf 83' lang='lat' dir='ltr'><strong>Jacob</strong></span> <span class='ocrx_word' id='word_1_690' title='bbox 3468 4302 3587 4347; x_wconf 52' lang='lat' dir='ltr'><strong>mas</strong></span> 
     </span>
    </p>
   </div>
   <div class='ocr_carea' id='block_1_47' title="bbox 317 4376 3588 4454">
    <p class='ocr_par' dir='ltr' id='par_1_47' title="bbox 317 4376 3588 4454">
     <span class='ocr_line' id='line_1_48' title="bbox 317 4376 3588 4454; baseline -0 -18"><span class='ocrx_word' id='word_1_691' title='bbox 317 4380 417 4447; x_wconf 87' lang='lat' dir='ltr'><strong>dit,</strong></span> <span class='ocrx_word' id='word_1_692' title='bbox 443 4380 533 4452; x_wconf 88' lang='lat' dir='ltr'><strong>qui</strong></span> <span class='ocrx_word' id='word_1_693' title='bbox 565 4376 829 4435; x_wconf 81' lang='lat' dir='ltr'><strong>suscitavit</strong></span> <span class='ocrx_word' id='word_1_694' title='bbox 868 4396 988 4433; x_wconf 81' lang='lat' dir='ltr'><strong>eum</strong></span> <span class='ocrx_word' id='word_1_695' title='bbox 1008 4397 1042 4433; x_wconf 91' lang='lat' dir='ltr'><strong>a</strong></span> <span class='ocrx_word' id='word_1_696' title='bbox 1071 4378 1311 4447; x_wconf 79' lang='lat' dir='ltr'><strong>mortuis,</strong></span> <span class='ocrx_word' id='word_1_697' title='bbox 1342 4380 1639 4435; x_wconf 90' lang='lat' dir='ltr'><strong>secundum</strong></span> <span class='ocrx_word' id='word_1_698' title='bbox 1670 4381 1774 4436; x_wconf 83' lang='lat' dir='ltr'><strong>hoc</strong></span> <span class='ocrx_word' id='word_1_699' title='bbox 1793 4394 1907 4435; x_wconf 88' lang='lat' dir='ltr'><strong>cre-</strong></span> <span class='ocrx_word' id='word_1_700' title='bbox 2005 4387 2117 4442; x_wconf 88' lang='lat' dir='ltr'><strong>lum</strong></span> <span class='ocrx_word' id='word_1_701' title='bbox 2152 4384 2335 4450; x_wconf 79' lang='lat' dir='ltr'><strong>fuerit,</strong></span> <span class='ocrx_word' id='word_1_702' title='bbox 2386 4385 2481 4440; x_wconf 74' lang='lat' dir='ltr'><strong>sed</strong></span> <span class='ocrx_word' id='word_1_703' title='bbox 2505 4383 2647 4454; x_wconf 85' lang='lat' dir='ltr'><strong>quod</strong></span> <span class='ocrx_word' id='word_1_704' title='bbox 2699 4398 2780 4447; x_wconf 88' lang='lat' dir='ltr'><strong>ea,</strong></span> <span class='ocrx_word' id='word_1_705' title='bbox 2827 4398 2949 4454; x_wconf 64' lang='lat' dir='ltr'><strong>qua;</strong></span> <span class='ocrx_word' id='word_1_706' title='bbox 2970 4381 3250 4450; x_wconf 81' lang='lat' dir='ltr'><strong>sustinuit,</strong></span> <span class='ocrx_word' id='word_1_707' title='bbox 3294 4396 3393 4453; x_wconf 86' lang='lat' dir='ltr'><strong>per</strong></span> <span class='ocrx_word' id='word_1_708' title='bbox 3432 4381 3588 4438; x_wconf 79' lang='lat' dir='ltr'><strong>varia</strong></span> 
     </span>
    </p>
   </div>
   <div class='ocr_carea' id='block_1_48' title="bbox 317 4468 2983 4547">
    <p class='ocr_par' dir='ltr' id='par_1_48' title="bbox 317 4468 2983 4547">
     <span class='ocr_line' id='line_1_49' title="bbox 317 4468 2983 4547; baseline -0 -19"><span class='ocrx_word' id='word_1_709' title='bbox 317 4473 467 4528; x_wconf 90' lang='lat' dir='ltr'><strong>ditur</strong></span> <span class='ocrx_word' id='word_1_710' title='bbox 499 4472 816 4539; x_wconf 86' lang='lat' dir='ltr'><strong>suscitatus,</strong></span> <span class='ocrx_word' id='word_1_711' title='bbox 862 4470 1157 4527; x_wconf 86' lang='lat' dir='ltr'><strong>secundum</strong></span> <span class='ocrx_word' id='word_1_712' title='bbox 1185 4468 1333 4543; x_wconf 91' lang='lat' dir='ltr'><strong>quod</strong></span> <span class='ocrx_word' id='word_1_713' title='bbox 1375 4471 1513 4526; x_wconf 90' lang='lat' dir='ltr'><strong>mori</strong></span> <span class='ocrx_word' id='word_1_714' title='bbox 1556 4470 1751 4540; x_wconf 89' lang='lat' dir='ltr'><strong>potuit,</strong></span> <span class='ocrx_word' id='word_1_715' title='bbox 1791 4469 1905 4526; x_wconf 91' lang='lat' dir='ltr'><strong>sola</strong></span> <span class='ocrx_word' id='word_1_716' title='bbox 2008 4494 2134 4534; x_wconf 77' lang='lat' dir='ltr'><strong>eum</strong></span> <span class='ocrx_word' id='word_1_717' title='bbox 2158 4483 2516 4533; x_wconf 78' lang='lat' dir='ltr'><strong>exercuerunt</strong></span> <span class='ocrx_word' id='word_1_718' title='bbox 2542 4483 2983 4547; x_wconf 82' lang='lat' dir='ltr'><strong>temperamenta.</strong></span> 
     </span>
    </p>
   </div>
   <div class='ocr_carea' id='block_1_49' title="bbox 317 4562 3590 4662">
    <p class='ocr_par' dir='ltr' id='par_1_49' title="bbox 317 4562 3590 4662">
     <span class='ocr_line' id='line_1_50' title="bbox 317 4562 3590 4662; baseline 0 -41"><span class='ocrx_word' id='word_1_719' title='bbox 317 4562 527 4621; x_wconf 74' lang='lat' dir='ltr'><strong>Scilicet</strong></span> <span class='ocrx_word' id='word_1_720' title='bbox 554 4578 739 4620; x_wconf 90' lang='lat' dir='ltr'><strong>carne.</strong></span> <span class='ocrx_word' id='word_1_721' title='bbox 1214 4653 1233 4662; x_wconf 33' lang='grc' dir='ltr'><strong><em>Α</em></strong></span> <span class='ocrx_word' id='word_1_722' title='bbox 1456 4650 1497 4662; x_wconf 35' lang='grc' dir='ltr'><strong>ἡ</strong></span> <span class='ocrx_word' id='word_1_723' title='bbox 1753 4652 1786 4662; x_wconf 46' lang='grc' dir='ltr'>κ</span> <span class='ocrx_word' id='word_1_724' title='bbox 2082 4566 2380 4624; x_wconf 82' lang='lat' dir='ltr'><strong>Secundum</strong></span> <span class='ocrx_word' id='word_1_725' title='bbox 2406 4567 2731 4645; x_wconf 68' lang='lat' dir='ltr'><strong>uoluntatem</strong></span> <span class='ocrx_word' id='word_1_726' title='bbox 2762 4566 2861 4622; x_wconf 87' lang='lat' dir='ltr'><strong>Dei</strong></span> <span class='ocrx_word' id='word_1_727' title='bbox 2898 4576 2947 4625; x_wconf 84' lang='lat' dir='ltr'><strong>et</strong></span> <span class='ocrx_word' id='word_1_728' title='bbox 2972 4565 3151 4623; x_wconf 77' lang='lat' dir='ltr'><strong>Patris</strong></span> <span class='ocrx_word' id='word_1_729' title='bbox 3178 4566 3369 4633; x_wconf 79' lang='lat' dir='ltr'><strong>nostri,</strong></span> <span class='ocrx_word' id='word_1_730' title='bbox 3397 4567 3483 4625; x_wconf 69' lang='lat' dir='ltr'><strong>cui</strong></span> <span class='ocrx_word' id='word_1_731' title='bbox 3510 4574 3590 4623; x_wconf 80' lang='lat' dir='ltr'><strong>est</strong></span> 
     </span>
    </p>
   </div>
   <div class='ocr_carea' id='block_1_50' title="bbox 392 4650 3594 4735">
    <p class='ocr_par' dir='ltr' id='par_1_50' title="bbox 392 4650 3594 4735">
     <span class='ocr_line' id='line_1_51' title="bbox 392 4650 3594 4735; baseline -0.001 -26"><span class='ocrx_word' id='word_1_732' title='bbox 392 4654 462 4710; x_wconf 86' lang='lat' dir='ltr'><strong>Et</strong></span> <span class='ocrx_word' id='word_1_733' title='bbox 485 4654 573 4726; x_wconf 86' lang='lat' dir='ltr'><strong>qui</strong></span> <span class='ocrx_word' id='word_1_734' title='bbox 601 4671 802 4708; x_wconf 87' lang='lat' dir='ltr'><strong>mecum</strong></span> <span class='ocrx_word' id='word_1_735' title='bbox 840 4663 961 4733; x_wconf 81' lang='lat' dir='ltr'><strong>sunt</strong></span> <span class='ocrx_word' id='word_1_736' title='bbox 992 4671 1168 4709; x_wconf 87' lang='lat' dir='ltr'><strong>omnes</strong></span> <span class='ocrx_word' id='word_1_737' title='bbox 1204 4653 1415 4727; x_wconf 68' lang='lat' dir='ltr'><strong>fratres,</strong></span> <span class='ocrx_word' id='word_1_738' title='bbox 1450 4650 1700 4709; x_wconf 81' lang='lat' dir='ltr'><strong>Ecclesiis</strong></span> <span class='ocrx_word' id='word_1_739' title='bbox 1744 4652 1907 4717; x_wconf 79' lang='lat' dir='ltr'><strong>Gala-</strong></span> <span class='ocrx_word' id='word_1_740' title='bbox 1930 4650 1978 4662; x_wconf 76' lang='grc'><strong>’“’</strong></span> <span class='ocrx_word' id='word_1_741' title='bbox 2009 4660 2200 4732; x_wconf 66' lang='lat' dir='ltr'><strong>gloria.</strong></span> <span class='ocrx_word' id='word_1_742' title='bbox 2234 4659 2445 4735; x_wconf 79' lang='lat' dir='ltr'><strong>Quanto</strong></span> <span class='ocrx_word' id='word_1_743' title='bbox 2470 4660 2634 4733; x_wconf 70' lang='lat' dir='ltr'><strong>igitur</strong></span> <span class='ocrx_word' id='word_1_744' title='bbox 2677 4660 2848 4732; x_wconf 69' lang='lat' dir='ltr'><strong>magis</strong></span> <span class='ocrx_word' id='word_1_745' title='bbox 2876 4660 3120 4716; x_wconf 80' lang='lat' dir='ltr'><strong>homines</strong></span> <span class='ocrx_word' id='word_1_746' title='bbox 3147 4674 3255 4715; x_wconf 79' lang='lat' dir='ltr'><strong>non</strong></span> <span class='ocrx_word' id='word_1_747' title='bbox 3281 4659 3477 4715; x_wconf 75' lang='lat' dir='ltr'><strong>debent</strong></span> <span class='ocrx_word' id='word_1_748' title='bbox 3503 4674 3594 4715; x_wconf 70' lang='lat' dir='ltr'><strong>ar.</strong></span> 
     </span>
    </p>
   </div>
   <div class='ocr_carea' id='block_1_51' title="bbox 320 4742 1908 4817">
    <p class='ocr_par' dir='ltr' id='par_1_51' title="bbox 320 4742 1908 4817">
     <span class='ocr_line' id='line_1_52' title="bbox 320 4742 1908 4817; baseline -0.001 -16"><span class='ocrx_word' id='word_1_749' title='bbox 320 4746 429 4801; x_wconf 76' lang='lat' dir='ltr'><strong>tite.</strong></span> <span class='ocrx_word' id='word_1_750' title='bbox 459 4745 519 4805; x_wconf 83' lang='lat' dir='ltr'><strong>In</strong></span> <span class='ocrx_word' id='word_1_751' title='bbox 547 4746 668 4801; x_wconf 89' lang='lat' dir='ltr'><strong>aliis</strong></span> <span class='ocrx_word' id='word_1_752' title='bbox 704 4744 957 4817; x_wconf 91' lang='lat' dir='ltr'><strong>Epistolis</strong></span> <span class='ocrx_word' id='word_1_753' title='bbox 1002 4742 1297 4817; x_wconf 85' lang='lat' dir='ltr'><strong>Sosthenes</strong></span> <span class='ocrx_word' id='word_1_754' title='bbox 1342 4752 1397 4801; x_wconf 89' lang='lat' dir='ltr'><strong>et</strong></span> <span class='ocrx_word' id='word_1_755' title='bbox 1440 4745 1708 4810; x_wconf 90' lang='lat' dir='ltr'><strong>Silvanus,</strong></span> <span class='ocrx_word' id='word_1_756' title='bbox 1742 4745 1908 4807; x_wconf 85' lang='lat' dir='ltr'><strong>inter-</strong></span> 
     </span>
    </p>
   </div>
   <div class='ocr_carea' id='block_1_52' title="bbox 321 4820 1907 4909">
    <p class='ocr_par' dir='ltr' id='par_1_52' title="bbox 321 4820 1907 4909">
     <span class='ocr_line' id='line_1_53' title="bbox 321 4820 1907 4909; baseline 0 -17"><span class='ocrx_word' id='word_1_757' title='bbox 321 4836 451 4893; x_wconf 89' lang='lat' dir='ltr'><strong>dum</strong></span> <span class='ocrx_word' id='word_1_758' title='bbox 474 4820 528 4893; x_wconf 82' lang='lat' dir='ltr'><strong>et</strong></span> <span class='ocrx_word' id='word_1_759' title='bbox 553 4837 869 4901; x_wconf 86' lang='lat' dir='ltr'><strong>Timotheus</strong></span> <span class='ocrx_word' id='word_1_760' title='bbox 902 4836 958 4890; x_wconf 92' lang='lat' dir='ltr'><strong>in</strong></span> <span class='ocrx_word' id='word_1_761' title='bbox 1004 4837 1226 4893; x_wconf 81' lang='lat' dir='ltr'><strong>exordio</strong></span> <span class='ocrx_word' id='word_1_762' title='bbox 1262 4828 1668 4909; x_wconf 69' lang='lat' dir='ltr'><strong>praeponuntur.</strong></span> <span class='ocrx_word' id='word_1_763' title='bbox 1714 4837 1772 4893; x_wconf 87' lang='lat' dir='ltr'><strong>In</strong></span> <span class='ocrx_word' id='word_1_764' title='bbox 1804 4838 1907 4893; x_wconf 89' lang='lat' dir='ltr'><strong>hac</strong></span> 
     </span>
    </p>
   </div>
   <div class='ocr_carea' id='block_1_53' title="bbox 321 4930 1905 5003">
    <p class='ocr_par' dir='ltr' id='par_1_53' title="bbox 321 4930 1905 5003">
     <span class='ocr_line' id='line_1_54' title="bbox 321 4930 1905 5003; baseline -0.001 -15"><span class='ocrx_word' id='word_1_765' title='bbox 321 4941 555 4999; x_wconf 88' lang='lat' dir='ltr'><strong>tantum,</strong></span> <span class='ocrx_word' id='word_1_766' title='bbox 581 4933 707 5003; x_wconf 91' lang='lat' dir='ltr'><strong>quia</strong></span> <span class='ocrx_word' id='word_1_767' title='bbox 736 4931 1042 4991; x_wconf 85' lang='lat' dir='ltr'><strong>necessaria</strong></span> <span class='ocrx_word' id='word_1_768' title='bbox 1070 4940 1188 4988; x_wconf 86' lang='lat' dir='ltr'><strong>erat</strong></span> <span class='ocrx_word' id='word_1_769' title='bbox 1214 4933 1511 5003; x_wconf 85' lang='lat' dir='ltr'><strong>auctoritas</strong></span> <span class='ocrx_word' id='word_1_770' title='bbox 1530 4930 1905 5003; x_wconf 84' lang='lat' dir='ltr'><strong>plurimorum,</strong></span> 
     </span>
    </p>
   </div>
   <div class='ocr_carea' id='block_1_54' title="bbox 321 5024 1911 5098">
    <p class='ocr_par' dir='ltr' id='par_1_54' title="bbox 321 5024 1911 5098">
     <span class='ocr_line' id='line_1_55' title="bbox 321 5024 1911 5098; baseline 0 -17"><span class='ocrx_word' id='word_1_771' title='bbox 321 5026 564 5081; x_wconf 91' lang='lat' dir='ltr'><strong>omnium</strong></span> <span class='ocrx_word' id='word_1_772' title='bbox 593 5024 821 5081; x_wconf 78' lang='lat' dir='ltr'><strong>fratrum</strong></span> <span class='ocrx_word' id='word_1_773' title='bbox 866 5041 1061 5081; x_wconf 87' lang='lat' dir='ltr'><strong>nomen</strong></span> <span class='ocrx_word' id='word_1_774' title='bbox 1102 5026 1417 5092; x_wconf 89' lang='lat' dir='ltr'><strong>assumitur,</strong></span> <span class='ocrx_word' id='word_1_775' title='bbox 1448 5027 1541 5098; x_wconf 91' lang='lat' dir='ltr'><strong>qui</strong></span> <span class='ocrx_word' id='word_1_776' title='bbox 1570 5036 1625 5082; x_wconf 93' lang='lat' dir='ltr'><strong>et</strong></span> <span class='ocrx_word' id='word_1_777' title='bbox 1669 5026 1773 5097; x_wconf 91' lang='lat' dir='ltr'><strong>ipsi</strong></span> <span class='ocrx_word' id='word_1_778' title='bbox 1799 5024 1911 5085; x_wconf 48' lang='lat' dir='ltr'><strong>forh</strong></span> 
     </span>
    </p>
   </div>
   <div class='ocr_carea' id='block_1_55' title="bbox 324 5118 1910 5188">
    <p class='ocr_par' dir='ltr' id='par_1_55' title="bbox 324 5118 1910 5188">
     <span class='ocr_line' id='line_1_56' title="bbox 324 5118 1910 5188; baseline 0 -14"><span class='ocrx_word' id='word_1_779' title='bbox 324 5118 468 5174; x_wconf 89' lang='lat' dir='ltr'><strong>sitan</strong></span> <span class='ocrx_word' id='word_1_780' title='bbox 496 5132 565 5175; x_wconf 82' lang='lat' dir='ltr'><strong>ex</strong></span> <span class='ocrx_word' id='word_1_781' title='bbox 595 5118 1007 5175; x_wconf 87' lang='lat' dir='ltr'><strong>circumcisione</strong></span> <span class='ocrx_word' id='word_1_782' title='bbox 1052 5128 1228 5188; x_wconf 89' lang='lat' dir='ltr'><strong>erant,</strong></span> <span class='ocrx_word' id='word_1_783' title='bbox 1255 5128 1310 5175; x_wconf 93' lang='lat' dir='ltr'><strong>et</strong></span> <span class='ocrx_word' id='word_1_784' title='bbox 1340 5135 1371 5174; x_wconf 93' lang='lat' dir='ltr'><strong>a</strong></span> <span class='ocrx_word' id='word_1_785' title='bbox 1403 5119 1607 5176; x_wconf 82' lang='lat' dir='ltr'><strong>Calatis</strong></span> <span class='ocrx_word' id='word_1_786' title='bbox 1641 5135 1749 5175; x_wconf 90' lang='lat' dir='ltr'><strong>non</strong></span> <span class='ocrx_word' id='word_1_787' title='bbox 1779 5134 1910 5174; x_wconf 86' lang='lat' dir='ltr'><strong>con-</strong></span> 
     </span>
    </p>
   </div>
   <div class='ocr_carea' id='block_1_56' title="bbox 323 5206 1913 5285">
    <p class='ocr_par' dir='ltr' id='par_1_56' title="bbox 323 5206 1913 5285">
     <span class='ocr_line' id='line_1_57' title="bbox 323 5206 1913 5285; baseline -0.001 -20"><span class='ocrx_word' id='word_1_788' title='bbox 323 5210 554 5281; x_wconf 82' lang='lat' dir='ltr'><strong>temptui</strong></span> <span class='ocrx_word' id='word_1_789' title='bbox 588 5209 938 5265; x_wconf 88' lang='lat' dir='ltr'><strong>ducebantur.</strong></span> <span class='ocrx_word' id='word_1_790' title='bbox 984 5207 1282 5265; x_wconf 90' lang='lat' dir='ltr'><strong>Plurimum</strong></span> <span class='ocrx_word' id='word_1_791' title='bbox 1322 5208 1520 5285; x_wconf 88' lang='lat' dir='ltr'><strong>quippe</strong></span> <span class='ocrx_word' id='word_1_792' title='bbox 1562 5206 1697 5263; x_wconf 76' lang='lat' dir='ltr'><strong>facit</strong></span> <span class='ocrx_word' id='word_1_793' title='bbox 1720 5208 1787 5264; x_wconf 89' lang='lat' dir='ltr'><strong>ad</strong></span> <span class='ocrx_word' id='word_1_794' title='bbox 1816 5222 1913 5277; x_wconf 45' lang='lat' dir='ltr'><strong>po.</strong></span> 
     </span>
    </p>
   </div>
   <div class='ocr_carea' id='block_1_57' title="bbox 322 5299 1917 5373">
    <p class='ocr_par' dir='ltr' id='par_1_57' title="bbox 322 5299 1917 5373">
     <span class='ocr_line' id='line_1_58' title="bbox 322 5299 1917 5373; baseline -0.002 -18"><span class='ocrx_word' id='word_1_795' title='bbox 322 5302 511 5372; x_wconf 90' lang='lat' dir='ltr'><strong>pulum</strong></span> <span class='ocrx_word' id='word_1_796' title='bbox 557 5299 935 5373; x_wconf 83' lang='lat' dir='ltr'><strong>corrigendum</strong></span> <span class='ocrx_word' id='word_1_797' title='bbox 978 5299 1268 5356; x_wconf 88' lang='lat' dir='ltr'><strong>multorum</strong></span> <span class='ocrx_word' id='word_1_798' title='bbox 1310 5317 1368 5355; x_wconf 79' lang='lat' dir='ltr'><strong>in</strong></span> <span class='ocrx_word' id='word_1_799' title='bbox 1393 5316 1499 5361; x_wconf 90' lang='lat' dir='ltr'><strong>una</strong></span> <span class='ocrx_word' id='word_1_800' title='bbox 1543 5314 1601 5355; x_wconf 90' lang='lat' dir='ltr'><strong>re</strong></span> <span class='ocrx_word' id='word_1_801' title='bbox 1647 5299 1917 5353; x_wconf 84' lang='lat' dir='ltr'><strong>sententia</strong></span> 
     </span>
    </p>
   </div>
   <div class='ocr_carea' id='block_1_58' title="bbox 324 5391 1910 5473">
    <p class='ocr_par' dir='ltr' id='par_1_58' title="bbox 324 5391 1910 5473">
     <span class='ocr_line' id='line_1_59' title="bbox 324 5391 1910 5473; baseline -0.003 -23"><span class='ocrx_word' id='word_1_802' title='bbox 324 5402 490 5468; x_wconf 90' lang='lat' dir='ltr'><strong>atque</strong></span> <span class='ocrx_word' id='word_1_803' title='bbox 516 5408 834 5473; x_wconf 85' lang='lat' dir='ltr'><strong>consensus.</strong></span> <span class='ocrx_word' id='word_1_804' title='bbox 863 5391 1158 5467; x_wconf 81' lang='lat' dir='ltr'><strong>Postquam</strong></span> <span class='ocrx_word' id='word_1_805' title='bbox 1182 5393 1327 5448; x_wconf 90' lang='lat' dir='ltr'><strong>enim</strong></span> <span class='ocrx_word' id='word_1_806' title='bbox 1358 5391 1734 5447; x_wconf 87' lang='lat' dir='ltr'><strong>auctoritatem</strong></span> <span class='ocrx_word' id='word_1_807' title='bbox 1757 5405 1910 5446; x_wconf 88' lang='lat' dir='ltr'><strong>suam</strong></span> 
     </span>
    </p>
   </div>
   <div class='ocr_carea' id='block_1_59' title="bbox 322 5484 1916 5557">
    <p class='ocr_par' dir='ltr' id='par_1_59' title="bbox 322 5484 1916 5557">
     <span class='ocr_line' id='line_1_60' title="bbox 322 5484 1916 5557; baseline -0.004 -12"><span class='ocrx_word' id='word_1_808' title='bbox 322 5488 745 5557; x_wconf 87' lang='lat' dir='ltr'><strong>commendavit,</strong></span> <span class='ocrx_word' id='word_1_809' title='bbox 796 5489 895 5544; x_wconf 91' lang='lat' dir='ltr'><strong>hos</strong></span> <span class='ocrx_word' id='word_1_810' title='bbox 936 5486 1106 5555; x_wconf 85' lang='lat' dir='ltr'><strong>addit,</strong></span> <span class='ocrx_word' id='word_1_811' title='bbox 1151 5495 1210 5543; x_wconf 93' lang='lat' dir='ltr'><strong>ut</strong></span> <span class='ocrx_word' id='word_1_812' title='bbox 1257 5502 1446 5547; x_wconf 85' lang='lat' dir='ltr'><strong>omnes</strong></span> <span class='ocrx_word' id='word_1_813' title='bbox 1475 5494 1774 5543; x_wconf 90' lang='lat' dir='ltr'><strong>commotos</strong></span> <span class='ocrx_word' id='word_1_814' title='bbox 1819 5484 1916 5540; x_wconf 92' lang='lat' dir='ltr'><strong>ad-</strong></span> 
     </span>
    </p>
   </div>
   <div class='ocr_carea' id='block_1_60' title="bbox 322 5578 1918 5655">
    <p class='ocr_par' dir='ltr' id='par_1_60' title="bbox 322 5578 1918 5655">
     <span class='ocr_line' id='line_1_61' title="bbox 322 5578 1918 5655; baseline 0 -20"><span class='ocrx_word' id='word_1_815' title='bbox 322 5595 517 5637; x_wconf 87' lang='lat' dir='ltr'><strong>versus</strong></span> <span class='ocrx_word' id='word_1_816' title='bbox 543 5597 638 5638; x_wconf 89' lang='lat' dir='ltr'><strong>eos</strong></span> <span class='ocrx_word' id='word_1_817' title='bbox 679 5582 1006 5647; x_wconf 88' lang='lat' dir='ltr'><strong>ostenderet,</strong></span> <span class='ocrx_word' id='word_1_818' title='bbox 1052 5578 1297 5655; x_wconf 82' lang='lat' dir='ltr'><strong>quamvis</strong></span> <span class='ocrx_word' id='word_1_819' title='bbox 1324 5579 1592 5641; x_wconf 79' lang='lat' dir='ltr'><strong>suﬂiceret</strong></span> <span class='ocrx_word' id='word_1_820' title='bbox 1621 5579 1918 5635; x_wconf 87' lang='lat' dir='ltr'><strong>auctoritas</strong></span> 
     </span>
    </p>
   </div>
   <div class='ocr_carea' id='block_1_61' title="bbox 324 5656 1920 5747">
    <p class='ocr_par' dir='ltr' id='par_1_61' title="bbox 324 5656 1920 5747">
     <span class='ocr_line' id='line_1_62' title="bbox 324 5656 1920 5747; baseline -0.002 -18"><span class='ocrx_word' id='word_1_821' title='bbox 324 5673 467 5744; x_wconf 86' lang='lat' dir='ltr'><strong>ejus,</strong></span> <span class='ocrx_word' id='word_1_822' title='bbox 490 5689 591 5728; x_wconf 90' lang='lat' dir='ltr'><strong>nec</strong></span> <span class='ocrx_word' id='word_1_823' title='bbox 620 5682 804 5747; x_wconf 83' lang='lat' dir='ltr'><strong>posset</strong></span> <span class='ocrx_word' id='word_1_824' title='bbox 833 5656 1078 5729; x_wconf 80' lang='lat' dir='ltr'><strong>refutari.</strong></span> <span class='ocrx_word' id='word_1_825' title='bbox 1109 5672 1312 5729; x_wconf 87' lang='lat' dir='ltr'><strong>Tamen</strong></span> <span class='ocrx_word' id='word_1_826' title='bbox 1340 5680 1395 5727; x_wconf 90' lang='lat' dir='ltr'><strong>ut</strong></span> <span class='ocrx_word' id='word_1_827' title='bbox 1440 5686 1602 5742; x_wconf 83' lang='lat' dir='ltr'><strong>grave</strong></span> <span class='ocrx_word' id='word_1_828' title='bbox 1631 5668 1827 5728; x_wconf 82' lang='lat' dir='ltr'><strong>factum</strong></span> <span class='ocrx_word' id='word_1_829' title='bbox 1862 5672 1920 5726; x_wconf 90' lang='lat' dir='ltr'><strong>il-</strong></span> 
     </span>
    </p>
   </div>
   <div class='ocr_carea' id='block_1_62' title="bbox 324 5757 1918 5841">
    <p class='ocr_par' dir='ltr' id='par_1_62' title="bbox 324 5757 1918 5841">
     <span class='ocr_line' id='line_1_63' title="bbox 324 5757 1918 5841; baseline -0.001 -18"><span class='ocrx_word' id='word_1_830' title='bbox 324 5769 505 5824; x_wconf 82' lang='lat' dir='ltr'><strong>lorum</strong></span> <span class='ocrx_word' id='word_1_831' title='bbox 535 5757 805 5835; x_wconf 87' lang='lat' dir='ltr'><strong>ostendat,</strong></span> <span class='ocrx_word' id='word_1_832' title='bbox 835 5786 942 5840; x_wconf 88' lang='lat' dir='ltr'><strong>quo</strong></span> <span class='ocrx_word' id='word_1_833' title='bbox 970 5785 998 5824; x_wconf 92' lang='lat' dir='ltr'><strong>a</strong></span> <span class='ocrx_word' id='word_1_834' title='bbox 1024 5773 1197 5841; x_wconf 62' lang='lat' dir='ltr'><strong>prima</strong></span> <span class='ocrx_word' id='word_1_835' title='bbox 1223 5768 1333 5823; x_wconf 86' lang='lat' dir='ltr'><strong>ﬁde</strong></span> <span class='ocrx_word' id='word_1_836' title='bbox 1356 5767 1697 5832; x_wconf 75' lang='lat' dir='ltr'><strong>des1itcraut,</strong></span> <span class='ocrx_word' id='word_1_837' title='bbox 1724 5766 1918 5822; x_wconf 88' lang='lat' dir='ltr'><strong>multos</strong></span> 
     </span>
    </p>
   </div>
   <div class='ocr_carea' id='block_1_63' title="bbox 329 5857 1974 5968">
    <p class='ocr_par' dir='ltr' id='par_1_63' title="bbox 329 5857 1974 5968">
     <span class='ocr_line' id='line_1_64' title="bbox 329 5857 1974 5968; baseline -0.001 -44"><span class='ocrx_word' id='word_1_838' title='bbox 329 5878 520 5950; x_wconf 71' lang='lat' dir='ltr'><strong>secum</strong></span> <span class='ocrx_word' id='word_1_839' title='bbox 548 5878 808 5926; x_wconf 79' lang='lat' dir='ltr'><strong>accensos</strong></span> <span class='ocrx_word' id='word_1_840' title='bbox 828 5862 907 5959; x_wconf 68' lang='lat' dir='ltr'><strong>ad</strong></span> <span class='ocrx_word' id='word_1_841' title='bbox 929 5878 1172 5927; x_wconf 76' lang='lat' dir='ltr'><strong>errorem</strong></span> <span class='ocrx_word' id='word_1_842' title='bbox 1211 5862 1430 5927; x_wconf 84' lang='lat' dir='ltr'><strong>illorum</strong></span> <span class='ocrx_word' id='word_1_843' title='bbox 1463 5857 1797 5968; x_wconf 68' lang='lat' dir='ltr'><strong>argueng</strong></span> <span class='ocrx_word' id='word_1_844' title='bbox 1821 5860 1918 5923; x_wconf 78' lang='lat' dir='ltr'><strong>de-</strong></span> <span class='ocrx_word' id='word_1_845' title='bbox 1937 5926 1974 5941; x_wconf 39' lang='grc' dir='ltr'><strong>,δ</strong></span> 
     </span>
    </p>
   </div>
   <div class='ocr_carea' id='block_1_64' title="bbox 2012 4749 3591 4825">
    <p class='ocr_par' dir='ltr' id='par_1_64' title="bbox 2012 4749 3591 4825">
     <span class='ocr_line' id='line_1_65' title="bbox 2012 4749 3591 4825; baseline -0.001 -17"><span class='ocrx_word' id='word_1_846' title='bbox 2012 4763 2265 4823; x_wconf 75' lang='lat' dir='ltr'><strong>rogantur</strong></span> <span class='ocrx_word' id='word_1_847' title='bbox 2289 4753 2359 4809; x_wconf 91' lang='lat' dir='ltr'><strong>ad</strong></span> <span class='ocrx_word' id='word_1_848' title='bbox 2385 4753 2591 4823; x_wconf 90' lang='lat' dir='ltr'><strong>seipsos</strong></span> <span class='ocrx_word' id='word_1_849' title='bbox 2621 4749 2847 4818; x_wconf 83' lang='lat' dir='ltr'><strong>referre,</strong></span> <span class='ocrx_word' id='word_1_850' title='bbox 2879 4752 2924 4819; x_wconf 83' lang='lat' dir='ltr'><strong>si</strong></span> <span class='ocrx_word' id='word_1_851' title='bbox 2954 4752 3083 4822; x_wconf 91' lang='lat' dir='ltr'><strong>quid</strong></span> <span class='ocrx_word' id='word_1_852' title='bbox 3119 4758 3412 4822; x_wconf 88' lang='lat' dir='ltr'><strong>operantur</strong></span> <span class='ocrx_word' id='word_1_853' title='bbox 3436 4751 3591 4825; x_wconf 75' lang='lat' dir='ltr'><strong>boni,</strong></span> 
     </span>
    </p>
   </div>
   <div class='ocr_carea' id='block_1_65' title="bbox 2012 4842 3594 4919">
    <p class='ocr_par' dir='ltr' id='par_1_65' title="bbox 2012 4842 3594 4919">
     <span class='ocr_line' id='line_1_66' title="bbox 2012 4842 3594 4919; baseline -0.001 -18"><span class='ocrx_word' id='word_1_854' title='bbox 2012 4842 2226 4919; x_wconf 78' lang='lat' dir='ltr'><strong>quando</strong></span> <span class='ocrx_word' id='word_1_855' title='bbox 2251 4852 2308 4899; x_wconf 90' lang='lat' dir='ltr'><strong>et</strong></span> <span class='ocrx_word' id='word_1_856' title='bbox 2346 4844 2459 4916; x_wconf 90' lang='lat' dir='ltr'><strong>ipse</strong></span> <span class='ocrx_word' id='word_1_857' title='bbox 2483 4843 2578 4903; x_wconf 88' lang='lat' dir='ltr'><strong>Dei</strong></span> <span class='ocrx_word' id='word_1_858' title='bbox 2606 4842 2772 4898; x_wconf 89' lang='lat' dir='ltr'><strong>Filius</strong></span> <span class='ocrx_word' id='word_1_859' title='bbox 2800 4843 2857 4901; x_wconf 87' lang='lat' dir='ltr'><strong>in</strong></span> <span class='ocrx_word' id='word_1_860' title='bbox 2888 4842 3183 4917; x_wconf 81' lang='lat' dir='ltr'><strong>Evangelio</strong></span> <span class='ocrx_word' id='word_1_861' title='bbox 3211 4858 3315 4899; x_wconf 91' lang='lat' dir='ltr'><strong>non</strong></span> <span class='ocrx_word' id='word_1_862' title='bbox 3361 4842 3594 4916; x_wconf 86' lang='lat' dir='ltr'><strong>gloriam</strong></span> 
     </span>
    </p>
   </div>
   <div class='ocr_carea' id='block_1_66' title="bbox 2013 4935 3594 5008">
    <p class='ocr_par' dir='ltr' id='par_1_66' title="bbox 2013 4935 3594 5008">
     <span class='ocr_line' id='line_1_67' title="bbox 2013 4935 3594 5008; baseline -0.003 -13"><span class='ocrx_word' id='word_1_863' title='bbox 2013 4955 2168 4995; x_wconf 89' lang='lat' dir='ltr'><strong>suam</strong></span> <span class='ocrx_word' id='word_1_864' title='bbox 2191 4953 2251 4994; x_wconf 84' lang='lat' dir='ltr'><strong>se</strong></span> <span class='ocrx_word' id='word_1_865' title='bbox 2273 4952 2515 5008; x_wconf 84' lang='lat' dir='ltr'><strong>quaerere</strong></span> <span class='ocrx_word' id='word_1_866' title='bbox 2559 4936 2712 5001; x_wconf 80' lang='lat' dir='ltr'><strong>dixit,</strong></span> <span class='ocrx_word' id='word_1_867' title='bbox 2740 4950 2914 5007; x_wconf 86' lang='lat' dir='ltr'><strong>neque</strong></span> <span class='ocrx_word' id='word_1_868' title='bbox 2938 4935 3266 4992; x_wconf 88' lang='lat' dir='ltr'><strong>voluntatem</strong></span> <span class='ocrx_word' id='word_1_869' title='bbox 3307 4951 3462 4994; x_wconf 88' lang='lat' dir='ltr'><strong>suam</strong></span> <span class='ocrx_word' id='word_1_870' title='bbox 3499 4951 3594 4992; x_wconf 87' lang='lat' dir='ltr'><strong>ve-</strong></span> 
     </span>
    </p>
   </div>
   <div class='ocr_carea' id='block_1_67' title="bbox 2014 5010 3598 5100">
    <p class='ocr_par' dir='ltr' id='par_1_67' title="bbox 2014 5010 3598 5100">
     <span class='ocr_line' id='line_1_68' title="bbox 2014 5010 3598 5100; baseline -0.001 -13"><span class='ocrx_word' id='word_1_871' title='bbox 2014 5032 2160 5089; x_wconf 90' lang='lat' dir='ltr'><strong>nisse</strong></span> <span class='ocrx_word' id='word_1_872' title='bbox 2211 5030 2415 5096; x_wconf 81' lang='lat' dir='ltr'><strong>facere,</strong></span> <span class='ocrx_word' id='word_1_873' title='bbox 2467 5029 2560 5087; x_wconf 88' lang='lat' dir='ltr'><strong>sed</strong></span> <span class='ocrx_word' id='word_1_874' title='bbox 2611 5028 2942 5084; x_wconf 88' lang='lat' dir='ltr'><strong>voluntatem</strong></span> <span class='ocrx_word' id='word_1_875' title='bbox 2982 5028 3098 5100; x_wconf 68' lang='lat' dir='ltr'><strong>eius</strong></span> <span class='ocrx_word' id='word_1_876' title='bbox 3144 5027 3238 5099; x_wconf 91' lang='lat' dir='ltr'><strong>qui</strong></span> <span class='ocrx_word' id='word_1_877' title='bbox 3283 5010 3407 5085; x_wconf 80' lang='lat' dir='ltr'><strong>eum</strong></span> <span class='ocrx_word' id='word_1_878' title='bbox 3444 5029 3598 5087; x_wconf 86' lang='lat' dir='ltr'><strong>misit</strong></span> 
     </span>
    </p>
   </div>
   <div class='ocr_carea' id='block_1_68' title="bbox 2015 5118 3597 5196">
    <p class='ocr_par' dir='ltr' id='par_1_68' title="bbox 2015 5118 3597 5196">
     <span class='ocr_line' id='line_1_69' title="bbox 2015 5118 3597 5196; baseline 0 -20"><span class='ocrx_word' id='word_1_879' title='bbox 2015 5122 2197 5196; x_wconf 84' lang='lat' dir='ltr'><strong>(Joan.</strong></span> <span class='ocrx_word' id='word_1_880' title='bbox 2248 5118 2388 5192; x_wconf 80' lang='lat' dir='ltr'><strong>vui).</strong></span> <span class='ocrx_word' id='word_1_881' title='bbox 2438 5120 2609 5191; x_wconf 88' lang='lat' dir='ltr'><strong>Quam</strong></span> <span class='ocrx_word' id='word_1_882' title='bbox 2658 5118 2986 5175; x_wconf 87' lang='lat' dir='ltr'><strong>voluntatem</strong></span> <span class='ocrx_word' id='word_1_883' title='bbox 3032 5119 3365 5193; x_wconf 74' lang='lat' dir='ltr'><strong>gloriamque</strong></span> <span class='ocrx_word' id='word_1_884' title='bbox 3412 5120 3597 5183; x_wconf 78' lang='lat' dir='ltr'><strong>Patris</strong></span> 
     </span>
    </p>
   </div>
   <div class='ocr_carea' id='block_1_69' title="bbox 2014 5209 3598 5283">
    <p class='ocr_par' dir='ltr' id='par_1_69' title="bbox 2014 5209 3598 5283">
     <span class='ocr_line' id='line_1_70' title="bbox 2014 5209 3598 5283; baseline 0.001 -16"><span class='ocrx_word' id='word_1_885' title='bbox 2014 5227 2160 5268; x_wconf 89' lang='lat' dir='ltr'><strong>nunc</strong></span> <span class='ocrx_word' id='word_1_886' title='bbox 2192 5210 2637 5268; x_wconf 88' lang='lat' dir='ltr'><strong>commemoravit</strong></span> <span class='ocrx_word' id='word_1_887' title='bbox 2681 5209 2990 5280; x_wconf 83' lang='lat' dir='ltr'><strong>Apostolus,</strong></span> <span class='ocrx_word' id='word_1_888' title='bbox 3018 5217 3081 5267; x_wconf 91' lang='lat' dir='ltr'><strong>ut</strong></span> <span class='ocrx_word' id='word_1_889' title='bbox 3102 5210 3223 5282; x_wconf 80' lang='lat' dir='ltr'><strong>ipse</strong></span> <span class='ocrx_word' id='word_1_890' title='bbox 3241 5227 3455 5283; x_wconf 82' lang='lat' dir='ltr'><strong>quoque</strong></span> <span class='ocrx_word' id='word_1_891' title='bbox 3496 5215 3598 5275; x_wconf 84' lang='lat' dir='ltr'><strong>Do-</strong></span> 
     </span>
    </p>
   </div>
   <div class='ocr_carea' id='block_1_70' title="bbox 2014 5302 3596 5378">
    <p class='ocr_par' dir='ltr' id='par_1_70' title="bbox 2014 5302 3596 5378">
     <span class='ocr_line' id='line_1_71' title="bbox 2014 5302 3596 5378; baseline -0.009 -17"><span class='ocrx_word' id='word_1_892' title='bbox 2014 5306 2146 5361; x_wconf 89' lang='lat' dir='ltr'><strong>mini</strong></span> <span class='ocrx_word' id='word_1_893' title='bbox 2172 5303 2437 5373; x_wconf 77' lang='lat' dir='ltr'><strong>exemplo,</strong></span> <span class='ocrx_word' id='word_1_894' title='bbox 2469 5319 2500 5359; x_wconf 88' lang='lat' dir='ltr'><strong>a</strong></span> <span class='ocrx_word' id='word_1_895' title='bbox 2523 5317 2629 5373; x_wconf 93' lang='lat' dir='ltr'><strong>quo</strong></span> <span class='ocrx_word' id='word_1_896' title='bbox 2652 5302 2848 5359; x_wconf 87' lang='lat' dir='ltr'><strong>missus</strong></span> <span class='ocrx_word' id='word_1_897' title='bbox 2870 5311 2972 5370; x_wconf 83' lang='lat' dir='ltr'><strong>est,</strong></span> <span class='ocrx_word' id='word_1_898' title='bbox 2996 5317 3102 5359; x_wconf 90' lang='lat' dir='ltr'><strong>non</strong></span> <span class='ocrx_word' id='word_1_899' title='bbox 3128 5317 3189 5363; x_wconf 87' lang='lat' dir='ltr'><strong>se</strong></span> <span class='ocrx_word' id='word_1_900' title='bbox 3211 5319 3455 5374; x_wconf 65' lang='lat' dir='ltr'><strong>quaerere</strong></span> <span class='ocrx_word' id='word_1_901' title='bbox 3474 5306 3596 5378; x_wconf 62' lang='grc' dir='ltr'><strong>κιο-</strong></span> 
     </span>
    </p>
   </div>
   <div class='ocr_carea' id='block_1_71' title="bbox 2015 5392 3599 5468">
    <p class='ocr_par' dir='ltr' id='par_1_71' title="bbox 2015 5392 3599 5468">
     <span class='ocr_line' id='line_1_72' title="bbox 2015 5392 3599 5468; baseline 0 -15"><span class='ocrx_word' id='word_1_902' title='bbox 2015 5398 2151 5454; x_wconf 86' lang='lat' dir='ltr'><strong>riam</strong></span> <span class='ocrx_word' id='word_1_903' title='bbox 2177 5411 2330 5453; x_wconf 88' lang='lat' dir='ltr'><strong>suam</strong></span> <span class='ocrx_word' id='word_1_904' title='bbox 2364 5393 2714 5467; x_wconf 82' lang='lat' dir='ltr'><strong>signiﬁcaret,</strong></span> <span class='ocrx_word' id='word_1_905' title='bbox 2744 5409 2842 5450; x_wconf 89' lang='lat' dir='ltr'><strong>nec</strong></span> <span class='ocrx_word' id='word_1_906' title='bbox 2878 5392 3057 5468; x_wconf 73' lang='lat' dir='ltr'><strong>facere</strong></span> <span class='ocrx_word' id='word_1_907' title='bbox 3083 5394 3411 5453; x_wconf 83' lang='lat' dir='ltr'><strong>voluntatem</strong></span> <span class='ocrx_word' id='word_1_908' title='bbox 3442 5411 3599 5462; x_wconf 73' lang='lat' dir='ltr'><strong>suam</strong></span> 
     </span>
    </p>
   </div>
   <div class='ocr_carea' id='block_1_72' title="bbox 2017 5485 3625 5563">
    <p class='ocr_par' dir='ltr' id='par_1_72' title="bbox 2017 5485 3625 5563">
     <span class='ocr_line' id='line_1_73' title="bbox 2017 5485 3625 5563; baseline -0.002 -20"><span class='ocrx_word' id='word_1_909' title='bbox 2017 5490 2075 5543; x_wconf 90' lang='lat' dir='ltr'><strong>in</strong></span> <span class='ocrx_word' id='word_1_910' title='bbox 2109 5486 2490 5563; x_wconf 64' lang='lat' dir='ltr'><strong>pranlicatione</strong></span> <span class='ocrx_word' id='word_1_911' title='bbox 2535 5485 2833 5561; x_wconf 80' lang='lat' dir='ltr'><strong>Evangelii,</strong></span> <span class='ocrx_word' id='word_1_912' title='bbox 2866 5486 3006 5544; x_wconf 90' lang='lat' dir='ltr'><strong>sicut</strong></span> <span class='ocrx_word' id='word_1_913' title='bbox 3050 5487 3213 5559; x_wconf 88' lang='lat' dir='ltr'><strong>paulo</strong></span> <span class='ocrx_word' id='word_1_914' title='bbox 3254 5497 3379 5559; x_wconf 81' lang='lat' dir='ltr'><strong>post</strong></span> <span class='ocrx_word' id='word_1_915' title='bbox 3422 5489 3625 5553; x_wconf 62' lang='lat' dir='ltr'><strong>diem.</strong></span> 
     </span>
    </p>
   </div>
   <div class='ocr_carea' id='block_1_73' title="bbox 2018 5574 3601 5649">
    <p class='ocr_par' dir='ltr' id='par_1_73' title="bbox 2018 5574 3601 5649">
     <span class='ocr_line' id='line_1_74' title="bbox 2018 5574 3601 5649; baseline 0.003 -15"><span class='ocrx_word' id='word_1_916' title='bbox 2018 5578 2077 5635; x_wconf 86' lang='lat' dir='ltr'><strong>Si</strong></span> <span class='ocrx_word' id='word_1_917' title='bbox 2104 5578 2400 5635; x_wconf 82' lang='lat' dir='ltr'><strong>hominibus</strong></span> <span class='ocrx_word' id='word_1_918' title='bbox 2423 5575 2701 5649; x_wconf 80' lang='lat' dir='ltr'><strong>placerem,</strong></span> <span class='ocrx_word' id='word_1_919' title='bbox 2728 5574 2922 5633; x_wconf 83' lang='lat' dir='ltr'><strong>Christi</strong></span> <span class='ocrx_word' id='word_1_920' title='bbox 2957 5596 3137 5647; x_wconf 74' lang='lat' dir='ltr'><strong>servus</strong></span> <span class='ocrx_word' id='word_1_921' title='bbox 3167 5597 3267 5647; x_wconf 76' lang='lat' dir='ltr'><strong>non</strong></span> <span class='ocrx_word' id='word_1_922' title='bbox 3308 5598 3491 5637; x_wconf 78' lang='lat' dir='ltr'><strong>essent.</strong></span> <span class='ocrx_word' id='word_1_923' title='bbox 3524 5580 3601 5639; x_wconf 80' lang='lat' dir='ltr'><strong>Ut</strong></span> 
     </span>
    </p>
   </div>
   <div class='ocr_carea' id='block_1_74' title="bbox 2019 5666 3598 5739">
    <p class='ocr_par' dir='ltr' id='par_1_74' title="bbox 2019 5666 3598 5739">
     <span class='ocr_line' id='line_1_75' title="bbox 2019 5666 3598 5739; baseline -0.001 -16"><span class='ocrx_word' id='word_1_924' title='bbox 2019 5669 2234 5723; x_wconf 84' lang='lat' dir='ltr'><strong>ﬁrmum</strong></span> <span class='ocrx_word' id='word_1_925' title='bbox 2261 5667 2331 5722; x_wconf 91' lang='lat' dir='ltr'><strong>sit</strong></span> <span class='ocrx_word' id='word_1_926' title='bbox 2358 5674 2413 5720; x_wconf 91' lang='lat' dir='ltr'><strong>et</strong></span> <span class='ocrx_word' id='word_1_927' title='bbox 2448 5666 2666 5735; x_wconf 83' lang='lat' dir='ltr'><strong>plenum</strong></span> <span class='ocrx_word' id='word_1_928' title='bbox 2711 5669 3053 5735; x_wconf 88' lang='lat' dir='ltr'><strong>auctoritate,</strong></span> <span class='ocrx_word' id='word_1_929' title='bbox 3093 5670 3234 5739; x_wconf 87' lang='lat' dir='ltr'><strong>quod</strong></span> <span class='ocrx_word' id='word_1_930' title='bbox 3270 5670 3422 5733; x_wconf 84' lang='lat' dir='ltr'><strong>dicit,</strong></span> <span class='ocrx_word' id='word_1_931' title='bbox 3467 5667 3598 5737; x_wconf 76' lang='lat' dir='ltr'><strong>quia</strong></span> 
     </span>
    </p>
   </div>
   <div class='ocr_carea' id='block_1_75' title="bbox 2019 5760 3631 5835">
    <p class='ocr_par' dir='ltr' id='par_1_75' title="bbox 2019 5760 3631 5835">
     <span class='ocr_line' id='line_1_76' title="bbox 2019 5760 3631 5835; baseline 0.004 -17"><span class='ocrx_word' id='word_1_932' title='bbox 2019 5763 2263 5819; x_wconf 84' lang='lat' dir='ltr'><strong>Christus</strong></span> <span class='ocrx_word' id='word_1_933' title='bbox 2295 5776 2390 5814; x_wconf 89' lang='lat' dir='ltr'><strong>nos</strong></span> <span class='ocrx_word' id='word_1_934' title='bbox 2412 5760 2678 5829; x_wconf 89' lang='lat' dir='ltr'><strong>liberavit,</strong></span> <span class='ocrx_word' id='word_1_935' title='bbox 2705 5761 2927 5830; x_wconf 84' lang='lat' dir='ltr'><strong>addidit,</strong></span> <span class='ocrx_word' id='word_1_936' title='bbox 2959 5763 3086 5835; x_wconf 89' lang='lat' dir='ltr'><strong>quia</strong></span> <span class='ocrx_word' id='word_1_937' title='bbox 3114 5763 3259 5823; x_wconf 84' lang='lat' dir='ltr'><strong>istud</strong></span> <span class='ocrx_word' id='word_1_938' title='bbox 3278 5778 3401 5820; x_wconf 79' lang='lat' dir='ltr'><strong>cum</strong></span> <span class='ocrx_word' id='word_1_939' title='bbox 3420 5760 3631 5824; x_wconf 78' lang='lat' dir='ltr'><strong>Patt&#39;il-</strong></span> 
     </span>
    </p>
   </div>
   <div class='ocr_carea' id='block_1_76' title="bbox 2017 5853 2532 5917">
    <p class='ocr_par' dir='ltr' id='par_1_76' title="bbox 2017 5853 2532 5917">
     <span class='ocr_line' id='line_1_77' title="bbox 2017 5853 2532 5917; baseline -0.01 0"><span class='ocrx_word' id='word_1_940' title='bbox 2017 5853 2209 5917; x_wconf 75' lang='lat' dir='ltr'><strong>iecerit</strong></span> <span class='ocrx_word' id='word_1_941' title='bbox 2233 5853 2532 5914; x_wconf 86' lang='lat' dir='ltr'><strong>voluntate.</strong></span> 
     </span>
    </p>
   </div>
  </div>
