4056 6350
509 352 634 442 ’847

1578 347 1855 408 CLAUDII
1898 346 2366 406 TAURINENSIS
2405 349 2715 410 EPISCOPI

3680 364 3810 425 848

509 447 520 456 ’
581 466 651 520 In
690 462 888 520 secula
934 459 1269 518 seculorum.
1314 460 1547 520 Inﬁnitis
1578 463 1856 521 beneﬁciis
1885 464 2093 520 inﬁnita
2121 465 2173 525 A
2199 464 2428 534 seipsos,
2486 466 2542 520 id
2570 478 2654 523 est
2681 466 2953 539 apostolos
3001 466 3072 540 (si
3109 469 3383 528 immutati
3431 473 3572 532 forte
3621 479 3810 536 aliter

509 557 681 632 gloria
705 557 949 614 debetur.

578 654 764 709 Amen.
795 651 1084 722 Prologum
1129 668 1286 708 suum
1332 651 1559 708 Hebraeo
1595 667 1848 709 sermone
1878 651 2098 708 conclu-

506 747 604 813 dit,
635 744 826 798 Amen.
858 741 1208 814 Septuaginta
1249 743 1658 810 transtulerunt,
1700 746 1911 819 γένοιτο,
1962 741 2093 806 ﬁat;

504 837 699 907 Aquila
709 877 723 901 ,
738 858 902 892 πιπισ
910 831 1266 906 τωμένοςθΝοε
1278 849 1407 890 vero
1421 849 1547 890 vere
1560 835 1673 889 sive
1688 833 1916 888 ﬁdeliter
1931 833 2096 886 inter-

502 929 709 1000 pretari
737 943 1056 999 possumus:
1106 927 1248 996 quod
1287 927 1450 981 etiam
1485 927 1540 981 in
1579 925 1870 995 Evangelio
1898 940 1927 978 a
1973 922 2094 977 Sal-

505 1029 696 1074 vatore
724 1033 938 1088 semper
967 1017 1278 1083 assumitur,
1305 1032 1402 1071 sua
1430 1031 1530 1086 per
1549 1016 1722 1071 Amen
1765 1015 1930 1070 verba
1960 1029 2094 1069 eon-

506 1111 779 1166 ﬁrmante.

579 1201 750 1256 Miror
776 1201 915 1273 quod
942 1210 1049 1255 tam
1095 1205 1196 1254 cito
1232 1201 1638 1271 transferimini,
1679 1201 1743 1255 ab
1775 1217 1834 1255 eo
1879 1201 1969 1272 qui
2006 1217 2094 1254 vos

502 1294 700 1349 vocavit
730 1293 784 1345 in
807 1292 1028 1362 gloriam
1061 1289 1280 1357 Christi,
1309 1294 1363 1346 in
1395 1291 1542 1346 aliud
1565 1290 1930 1362 Evangelium,
1953 1292 2092 1363 quod

503 1401 610 1438 non
644 1394 719 1437 est
744 1383 908 1436 aliud.
956 1383 1298 1438 Enumeratis
1328 1385 1607 1438 beneﬁciis
1652 1384 1839 1438 mirari
1878 1400 1937 1440 se
1963 1383 2094 1439 dicit

501 1475 792 1546 Apostolus
821 1475 963 1544 quod
993 1475 1061 1529 ab
1085 1474 1357 1545 Evangelii
1385 1474 1636 1530 hbertate
1662 1475 1939 1544 potuerint
1963 1474 2092 1530 solis

501 1569 684 1623 verbis
727 1566 930 1622 retrahi
973 1566 1026 1620 in
1064 1565 1196 1638 legis
1224 1566 1558 1629 servitutem,
1597 1581 1627 1618 a
1653 1581 1761 1634 quo
1789 1565 1949 1620 nullis
1986 1573 2094 1620 tor-

501 1662 700 1715 mentis
727 1660 1014 1715 debuerint
1038 1659 1301 1730 separari.
1332 1657 1681 1729 Evangelium
1708 1657 1852 1711 enim
1878 1657 1923 1711 si
1945 1655 2092 1710 aliud

500 1760 587 1808 est
619 1761 818 1822 prater
849 1752 904 1806 id
953 1752 1097 1821 quod
1136 1751 1251 1806 sive
1285 1766 1384 1822 per
1421 1766 1500 1815 se,
1553 1749 1670 1804 sive
1715 1764 1815 1819 per
1855 1748 2088 1818 aliquem

2197 553 2578 626 praedicarent)
2624 570 2734 611 non
2787 557 2964 612 audiri
3019 558 3242 616 doceret
3287 577 3562 634 :quorum
3595 567 3813 638 utique

2196 645 2368 713 fama,
2419 647 2565 718 quod
2603 658 2788 704 essent
2829 650 3060 720 apostoli
3118 651 3342 720 Christi,
3401 667 3816 728 peragraverat

2195 752 2413 794 omnem
2443 739 2621 795 locum
2666 759 2678 795 :
2719 749 2813 795 aut
2845 742 2890 796 si
2920 741 3058 797 forte
3093 743 3340 800 diabolus
3389 750 3636 819 angelum
3695 751 3816 806 Dei

2197 831 2427 903 ﬁngens,
2472 841 2532 888 ut
2566 833 2723 890 facile
2752 835 2922 906 possit
2943 836 3138 902 audiri,
3177 837 3244 892 de
3275 838 3430 894 cmlis
3476 855 3808 912 appareret.

2196 931 2384 978 contra
2414 925 2532 980 haec
2564 927 2890 995 praedicans,
2928 927 3164 984 sciretur
3195 945 3320 985 esse
3350 933 3690 999 contrarius,
3752 945 3819 990 et

2195 1016 2530 1072 abominatio
2572 1018 2886 1074 haberetur.
2942 1019 3001 1074 Si
3049 1035 3178 1090 ergo
3231 1024 3505 1093 apostolos
3555 1023 3813 1091 Christi,

2195 1123 2424 1177 quorum
2455 1118 2563 1164 tam
2592 1111 2850 1181 praeclara
2891 1111 3075 1182 opinio
3108 1114 3162 1168 in
3207 1115 3377 1185 signis
3426 1125 3482 1171 et
3525 1119 3814 1189 prodigiis

2194 1213 2313 1260 erat
2362 1205 2646 1272 faciendis,
2681 1215 2734 1262 et
2769 1208 3019 1279 angelum
3079 1209 3145 1264 de
3193 1211 3354 1276 caelo,
3409 1227 3570 1282 quem
3614 1214 3816 1284 possit

2195 1296 2463 1367 spiritalis
2493 1299 2632 1352 ratio
2665 1301 3071 1366 commendare,
3106 1300 3264 1356 aliter
3306 1302 3585 1367 docentes,
3625 1320 3808 1374 quam

2195 1388 2265 1442 ab
2292 1389 2538 1459 apostolo
2566 1389 2732 1445 Paulo
2762 1391 2906 1445 docti
2937 1399 3114 1458 erant,
3145 1393 3601 1448 anathematizari
3649 1409 3812 1463 pne-

2194 1479 2344 1548 cipit,
2384 1489 2588 1548 quanto
2633 1480 2807 1551 magis
2860 1497 2996 1550 quos
3053 1481 3257 1538 nullum
3299 1483 3674 1538 testimonium
3731 1486 3808 1539 ad

2193 1569 2558 1624 seducendum
2588 1579 2772 1642 potest
2795 1574 3214 1628 commendare?
3243 1573 3366 1630 Ideo
3415 1585 3598 1630 autem
3627 1576 3809 1631 iterat

2193 1665 2669 1730 contestationem,
2698 1674 2758 1719 ut
2774 1666 3060 1722 conﬁrmet
3080 1682 3174 1722 eos
3196 1667 3249 1722 in
3271 1668 3448 1738 prima
3473 1670 3803 1724 traditione.

2193 1753 2393 1809 lterata
2413 1741 2556 1810 enim
2580 1755 2666 1810 lex
2693 1755 3039 1811 sollicitiores
3063 1756 3238 1812 reddit
3263 1756 3616 1828 negligentes.

499 1845 762 1901 Dominus
793 1847 960 1912 dedit,
983 1846 1097 1916 jam
1124 1860 1226 1900 nec
1250 1842 1600 1914 Evangelium
1629 1841 1737 1896 dici
1777 1849 1974 1911 potest.
2005 1841 2094 1897 Vi-
2119 1837 2168 1899 Β
2270 1847 2422 1903 Sicut
2450 1849 2588 1902 enim
2613 1849 2980 1918 prwdiximus,
3013 1859 3063 1904 et
3104 1866 3244 1904 nunc
3288 1851 3479 1905 iterum
3521 1853 3638 1907 dico
3672 1869 3693 1906 :
3733 1853 3808 1910 Si

498 1938 730 2009 gilanter
779 1945 961 1992 autem
1007 1952 1128 1992 cum
1175 1936 1420 2001 dixisset,
1481 1933 1886 2004 Transferimini
1919 1934 1986 1988 ab
2031 1950 2092 1989 eo

499 2034 590 2101 qui
618 2048 706 2085 vos
743 2031 942 2085 vocavit
983 2031 1040 2084 in
1085 2029 1308 2101 gloriam
1355 2027 1574 2093 Christi,
1628 2042 1795 2097 quam
1838 2027 2094 2084 volebant

497 2123 573 2178 illi
605 2139 889 2188 evacuare,
921 2124 1079 2192 quasi
1123 2122 1324 2178 frustra
1358 2123 1571 2177 venerit
1613 2118 1890 2189 Christus,
1922 2123 1967 2177 si
1997 2121 2093 2177 ad-

496 2215 604 2271 huc
645 2217 874 2272 tenenda
925 2223 1043 2270 erat
1085 2215 1429 2270 circumcisio
1456 2214 1658 2281 carnis,
1701 2223 1860 2284 atque
1908 2213 2092 2282 hujus-

498 2307 645 2361 modi
671 2307 805 2378 legis
847 2321 1010 2377 Opera
1045 2314 1256 2361 tantum
1283 2305 1560 2373 valebant,
1603 2315 1663 2361 ut
1691 2321 1790 2378 per
1816 2306 1964 2362 illam
1994 2307 2092 2362 ho-

498 2402 673 2456 mines
711 2402 845 2456 salvi
883 2401 1094 2467 ﬁerent,
1127 2399 1372 2456 addidit:

582 2493 697 2547 Nisi
719 2502 840 2547 sunt
869 2491 1032 2564 aliqui
1062 2493 1153 2564 qui
1188 2509 1274 2547 vos
1315 2494 1650 2559 conturbant,
1676 2501 1725 2547 et
1748 2491 1926 2547 volunt
1959 2508 2088 2546 con-

495 2595 694 2640 vertere
718 2584 1066 2656 Evangelium
1099 2579 1314 2638 Christi.
1346 2584 1568 2651 Volunt,
1607 2585 1806 2654 inquit,
1837 2583 2088 2655 Evange-

495 2676 630 2732 lium
675 2675 875 2731 Christi
905 2682 1139 2740 mutare,
1181 2681 1522 2740 convertere,
1557 2673 1777 2728 turbare
1810 2691 1823 2726 :
1858 2674 1953 2728 sed
1979 2689 2088 2728 non

495 2768 697 2835 valent,
740 2768 865 2837 quia
914 2767 1076 2837 hujus
1125 2774 1334 2820 naturae
1373 2773 1458 2820 est
1492 2773 1555 2820 ut
1585 2780 1694 2819 non
1731 2764 1906 2834 possit
1942 2751 2089 2819 aliud

496 2872 619 2913 esse
665 2873 828 2926 quam
879 2859 1022 2926 quod
1073 2871 1266 2911 verum
1319 2864 1423 2910 est.
1473 2855 1589 2909 Non
1632 2853 2089 2924 quemadmodum

496 2949 633 3004 istos
662 2946 1009 3010 conturbant,
1031 2946 1105 2999 ita
1131 2946 1295 2999 etiam
1324 2952 1641 3000 convertere
1661 2954 1888 3014 possunt
1913 2946 2089 3000 Evan-

499 3040 698 3112 gelium
724 3039 949 3105 Christi,
976 3039 1102 3108 quia
1128 3047 1311 3092 manet
1329 3037 1702 3093 ﬁrmissimum
1733 3057 1745 3092 :
1775 3040 1868 3093 sed
1905 3047 2087 3095 tamen

498 3140 820 3187 convertere
847 3130 1054 3195 volunt,
1085 3129 1212 3199 quia
1255 3128 1324 3184 ab
1349 3128 1722 3200 spiritualibus
1749 3129 1818 3184 ad
1843 3129 2082 3185 carnalia

2193 1940 2309 2013 quis
2357 1939 2496 1995 vobis
2521 1939 2951 2012 evangelizaverit
2981 1950 3331 2013 prwterquam
3358 1944 3504 2013 quod
3545 1947 3807 2016 accepis-

2193 2032 2283 2098 tis,
2313 2031 2596 2086 anathema
2625 2032 2713 2086 sit.
2755 2031 2864 2086 Aut
2899 2046 3138 2102 praesens
3171 2031 3275 2088 hoc
3308 2033 3657 2103 praedixerat,
3695 2047 3807 2092 aut

2192 2126 2320 2197 quia
2367 2127 2645 2183 iteraverit
2691 2128 2839 2197 quod
2869 2129 3027 2196 dixit,
3065 2137 3354 2201 propterea
3384 2131 3555 2187 voluit
3579 2133 3798 2196 dicere,

2192 2217 2334 2273 sicut
2378 2217 2759 2288 prazdiximus;
2794 2227 2978 2274 tamen
3028 2219 3140 2289 ipsa
3171 2220 3387 2277 iteratio
3430 2222 3803 2281 saluberrime

2191 2309 2549 2366 intentionem
2604 2321 2787 2367 movet
2837 2312 2906 2367 ad
2963 2312 3280 2368 ﬁrmitatem
3331 2315 3607 2372 retinendi
3646 2334 3797 2384 eam,

2190 2418 2313 2474 quas
2339 2403 2417 2459 sic
2459 2407 2896 2471 commendatur,
2925 2403 3108 2460 ﬁdem.
3133 2403 3320 2460 Potest
3343 2413 3400 2461 et
3435 2407 3801 2479 hyperbolice

2189 2493 2395 2549 dictum
2443 2495 2656 2565 accipi:
2689 2510 2797 2550 non
2836 2495 2981 2566 quod
3022 2504 3117 2549 aut
3145 2496 3444 2566 apostolus,
3477 2507 3576 2553 aut
3621 2514 3801 2572 ange-

2188 2585 2294 2653 lus,
2334 2587 2492 2642 aliter
2533 2589 2810 2658 potueriut
2851 2589 3169 2658 praedicare,
3219 2606 3381 2662 quam
3419 2595 3588 2649 semel
3639 2595 3802 2650 dixe-

2189 2679 2302 2735 rint
2337 2699 2351 2734 :
2383 2681 2477 2736 sed
2506 2681 2696 2748 etiam,
2727 2681 2772 2736 si
2798 2682 2903 2737 hoc
2929 2691 3113 2752 posset
3153 2683 3294 2749 ﬁeri,
3321 2692 3381 2738 ut
3414 2694 3470 2740 et
3496 2685 3800 2757 Apostolus

2187 2779 2244 2826 et
2278 2771 2454 2841 angeli
2484 2779 2848 2836 mutarentur,
2887 2779 3070 2828 tamen
3107 2788 3216 2830 non
3254 2789 3374 2830 esse
3407 2763 3476 2830 ab
3525 2792 3614 2844 eo,
3645 2779 3796 2848 quod

2189 2862 2358 2917 semel
2400 2872 2683 2933 acceptum
2730 2863 2928 2930 fuerat,
2972 2866 3353 2921 recedendum.
3411 2867 3566 2923 Faent
3603 2879 3796 2925 autem

2190 2955 2314 3020 hoc,
2334 2969 2440 3009 non
2457 2965 2646 3009 contra
2661 2955 2805 3011 solos
2819 2954 3058 3022 Galatas,
3078 2960 3174 3013 sed
3194 2967 3248 3013 et
3260 2968 3452 3038 contra
3466 2974 3660 3016 omnes
3679 2963 3796 3016 ha:-

2189 3046 2410 3113 reticos,
2437 3047 2527 3116 qui
2556 3048 2874 3104 traditiones
2907 3050 3233 3118 apostolicas
3256 3060 3472 3117 mutare
3494 3063 3790 3108 conantur.

2261 3139 2424 3194 Modo
2451 3140 2589 3194 enim
2616 3140 2918 3196 hominibus
2963 3142 3181 3209 suadeo,
3215 3161 3283 3197 an
3312 3143 3422 3197 Deo
3450 3144 3475 3197 .9
3504 3161 3575 3198 an
3606 3162 3794 3216 qua’ro

495 3231 755 3280 revocant
786 3198 1144 3277 intentionem
1177 3198 1534 3277 credentium.
1571 3220 1683 3275 lllis
1710 3221 1853 3276 enim
1877 3222 1947 3275 ad
1978 3221 2083 3276 ista
2109 3198 2158 3266 C
2190 3228 2487 3284 hominibus
2511 3229 2765 3299 placere?
2818 3228 2878 3285 Si
2932 3230 3107 3285 adhuc
3149 3198 3446 3287 hominibus
3478 3198 3788 3304 placerem,

496 3315 796 3380 conversis,
849 3321 1033 3368 manet
1074 3311 1422 3383 Evangelium
1471 3326 1581 3366 non
1623 3326 1964 3367 conversum.
2017 3311 2087 3366 Et

494 3407 620 3463 ideo
642 3420 765 3460 cum
787 3405 1016 3460 dixisset
1041 3405 1426 3459 conturbantes
1447 3419 1567 3470 vos,
1589 3419 1699 3458 non
1722 3403 1858 3458 dixit
1883 3411 1938 3458 et
1957 3418 2086 3458 con-

497 3506 799 3565 vertentes,
835 3496 930 3552 sed
962 3495 1210 3561 volentes,
1254 3495 1454 3564 inquit,
1503 3504 1802 3550 convertere
1844 3493 2086 3565 Evange-

499 3593 632 3649 lium
663 3590 880 3647 Christi.

571 3687 676 3746 Sed
702 3688 819 3742 licet
858 3705 972 3754 nos,
1025 3696 1117 3741 aut
1146 3686 1361 3760 angelus
1389 3687 1457 3742 de
1495 3687 1622 3742 caelo
1648 3688 1965 3761 evangelizet
1989 3705 2085 3744 vo-

497 3783 598 3851 bis,
623 3793 973 3855 praeterquam
994 3782 1134 3854 quod
1156 3781 1626 3852 evangelizavimus
1657 3782 1824 3849 vobis,
1860 3784 2084 3837 anathe-

494 3893 583 3932 ma
607 3878 693 3931 sit.
723 3877 937 3931 Veritas
964 3884 1187 3945 propter
1233 3874 1466 3944 seipsam
1503 3873 1776 3944 diligenda
1822 3883 1926 3940 est,
1977 3891 2084 3930 non

493 3978 718 4041 propter
757 3969 1051 4034 hominem,
1098 3976 1192 4021 aut
1219 3974 1440 4035 propter
1475 3965 1748 4036 angelum,
1787 3981 1884 4035 per
1922 3981 2084 4035 quem

496 4059 871 4112 annuntiatur.
910 4058 1010 4123 Qui
1047 4057 1192 4110 enim
1243 4063 1464 4126 propter
1503 4055 1915 4110 aununtiatores
1962 4070 2083 4110 eam

494 4152 692 4222 diligit,
721 4160 901 4220 potest
940 4160 995 4204 et
1024 4150 1305 4205 mendacia
1331 4151 1575 4220 diligere,
1605 4151 1649 4204 si
1682 4165 1786 4219 qua
1817 4149 1954 4205 forte
1981 4149 2082 4219 ipsi

494 4260 593 4299 sua
624 4241 968 4313 protulerint.
1000 4241 1296 4310 Propterea
1334 4249 1516 4294 autem
1555 4240 1680 4305 sibi,
1711 4241 1802 4309 qui
1848 4239 1993 4294 aliud
2027 4240 2081 4293 in

492 4332 681 4388 Judtea
709 4332 908 4397 facere,
934 4331 1079 4385 aliud
1100 4332 1361 4386 docercin
1385 4331 1634 4402 gentibus
1660 4330 2076 4397 criminabatur;

491 4433 548 4482 et
573 4425 787 4496 angelo,
837 4439 995 4493 quem
1028 4421 1287 4490 maiorem
1320 4424 1482 4477 etiam
1520 4422 1938 4492 prmcessoribus
1967 4423 2081 4478 suis

2190 3319 2386 3376 Christi
2413 3337 2592 3375 servus
2629 3338 2732 3375 non
2779 3338 2964 3376 essem.
3009 3320 3178 3377 Nemo
3223 3321 3336 3377 Deo
3385 3323 3600 3387 suadet,
3652 3324 3786 3398 quia

2188 3411 2475 3468 manifesta
2517 3420 2644 3467 sunt
2671 3411 2749 3466 illi
2777 3413 2982 3478 omnia,
3019 3414 3112 3469 sed
3153 3413 3484 3470 hominibus.
3527 3413 3617 3470 Ille
3647 3416 3788 3470 bene

2189 3505 2398 3571 suadet,
2430 3505 2522 3574 qui
2545 3520 2650 3560 non
2673 3519 2730 3559 se
2763 3504 2868 3560 illis
2897 3505 3114 3576 placere
3133 3506 3268 3574 vult,
3293 3507 3386 3562 sed
3403 3507 3600 3578 ipsam,
3618 3524 3787 3578 quam

2187 3597 2398 3662 suadet,
2421 3597 2728 3651 veritatem.
2778 3596 2881 3663 Qui
2905 3597 3051 3651 enim
3101 3596 3278 3666 placet
3307 3597 3642 3664 hominibus,
3675 3614 3784 3653 non

2186 3689 2255 3743 ab
2302 3688 2433 3757 ipsis
2467 3703 2619 3742 suam
2650 3687 2880 3757 gloriam
2929 3702 3199 3756 quaerens,
3233 3687 3328 3744 sed
3359 3688 3478 3754 Dei,
3533 3697 3595 3744 ut
3649 3690 3782 3745 salvi

2187 3779 2337 3846 ﬁant,
2363 3795 2470 3835 non
2497 3778 2610 3849 jam
2640 3779 2973 3846 hominibus,
3001 3780 3094 3834 sed
3127 3781 3238 3835 Deo
3268 3781 3464 3850 placet.
3495 3780 3609 3836 Aut
3635 3791 3783 3837 certe

2179 3870 2293 3942 jam
2333 3885 2458 3924 cum
2493 3879 2547 3924 et
2600 3869 2712 3924 Deo
2745 3869 2943 3940 placet,
2993 3869 3154 3925 simul
3203 3877 3258 3924 et
3301 3869 3638 3935 hominibus,
3672 3889 3778 3927 non

2184 3964 2370 4034 utique
2410 3962 2720 4018 hominibus
2774 3961 2970 4032 placet.
3027 3961 3188 4016 Aliud
3236 3971 3321 4017 est
3377 3964 3524 4017 enim
3565 3963 3778 4034 placere

2184 4054 2510 4119 hominibus,
2564 4053 2707 4106 aliud
2738 4060 2793 4107 et
2843 4051 2953 4107 Deo
2984 4060 3039 4106 et
3065 4053 3376 4108 hominibus
3420 4053 3666 4124 (Πίον.
3700 4057 3774 4128 v).

2183 4143 2298 4200 Non
2326 4155 2578 4215 putemus
2622 4147 2690 4200 ab
2726 4141 2987 4216 ApostOlo
3018 4161 3116 4201 nos
3171 4147 3376 4210 doceri,
3415 4155 3476 4201 ut
3526 4150 3777 4218 exemplo

2183 4251 2281 4289 suo
2308 4236 2584 4290 hominum
2606 4235 2812 4303 judicia
2837 4247 3269 4303 contemnamus,
3302 4238 3395 4308 qui
3426 4239 3482 4293 in
3520 4239 3623 4293 alio
3650 4239 3774 4295 loco

2183 4326 2322 4380 dixit
2372 4343 2384 4378 :
2447 4325 2678 4380 Scientcs
2729 4343 2850 4396 ergo
2925 4329 3166 4381 timorem
3209 4327 3426 4383 Domini
3475 4329 3772 4385 hominibus

2180 4421 2487 4487 suademus,
2538 4420 2649 4474 Deo
2694 4431 2868 4474 autent
2915 4421 3183 4490 manifesti
3226 4439 3426 4476 sumus.
3479 4423 3548 4477 Et
3598 4423 3769 4478 illud:

493 4521 753 4592 apostolis
781 4534 900 4574 esse
927 4519 1351 4583 contestabatur,
1399 4518 1687 4572 anathema
1718 4517 2074 4584 denuntiavit,
2102 4553 2155 4612 D
2183 4513 2306 4569 Sine
2327 4515 2613 4586 offensione
2639 4523 2818 4578 estote,
2836 4512 3040 4568 Judazis
3066 4524 3113 4568 et
3152 4515 3412 4586 gentibus,
3443 4527 3492 4570 et
3517 4516 3772 4570 Ecclesiae

491 4622 554 4668 ut
586 4629 692 4668 non
719 4629 912 4683 magna
937 4610 1082 4666 Petri
1119 4619 1174 4665 et
1203 4608 1428 4666 Joannis
1447 4617 1735 4680 putaretur
1755 4608 2071 4674 auctoritas,

488 4725 614 4767 cum
639 4726 742 4766 nec
777 4709 881 4765 sibi
913 4709 1119 4772 liceret,
1145 4708 1234 4762 cui
1262 4721 1356 4761 eos
1377 4717 1505 4760 ante
1536 4706 1818 4770 docuerat,
1849 4719 1949 4758 nec
1973 4718 2072 4757 an-

489 4804 610 4876 gelo
640 4804 798 4858 aliter
830 4802 1146 4873 praedicare,
1195 4817 1359 4872 quam
1409 4798 1575 4854 semel
1624 4798 1946 4852 didicerant.
1982 4795 2074 4852 Sic

487 4893 672 4964 itaque
723 4904 777 4950 et
841 4894 1091 4963 angelum
1149 4891 1472 4946 nominatim
1523 4889 1722 4960 posuit,
1773 4887 1906 4942 alios
1942 4901 2072 4941 vero

488 4985 693 5054 absque
718 4985 954 5041 nomine.
992 4984 1052 5040 Si
1082 4983 1225 5054 quis,
1254 4982 1450 5052 inquit,
1488 4981 1640 5034 vobis
1668 4977 2071 5050 evangelizave-

482 5075 582 5140 rit,
614 5083 674 5128 ut
707 5076 762 5130 in
794 5077 1032 5148 generali
1060 5074 1324 5130 vocabulo
1350 5089 1450 5127 nec
1477 5071 1896 5141 praecessoribus
1925 5069 2070 5124 face-

482 5174 572 5224 ret
607 5167 884 5238 injuriam,
925 5179 980 5225 et
1028 5177 1211 5222 tamen
1245 5165 1465 5221 nomina
1495 5181 1684 5220 eorum
1722 5164 1958 5216 latenter
1983 5177 2071 5216 os-

482 5256 752 5311 tenderet.
802 5256 969 5311 Nemo
1013 5257 1245 5311 miretur
1287 5255 1626 5324 Apostolum,
1678 5252 1769 5322 qui
1797 5250 2068 5305 feritatem

481 5364 700 5405 morum
724 5348 1122 5415 mansuetabat,
1152 5350 1232 5404 sic
1254 5363 1373 5404 esse
1407 5344 1755 5403 cemmotum.
1790 5345 1896 5400 Pro
1915 5344 2069 5400 Gala-

480 5446 664 5496 tarum
715 5442 858 5497 enim
909 5441 1082 5496 salute
1130 5441 1441 5511 indignatur
1494 5440 1756 5495 adversus
1817 5438 2066 5494 inimicos

480 5532 777 5602 disciplinae
799 5531 1140 5586 Christianaa.
1169 5529 1473 5602 Indignatio
1498 5531 1644 5586 enim
1666 5531 1784 5586 haec
1807 5529 2062 5594 ostendit,

479 5640 590 5680 non
619 5624 735 5679 leve
760 5631 1042 5693 peccatum
1067 5638 1212 5688 esse,
1257 5631 1380 5692 post
1413 5630 1692 5690 acceptam
1738 5621 1896 5674 ﬁdem
1937 5633 2064 5673 con-

477 5718 618 5771 verti
649 5719 715 5772 ad
743 5717 934 5786 legem.
971 5715 1104 5768 Nam
1142 5724 1253 5768 tam
1283 5713 1500 5769 ﬁrmum
1523 5723 1578 5768 et
1606 5729 1794 5768 verum
1813 5713 2060 5781 Evange-

2180 4609 2298 4674 Dei,
2322 4610 2455 4662 sicut
2474 4625 2566 4679 ego
2595 4602 2835 4662 omnibus
2854 4624 2948 4680 per
2973 4609 3149 4662 omnia
3172 4607 3375 4680 placeo,
3398 4627 3502 4665 non
3526 4628 3769 4681 quietem

2174 4700 2315 4772 quod
2344 4700 2472 4752 mihi
2513 4698 2639 4752 utile
2686 4708 2782 4765 est,
2834 4700 2925 4754 sed
2970 4701 3110 4772 quod
3135 4701 3338 4769 multis,
3387 4712 3444 4756 ut
3469 4704 3608 4758 salvi
3639 4705 3770 4773 ﬁant

2175 4788 2231 4862 (Ι
2253 4787 2377 4843 Cor.
2410 4787 2486 4858 χ).
2533 4787 2590 4843 Si
2615 4790 2758 4843 enim
2800 4789 2919 4844 ﬁeri
2953 4799 3136 4860 potest
3169 4801 3229 4846 ut
3251 4793 3462 4863 pariter
3487 4803 3545 4848 et
3578 4795 3692 4850 Deo
3716 4805 3768 4850 et

2173 4881 2480 4937 hominibus
2525 4881 2856 4950 placeamus,
2907 4882 3225 4952 placendum
3249 4895 3332 4942 est
3353 4895 3407 4942 et
3429 4887 3763 4943 hominibus.

2174 4972 2268 5028 Sin
2296 4981 2478 5027 autem
2507 4973 2666 5028 aliter
2707 4989 2814 5029 non
2850 4975 3128 5047 placemus
3148 4977 3481 5048 hominibus,
3513 4981 3621 5036 nisi
3657 4982 3764 5038 Deo

2170 5064 2572 5136 displiceamus,
2631 5067 2742 5124 Deo
2789 5071 2964 5140 magis
2997 5086 3159 5141 quam
3191 5072 3504 5128 hominibus
3545 5073 3760 5144 placere

2170 5155 2447 5212 debemus.
2498 5156 2713 5228 Alioqui
2766 5168 2822 5214 et
2853 5161 2972 5231 ipse
3026 5160 3192 5218 infert
3245 5179 3343 5218 cur
3371 5165 3630 5222 omnibus
3665 5181 3759 5238 per

2169 5251 2352 5305 omnia
2392 5252 2621 5321 placeat,
2659 5251 2777 5307 Non
2819 5269 3088 5322 quierens,
3121 5255 3396 5326 inquiens,
3445 5259 3593 5328 quod
3628 5259 3756 5314 mihi

2168 5342 2299 5396 utile
2327 5350 2428 5407 est,
2460 5344 2554 5399 sed
2604 5343 2746 5414 quod
2785 5343 2985 5408 multis,
3017 5353 3080 5399 ut
3121 5345 3416 5401 salventur.
3445 5347 3547 5414 Qui
3577 5359 3754 5404 autem

2168 5449 2232 5489 ex
2257 5451 2320 5490 ea
2347 5435 2610 5490 charitate
2657 5451 2776 5506 quae
2823 5451 2930 5491 non
2961 5437 3156 5506 quaerit
3196 5453 3318 5507 quae
3347 5453 3444 5493 sua
3481 5449 3630 5504 sunt,
3661 5439 3754 5494 sed

2166 5544 2286 5598 qua:
2331 5529 2526 5593 aliena,
2556 5529 2734 5599 placet
2773 5529 3103 5596 hominibus,
3133 5539 3192 5584 ut
3236 5530 3537 5597 salvantur,
3570 5532 3752 5602 utique

2164 5621 2274 5676 Dco
2300 5622 2534 5691 primum
2579 5621 2774 5690 placet,
2802 5621 2890 5677 cui
2926 5623 3074 5678 salus
3117 5623 3402 5679 hominum
3455 5626 3624 5679 chara
3651 5633 3748 5679 est.

2163 5711 2336 5767 Habet
2366 5720 2544 5768 autem
2575 5721 2629 5766 et
2665 5713 2911 5777 verbum,
2944 5715 3088 5784 quod
3123 5715 3212 5770 hic
3260 5714 3573 5787 specialiter
3603 5713 3752 5769 addi-

472 5805 632 5877 lium,
687 5807 830 5880 quod
896 5812 976 5865 eis
1040 5808 1450 5878 prmdicaverat,
1497 5806 1709 5873 asserit,
1767 5815 1825 5860 ut
1897 5805 2076 5888 etiam.
2159 5815 2276 5864 tum
2313 5816 2413 5876 est,
2474 5807 2647 5881 modo,
2682 5807 2765 5862 vel
2821 5807 3137 5879 placendum
3178 5824 3300 5866 esse
3349 5823 3451 5882 pro
3501 5816 3748 5880 tempore

728 5962 815 5992 τῇ»
