4056 6350
255 447 368 505 849

1215 443 1473 500 ENARR.
1510 441 1580 498 IN
1617 440 1834 498 EPIST.
1875 441 1938 497 D.
1980 440 2189 501 PAULI
2224 442 2318 498 AD
2357 442 2604 499 GALAT.

3430 445 3536 501 850

253 562 596 628 hominibus,
654 559 743 616 vel
791 559 1202 628 displicendum,
1266 564 1327 613 ut
1380 558 1474 628 qui
1525 557 1684 611 modo
1734 571 1843 609 non
1869 555 2224 616 AJudaismo
2279 573 2440 638 supra
2479 555 2671 609 multos
2725 563 3014 610 eoretaneos
3063 559 3119 612 in
3159 576 3344 629 genere
3395 577 3534 628 meo,

252 656 436 727 placet
468 659 688 724 propter
714 651 990 723 Evangelii
1024 652 1327 715 veritatem,
1358 650 1623 721 placuerit
1673 663 1847 719 quon-

257 751 388 805 dam
412 748 482 804 ob
527 748 755 803 salutem
806 747 1182 818 plurimorum.
1213 745 1500 808 Placuerat
1528 743 1726 798 Paulus
1754 742 1852 796 ali-

259 839 484 911 quando
509 837 728 904 Judaeis,
759 854 900 898 cum,
932 837 1211 892 aemulator
1237 837 1479 891 existens
1499 843 1850 905 paternarum

255 931 636 994 traditionum,
672 929 789 984 sine
823 928 1041 998 querela
1091 929 1145 982 in
1185 928 1303 999 lege
1353 935 1601 982 versatus
1637 934 1741 990 est,
1795 932 1850 980 et

255 1029 471 1078 tantum
525 1022 717 1077 habuit
759 1023 814 1076 in
864 1023 1128 1092 majorum
1164 1021 1504 1076 earemoniis
1550 1020 1758 1075 ardoris
1796 1027 1849 1074 et

256 1114 405 1176 ﬁdei,
431 1120 490 1167 ut
512 1113 566 1167 in
588 1111 844 1182 Stephani
873 1127 1002 1167 nece
1030 1112 1301 1180 particeps
1332 1108 1515 1174 fuerit,
1554 1116 1609 1163 et
1653 1107 1849 1161 Dama-

255 1220 412 1261 scum
449 1205 750 1275 perrexerit
783 1204 850 1258 ad
877 1219 989 1270 eos,
1018 1205 1110 1274 qui
1140 1219 1168 1258 a
1198 1205 1312 1273 lege
1333 1201 1696 1266 desciverant,
1727 1199 1848 1253 viu-

255 1297 479 1352 ciendos
509 1294 649 1367 (Act.
678 1311 797 1360 vm,
832 1295 932 1367 ix).
980 1294 1086 1350 Sed
1117 1302 1403 1363 postquam
1426 1293 1477 1346 in
1513 1307 1610 1346 vas
1634 1290 1848 1345 electio-

254 1386 342 1443 nis
390 1387 458 1442 de
508 1395 856 1456 persecutore
895 1385 1187 1441 translatus
1226 1393 1330 1450 est,
1360 1392 1414 1440 et
1457 1383 1621 1452 coepit
1651 1382 1848 1453 praedi-

255 1493 384 1534 care
439 1477 620 1542 ﬁdem,
664 1493 828 1548 quam
880 1478 1148 1547 quondam
1202 1483 1625 1547 expugnaverat,
1681 1475 1847 1543 coepit

253 1571 463 1640 pariter
488 1570 772 1640 displicere
793 1569 1012 1634 Judmis,
1039 1570 1234 1638 quibus
1259 1578 1383 1624 ante
1406 1568 1704 1638 placuerat.
1734 1565 1845 1621 Hoc

255 1668 341 1716 est
387 1674 518 1731 ergo
549 1661 692 1730 quod
721 1660 835 1715 ait-z
865 1659 1114 1729 Nunquid
1145 1675 1330 1730 quaero
1380 1657 1580 1714 Judzcis
1607 1659 1840 1728 placere,

255 1752 455 1824 quibus
491 1751 844 1822 displicendo,
870 1753 980 1808 Deo
1009 1752 1224 1823 placui?
1252 1752 1311 1808 Si
1352 1753 1495 1806 enim
1523 1752 1630 1807 illis
1670 1751 1845 1820 place-

256 1861 396 1912 rem,
443 1846 618 1902 adhuc
658 1843 855 1900 Christi
906 1863 1084 1900 servus
1132 1862 1238 1900 non
1284 1861 1468 1899 essem.
1522 1843 1842 1900 Assererem

1953 648 2306 702 abundantius
2345 647 2621 702 mulator
2667 647 2894 701 existens
2918 656 3262 718 paternarum
3299 667 3539 706 mearum

1951 738 2312 792 traditionum.
2338 737 2682 808 Propositum
2722 754 2901 803 suum,
2930 752 3036 807 quo
3056 738 3382 808 priusjuxta
3411 757 3537 798 car-

1949 846 2073 886 nem
2093 831 2640 903 vigebayrepugnans
2665 829 2940 894 Ecclesiae,
2965 827 3207 885 breviter
3235 839 3533 887 memorat:

1949 923 2066 988 sed,
2095 931 2156 976 ut
2186 905 2417 977 famulus
2445 921 2646 976 Christi
2693 927 2860 987 esset,
2916 921 3060 977 hunc
3089 934 3148 976 se
3199 921 3484 992 reliquisse
3517 942 3532 979 :

1949 1015 2123 1086 magis
2164 1015 2309 1069 enim
2361 1029 2419 1068 se
2449 1015 2699 1069 devotum
2729 1029 2894 1083 quam
2926 1013 3066 1080 illos,
3102 1015 3158 1069 in
3205 1014 3535 1072 vindicanda

1949 1105 2065 1175 lege
2107 1106 2274 1161 fuisse
2318 1105 2580 1176 designat.
2631 1104 2746 1159 Non
2787 1114 2968 1161 tamen
2998 1115 3223 1176 propter
3253 1107 3535 1162 hominum

1948 1199 2208 1266 favorem,
2241 1201 2332 1256 sed
2375 1200 2478 1254 hoc
2501 1209 2698 1269 putans
2721 1199 2852 1255 utile
2873 1200 3014 1270 apud
3044 1201 3232 1255 Deum.
3257 1200 3360 1256 Per
3381 1201 3536 1272 igno-

1947 1293 2179 1348 rantiam
2228 1292 2373 1347 enim
2400 1307 2524 1346 cum
2553 1291 2878 1346 humanitati
2907 1291 3164 1362 placeret,
3201 1293 3312 1347 Deo
3336 1307 3396 1346 se
3421 1307 3541 1347 ser-

1946 1383 2063 1437 vire
2089 1383 2333 1452 putabat,
2367 1381 2592 1436 liberam
2624 1381 2831 1436 habens
2879 1383 3288 1438 conscientiam.
3315 1382 3535 1439 Nescie-

1946 1475 2042 1530 bat
2078 1474 2220 1529 enim
2254 1475 2369 1545 jam
2419 1481 2632 1544 tempus
2679 1473 2988 1529 asserenda:
3039 1473 3174 1544 legis
3230 1489 3336 1530 non
3389 1489 3532 1530 esse.

1947 1567 2287 1638 Quapropter
2323 1567 2626 1622 doctrinam
2685 1577 2902 1622 secutus
2939 1575 3155 1638 patrum
3200 1566 3534 1636 Judaaorum,

1947 1668 2040 1713 aut
2090 1660 2142 1713 in
2177 1674 2384 1724 errore,
2425 1666 2517 1712 aut
2562 1659 2615 1712 in
2655 1659 3036 1714 malevolentia
3087 1661 3533 1728 constitutorum,

1945 1735 2092 1805 omni
2127 1749 2392 1805 industria
2422 1761 2476 1805 et
2507 1749 2719 1805 fervore
2751 1751 2947 1805 mentis
2975 1751 3028 1805 id
3051 1751 3266 1822 agebat,
3290 1759 3351 1805 ut
3371 1759 3533 1806 cazte~

1947 1842 2025 1897 ris
2051 1843 2416 1913 coaequalibus
2465 1841 2566 1898 sibi
2616 1843 2960 1897 aemulatione
3008 1842 3146 1914 legis
3191 1844 3537 1912 praestantior

255 1938 454 2009 quippe
498 1938 693 2011 legem,
750 1947 807 1994 et
846 1938 1122 2010 Evangelii
1172 1938 1404 2009 gratiam
1456 1939 1789 1993 destruerem
1823 1954 1836 1990 :
1869 1947 1917 2009 Β
1943 1936 2218 1992 videretur
2248 1954 2260 1989 :
2289 1936 2367 1991 sic
2392 1937 2670 1991 insaniens
2711 1944 2901 1990 contra
2933 1935 3274 2006 disciplinam
3306 1935 3535 2002 Christi,

256 2047 400 2087 nunc
431 2041 613 2088 autem
659 2039 945 2102 propterea
979 2046 1048 2086 ne
1077 2030 1134 2085 in
1183 2029 1583 2086 simulationem
1627 2027 1846 2098 quidem

254 2123 608 2180 observandae
649 2122 786 2195 legis
813 2121 1072 2188 adducor,
1101 2123 1226 2192 quia
1271 2137 1380 2176 non
1443 2136 1586 2192 queo
1632 2128 1688 2175 et
1735 2121 1846 2176 Deo

253 2216 469 2285 placere
497 2216 703 2285 pariter
750 2222 806 2270 et
831 2212 1055 2280 Iudaeis,
1087 2214 1285 2286 quibus
1314 2213 1624 2284 quicunque
1642 2212 1842 2281 placet,

255 2307 368 2364 Deo
393 2307 660 2378 displicet.

330 2396 530 2452 Notum
560 2397 696 2452 enim
725 2397 864 2452 vobis
894 2396 1057 2464 facio,
1098 2396 1311 2466 fratres,
1341 2393 1683 2465 Evangelium
1703 2393 1844 2464 quod

255 2488 666 2560 euangelizatum
693 2497 767 2542 est
790 2507 821 2542 a
842 2505 944 2554 me,
967 2488 1092 2557 quia
1121 2504 1225 2541 non
1249 2497 1324 2541 est
1349 2486 1634 2541 secundum
1670 2486 1841 2539 homi-

255 2596 416 2637 nem:
445 2598 607 2653 neque
635 2582 774 2636 enim
800 2598 893 2652 ego
929 2580 993 2634 ab
1037 2580 1244 2634 homine
1274 2581 1448 2649 accepi
1486 2578 1644 2644 illud,
1680 2594 1844 2649 neque

254 2674 454 2740 didici,
475 2675 567 2729 sed
597 2691 690 2745 per
718 2673 1082 2730 reuelationem
1108 2672 1238 2728 Iesu
1270 2671 1484 2727 Christi.
1519 2671 1674 2727 Nunc
1694 2672 1843 2742 prin-

255 2767 459 2838 cipium
499 2766 738 2836 epistolae
795 2766 988 2837 aperit.
1051 2765 1232 2836 Ipsum
1275 2765 1424 2820 enim
1461 2780 1681 2820 sensum
1728 2765 1843 2820 vult

256 2858 628 2925 manifestare,
672 2859 799 2930 quia
824 2875 930 2914 non
953 2874 1016 2915 ea
1045 2874 1165 2930 qua:
1211 2859 1460 2926 docebat,
1503 2860 1573 2914 ab
1621 2858 1841 2914 homine

256 2949 537 3015 didicerat,
563 2958 622 3005 ut
652 2949 806 3022 forte
839 2950 1178 3007 dubitaretur
1231 2952 1298 3006 de
1329 2952 1418 3007 his
1442 2967 1561 3021 quae
1591 2950 1836 3016 docebat,

255 3058 432 3114 neque
455 3045 750 3100 secundum
790 3045 1087 3101 humanum
1113 3045 1377 3116 judicium
1401 3053 1527 3115 apta
1576 3053 1693 3098 erat
1720 3041 1839 3112 ejus

257 3136 596 3207 praedicatio,
624 3146 684 3191 ut
721 3137 940 3208 indigna
987 3137 1166 3193 divina
1191 3136 1516 3192 auctoritate
1542 3135 1833 3199 videretur,

258 3227 356 3284 sed
382 3243 412 3282 a
444 3227 539 3284 Dei
566 3227 700 3284 Filio
729 3229 861 3285 dicit
886 3245 945 3284 se
977 3229 1232 3284 didicisse
1278 3243 1377 3299 per
1428 3227 1833 3291 revelationem,

1946 2034 2009 2079 ut
2053 2025 2187 2080 nulli
2233 2027 2514 2081 hominum
2540 2037 2811 2097 parceret,
2845 2026 2969 2081 ﬁdei
3017 2025 3223 2081 foedera
3250 2034 3534 2093 assecuta;

1945 2117 2040 2173 sed
2073 2131 2194 2172 cum
2221 2117 2553 2173 revelatione
2602 2117 2700 2174 Dei
2729 2117 2974 2173 laborem
3002 2118 3147 2173 hunc
3169 2118 3386 2173 inanem
3413 2131 3538 2173 esse

1945 2211 2219 2278 didicisse,
2248 2219 2304 2266 et
2343 2212 2516 2282 magis
2558 2211 2914 2275 contrarium,
2952 2210 3226 2266 destitisse
3253 2210 3322 2265 ab
3353 2223 3439 2275 eo,
3480 2216 3538 2265 et

1944 2316 2002 2358 se
2025 2301 2150 2356 ﬁdei
2178 2302 2369 2372 gratiae
2397 2303 2721 2368 deStinasse,
2748 2301 3110 2372 utprol’cetus
3146 2301 3198 2355 ei
3227 2308 3372 2356 esset
3392 2300 3536 2370 apud

1942 2394 2133 2450 Deum.
2165 2394 2223 2450 Si
2253 2410 2384 2466 ergo
2410 2395 2522 2462 hic,
2557 2394 2651 2466 qui
2678 2393 2923 2450 Israelita
2950 2401 3050 2459 est,
3074 2399 3130 2448 et
3155 2392 3248 2462 qui
3272 2391 3537 2462 dignitate

1941 2483 2182 2540 doctoris
2214 2482 2380 2539 fultus
2407 2492 2526 2539 erat
2572 2484 2714 2555 apud
2736 2482 2972 2549 Iudaeos,
2997 2481 3243 2538 eruditus
3272 2495 3304 2536 a
3329 2479 3535 2535 Gama-

1942 2574 2064 2631 liele
2092 2576 2212 2631 viro
2239 2575 2688 2646 prudentissimo,
2713 2574 2893 2629 locum
2922 2573 3132 2628 habens
3160 2587 3284 2627 cum
3313 2569 3536 2640 optimis

1941 2670 2052 2724 vita
2087 2669 2400 2724 hominibus
2430 2668 2649 2739 reliquit
2680 2667 2853 2738 legem
2888 2685 2900 2720 :
2928 2673 3132 2736 quanto
3165 2664 3340 2735 magis
3369 2663 3406 2717 ii
3438 2661 3536 2732 qui

1941 2768 2098 2816 extra
2129 2759 2310 2832 legem
2333 2768 2510 2826 erant,
2543 2759 2650 2829 legi
2679 2773 2739 2814 se
2765 2756 3033 2826 subjicere
3062 2770 3171 2811 non
3201 2752 3536 2810 debuerant?

1940 2848 2078 2909 Etsi
2122 2854 2214 2908 hic
2244 2853 2442 2923 gaudet
2470 2853 2652 2908 exisse
2689 2867 2749 2907 se
2796 2851 2863 2906 de
2913 2850 3013 2905 sub
3051 2848 3184 2919 jugo
3233 2845 3532 2912 servitutis,

1941 2946 2070 3017 quid
2090 2955 2176 3001 est
2203 2953 2263 3000 ut
2290 2945 2344 3000 hi
2372 2945 2682 3000 libertatem
2717 2957 2871 2999 suam
2906 2941 3267 3012 obligaverint
3301 2936 3536 2995 vinculis

1939 3036 2108 3108 legis?
2129 3035 2430 3090 Plurimum
2479 3034 2703 3104 prodest
2730 3033 2934 3089 Galatis
2961 3033 3062 3087 ista
3094 3029 3360 3095 narratio,
3391 3043 3531 3099 quo-

1939 3128 2100 3185 modo
2119 3128 2320 3183 Paulus
2348 3134 2594 3182 vastator
2615 3127 2888 3197 quondam
2911 3123 3168 3180 Ecclesia:
3191 3132 3247 3178 et
3266 3119 3534 3176 Judaismi

1941 3222 2242 3281 acerrimus
2266 3218 2542 3284 defensor,
2571 3219 2641 3274 ad
2689 3216 2890 3273 Christi
2944 3216 3106 3271 ﬁdem
3135 3220 3357 3284 repente
3404 3227 3536 3268 con-

259 3333 384 3374 cum
406 3318 519 3388 jam
547 3329 670 3392 post
713 3322 1167 3377 resurrectionem
1216 3327 1360 3377 esset
1394 3320 1451 3375 in
1499 3320 1676 3385 etelis,
1700 3319 1840 3374 sicut
1866 3303 1910 3366 C
1941 3325 2132 3366 versus
2161 3309 2250 3365 sit.
2277 3309 2346 3364 Et
2371 3310 2476 3364 hoc
2519 3323 2584 3364 eo
2631 3317 2894 3378 tempore,
2923 3322 3032 3376 quo
3079 3305 3373 3361 cruciﬁxus
3415 3301 3531 3374 pri-

259 3426 424 3482 supra
453 3414 794 3478 memoravit,
840 3421 895 3468 et
924 3429 988 3470 ea
1040 3429 1161 3484 qua;
1201 3413 1392 3469 didicit
1426 3411 1720 3469 convenire
1752 3427 1846 3468 vo-

256 3504 454 3562 luntati
490 3493 867 3576 majestatique
887 3506 1002 3576 ejus
1039 3522 1071 3561 a
1093 3522 1200 3576 quo
1223 3521 1280 3562 se
1302 3505 1555 3561 didicisse
1592 3512 1842 3560 testatur.

258 3596 610 3670 Evangelium
640 3600 782 3668 quod
832 3598 1126 3655 secundum
1160 3599 1435 3655 hominem
1480 3608 1584 3665 est,
1632 3599 1849 3654 menda-

258 3690 405 3745 cium
431 3696 554 3744 est:
590 3687 773 3743 Omnis
815 3689 962 3744 enim
1005 3690 1158 3744 homo
1189 3689 1416 3744 mendax
1454 3688 1627 3763 (Psal.
1677 3705 1842 3756 cxvr;

261 3778 418 3833 Rom.
450 3777 556 3850 in);
596 3779 721 3848 quia
765 3780 1023 3849 quidquid
1068 3781 1313 3837 veritatis
1357 3782 1630 3836 invenitur
1651 3781 1707 3836 in
1749 3781 1846 3837 ho-

259 3871 429 3930 mine.
461 3886 568 3926 non
596 3880 679 3926 est
723 3871 791 3926 ab
819 3871 1059 3938 homine,
1093 3873 1187 3929 sed
1214 3888 1245 3927 a
1273 3873 1382 3928 Deo
1405 3889 1505 3943 per
1545 3874 1841 3929 hominem.

258 3962 386 4018 Ideo
409 3963 519 4034 jam
549 3964 688 4032 quod
717 3963 1009 4018 secundum
1047 3963 1319 4019 hominem
1347 3972 1453 4029 est,
1482 3979 1582 4018 nec
1610 3963 1847 4034 Evange-

258 4055 394 4109 lium
418 4055 697 4108 dicendum
719 4063 819 4119 est,
847 4054 1004 4124 quale
1035 4055 1109 4108 illi
1133 4055 1446 4110 asserebant
1476 4055 1567 4124 qui
1591 4055 1644 4108 in
1676 4055 1847 4109 servi—

262 4154 436 4200 tutem
484 4161 548 4200 ex
576 4146 825 4202 libertate
883 4147 1229 4202 attrahebant
1285 4163 1380 4202 eos
1424 4162 1560 4218 quos
1599 4146 1742 4202 Deus
1776 4162 1844 4202 ex

261 4236 526 4292 servitute
545 4236 598 4290 in
632 4236 932 4292 libertatem
955 4238 1201 4293 vocabat.
1230 4238 1377 4294 Inter
1402 4240 1647 4310 accipere
1663 4248 1844 4294 autem

272 4337 319 4383 at
339 4330 544 4384 discere
583 4330 687 4384 hoc
718 4330 940 4384 interest
961 4332 1105 4400 quod
1136 4332 1332 4401 accipit
1363 4331 1730 4402 Evangelium,
1757 4331 1844 4386 cui

261 4420 496 4491 primqu
526 4420 850 4486 insinuatur,
893 4431 949 4474 et
987 4422 1076 4490 qui
1107 4421 1175 4475 ad
1213 4422 1371 4476 ﬁdem
1395 4420 1510 4488 ejus
1537 4422 1841 4488 adducitur,

261 4519 324 4564 ut
360 4511 542 4565 credat
593 4526 719 4566 vera
746 4525 866 4566 esse
897 4527 1015 4580 qua:
1045 4513 1244 4582 scripta
1273 4513 1427 4579 sum;
1469 4514 1628 4568 discit
1663 4522 1844 4568 autem

262 4603 312 4658 is
339 4602 433 4672 qui
459 4618 521 4657 ea
567 4618 688 4673 quae
731 4603 786 4657 in
823 4603 919 4657 illo
940 4618 1041 4672 per
1067 4604 1351 4674 aenigmata
1379 4612 1432 4658 et
1461 4603 1748 4673 parabolas
1778 4603 1842 4657 fi-

261 4707 457 4772 gurata
509 4707 655 4765 sunt,
705 4699 991 4770 explanata
1036 4707 1090 4753 et
1131 4699 1387 4754 disserta'
1427 4697 1732 4768 cognoscit,
1791 4704 1844 4751 et

262 4793 542 4862 cognoscit
567 4807 672 4846 non
694 4793 910 4846 homine
933 4792 1229 4856 revelante,
1256 4791 1350 4845 sed
1370 4789 1609 4845 Christo.
1639 4789 1844 4856 Potest,

262 4883 405 4940 sicut
435 4884 488 4938 in
521 4883 790 4954 principio
818 4884 1069 4946 diximus,
1104 4898 1227 4938 cum
1255 4896 1666 4952 exponeremus,
1695 4879 1845 4933 Pau-

263 4974 346 5028 lus
373 4971 640 5044 apostolus
680 4990 784 5027 non
821 4973 886 5026 ab
917 4973 1232 5037 hominibus,
1262 4990 1426 5045 neque
1450 4989 1540 5044 per
1560 4973 1842 5036 hominem,

265 5071 340 5120 tta
368 5072 426 5118 et
465 5064 520 5118 in
547 5064 799 5135 praesenti
831 5065 948 5119 loco
975 5064 1191 5133 oblique
1233 5063 1286 5117 in
1313 5063 1534 5119 Petrum
1566 5062 1759 5133 accipi,
1792 5069 1848 5117 et

264 5156 322 5211 in
347 5156 588 5211 'caateros
625 5170 995 5225 praecessores
1028 5154 1167 5223 ejus,
1198 5154 1342 5224 quod
1367 5153 1564 5208 nullius
1592 5168 1691 5222 pro
1728 5151 1846 5223 lege

265 5251 592 5307 auctoritate
627 5257 929 5311 moveatur,
961 5249 1049 5317 qui
1097 5246 1372 5300 Christum
1410 5245 1579 5299 solum
1605 5244 1848 5313 Evange-

267 5343 324 5396 .‘ii
377 5342 576 5396 habeat
605 5351 1011 5412 praeceptorem.
1058 5338 1226 5393 Porro
1274 5337 1658 5392 revelationem
1694 5336 1842 5390 illam

265 5432 556 5503 signiﬁcat,
593 5448 714 5487 cum
744 5433 1068 5487 Damascum
1097 5429 1297 5483 vadens
1331 5427 1386 5481 in
1423 5427 1618 5482 itinere
1642 5425 1843 5482 Christi

267 5511 456 5580 vocem
479 5525 683 5579 audivit
709 5541 723 5578 :
758 5521 940 5589 Saule,
972 5522 1098 5594 quid
1123 5538 1203 5576 me
1222 5519 1542 5592 persequeris
1574 5518 1712 5590 (Act.
1741 5518 1846 5591 1x)?

267 5615 338 5671 Et
364 5625 600 5673 ctecatus
623 5616 792 5672 oculis
817 5631 1005 5671 verum
1032 5615 1212 5670 lumen
1247 5613 1434 5668 mundi
1484 5612 1710 5666 intuitus
1741 5619 1842 5667 est.

340 5706 579 5762 Audistis
627 5707 764 5762 enim
785 5707 1245 5760 conversationem
1283 5721 1453 5758 meam
1479 5702 1763 5774 aliquando
1791 5701 1848 5756 in

268 5799 570 5864 Judaismo,
603 5799 851 5872 quoniam
877 5816 1036 5870 supra
1060 5798 1272 5855 modum
1297 5796 1637 5870 persequebar
1666 5793 1848 5849 Eccle-

269 5892 408 5947 siam
452 5891 569 5958 Dei,
605 5902 654 5946 et
705 5893 1064 5963 expugnabam
1118 5890 1289 5956 illam,
1326 5898 1371 5943 et
1418 5886 1750 5959 proﬁciebam
1787 5887 1846 5939 in

1945 3419 2094 3458 mum
2141 3401 2563 3457 annuntiabatur
2590 3401 2646 3455 in
2694 3401 2914 3463 mundo,
2946 3413 3053 3468 quo
3091 3412 3290 3451 novum
3315 3396 3534 3468 dogma,

1945 3503 2001 3551 et
2023 3511 2056 3550 a
2084 3494 2354 3567 gentibus,
2379 3500 2436 3548 et
2465 3507 2496 3546 a
2521 3489 2744 3555 Judaeis,
2776 3489 2942 3544 totius
2963 3487 3113 3543 orbis
3140 3486 3340 3542 ﬁnibus
3369 3485 3538 3556 pelle—

1944 3585 2123 3640 batur.
2170 3585 2362 3640 Dicere
2412 3583 2558 3638 enim
2607 3588 2883 3654 poterant,
2934 3577 2993 3634 Si
3014 3579 3124 3644 ille,
3172 3576 3324 3648 quia
3368 3590 3536 3647 parva

1945 3686 2105 3735 aztate
2157 3675 2557 3733 Pharisaeorum
2610 3674 2895 3730 institutus
2930 3680 3016 3728 est
3066 3669 3389 3742 disciplinis,
3441 3667 3536 3739 qui

1945 3785 2134 3827 omnes
2153 3778 2454 3826 coaetaneos
2483 3783 2611 3823 suos
2637 3766 2692 3820 in
2711 3763 2934 3820 Judaica
2975 3761 3270 3816 traditione
3311 3772 3536 3828 supera-

1942 3861 2056 3926 bat,
2101 3876 2246 3914 nunc
2293 3858 2536 3914 defendit
2556 3855 2876 3918 Ecclesiam,
2901 3867 3064 3921 quam
3105 3849 3374 3918 quondam
3400 3846 3536 3901 vali-

1946 3951 2168 4005 dissime
2209 3949 2658 4019 persequebatur,
2705 3951 2761 3998 et
2784 3943 2959 4011 magis
2995 3939 3196 3996 Christi
3223 3938 3454 4010 gratiam
3479 3944 3536 3992 et

1945 4043 2243 4098 novitatem
2299 4040 2416 4095 vult
2458 4039 2664 4094 habere
2695 4051 2817 4091 cum
2849 4033 3048 4088 invidia
3096 4031 3337 4087 omnium
3371 4045 3533 4099 quam

1944 4139 2286 4188 venustatem
2332 4130 2468 4202 legis
2496 4143 2618 4183 cum
2645 4126 2805 4180 laude
2833 4125 3148 4188 multorum,
3173 4120 3300 4191 quid
3332 4135 3430 4175 nos
3455 4117 3536 4174 fa-

1946 4240 2070 4281 cere
2097 4232 2333 4293 oportet,
2374 4222 2465 4292 qui
2495 4237 2562 4275 ex
2586 4218 2887 4292 gentilitate
2924 4231 3046 4271 esse
3087 4214 3352 4284 cmpimus
3377 4211 3536 4267 Chri-

1945 4316 2145 4372 stiani?
2173 4315 2404 4370 Pulchre
2429 4329 2561 4368 vero
2581 4311 2825 4380 adjunxit
2852 4328 2864 4362 :
2900 4308 3078 4380 Supra
3119 4307 3332 4361 modum
3359 4319 3535 4374 perse-

1944 4408 2141 4477 quebar
2167 4403 2458 4459 Ecclesium
2481 4404 2603 4469 Dei,
2627 4412 2688 4456 ut
2708 4404 2835 4456 hinc
2862 4415 3077 4470 quoque
3119 4396 3405 4452 admiratio
3439 4410 3537 4448 na-

1948 4505 2212 4561 sceretur,
2228 4495 2370 4566 quod
2396 4510 2503 4549 non
2524 4510 2662 4548 unus
2684 4493 2993 4562 quicunque
3019 4491 3086 4544 de
3111 4488 3197 4543 his
3223 4485 3314 4556 qui
3338 4484 3532 4538 leviter

1945 4590 2412 4662 persequebantur
2456 4585 2778 4647 Ecclesiam,
2833 4584 2926 4638 sed
2957 4583 3045 4636 ille
3097 4580 3190 4650 qui
3219 4586 3448 4633 cmteros
3475 4575 3534 4630 in

1871 4663 1924 4722 υ
1948 4683 2324 4757 persecutione
2373 4680 2643 4746 vincebat,
2705 4693 3000 4734 conversus
3029 4675 3096 4729 ad
3133 4673 3293 4727 ﬁdem
3330 4670 3402 4724 sit
3433 4685 3447 4723 :
3479 4675 3536 4724 et

1949 4782 2243 4853 prudenter
2269 4780 2395 4834 dum
2425 4777 2567 4831 aliud
2594 4783 2798 4838 narrat,
2837 4770 3134 4834 interserit,
3165 4782 3273 4822 non
3299 4773 3411 4819 tam
3437 4763 3536 4818 Dei

1951 4890 2010 4930 se
2049 4874 2282 4929 servisse
2312 4871 2416 4942 legi
2439 4886 2601 4939 quam
2625 4867 2888 4938 paternis,
2912 4865 2966 4919 id
2989 4870 3094 4926 est,
3133 4859 3535 4916 Pharisaeorum

1951 4964 2350 5025 traditionibus,
2385 4962 2478 5030 qui
2523 4960 2717 5014 docent
2753 4955 3048 5016 doctrinas,
3080 4948 3334 5006 mandata
3361 4945 3538 5001 homi-

1951 5073 2099 5120 num,
2123 5064 2179 5110 et
2211 5053 2464 5122 rejiciunt
2496 5051 2666 5121 legem
2699 5048 2819 5112 Dei,
2849 5053 2910 5099 ut
2941 5048 3185 5098 statuant
3213 5038 3536 5094 traditiones

1947 5164 2096 5204 suas.
2140 5145 2315 5212 Quam
2349 5143 2568 5212 elegans
2622 5146 2804 5193 autem
2854 5133 3166 5190 observatio
3215 5129 3537 5202 pondusque

1946 5240 2256 5296 verborum.

2013 5328 2272 5392 Audistis,
2321 5324 2514 5394 inquit,
2552 5318 3000 5375 conversationem
3043 5330 3214 5370 meum
3243 5311 3534 5384 aliquando

1941 5427 1997 5480 in
2043 5423 2342 5479 Judaismo.
2372 5415 2872 5478 Conversationem,
2901 5425 3010 5482 non
3038 5423 3137 5479 per
3171 5406 3403 5478 gratiam
3431 5422 3443 5457 :
3474 5412 3538 5458 ut

1950 5515 2201 5572 ostendat
2247 5527 2351 5566 non
2375 5507 2614 5581 potuisse
2652 5521 2709 5560 se
2740 5504 2866 5560 inde
2893 5504 3130 5557 humano
3153 5498 3401 5563 consilio,
3425 5495 3532 5551 nisi

1951 5607 2133 5663 divina
2187 5601 2512 5658 revelatione
2561 5605 2617 5654 et
2669 5593 3059 5657 misericordia,
3107 5589 3369 5660 separari.
3415 5585 3531 5647 Ali-

1949 5696 2186 5769 quando,
2216 5708 2323 5748 non
2353 5691 2533 5746 modo.
2565 5688 2626 5744 In
2648 5686 2946 5751 Judaismo,
3000 5697 3110 5738 non
3159 5681 3214 5736 in
3243 5678 3362 5750 lege

1951 5765 2215 5859 (Quoniam
2259 5782 2635 5857 supramodum
2674 5776 3022 5852 persequebar
3076 5770 3372 5829 Ecclesium
3403 5765 3530 5859 Dei,

1948 5852 2004 5937 et
2046 5852 2393 5936 devastabam
2440 5871 2606 5929 illam.
2650 5867 2769 5926 Non
2815 5861 3180 5938 persequebar
3228 5865 3292 5916 ut
3317 5852 3541 5937 ceteri"
