4056 6350
524 399 632 479 851

1610 409 1884 466 CLAUDII
1921 408 2388 466 TAUBINENSIS
2424 407 2737 470 EPISCOPI

530 536 630 596 sed
677 528 1074 601 supransodum.
1130 525 1241 580 Nec
1291 523 1609 590 sufﬁciebat,
1646 525 1892 594 quamvis
1942 526 2108 580 vehe-
2137 527 2440 590 Asaream,
2489 535 2536 580 et
2589 525 2898 580 dimiserunt
2929 524 3174 582 Tarsum.
3232 523 3337 583 Hic
3377 534 3560 586 autem
3590 529 3812 592 dicit”

529 638 690 683 mens
719 617 1048 692 persecutio,
1076 617 1171 672 sed
1193 617 1346 684 quasi
1376 616 1595 684 quidam
1627 625 1905 685 grassator
1929 615 2117 670 Eccle-
2218 617 2452 686 primum
2483 617 2590 672 isse
2623 617 2678 670 in
2719 616 2997 682 Arabiam,
3046 629 3102 674 et
3145 618 3344 676 iterum
3387 636 3670 678 reversum
3700 622 3812 680 Da-

531 717 669 773 siam
697 719 754 770 et
783 709 968 782 praedo
994 709 1292 764 vastabam.
1324 706 1433 764 Nec
1464 708 1537 761 ait
1565 706 1862 766 Ecclesiam
1891 705 2114 772 Christi,

531 815 596 862 ut
624 816 754 860 tunc
780 801 1026 874 putabat,
1065 813 1228 870 quam
1274 798 1498 854 ducebat
1551 799 1903 868 contemptui,
1954 814 2117 868 quam

532 894 966 968 persequebatur
998 910 1010 946 :
1037 890 1151 954 sed,
1185 899 1243 945 ut
1269 905 1412 945 nunc
1439 890 1633 954 credit,
1659 889 1952 946 Ecclesiam
1986 891 2114 945 Dei:

533 985 620 1040 vel
662 986 840 1055 ipsum
903 982 1183 1042 Christum
1254 981 1422 1035 Deum
1470 995 1591 1036 esse
1643 981 1974 1051 significans,
2035 981 2119 1035 vel

531 1079 776 1150 ejusdem
798 1076 893 1134 Dei
912 1091 1033 1135 esse
1072 1073 1391 1138 Ecclesiam,
1419 1073 1512 1142 qui
1538 1073 1812 1144 quondam
1836 1073 1971 1144 legis
1993 1073 2122 1128 doc-

537 1180 624 1227 tor
646 1169 765 1226 fuit.

607 1261 676 1318 Et
706 1260 1060 1333 proﬁciebam,
1091 1257 1288 1328 inquit,
1316 1259 1372 1313 in
1395 1257 1678 1314 Judaismo
1713 1274 1875 1328 supra
1924 1257 2118 1314 multos

535 1363 828 1410 coetaneos
891 1354 948 1408 in
997 1367 1181 1423 genere
1232 1368 1369 1415 meo,
1418 1349 1776 1404 abundantius
1846 1348 2123 1405 wmu‘lator

536 1445 762 1502 existens
790 1452 1130 1514 paternarum
1181 1458 1420 1500 mearum
1466 1441 1832 1496 traditionum.
1884 1440 2121 1495 Rursum

535 1535 861 1608 profectum,
897 1549 1003 1589 non
1033 1534 1168 1604 legis
1212 1533 1330 1598 Dei,
1375 1534 1469 1588 sed
1497 1529 1758 1588 Iudaismi
1794 1541 1994 1589 vocat:
2023 1547 2124 1588 nec

534 1643 701 1699 super
719 1642 926 1692 omnes,
960 1627 1056 1684 sed
1079 1641 1244 1696 super
1268 1625 1561 1696 plurimos;
1617 1641 1718 1679 nec
1750 1641 1915 1694 super
1941 1640 2120 1690 senes,

535 1721 632 1778 sed
679 1734 842 1790 super
883 1726 1207 1782 comtaneos,
1258 1726 1318 1774 ut
1344 1726 1399 1773 et
1434 1717 1674 1774 studium
1702 1733 1858 1774 suum
1895 1717 2126 1774 referret

533 1810 590 1874 in
620 1811 757 1882 lege,
801 1818 856 1870 et
901 1808 1222 1878 iactantiam
1266 1807 1582 1864 declinaret.
1642 1807 1906 1864 Paternas
1943 1816 2122 1862 autem

2221 722 2484 762 mascum.
2527 707 2654 762 Post
2684 707 2976 764 triennium
2998 708 3212 764 venisse
3243 707 3701 781 Hierosolymam,
3733 715 3812 770 vi-

2221 800 2367 855 disse
2413 800 2654 865 Petrum,
2687 809 2742 855 et
2777 816 2898 856 cum
2934 815 2999 857 eo
3034 801 3305 856 mansisse
3341 803 3534 860 diebus
3577 806 3812 874 quinde~

2221 891 2346 945 cim.
2381 889 2506 953 Nec,
2536 901 2734 960 praeter
2755 889 3020 947 Iacobum
3056 891 3279 948 fratrem
3306 893 3544 960 Domini,
3576 896 3811 955 alterum

2223 980 2522 1049 apostolum
2571 981 2790 1046 vidisse,
2832 996 2954 1051 qua:
2999 990 3058 1038 ut
3099 999 3229 1040 vera
3279 985 3572 1040 credantur
3629 986 3814 1057 (dubia

2223 1072 2418 1141 quippe
2453 1072 2625 1128 videri
2667 1075 2983 1129 absentibus
3036 1075 3306 1146 poterant)
3363 1077 3466 1134 sub
3527 1082 3816 1136 testatione

2223 1164 2508 1219 confirmat
2537 1165 2722 1221 dicens
2751 1184 2764 1218 :
2793 1165 2924 1232 Quae
2953 1177 3125 1238 autem
3152 1166 3269 1229 dico
3305 1168 3466 1233 vobis,
3493 1185 3614 1224 ecce
3641 1188 3814 1227 carast

2223 1254 2355 1320 Deo,
2385 1257 2509 1326 quia
2557 1273 2660 1310 non
2706 1258 2950 1311 mentior.
3000 1257 3294 1313 Possumus
3348 1260 3514 1328 igitur
3545 1263 3814 1321 mstimare

2223 1347 2332 1402 isse
2387 1348 2604 1417 quidem
2673 1347 2899 1403 Paulum
2960 1349 3259 1405 secundum
3316 1350 3480 1406 Lucae
3532 1353 3815 1410 historiam

2225 1437 2676 1508 Hierosolymam,
2705 1453 2812 1493 non
2836 1439 2991 1508 quasi
3027 1439 3093 1493 ad
3117 1449 3492 1497 antecessores
3518 1444 3814 1512 apostolos,

2227 1538 2287 1584 ut
2328 1531 2531 1600 aliquid
2560 1531 2629 1586 ab
2657 1529 2764 1586 illis
2791 1529 3046 1595 disceret,
3077 1529 3171 1584 sed
3205 1539 3264 1594 ut
3297 1534 3701 1601 persecutionis
3722 1535 3815 1588 im-

2225 1633 2410 1697 petum
2457 1624 2771 1689 declinaret,
2796 1623 2888 1692 qui
2928 1624 3031 1679 sibi
3069 1624 3316 1680 Damasci
3342 1633 3565 1694 propter
3590 1642 3817 1699 evange-

2225 1714 2357 1770 lium
2387 1714 2588 1770 Christi
2621 1713 2799 1772 fuerat
2829 1714 3156 1779 concitatus,
3185 1722 3241 1768 et
3282 1715 3362 1770 sic
3389 1717 3604 1772 venisse
3635 1717 3818 1772 Hiero-

2228 1807 2490 1877 solymam
2545 1807 2698 1875 quasi
2747 1804 2814 1860 ad
2873 1821 3252 1875 quamcunque
3300 1807 3463 1862 aliam
3514 1808 3814 1863 civitatem.

531 1905 874 1969 traditiones,
907 1918 1015 1959 non
1045 1901 1256 1968 Domini
1303 1900 1552 1956 mandata
1587 1916 2041 1964 commemorans,
2070 1908 2126 1954 et
2150 1889 2200 1950 Β
2231 1897 2382 1952 Unde
2422 1911 2546 1952 eum
2575 1897 2757 1952 statim
2803 1905 3023 1966 propter
3051 1897 3276 1972 insidias
3301 1898 3614 1962 recessisse,
3650 1907 3707 1952 et
3733 1914 3821 1954 ve-

532 1995 870 2060 Pbarisaaum
921 2010 986 2049 ex
1026 1992 1313 2050 Pharisaeis
1340 1993 1619 2058 indicavit,
1649 2001 1704 2047 et
1726 1992 1984 2054 habuisse
2005 1992 2124 2059 qui—

533 2087 658 2144 dem
685 2087 860 2144 selum
886 2085 1006 2148 Dei,
1034 2084 1128 2148 sed
1151 2099 1256 2137 nou
1283 2083 1579 2138 secundum
1609 2083 1914 2138 scientiam.
1941 2081 2125 2150 Usque

530 2175 696 2234 hodie
738 2183 943 2240 autem,
972 2174 1065 2243 qui
1111 2172 1336 2228 Judaico
1372 2187 1532 2227 sensu
1577 2171 1890 2241 Scripturas
1925 2171 2122 2226 intelli-

533 2273 688 2338 gunt,
739 2271 1135 2334 persequuntur
1178 2262 1473 2326 Ecclesiam
1523 2260 1749 2327 Christi,
1798 2269 1854 2316 et
1887 2261 2125 2332 depopu-

533 2353 718 2410 lantur
762 2355 928 2418 illam,
958 2369 1065 2408 non
1104 2353 1284 2410 studio
1310 2353 1446 2426 legis
1471 2353 1588 2436 Dei,
1619 2355 1714 2410 sed
1741 2353 2124 2412 traditionibus

535 2447 820 2504 hominum
852 2447 1154 2516 depravati.

607 2536 741 2592 Cum
788 2546 963 2592 autem
997 2536 1195 2607 placuit
1214 2536 1284 2602 ei,
1306 2538 1396 2608 qui
1426 2553 1505 2592 me
1541 2537 1826 2608 segregavit
1869 2537 1933 2592 de
1976 2544 2125 2592 utero

531 2632 722 2690 matris
744 2646 897 2696 mete,
926 2639 975 2686 et
999 2631 1198 2684 vocavit
1227 2647 1320 2701 per
1343 2631 1570 2701 gratiam
1594 2647 1770 2695 suam,
1795 2639 1850 2682 ut
1875 2629 2125 2685 reuelaret

533 2721 739 2780 Filium
762 2739 916 2778 suum
942 2723 998 2778 in
1023 2739 1123 2788 me,
1149 2731 1206 2776 ut
1229 2721 1580 2792 evangelium
1610 2721 1759 2775 illum
1782 2721 1838 2776 in
1859 2721 2120 2792 gentibus.

535 2811 866 2884 Segregatur
892 2813 1289 2885 quodammodo
1311 2813 1376 2868 de
1409 2823 1592 2869 ventre
1624 2813 1838 2873 matris,
1877 2813 2124 2883 quisquis

535 2921 572 2962 ι
599 2905 895 2960 carnalium
942 2911 1227 2972 parentum
1269 2905 1658 2959 consuetudine
1707 2919 1851 2960 caeca
1905 2920 2124 2974 separa-

535 3005 648 3056 tur.
673 2996 773 3053 Vel
823 2997 988 3052 etiam
1021 2997 1074 3050 in
1101 2995 1439 3065 przescientia
1479 2996 1546 3050 ab
1602 3005 1755 3051 utero
1799 2999 2122 3068 segregavit,

535 3090 755 3159 quando
787 3088 957 3144 voluit
985 3095 1040 3142 et
1084 3086 1211 3143 fecit
1245 3089 1390 3158 quod
1437 3087 1646 3144 sciebat
1689 3103 1810 3146 esse
1857 3086 2120 3148 futurum.

532 3179 724 3236 Potest
761 3190 816 3236 et
844 3195 949 3236 non
981 3179 1424 3238 inconvenienter
1451 3188 1638 3237 uterus
1664 3181 1854 3238 matris
1880 3196 1990 3238 sum
2036 3183 2122 3238 in-

534 3273 703 3342 teiligi
729 3272 1032 3343 Synagoga.

608 3362 869 3416 Continuo
909 3379 1010 3417 non
1040 3362 1273 3430 acquievi
1308 3362 1457 3418 carni
1483 3372 1534 3418 et
1567 3364 1833 3434 sanguini.
1891 3365 2121 3436 Aequio-

532 3454 639 3510 scit
687 3463 868 3507 autem
915 3455 1065 3508 carni
1100 3461 1154 3508 ct
1185 3455 1458 3522 sanguini,
1516 3456 1764 3525 quisquis
1815 3457 2120 3525 carnalibus

532 3545 854 3615 prepinquis
882 3553 936 3600 et
975 3546 1396 3615 consanguineis
1424 3546 1537 3601 suis
1569 3547 1864 3606 carnaliter
1885 3551 2119 3606 suaden-

533 3635 681 3694 tibus
709 3635 1026 3690 assentitur.

608 3727 790 3798 Neque
841 3729 954 3782 veni
986 3725 1409 3799 Hierosolymam
1455 3730 1525 3786 ad
1579 3739 1927 3788 antecessores
1979 3750 2119 3801 meos

531 3816 816 3888 apostolos.
851 3816 907 3872 Si
938 3818 1006 3872 de
1035 3818 1291 3888 apostolis
1333 3820 1564 3887 dixerat,
1597 3819 1858 3878 Continuo
1893 3841 1996 3878 non
2027 3842 2118 3877 ac-

529 3907 700 3977 quievi
728 3908 875 3962 conti
894 3919 940 3963 et
963 3909 1232 3979 sanguini,
1255 3911 1383 3980 quid
1411 3927 1633 3968 necesse
1655 3913 1834 3969 fuerat
1865 3915 1917 3968 id
1943 3916 2120 3984 ipsum

530 3997 733 4059 iterare
763 3999 1003 4062 dicendo,
1046 3999 1230 4072 Neque
1259 4003 1372 4056 veni
1404 4003 1826 4075 Hierosolymam
1853 4007 1922 4060 ad
1967 4017 2117 4075 ante-

530 4106 760 4144 cessores
787 4107 926 4146 meos
968 4093 1250 4162 apostolos,
1285 4102 1344 4149 ut
1369 4095 1570 4165 aliquid
1593 4099 1661 4152 ab
1684 4097 1792 4152 illis
1821 4099 2119 4156 discerem?

527 4176 640 4241 Iste
678 4179 862 4250 itaque
892 4197 1083 4246 sensus
1126 4183 1388 4238 tenendus
1419 4193 1504 4241 est
1531 4202 1695 4256 quem
1744 4202 1908 4258 supra
1955 4204 2119 4259 expo-

530 4285 764 4331 animus.

606 4384 714 4440 Sed
763 4385 870 4440 abii
907 4387 963 4440 in
1007 4386 1278 4452 Arabiam,
1301 4397 1351 4442 et
1372 4389 1561 4444 iterum
1595 4407 1830 4446 reversus
1864 4409 1981 4447 sum
2010 4394 2119 4448 Da-

530 4495 789 4534 mascum.
828 4478 886 4534 Si
939 4480 1004 4534 de
1046 4481 1308 4536 Damasco
1339 4482 1470 4537 abiit
1527 4485 1581 4537 in
1613 4484 1888 4550 Arabiam,
1923 4494 1984 4539 ut
2023 4487 2118 4540 do-

530 4577 682 4624 ceret
707 4571 850 4640 quod
879 4565 1053 4625 fuerat
1073 4571 1120 4626 ei
1145 4573 1458 4638 revelatum,
1492 4590 1597 4630 non
1629 4577 1728 4631 sibi
1758 4579 1971 4635 videtur
2006 4580 2118 4634 his-

529 4661 686 4717 toriae
732 4665 866 4718 ordo
915 4649 1227 4731 convenire,
1273 4667 1541 4723 referente
1597 4671 1741 4724 Luca
1797 4672 1851 4725 in
1890 4672 2115 4729 Actibus

530 4752 896 4821 apostolorum
950 4751 1104 4826 (Cap.
1132 4755 1210 4826 nt)
1235 4757 1375 4825 quod
1411 4773 1532 4812 cum
1575 4759 1776 4815 Paulus
1804 4772 1924 4832 post
1953 4764 2114 4818 fidem

530 4841 730 4899 Christi
756 4843 853 4914 per
878 4845 995 4902 dies
1030 4847 1227 4902 multos
1262 4848 1608 4920 Evangelium
1639 4851 1884 4907 Damasci
1933 4854 2116 4924 loque-

530 4941 683 4988 retur
703 4937 983 5001 audenter,
1009 4937 1167 4992 factm
1197 4936 1400 4994 fuerint
1425 4941 1474 4994 ei
1502 4942 1730 5007 insidize,
1769 4952 1819 4998 et
1849 4945 1900 4998 in
1932 4955 2114 5014 sporta

531 5037 631 5097 per
678 5038 893 5082 murum
931 5039 1089 5085 nocte
1119 5031 1373 5090 dimissus
1405 5033 1495 5097 sit,
1528 5043 1582 5088 et
1619 5035 1766 5089 venit
1814 5035 2114 5094 Jerusalem

531 5119 749 5169 tentans
781 5130 841 5172 se
857 5117 1088 5188 jungere
1113 5121 1410 5190 discipulis,
1462 5137 1492 5175 a
1530 5123 1726 5192 quibus
1761 5141 1886 5180 cum
1915 5128 2117 5182 vitare-

532 5217 642 5276 tur,
695 5219 750 5266 et
779 5213 1032 5269 timerent
1075 5216 1141 5269 ad
1187 5230 1310 5270 eum
1363 5219 1644 5283 accedere,
1691 5237 1721 5273 a
1771 5219 2016 5277 Bamaba
2046 5224 2115 5276 ad

532 5300 806 5371 apostolos
829 5304 977 5359 illum
1002 5321 1122 5361 esse
1154 5308 1493 5376 perductum,
1521 5319 1574 5364 et
1605 5310 1676 5364 ibi
1704 5325 1956 5369 narrasse
1980 5329 2115 5382 quo-

533 5393 695 5450 modo
724 5394 891 5450 Deum
925 5396 1119 5450 viderit
1168 5398 1222 5452 in
1250 5399 1465 5464 itinere,
1495 5409 1549 5456 et
1577 5399 1828 5457 Damasci
1854 5403 2115 5460 ﬁduciali-

535 5475 620 5540 ter
673 5484 846 5553 egerit
891 5486 946 5538 in
979 5487 1195 5542 nomine
1238 5487 1388 5544 Jesu.
1427 5489 1580 5556 Erat,
1628 5491 1824 5560 inquit,
1858 5507 1976 5548 cum
2005 5493 2113 5549 illis

536 5569 740 5629 intrans
771 5584 820 5628 et
840 5577 1018 5630 exiens
1044 5575 1098 5630 in
1118 5575 1433 5646 Jerusalem,
1458 5591 1505 5635 et
1536 5581 1858 5650 ﬁducialiter
1878 5602 2036 5655 agens
2059 5587 2114 5641 in

535 5666 745 5719 nomine
795 5663 1026 5720 Domini.
1063 5666 1394 5738 Loquebatur
1437 5688 1662 5743 quoque,
1715 5685 1764 5728 et
1814 5677 2114 5746 disputabat

536 5769 656 5810 cum
699 5752 915 5809 Graecis.
962 5756 1054 5810 Illi
1103 5768 1278 5811 autem
1333 5763 1634 5829 quwrebant
1687 5767 1918 5821 occidens
1971 5785 2110 5823 eum.

539 5839 694 5907 Quod
726 5855 842 5898 cunt
867 5848 1226 5916 cognovissent
1252 5847 1460 5908 fratres,
1491 5850 1820 5907 deduxerunt
1847 5871 1966 5910 eum
1998 5855 2113 5912 Cte-

2148 3249 2194 3338 β

2141 4606 2194 4668 Ι)

2226 1991 2372 2046 uisse
2423 1989 2478 2044 in
2507 1988 2764 2044 Arabiam
2813 1989 2927 2044 sive
2959 1989 3301 2044 Damascum.
3332 1989 3509 2058 Atque
3545 1991 3668 2045 inde
3695 1998 3821 2062 post

2225 2083 2520 2138 triennium
2566 2083 2633 2136 ad
2683 2083 2970 2138 videndum
3003 2081 3226 2136 Petrum
3259 2082 3694 2154 Hierosolymam
3741 2099 3823 2138 re-

2225 2175 2471 2234 vertisse.
2509 2175 2602 2230 Vel
2629 2185 2781 2230 certe
2822 2176 3005 2230 statim
3047 2184 3107 2228 ut
3139 2176 3450 2246 baptizatus
3485 2176 3578 2240 sit,
3639 2185 3696 2230 et
3731 2191 3820 2230 ac-

2225 2276 2382 2336 cepto
2431 2265 2552 2320 cibo
2590 2264 2949 2331 confortatus,
2995 2265 3161 2320 fuisse
3217 2281 3341 2320 eum
3371 2282 3494 2321 cum
3541 2266 3822 2337 discipulis

2224 2361 2317 2429 qui
2369 2368 2529 2416 erant
2576 2359 2826 2414 Damasci
2879 2374 2976 2428 per
3003 2358 3119 2414 dies
3163 2357 3368 2428 aliquot
3414 2357 3558 2429 (Act.
3622 2358 3729 2428 ιι).
3761 2359 3823 2413 Et

2224 2451 2572 2521 stupentibus
2598 2450 2810 2506 cunctis
2859 2449 2912 2506 in
2960 2449 3248 2520 synagogis
3272 2447 3584 2504 Judteorum
3627 2450 3823 2520 praedi-

2224 2557 2380 2600 casse
2430 2542 2687 2597 continuo
2733 2540 2877 2611 quod
2902 2539 3058 2596 Jesus
3084 2549 3231 2598 esset
3272 2539 3440 2598 Filius
3468 2541 3592 2605 Dei,
3619 2551 3678 2596 et
3699 2550 3822 2597 tunc

2225 2634 2332 2690 isse
2355 2634 2410 2688 in
2439 2634 2713 2698 Arabiam,
2737 2640 2792 2686 et
2824 2633 2888 2687 de
2914 2631 3114 2686 Arabia
3147 2632 3470 2687 Damascum
3498 2634 3820 2704 revertisse,

2224 2736 2279 2781 et
2307 2727 2379 2780 ibi
2406 2726 2599 2780 fecisse
2626 2725 2920 2779 triennium
2956 2742 2969 2779 :
3007 2740 3145 2794 quos
3167 2724 3284 2778 dies
3310 2725 3508 2780 multos
3533 2725 3821 2797 Scriptura

2226 2824 2477 2882 testatur,
2505 2817 2690 2870 dicens
2721 2833 2733 2869 :
2762 2813 2893 2872 Cum
2918 2815 3262 2886 implerentur
3289 2827 3468 2872 autem
3488 2817 3603 2872 dies
3639 2817 3818 2888 multi,

2224 2907 2501 2962 consilium
2542 2907 2776 2977 fecerunt
2805 2905 3007 2971 Judwi,
3034 2917 3088 2960 ut
3117 2925 3234 2962 eum
3257 2908 3635 2977 interficerent.
3669 2908 3821 2966 Nota

2225 3007 2404 3054 autem
2430 2997 2587 3052 facta:
2622 3006 2748 3053 sunt
2779 2995 2943 3052 Saulo
2984 2998 3193 3066 insidiae
3225 3013 3436 3063 eorum,
3467 3008 3523 3053 et
3554 3000 3821 3056 custodie-

2224 3087 2355 3166 bant
2379 3095 2562 3158 portas
2587 3095 2744 3162 nocte
2770 3103 2835 3142 ac
2865 3088 2970 3150 die,
2995 3096 3054 3140 ut
3079 3102 3204 3142 eum
3236 3087 3630 3143 interﬁcerent.
3663 3087 3820 3154 Acci-

2224 3180 2435 3252 pieutes
2473 3193 2602 3250 ergo
2637 3179 2886 3249 discipuli
2937 3179 3054 3250 ejus
3096 3186 3253 3234 nocte
3280 3195 3375 3250 per
3405 3197 3625 3235 murum
3655 3181 3817 3238 diuti-

2225 3283 2412 3330 serunt
2441 3288 2584 3338 eum,
2617 3273 2996 3327 submittentcs
3023 3273 3075 3327 in
3106 3281 3310 3342 sporta.
3347 3271 3483 3327 Cum
3512 3283 3703 3329 autem
3728 3290 3815 3330 ve-

2222 3367 2393 3424 nisset
2417 3365 2868 3436 Hierosolymam,
2900 3365 3143 3421 tentabat
3169 3381 3226 3422 se
3253 3367 3483 3437 jungere
3512 3367 3811 3438 discipuﬁs.

2223 3461 2425 3535 Lucam
2456 3476 2585 3515 vero
2617 3461 2818 3515 idcirco
2851 3460 2916 3513 de
2947 3460 3146 3516 Arabia
3173 3461 3522 3530 prmteriisse,
3556 3463 3686 3532 quia
3717 3461 3815 3518 for-

2223 3553 2365 3608 sitan
2393 3552 2528 3608 nihil
2555 3554 2774 3623 dignum
2800 3551 3105 3624 apostolatu
3143 3552 3198 3610 iu
3225 3553 3418 3606 Arabia
3445 3563 3811 3626 perpetrarat,

2221 3655 2278 3700 et
2299 3661 2361 3700 ea
2398 3646 2576 3714 potius
2619 3646 3000 3716 compendiosa
3058 3645 3370 3699 narratione
3428 3645 3638 3702 dixisse
3695 3663 3812 3718 qua:

2223 3737 2382 3808 digna
2413 3735 2617 3803 Christi
2651 3736 2944 3808 Evangelio
2978 3736 3313 3792 videbantur.
3349 3734 3460 3792 Nec
3505 3737 3611 3792 hoc
3639 3737 3812 3805 segni-

2224 3827 2309 3882 tia:
2334 3829 2564 3896 apostoli
2593 3828 2978 3898 deputandum,
3012 3827 3055 3882 si
3085 3825 3286 3882 frustra
3317 3828 3368 3882 in
3399 3828 3606 3882 Arabia
3633 3829 3808 3895 fuerit,

2221 3920 2315 3976 sed
2341 3920 2482 3990 quod
2513 3919 2689 3989 aliqua
2719 3920 3070 3989 dispensatio,
3100 3928 3157 3974 et
3204 3920 3300 3974 Dei
3332 3930 3669 3991 pneceptum
3701 3919 3812 3974 fuc-

2221 4011 2315 4074 rit,
2341 4019 2399 4064 ut
2427 4009 2648 4065 faceret.
2682 4009 2815 4064 Nam
2847 4017 2900 4065 et
2932 4019 3122 4080 postea
3157 4009 3384 4080 legimus
3407 4011 3457 4065 iu
3487 4010 3646 4066 Actis
3689 4026 3811 4082 apo-

2221 4101 2503 4166 stolorum,
2558 4100 2784 4156 Paulum
2813 4117 2936 4156 cum
3000 4100 3112 4156 Sila
3151 4117 3430 4171 egressura
3477 4104 3809 4174 prohibitum

2219 4207 2338 4250 esse
2372 4208 2402 4247 a
2432 4191 2636 4263 Spiritu
2669 4202 2856 4248 sancto
2889 4193 3111 4248 verbum
3142 4193 3197 4248 in
3223 4193 3352 4248 Asia
3385 4194 3553 4266 loqui.
3589 4195 3763 4248 Aliter
3791 4209 3807 4248 :

2221 4282 2326 4338 Sed
2353 4282 2458 4336 abii
2482 4283 2536 4336 in
2559 4281 2828 4343 Arabiam,
2860 4291 2907 4335 et
2939 4283 3125 4337 iterum
3169 4299 3404 4338 reversus
3444 4301 3561 4338 sum
3611 4283 3813 4340 Dama—

2218 4388 2384 4426 scum.
2414 4372 2550 4440 Quid
2585 4372 2714 4427 mihi
2755 4371 2972 4442 prodest
3007 4373 3106 4428 ista
3139 4372 3352 4440 relatio,
3380 4375 3424 4430 si
3459 4374 3640 4450 legam
3669 4377 3811 4454 quod

2219 4460 2418 4518 Paulus
2433 4472 2552 4532 post
2572 4463 2957 4518 ret-elationem
2984 4464 3183 4519 Christi
3215 4465 3400 4519 statim
3430 4465 3558 4520 ierit
3590 4467 3650 4523 in
3678 4467 3812 4524 Ara-

2219 4557 2386 4620 biam,
2452 4564 2508 4611 et
2551 4558 2614 4626 de
2666 4558 2867 4612 Arabia
2932 4557 3252 4613 Damascum
3313 4559 3477 4615 fuerit
3534 4577 3809 4628 reversus,

2219 4650 2461 4704 nesciam
2508 4659 2689 4704 autem
2736 4650 2865 4718 quid
2911 4649 2984 4704 ibi
3019 4651 3267 4721 gesserit,
3311 4652 3507 4722 quidve
3559 4654 3808 4709 utilitatis

2217 4739 2468 4794 habuerit
2512 4758 2525 4794 :
2569 4739 2681 4814 ltus
2720 4755 2784 4795 ac
2814 4740 3054 4795 reditus?
3105 4740 3205 4816 Dat
3230 4743 3576 4799 occasionem
3599 4746 3808 4800 altioris

2217 4829 2584 4900 intelligentia:
2633 4833 2686 4886 in
2731 4833 2832 4887 hac
2859 4832 3050 4902 eadem
3085 4833 3309 4906 epistola
3363 4835 3475 4904 ipse
3515 4835 3809 4906 Apostolus

2217 4925 2282 4984 de
2304 4925 2576 4980 Abraham
2596 4934 2649 4980 et
2674 4925 2827 4988 Sara,
2859 4936 2912 4981 et
2933 4926 3080 4997 Agar
3106 4928 3400 4998 disputans.
3436 4928 3570 4996 Qua:
3595 4930 3805 5001 quidem

2216 5026 2361 5082 sunt,
2388 5017 2585 5084 inquit,
2609 5033 2700 5086 per
2727 5017 3034 5088 allegoriam
3051 5018 3211 5074 dicta.
3243 5018 3368 5074 "(rc
3390 5020 3531 5074 enim
3551 5033 3674 5074 sunt
3700 5019 3804 5076 duo

2220 5106 2550 5164 Testamenta
2577 5121 2594 5158 :
2629 5124 2789 5161 unum
2818 5107 3027 5179 quidem
3048 5109 3102 5162 in
3128 5119 3300 5163 monte
3332 5108 3460 5163 Sina
3486 5111 3544 5164 in
3582 5113 3804 5165 servitu-

2216 5206 2315 5252 tem
2353 5213 2626 5269 gencraus,
2655 5215 2772 5269 qua:
2800 5208 2873 5253 est
2906 5200 3066 5270 Agar.
3102 5197 3234 5253 Sina
3283 5201 3419 5254 enim
3452 5217 3601 5256 mons
3635 5212 3708 5256 est
3744 5203 3801 5257 in

2215 5291 2435 5355 Arabia,
2474 5292 2562 5361 qui
2590 5291 2897 5361 conjunctus
2924 5299 2998 5344 est
3025 5291 3092 5356 ei,
3110 5308 3226 5362 qua:
3249 5309 3384 5346 nunc
3405 5303 3477 5347 est
3501 5293 3800 5350 Jerusalem

2217 5383 2359 5458 (Gal.
2393 5385 2491 5457 tv).
2520 5386 2588 5440 Et
2616 5387 2771 5441 docet
2795 5386 2960 5442 Vetus
2980 5387 3409 5455 Testamentum,
3450 5391 3555 5447 hoc
3581 5405 3689 5458 eSt,
3712 5408 3802 5448 an-

2215 5475 2352 5531 cilla:
2379 5475 2568 5548 tilium,
2595 5481 2647 5530 iu
2670 5476 2794 5530 Arai
2819 5477 2888 5543 ia,
2922 5495 3040 5549 qua:
3072 5479 3460 5550 interpretatur
3486 5484 3713 5541 humilis
3745 5494 3798 5540 et

2215 5565 2442 5620 occiduo
2509 5565 2882 5622 constitutum.
2955 5568 3151 5624 Statim
3204 5570 3389 5642 itaque
3447 5580 3506 5626 ut
3566 5576 3799 5631 credidit

2215 5654 2414 5734 Paulus
2441 5656 2507 5713 ad
2528 5657 2702 5731 legem
2724 5667 2780 5716 et
2800 5661 3115 5732 prophetas,
3146 5671 3204 5720 et
3221 5665 3433 5721 Veteris
3459 5665 3792 5724 Testameuti

2209 5749 2323 5821 jam
2346 5752 2399 5806 in
2425 5753 2672 5820 occiduo,
2695 5755 2856 5826 positi
2885 5763 3224 5813 sacramenta
3253 5773 3570 5826 conversus,
3597 5761 3794 5830 quesi-

2217 5841 2295 5897 vit
2317 5841 2372 5898 in
2397 5841 2477 5898 eis
2509 5841 2802 5910 Christum,
2845 5861 3006 5918 quem
3030 5845 3217 5916 jussus
3237 5845 3414 5904 fuerat
3439 5848 3493 5902 in
3539 5851 3792 5920 gentibus
