4056 6350
515 391 624 470 εξί

1602 399 1876 456 CLAUDII
1912 398 2380 456 TAURI‘NENSIS
2416 397 2730 460 EPISCOPI

522 528 620 586 sed
670 519 1065 592 suprassodam.
1121 515 1231 570 Nec
1281 513 1600 580 subiciebat,
1637 515 1883 584 quamvis
1933 516 2100 570 vebe-
2129 516 2432 580 Asaream,
2481 524 2528 570 et
2581 515 2890 570 dimiserunt
2920 513 3164 572 Tarsum.
3223 511 3328 572 llic
3369 524 3550 575 autem
3582 516 3804 580 dicitse

521 630 682 674 mens
711 609 1040 683 persecutio,
1067 607 1162 663 sed
1185 607 1336 674 quasi
1367 606 1587 675 quidam
1618 615 1897 675 grassator
1921 605 2109 660 Eccle-

523 708 661 764 siam
689 711 746 761 et
775 701 958 772 praedo
985 699 1284 754 vastabam.
1315 696 1424 754 Nec
1455 698 1529 750 ait
1557 697 1854 754 Ecclesiam
1883 695 2106 762 Christi,

523 806 588 854 ut
616 807 746 851 tunc
771 792 1018 864 putabat,
1055 805 1218 860 quam
1265 789 1491 844 ducebat
1543 789 1896 858 contemptui,
1946 804 2110 858 quam

525 885 958 959 persequebatur
989 900 1002 936 :
1028 880 1142 944 sed,
1176 889 1234 935 ut
1260 895 1404 935 nunc
1431 880 1625 945 credit,
1651 879 1945 936 Ecclesiam
1978 881 2106 935 Dei:

525 976 612 1032 vel
654 977 832 1046 ipsum
895 972 1174 1030 Christum
1246 971 1414 1026 Deum
1462 985 1583 1026 esse
1635 971 1967 1042 signiﬁcans,
2027 971 2112 1026 vel

524 1069 769 1140 ejusdem
791 1067 885 1126 Dei
904 1081 1025 1124 esse
1065 1063 1383 1129 Eceiesiam,
1412 1063 1503 1132 qui
1531 1063 1804 1134 quondam
1829 1063 1963 1134 legis
1985 1063 2114 1118 doc-

529 1171 616 1218 tor
638 1161 757 1216 fuit.

599 1253 670 1308 Et
699 1251 1051 1324 proﬁciebam,
1082 1248 1280 1319 inquit,
1309 1250 1363 1304 in
1387 1247 1670 1303 Judaismo
1705 1264 1868 1318 supra
1917 1247 2111 1304 multos

527 1355 821 1400 eoataneos
883 1345 939 1400 in
989 1358 1173 1414 genere
1225 1359 1361 1405 meo,
1410 1339 1769 1395 abundantius
1839 1337 2116 1394 mutator

528 1436 755 1492 existens
783 1443 1122 1505 paternarum
1173 1448 1412 1490 mearum
1459 1431 1825 1486 traditionum.
1877 1429 2114 1485 Rursum

527 1526 854 1600 profectum,
890 1539 995 1579 non
1025 1524 1160 1594 legis
1204 1523 1322 1589 Dei,
1367 1523 1462 1578 sed
1489 1519 1751 1577 Iudaismi
1788 1531 1986 1579 vocat:
2015 1537 2117 1577 nec

526 1635 694 1690 super
711 1633 919 1682 omnes,
953 1617 1048 1674 sed
1072 1631 1236 1686 super
1262 1615 1554 1686 plurimos;
1610 1631 1711 1669 nec
1743 1630 1908 1684 super
1933 1630 2112 1680 senes,

527 1712 625 1768 sed
672 1725 835 1782 super
875 1717 1200 1773 coaetaneos,
1252 1717 1311 1764 ut
1337 1717 1392 1762 et
1427 1707 1667 1762 studium
1695 1723 1851 1764 suum
1888 1705 2118 1762 referret

526 1801 582 1866 in
612 1801 749 1872 lege,
793 1809 848 1860 et
893 1799 1215 1869 iactantiam
1259 1799 1576 1854 declinaret.
1635 1797 1898 1854 Paternas
1935 1805 2115 1851 autem

2210 607 2445 676 primum
2475 607 2582 661 isse
2615 607 2670 661 in
2710 605 2988 671 Arabiam,
3038 618 3094 662 et
3136 607 3335 664 iterum
3378 624 3664 666 reversum
3692 610 3803 669 Da-

2213 711 2476 752 mascum.
2520 697 2646 752 Post
2677 697 2968 754 triennium
2989 697 3204 754 venisse
3234 695 3693 770 Hierosolymam,
3724 703 3802 759 vi-

2213 790 2359 845 disse
2406 790 2646 854 Petrum,
2678 797 2734 844 et
2768 805 2891 844 cum
2926 803 2990 846 eo
3026 790 3296 845 mansisse
3333 791 3526 848 diebus
3569 795 3803 863 quinde-

2213 880 2338 935 cim.
2373 879 2499 943 Nec,
2529 890 2726 950 przeter
2747 878 3013 936 Jacobum
3047 879 3270 938 fratrem
3297 881 3536 948 Domini,
3568 885 3803 943 alterum

2215 970 2514 1039 apostolum
2563 971 2782 1035 vidisse,
2825 985 2946 1040 qua:
2990 979 3050 1026 ut
3090 987 3221 1028 vera
3271 974 3564 1029 credantur
3622 975 3805 1046 (dubia

2215 1061 2411 1131 quippe
2445 1061 2617 1117 videri
2659 1063 2976 1119 absentibus
3029 1063 3298 1135 poterant)
3355 1065 3458 1122 sub
3518 1070 3806 1128 testatione

2215 1154 2501 1209 confirmat
2529 1155 2714 1210 dicens
2744 1173 2756 1208 :
2785 1154 2917 1221 Qum
2944 1166 3118 1228 autem
3144 1155 3261 1212 dico
3298 1156 3458 1220 vobis,
3485 1174 3606 1212 ecce
3632 1175 3805 1216 coram

2215 1244 2347 1310 Deo,
2377 1247 2501 1316 quia
2549 1263 2652 1300 non
2698 1247 2942 1300 mentior.
2993 1246 3287 1302 Possumus
3340 1248 3506 1316 igitur
3536 1251 3805 1309 aestimare

2215 1336 2325 1392 isse
2379 1337 2596 1407 quidem
2665 1336 2891 1392 Paulum
2953 1338 3250 1393 secundum
3307 1338 3472 1394 Lucae
3524 1341 3806 1398 historiam

2218 1427 2669 1498 Hierosolymam,
2697 1443 2804 1482 non
2829 1428 2984 1498 quasi
3020 1429 3086 1481 ad
3110 1437 3485 1485 antecessores
3511 1432 3805 1499 apostolos,

2219 1528 2280 1574 ut
2321 1520 2523 1590 aliquid
2552 1520 2622 1575 ab
2649 1518 2756 1575 illis
2783 1517 3039 1584 disceret,
3069 1517 3164 1573 sed
3197 1527 3257 1582 ut
3289 1522 3693 1589 persecutionis
3716 1522 3807 1576 im-

2217 1622 2403 1686 petum
2450 1613 2763 1678 declinaret,
2788 1612 2879 1682 qui
2921 1613 3024 1668 sibi
3062 1613 3309 1668 Damasci
3334 1621 3557 1683 propter
3582 1630 3810 1686 evange

2219 1703 2350 1760 lium
2381 1704 2580 1760 Christi
2613 1702 2791 1762 fuerat
2822 1703 3148 1768 concitatus,
3178 1711 3233 1757 et
3275 1703 3354 1759 sic
3381 1705 3597 1760 venisse
3627 1705 3811 1760 lliero-

2221 1797 2484 1866 solymam
2538 1796 2691 1864 quasi
2739 1793 2806 1848 ad
2865 1809 3244 1864 quamcunque
3293 1795 3455 1850 aliam
3506 1796 3808 1851 civitatem.

525 1896 866 1960 traditiones,
900 1909 1007 1949 non
1038 1892 1248 1958 Domini
1296 1890 1545 1946 mandata
1580 1905 2034 1954 commemorans,
2063 1897 2118 1944 et
2143 1878 2192 1946 Β
2224 1885 2376 1942 Unde
2415 1901 2539 1941 eum
2569 1887 2751 1941 statim
2796 1894 3015 1955 propter
3043 1885 3268 1960 insidias
3294 1886 3606 1951 recessisse,
3643 1895 3701 1940 et
3729 1903 3814 1942 ve-

525 1986 862 2052 Phariszeum
913 2000 979 2040 ex
1017 1983 1306 2044 Pharisatis
1333 1982 1612 2047 indicavit,
1642 1990 1698 2036 et
1719 1981 1976 2043 habuisse
1998 1981 2118 2049 qui-

525 2077 650 2138 dem
678 2078 852 2134 selum
879 2076 999 2139 Dei,
1027 2075 1121 2132 sed
1143 2090 1248 2128 non
1276 2073 1572 2128 secundum
1603 2073 1907 2128 scientiam.
1935 2071 2119 2140 Usque

523 2167 689 2224 hodie
731 2175 936 2231 autem,
965 2165 1058 2234 qui
1104 2163 1330 2218 Judaico
1365 2178 1525 2218 sensu
1569 2161 1884 2232 Scripturas
1918 2161 2116 2216 intelli-

526 2265 681 2329 gunt,
730 2262 1128 2326 persequuntur
1170 2253 1466 2316 Ecclesiam
1516 2250 1742 2318 Christi,
1791 2259 1847 2305 et
1881 2251 2119 2322 depopu—

526 2345 710 2402 lantur
754 2346 921 2409 illam,
951 2360 1059 2399 non
1097 2345 1278 2402 studio
1303 2344 1438 2416 legis
1464 2344 1582 2428 Dei,
1612 2345 1707 2412 sed
1735 2343 2118 2400 traditionibus

527 2438 812 2496 hominum
845 2438 1146 2507 depravati.

600 2528 734 2584 Cum
781 2537 956 2583 autem
991 2527 1189 2598 placuit
1207 2527 1278 2592 ei,
1299 2529 1390 2598 qui
1419 2543 1499 2584 me
1534 2527 1821 2598 segregavit
1862 2527 1928 2581 de
1969 2534 2119 2584 utero

524 2624 715 2684 matris
737 2638 890 2687 metu,
919 2631 968 2678 et
993 2621 1193 2675 vocavit
1221 2637 1314 2692 per
1336 2621 1564 2691 gratiam
1587 2636 1764 2684 suam,
1789 2629 1843 2673 ut
1869 2619 2119 2675 reuelaret

525 2713 732 2772 Filium
755 2730 910 2770 suum
935 2714 991 2768 in
1015 2730 1116 2779 me,
1143 2721 1199 2766 ut
1223 2711 1574 2783 evangelium
1604 2711 1753 2765 illum
1775 2711 1832 2766 in
1852 2711 2114 2782 gentibus.

529 2802 859 2880 Segregatur
885 2805 1283 2876 quodammodo
1305 2804 1370 2859 de
1401 2813 1586 2864 ventre
1618 2803 1832 2864 matris,
1871 2803 2118 2873 quisquis

529 2912 566 2952 ι
593 2896 888 2950 carnalium
936 2903 1221 2963 parentum
1263 2895 1652 2949 consuetudine
1702 2909 1845 2949 amca
1899 2910 2119 2964 separa-

529 2996 641 3044 tur.
667 2987 765 3044 Vel
817 2988 982 3042 etiam
1015 2987 1069 3042 in
1095 2986 1432 3056 prtescientia
1472 2986 1540 3040 ab
1596 2994 1749 3041 utero
1793 2988 2118 3058 segregavit,

529 3081 748 3149 quando
781 3079 951 3144 voluit
979 3086 1034 3133 et
1079 3077 1205 3134 fecit
1239 3080 1383 3147 quod
1430 3077 1640 3134 sciebat
1682 3094 1804 3136 esse
1850 3076 2115 3138 futurum.

525 3170 717 3227 Potest
755 3181 810 3225 et
838 3186 943 3226 non
977 3170 1418 3228 inconvenienter
1445 3178 1632 3226 uterus
1658 3171 1847 3228 matris
1874 3186 1984 3228 suae
2031 3172 2118 3226 in-

528 3264 696 3332 telligi
723 3263 1026 3334 Synagnga.

603 3353 863 3417 Continuo
903 3369 1004 3407 non
1034 3352 1267 3420 acquievi
1302 3352 1451 3408 carni
1477 3362 1527 3408 et
1561 3354 1827 3424 sanguini.
1885 3354 2116 3426 Acquie—

526 3445 634 3500 scit
681 3454 862 3498 autem
909 3445 1059 3498 carni
1095 3451 1149 3498 et
1179 3445 1452 3511 sanguini,
1510 3446 1758 3515 quisquis
1809 3447 2115 3514 carnalibus

527 3536 848 3606 propinquis
876 3544 930 3590 et
969 3536 1390 3606 consanguineis
1418 3536 1531 3591 suis
1563 3537 1858 3594 carnaliter
1880 3541 2114 3602 suaden-

528 3626 675 3682 tibus
704 3625 1020 3680 assentitur.

603 3717 784 3787 Neque
835 3719 948 3772 ueni
981 3715 1403 3788 Hierosolymam
1450 3720 1519 3776 ad
1573 3730 1922 3778 antecessores
1974 3739 2114 3790 meos

525 3806 810 3878 apostolos.
845 3806 901 3863 Si
932 3808 1000 3862 de
1029 3807 1285 3878 apostolis
1327 3809 1559 3876 dixerat,
1592 3809 1853 3868 Continuo
1888 3830 1992 3866 non
2022 3831 2114 3866 ac-

524 3898 694 3968 quievi
723 3899 870 3952 carni
888 3909 935 3954 et
957 3899 1226 3969 sanguini,
1249 3900 1378 3970 quid
1406 3917 1628 3958 necesse
1651 3903 1828 3962 fuerat
1859 3905 1912 3958 id
1938 3906 2115 3974 ipsum

525 3988 728 4051 iterare
757 3990 997 4053 dicendo,
1040 3990 1225 4062 Neque
1253 3994 1367 4047 ueni
1399 3993 1822 4066 Hierosolymam
1848 3997 1918 4050 ad
1963 4008 2112 4064 ante-

525 4097 754 4138 cessores
782 4099 920 4148 meos
961 4083 1244 4153 apostolos,
1280 4092 1339 4140 ut
1364 4085 1565 4155 aliquid
1588 4088 1787 4142 abillis
1817 4089 2114 4146 discerem?

523 4167 635 4232 late
672 4171 856 4241 itaque
886 4188 1078 4230 sensus
1119 4174 1383 4229 tenendus
1414 4183 1500 4232 est
1527 4192 1690 4247 quem
1739 4192 1904 4248 supra
1951 4194 2114 4248 expo-

526 4276 759 4321 animus.

601 4374 709 4430 Sed
757 4375 864 4430 abii
902 4377 958 4431 in
1002 4377 1272 4443 Arabiam,
1296 4388 1346 4433 et
1367 4380 1556 4434 iterum
1591 4397 1826 4436 reversus
1861 4399 1977 4437 sum
2006 4383 2115 4438 Da-

526 4485 784 4524 mascum.
823 4468 880 4524 Si
934 4471 999 4525 de
1041 4471 1303 4526 Damasco
1334 4473 1465 4528 abiit
1523 4475 1577 4528 in
1609 4474 1884 4540 Arabiam,
1919 4484 1979 4529 ut
2018 4477 2113 4530 do-

526 4567 676 4615 ceret
702 4561 845 4631 quod
874 4556 1048 4647 fuerat
1069 4563 1116 4616 ei
1140 4564 1452 4629 revelatum,
1486 4581 1593 4620 non
1624 4567 1723 4622 sibi
1754 4569 1966 4624 videtur
2002 4569 2113 4623 his—
2137 4595 2190 4658 Ι)

524 4651 681 4708 iorize
727 4655 861 4708 ordo
911 4639 1222 4722 convenire,
1268 4658 1536 4714 referente
1594 4661 1737 4715 Luca
1793 4662 1846 4715 in
1885 4662 2110 4718 Actibus

525 4743 891 4812 apostolorum
945 4742 1100 4816 (Cap.
1128 4745 1205 4816 ιι)
1231 4748 1371 4815 quod
1406 4763 1528 4802 cum
1571 4750 1772 4804 Paulus
1800 4761 1920 4822 post
1948 4753 2109 4808 tidem

525 4832 726 4890 Christi
751 4851 848 4905 per
873 4836 990 4892 dies
1025 4837 1222 4892 multos
1257 4839 1604 4910 Evangelium
1635 4841 1880 4897 Damasci
1929 4843 2111 4913 loque-

525 4933 678 4979 retur
699 4929 978 4991 audenter,
1005 4927 1162 4982 factae
1192 4927 1396 4984 fuerint
1420 4932 1469 4985 ei
1498 4932 1726 4998 insidiae,
1765 4941 1814 4988 et
1843 4935 1896 4987 in
1927 4945 2108 5004 sporta

527 5029 626 5089 per
674 5032 889 5073 murum
927 5031 1084 5076 nocte
1115 5022 1368 5081 dimissus
1400 5024 1491 5088 sit,
1524 5034 1577 5078 et
1615 5025 1762 5079 venit
1810 5025 2110 5083 Jerusalem

527 5111 744 5161 tentans
777 5121 837 5162 se
853 5108 1083 5178 jungere
1109 5111 1406 5180 discipulis,
1458 5126 1487 5166 a
1525 5113 1722 5182 quibus
1758 5131 1882 5170 cum
1911 5117 2111 5172 vitare-

528 5208 637 5266 tur,
690 5209 746 5257 et
774 5204 1028 5260 timerent
1071 5207 1136 5259 ad
1182 5221 1306 5261 eum
1360 5209 1640 5273 accedere,
1687 5227 1717 5264 a
1766 5209 2011 5266 Barnaba
2041 5213 2109 5266 ad

528 5292 802 5362 apostolos
824 5295 972 5349 illum
997 5310 1118 5352 esse
1150 5298 1488 5366 perductum,
1517 5308 1570 5355 et
1599 5300 1672 5355 ibi
1700 5313 1952 5358 narrasse
1975 5319 2110 5371 quo—

529 5385 691 5440 modo
720 5385 887 5442 Deum
920 5387 1114 5441 viderit
1164 5388 1217 5442 in
1246 5389 1461 5453 itinere,
1492 5400 1545 5446 et
1573 5390 1825 5446 Damasci
1850 5392 2110 5449 ﬁduciali-

531 5469 616 5530 ter
668 5475 840 5544 egerit
885 5477 941 5529 in
975 5477 1190 5533 nomine
1233 5476 1384 5534 Jesu.
1422 5479 1576 5545 Erat,
1624 5481 1820 5550 inquit,
1854 5495 1972 5536 cum
2001 5483 2108 5538 illis

532 5559 736 5619 intrans
767 5574 814 5618 et
835 5567 1013 5620 exiens
1039 5566 1094 5620 in
1114 5566 1429 5636 Jerusalem,
1453 5581 1501 5624 et
1532 5571 1854 5640 ﬁducialiter
1874 5591 2032 5643 agens
2054 5576 2110 5630 in

533 5657 740 5710 nomine
791 5653 1022 5710 Domini.
1060 5655 1391 5728 Loquebatur
1434 5678 1659 5732 quoque,
1711 5674 1760 5718 et
1811 5665 2110 5736 disputabat

532 5761 652 5801 cum
695 5743 911 5800 Grauis.
960 5746 1051 5800 Illi
1099 5757 1274 5802 autem
1329 5753 1630 5820 quaerebant
1683 5756 1914 5810 occulere
1967 5773 2105 5811 eum.

536 5829 688 5897 Quod
722 5851 840 5890 cum
863 5837 1222 5907 cognovissent
1247 5838 1456 5900 fratres.
1487 5840 1815 5897 deduxerunt
1843 5860 1960 5898 eum
1993 5843 2109 5900 Cte-

2219 1980 2365 2036 nisse
2416 1979 2471 2032 in
2500 1978 2757 2038 Arabiam
2807 1977 2920 2033 sive
2951 1979 3294 2032 Damascum.
3324 1978 3502 2046 Atque
3537 1980 3661 2033 inde
3689 1987 3813 2050 post

2218 2071 2514 2126 triennium
2559 2073 2626 2126 ad
2677 2071 2964 2128 videndum
2995 2070 3220 2125 Petrum
3251 2070 3688 2142 Hierosolymam
3735 2087 3816 2126 re-

2219 2165 2464 2223 vertisse.
2502 2165 2595 2219 Vel
2622 2173 2774 2219 certe
2815 2165 2998 2219 statim
3040 2173 3099 2217 ut
3132 2165 3443 2235 baptizatus
3479 2165 3572 2228 sit,
3632 2174 3690 2219 et
3724 2179 3814 2218 ac-

2218 2265 2374 2325 cepto
2424 2255 2546 2308 cibo
2583 2254 2942 2319 confortatus,
2989 2253 3154 2308 fuisse
3210 2269 3333 2308 eum
3364 2271 3488 2310 cum
3535 2255 3814 2326 discipulis

2217 2350 2310 2418 qui
2363 2357 2523 2404 erant
2569 2348 2819 2403 Damasci
2871 2362 2969 2417 per
2996 2347 3112 2404 dies
3157 2345 3361 2417 aliquot
3408 2346 3552 2418 (Act.
3615 2347 3722 2416 ix).
3754 2347 3816 2401 Et

2218 2440 2566 2510 stupentibus
2592 2439 2803 2494 cunctis
2852 2437 2904 2494 in
2953 2438 3242 2509 synagogis
3265 2435 3578 2492 Judaeorum
3620 2439 3816 2508 praedi-

2217 2547 2373 2589 casse
2423 2531 2680 2587 continuo
2727 2529 2870 2600 quod
2895 2527 3052 2586 Jcsus
3078 2537 3225 2588 esset
3265 2527 3434 2586 Filius
3463 2530 3584 2594 Dei,
3611 2539 3670 2584 et
3691 2539 3816 2585 tunc

2219 2623 2325 2680 isse
2347 2623 2403 2677 in
2431 2623 2707 2686 Arabiam,
2730 2629 2785 2675 et
2817 2621 2882 2676 de
2907 2619 3108 2676 Arabia
3141 2621 3465 2676 Damascum
3493 2623 3813 2690 revertisse,

2217 2725 2273 2770 et
2301 2716 2372 2770 ibi
2399 2715 2592 2770 fecisse
2621 2714 2914 2768 triennium
2949 2731 2963 2768 :
3001 2729 3139 2783 quos
3161 2713 3277 2768 dies
3304 2714 3503 2768 multos
3527 2713 3814 2786 Scriptura

2220 2814 2470 2871 testatur,
2499 2807 2684 2860 dicens
2714 2822 2726 2858 :
2755 2802 2887 2862 Cum
2912 2805 3254 2876 implerentur
3283 2815 3462 2860 autem
3482 2805 3598 2860 dies
3634 2806 3810 2874 multi,

2218 2895 2494 2952 consilium
2535 2896 2769 2966 fecerunt
2799 2895 3002 2959 Juda'i,
3028 2906 3082 2949 ut
3110 2913 3228 2950 eum
3249 2896 3629 2966 interﬁcerent.
3663 2897 3813 2954 Nota:

2219 2996 2398 3044 autem
2423 2986 2581 3040 facta:
2616 2995 2742 3043 sunt
2773 2985 2938 3041 Saulo
2978 2986 3187 3054 insidiae
3218 3002 3430 3052 eorum,
3462 2997 3517 3042 et
3549 2989 3813 3044 custodie-

2217 3077 2348 3152 bant
2372 3084 2556 3148 portas
2581 3085 2738 3152 nocte
2765 3092 2829 3130 ac
2859 3077 2963 3138 die,
2989 3085 3048 3129 ut
3074 3090 3198 3130 eum
3230 3075 3625 3131 interficerent.
3655 3077 3813 3134 Acci-

2217 3169 2430 3240 pientes
2467 3183 2596 3240 ergo
2631 3168 2880 3238 discipuli
2930 3168 3048 3238 ejus
3090 3175 3248 3223 nocte
3275 3184 3370 3238 per
3399 3185 3619 3223 murum
3648 3170 3809 3226 dimi-

2155 3260 2188 3330 μ
2219 3273 2406 3318 serunt
2435 3278 2578 3328 eum,
2611 3262 2989 3316 submittentcs
3017 3262 3070 3316 in
3101 3271 3304 3332 sporta.
3341 3260 3476 3315 Cum
3507 3271 3698 3318 autem
3722 3278 3809 3318 ve-

2217 3357 2387 3414 nisset
2412 3355 2863 3425 Hierosolymam,
2893 3355 3137 3410 tcutabat
3163 3370 3220 3411 se
3247 3355 3478 3425 jungere
3506 3355 3805 3426 discipuis.

2218 3449 2418 3524 Lucam
2450 3465 2579 3504 vero
2611 3449 2813 3503 idcirco
2845 3449 2911 3503 de
2941 3449 3139 3504 Arabia
3167 3449 3517 3519 prmteriisse,
3551 3451 3680 3520 quia
3713 3450 3809 3506 for-

2218 3543 2360 3604 sitan
2387 3541 2522 3596 nihil
2549 3543 2768 3612 dignum
2795 3540 3100 3614 apostolatu
3135 3541 3192 3595 in
3219 3541 3413 3594 Arabia
3440 3550 3805 3612 perpetraret,

2217 3644 2273 3689 et
2293 3650 2356 3690 ea
2392 3635 2570 3704 potius
2614 3635 2994 3705 compendiosa
3051 3632 3364 3687 narratione
3422 3632 3632 3690 dixisse
3689 3649 3805 3705 qua:

2218 3727 2378 3797 digna
2407 3724 2612 3794 Christi
2646 3724 2938 3796 Evangelia
2971 3724 3307 3779 videbantur.
3344 3722 3454 3778 Nec
3499 3724 3606 3780 hoc
3632 3725 3806 3792 segni-

2219 3817 2304 3871 tia:
2329 3817 2559 3886 apostoli
2587 3816 2972 3887 deputandum,
3006 3815 3050 3869 si
3079 3813 3281 3870 frustra
3310 3815 3363 3880 in
3393 3815 3600 3870 Arabia
3627 3817 3802 3881 fuerit,

2216 3909 2310 3964 sed
2335 3909 2479 3980 quod
2507 3908 2683 3978 aliqua
2713 3907 3064 3977 dispensatio,
3094 3916 3151 3962 et
3198 3907 3294 3962 Dei
3326 3918 3663 3980 prznceptum
3695 3907 3805 3962 fue-

2217 4000 2310 4065 rit,
2335 4009 2394 4054 ut
2422 3999 2642 4054 faceret.
2675 3997 2809 4053 Nam
2841 4005 2894 4054 et
2926 4006 3114 4069 postea
3151 3997 3378 4069 legimus
3401 3999 3451 4054 iu
3481 3999 3640 4054 Actis
3683 4013 3806 4070 apo-

2216 4090 2498 4155 stolorum,
2552 4089 2777 4145 Paulum
2807 4106 2931 4144 cum
2993 4088 3106 4152 Sila
3145 4106 3424 4160 egressum
3471 4091 3806 4162 prohibitum

2214 4197 2332 4240 esse
2367 4198 2398 4237 a
2426 4180 2630 4252 Spiritu
2663 4190 2850 4238 sancto
2883 4181 3106 4236 verbum
3137 4181 3192 4236 in
3218 4182 3346 4236 Asia
3379 4181 3548 4252 loqui.
3583 4182 3760 4253 Aliter
3788 4197 3804 4236 :

2217 4271 2322 4328 Sed
2348 4271 2452 4326 abii
2477 4271 2530 4325 in
2553 4270 2823 4333 Arabiam,
2855 4281 2901 4324 ct
2933 4271 3119 4326 iterum
3164 4288 3398 4326 reversus
3439 4288 3555 4326 sum
3604 4270 3810 4327 Dama-

2214 4376 2379 4414 scum.
2409 4361 2546 4428 Quid
2579 4361 2708 4416 mihi
2749 4360 2966 4431 prodest
3000 4361 3100 4416 ista
3132 4360 3347 4428 relatio,
3374 4363 3419 4418 si
3453 4362 3634 4436 legam
3664 4365 3807 4436 quod

2215 4449 2413 4508 Paulus
2428 4459 2547 4521 post
2566 4451 2951 4508 revolationem
2978 4453 3177 4508 Christi
3209 4454 3394 4508 statim
3424 4454 3552 4509 ierit
3585 4456 3644 4512 in
3674 4456 3808 4512 Ara-

2214 4545 2382 4609 biam,
2447 4553 2503 4600 et
2546 4547 2609 4616 de
2660 4546 2862 4601 Arabia
2926 4546 3247 4602 Damascum
3307 4548 3471 4604 fuerit
3529 4566 3804 4617 reversus,

2215 4639 2456 4692 nesciam
2503 4648 2684 4692 autem
2731 4639 2860 4707 quid
2906 4638 2978 4692 ibi
3013 4640 3262 4710 gesserit,
3305 4640 3501 4710 quidve
3553 4643 3803 4698 utilitatis

2212 4728 2463 4783 habuerit
2507 4746 2519 4782 :
2564 4727 2676 4782 llus
2715 4743 2778 4782 ac
2809 4729 3048 4784 reditus?
3099 4729 3200 4784 Dat
3225 4732 3571 4788 occasionem
3595 4735 3803 4789 altioris

2213 4819 2579 4888 intelligentia:
2627 4820 2681 4874 in
2727 4821 2827 4875 hac
2855 4820 3043 4888 eadem
3079 4822 3304 4894 epistola
3356 4824 3470 4893 ipse
3511 4825 3804 4896 Apostolus

2212 4915 2277 4972 de
2299 4914 2571 4968 Abraham
2590 4922 2644 4968 et
2669 4912 2822 4976 Sara,
2855 4925 2908 4969 et
2930 4914 3074 4986 Agar
3101 4917 3396 4986 disputans.
3431 4917 3566 4984 Qua:
3589 4919 3801 4991 quidem

2211 5015 2356 5070 sunt,
2383 5005 2579 5074 inquit,
2603 5022 2696 5075 per
2723 5006 3029 5076 allegoriam
3046 5007 3206 5062 dicta.
3239 5007 3365 5068 Hmc
3386 5010 3528 5064 enim
3547 5022 3670 5064 sunt
3695 5009 3799 5065 duo

2215 5095 2544 5152 Testamenta
2573 5111 2589 5147 :
2623 5113 2783 5150 unum
2813 5096 3022 5167 quidem
3044 5098 3097 5151 in
3124 5108 3296 5153 monte
3329 5097 3456 5152 Sina
3483 5100 3539 5153 in
3578 5103 3800 5155 seruitu-

2211 5195 2311 5242 tem
2349 5203 2621 5258 generans,
2651 5203 2767 5258 qua:
2795 5196 2869 5241 est
2902 5189 3062 5258 Agar.
3097 5186 3229 5241 Sina
3279 5190 3416 5242 enim
3449 5205 3596 5244 mons
3631 5201 3703 5245 est
3739 5193 3797 5245 in

2210 5279 2430 5344 Arabia,
2469 5280 2556 5350 qui
2585 5279 2892 5348 conjunctus
2919 5287 2993 5332 est
3020 5279 3087 5344 ei,
3105 5296 3222 5350 qua:
3246 5297 3381 5334 nunc
3401 5291 3474 5335 est
3497 5281 3795 5337 Jerusalem

2212 5371 2354 5448 (Gal.
2388 5374 2486 5445 IV).
2516 5375 2582 5428 Et
2611 5375 2766 5429 docet
2790 5375 2955 5430 Vetus
2975 5375 3405 5442 Testamentum,
3446 5379 3550 5435 hoc
3577 5393 3685 5445 εει,
3707 5395 3797 5436 an-

2211 5464 2348 5520 cillae
2374 5463 2563 5530 lilium,
2590 5469 2642 5519 in
2665 5465 2883 5531 Araiia,
2917 5483 3036 5537 qua:
3067 5467 3456 5539 interpretatur
3483 5472 3709 5528 humilis
3741 5480 3794 5527 et

2211 5554 2438 5624 occiduo
2505 5553 2878 5611 constitutum.
2951 5557 3146 5614 Statim
3200 5558 3385 5630 itaque
3442 5569 3503 5614 ut
3563 5563 3794 5618 credidit

2211 5643 2409 5723 i‘aulus
2436 5645 2502 5702 ad
2523 5646 2698 5719 legem
2719 5656 2775 5704 et
2795 5650 3110 5720 prophetas,
3142 5659 3199 5708 et
3217 5652 3430 5709 Veteris
3455 5653 3788 5711 Testameuti

2205 5737 2318 5810 jam
2341 5740 2394 5795 in
2421 5741 2667 5808 occiduo,
2690 5743 2851 5814 positi
2881 5751 3220 5800 sacramenta
3249 5761 3567 5813 conversus,
3594 5748 3789 5818 quaesi—

2212 5829 2290 5894 vit
2312 5829 2368 5886 in
2392 5829 2472 5888 eis
2504 5829 2797 5897 Christum,
2841 5848 3004 5906 quem
3026 5833 3213 5904 jussus
3235 5834 3411 5892 fuerat
3437 5837 3489 5890 in
3535 5839 3787 5908 gentibus
