4056 6350
299 429 414 490 853

1229 413 1486 474 ENARR.
1523 415 1594 474 IN
1629 412 1850 472 EPIST.
1891 413 1956 472 Β.
1995 407 2206 472 PAULI
2243 411 2335 468 AD
2373 407 2623 468 GALAT.

3451 401 3558 466 85a

295 543 640 622 praedicare:
661 544 720 597 et
763 543 982 610 reperto
1005 531 1119 602 ilio,
1149 547 1258 590 non
1285 539 1368 588 est
1411 531 1485 588 ibi
1509 531 1712 586 diutius
1741 544 1886 585 com-
1907 535 1960 596 Α
1985 533 2182 604 quippe
2207 533 2595 604 interpretatur
2620 525 2938 600 assumptio,
2979 519 3096 582 sive
3117 525 3332 585 vacatio
3354 524 3566 587 lamen-

295 621 569 704 moratus,
636 625 733 691 sed
781 643 1032 688 reversus
1085 627 1430 691 Damascum,
1495 625 1600 679 hoc
1659 629 1764 687 est,
1813 621 1882 676 ad

295 729 626 801 sanguinem
649 733 706 781 et
727 725 798 779 ad
827 721 1134 793 passionem
1159 713 1382 773 Christi.
1399 715 1476 770 Et
1501 714 1624 768 inde
1653 713 1886 784 prophe-

298 825 434 880 rica
461 819 696 876 lectione
721 817 988 878 ﬁrmatus,
1013 811 1189 882 pergit
1217 806 1662 878 Hierosolymam,
1705 804 1884 858 locum

295 903 532 970 visionis
553 917 608 967 et
627 907 800 981 pacis.
824 903 944 960 Non
972 911 1082 958 tam
1109 899 1402 956 disciturus
1427 895 1632 966 aliquid
1659 896 1728 950 ab
1754 907 1884 964 apo-

295 1005 478 1071 stolis,
528 1015 693 1073 quam
720 1011 844 1054 cum
889 995 970 1052 eis
1015 989 1566 1063 Evangelium,-quod
1601 987 1882 1052 docuerat,

301 1097 626 1154 collaturus.
1447 1075 1450 1078 ’

373 1187 578 1244 Deinde
619 1191 736 1257 post
763 1195 930 1236 annos
959 1186 1062 1234 tres
1097 1176 1212 1233 ueni
1257 1172 1679 1244 Hierosolymam
1707 1170 1879 1226 uidere

298 1281 546 1338 Petrum.
593 1275 662 1332 Si.
693 1289 817 1330 cum
859 1271 1284 1343 evangelizasset
1325 1267 1526 1322 Paulus
1574 1266 1629 1320 in
1663 1265 1882 1331 Arabia,

295 1381 495 1446 postea
520 1367 657 1425 vidit
683 1367 940 1423 Petrum:
967 1379 1076 1419 non
1105 1361 1226 1418 ideo
1249 1369 1310 1416 ut
1341 1375 1436 1431 per
1461 1360 1636 1430 ipsum
1663 1357 1886 1412 Petrum

297 1465 541 1522 disceret
569 1455 1060 1530 Evangelium,qui
1087 1455 1264 1510 tribus
1283 1452 1398 1522 jam
1427 1452 1584 1506 annis
1604 1451 1886 1514 docuerat,

299 1556 402 1612 sed
429 1562 492 1609 ut
521 1553 818 1608 fraternam
845 1547 1168 1604 charitatem
1201 1545 1368 1601 etiam
1397 1541 1665 1614 corporali
1697 1542 1886 1597 notitia

297 1643 626 1700 cumularet.
657 1639 812 1709 Quod
855 1638 904 1694 si
933 1637 1022 1692 cui
1061 1651 1170 1692 non
1195 1634 1430 1698 videtur,
1461 1649 1586 1690 cum
1616 1631 1886 1701 superiori

296 1749 470 1790 sensu
492 1732 684 1804 jungat
725 1731 844 1786 hmo
879 1728 1102 1784 omnia:
1135 1726 1280 1796 quod
1327 1724 1464 1780 nihil
1510 1724 1612 1780 sibi
1655 1723 1888 1794 apostoli

296 1827 654 1890 contulerint,
697 1822 844 1894 quod
883 1821 1074 1892 jussus
1111 1819 1182 1875 sit
1208 1819 1290 1873 ira
1327 1816 1775 1887 Hierosolymam,
1819 1817 1888 1872 ad

1986 625 2184 680 thbilis.

2055 717 2222 770 Eram
2261 723 2436 770 autem
2476 719 2686 786 ignotus
2717 713 2855 786 facie
2893 711 3146 768 Ecclesiit
3189 711 3416 780 luam,
3445 727 3578 786 quar-

1983 807 2040 864 in
2069 803 2278 862 Christo
2305 815 2448 862 sunt.
2475 806 3024 862 Animadvertendum
3051 807 3160 880 non
3197 803 3252 860 in
3297 807 3410 860 sola
3441 805 3570 862 Hie-

1985 901 2258 972 rosolyma
2282 898 2494 955 Judmos‘
2515 901 2569 954 in
2590 899 2808 956 Christo
2833 897 3145 962 credidisse,
3172 903 3274 951 nec
3301 903 3411 951 tam
3437 897 3566 968 pa‘u—

1985 1005 2080 1048 cos
2124 991 2318 1058 fuisse,
2359 999 2422 1046 ut
2465 991 2720 1047 Ecelesiis
2770 983 3008 1061 gentium
3056 990 3434 1054 miscerentur,
3474 987 3572 1042 ed

1987 1085 2154 1140 etiam
2183 1083 2398 1148 multos,
2423 1091 2482 1137 ut
2509 1098 2576 1138 ex
2603 1083 2708 1138 illis
2737 1082 2994 1138 Ecclesia:
3019 1081 3226 1138 ﬁerent.

2063 1175 2290 1230 Tantum
2315 1183 2489 1228 autem
2513 1173 2752 1228 auditum
2782 1165 3068 1239 habebant,
3098 1167 3239 1244 quod
3267 1173 3358 1244 qui
3397 1189 3571 1246 perse-

1988 1269 2241 1341 quebatur
2263 1283 2356 1322 nos
2379 1265 2688 1337 aliquando,
2710 1279 2848 1320 nunc
2869 1263 3190 1336 euangelizat
3208 1261 3389 1335 ﬁdem,
3414 1281 3572 1337 quam

1989 1360 2274 1434 aliquando
2315 1357 2665 1430 expugnabat,
2691 1365 2738 1411 et
2763 1357 2819 1411 in
2848 1371 2930 1410 me
2973 1353 3340 1426 gloriﬁcabant
3377 1355 3568 1409 Deum.

1989 1453 2103 1510 Hoc
2129 1453 2260 1508 dicit
2284 1452 2412 1522 quia
2457 1465 2580 1506 cum
2627 1447 2963 1504 Judaismum
3002 1448 3337 1513 defenderet,
3380 1451 3570 1502 contra

1989 1545 2174 1611 ﬁdem,
2201 1537 2343 1598 sicut
2372 1549 2428 1597 et
2469 1541 2506 1596 ii
2544 1555 2578 1596 a
2603 1537 2801 1611 quibus
2830 1539 3034 1595 Galatm
3063 1539 3277 1594 fuerant
3307 1540 3502 1605 eversi,
3541 1554 3572 1592 a

1989 1637 2102 1693 Deo
2137 1636 2344 1692 electus
2367 1641 2451 1691 est
2468 1673 2484 1700 ,
2520 1642 2576 1689 et
2617 1625 2810 1688 doctus
2837 1631 3180 1688 dissimulare
3205 1647 3236 1686 a
3263 1630 3571 1695 Jtidaismo,

1987 1740 2043 1788 et
2069 1747 2266 1787 novam
2290 1731 2464 1801 legem
2491 1729 2808 1801 praedicare,
2835 1728 2911 1782 ita
2937 1735 3000 1781 ut
3025 1727 3319 1796 gauderent
3345 1727 3398 1780 in
3421 1741 3486 1780 eo
3507 1739 3574 1780 ex

1989 1821 2190 1878 Iudaeis
2219 1821 2525 1886 credentes,
2568 1835 2703 1890 quos
2739 1817 2950 1889 pridem
2991 1817 3442 1888 persequebatur,
3467 1817 3578 1871 Deo

300 1919 410 1976 hoc
449 1933 570 1974 esse
605 1925 666 1972 ut
693 1915 902 1972 videret
931 1911 1271 1983 apostolum:
1305 1919 1420 1966 tum
1445 1909 1792 1980 intelligeret,
1821 1924 1886 1964 eo
1913 1906 1961 1966 B
1989 1919 2208 1985 agentes
2227 1913 2450 1984 gratias,
2473 1911 2567 1981 qui
2595 1911 2662 1966 de
2683 1913 3030 1981 persecutore
3057 1897 3186 1964 fecit
3213 1907 3574 1972 defmrsorem,

297 2009 530 2068 Paulum
563 2023 672 2068 non
713 2001 1140 2062 ivisse'discendi
1169 2002 1370 2068 studio,
1395 2001 1566 2073 quiet
1607 2001 1722 2070 ipse
1744 2015 1892 2056 eum-

297 2102 427 2157 dem
470 2098 872 2172 praedicationis
899 2097 1128 2151 haberet
1171 2091 1450 2150 auctorem
1470 2135 1484 2161 ,
1533 2094 1630 2150 sed
1672 2093 1892 2148 honoris

299 2193 474 2264 priori
503 2189 746 2261 apostolo
772 2185 1071 2243 deferendi.

374 2288 446 2342 Et
473 2285 668 2341 mansit
695 2283 836 2355 apud
865 2299 984 2338 eum
1031 2281 1214 2336 diebus
1243 2279 1558 2349 quindecim.
1599 2277 1892 2347 Propterea

297 2379 618 2452 quindecim
641 2377 794 2448 ponit
821 2375 958 2440 dies,
981 2383 1043 2428 ut
1067 2373 1337 2438 ostendat,
1363 2385 1468 2428 non
1493 2365 1661 2424 fuisse
1689 2370 1894 2440 grande

299 2481 518 2541 tempus
545 2477 654 2542 quo
683 2469 922 2540 potuerit
963 2465 1168 2536 aliquid
1192 2479 1222 2519 a
1250 2463 1411 2518 Petro
1440 2462 1688 2518 discere:
1722 2467 1782 2538 ut
1825 2461 1894 2514 ad

298 2561 458 2622 illum
487 2569 725 2626 sensum,
751 2575 784 2614 a
827 2573 936 2629 quo
974 2557 1171 2628 erepit,
1209 2553 1404 2612 cuneta
1445 2553 1667 2617 referat,
1696 2565 1756 2608 se
1783 2566 1894 2606 non

301 2653 380 2710 ab
412 2651 632 2708 homine
659 2649 877 2706 doctum
904 2663 1043 2714 esse,
1071 2645 1168 2702 sed
1189 2661 1221 2700 ιι
1249 2645 1382 2700 Deo.

377 2764 557 2818 Alium
596 2769 768 2816 autem
805 2757 1098 2834 apostolum
1139 2755 1248 2812 vidi
1282 2756 1560 2818 neminem,
1595 2752 1698 2808 nisi
1735 2751 1896 2806 Iaca-

299 2855 430 2914 bum
479 2857 697 2928 fratrem
741 2853 974 2908 Domini.
1015 2851 1275 2908 Iacobum
1304 2845 1440 2904 vidit
1483 2841 1890 2916 HieroSolymte,

302 2933 437 3024 quia
465 2947 538 3003 ibi
557 2931 686 3003 erat
708 2946 1035 3003 constitutus
1061 2944 1128 2998 ab
1152 2941 1408 3014 apostolis
1428 2939 1732 3011 episcopus.
1763 2933 1894 2991 Fra—

301 3025 450 3100 ti'em
477 3041 689 3099 Domini
731 3039 1114 3097 consobrinum
1138 3037 1255 3109 ejus
1281 3035 1538 3092 debemus
1569 3029 1889 3102 intelligere.

301 3131 480 3212 Negat
502 3151 559 3192 se
587 3135 768 3210 itaque
797 3144 996 3208 praeter
1031 3131 1132 3187 hos
1163 3141 1490 3202 quemquam
1523 3123 1892 3195 apostolorum

303 3229 531 3302 vidisse,
557 3241 656 3308 nec
683 3225 894 3284 occulta
919 3217 1277 3281 contradictio
1305 3225 1640 3281 nasceretur,
1669 3213 1894 3269 Etiamsi

304 3321 346 3396 si
375 3317 538 3380 Petro
563 3306 668 3400 non
703 3335 762 3375 es
788 3320 1001 3383 doetus,
1028 3315 1162 3370 alios
1187 3307 1426 3370 habuisti
1454 3309 1722 3381 apostolos
1757 3323 1896 3377 prte-
1922 3306 1967 3330 “‘

303 3399 582 3492 ceptores.
609 3399 726 3490 Non
765 3412 902 3467 vidit
931 3419 1113 3464 autem
1142 3421 1255 3472 eos,
1288 3419 1397 3460 non
1427 3417 1533 3472 quo
1563 3405 1896 3470 contemptui

304 3505 564 3572 duceret,
599 3507 694 3576 sed
732 3505 859 3578 quia
889 3503 964 3558 illi
1010 3501 1077 3557 ad
1119 3495 1466 3569 Evangelium
1495 3491 1896 3566 praedicandum

307 3589 428 3672 fcto
455 3599 667 3656 fuerant
689 3589 822 3674 orbe
850 3594 1099 3668 dispersi.

389 3693 519 3762 Qua:
540 3683 714 3746 autem
741 3689 908 3746 scribo
935 3687 1096 3752 vobis,
1126 3697 1241 3739 ecce
1273 3697 1454 3737 coram
1477 3677 1612 3745 Deo,
1641 3679 1768 3749 quia
1792 3693 1897 3731 non

308 3769 553 3842 mentior.
584 3781 738 3851 Quod
766 3781 833 3836 ad
863 3775 1382 3835 commendationem
1413 3771 1530 3842 ejus
1558 3771 1794 3842 pertinet
1821 3768 1898 3822 lo-

308 3857 560 3942 cuturus,
593 3881 786 3929 testem
814 3869 984 3926 Deum
1014 3867 1124 3932 dat,
1163 3865 1290 3938 quia
1316 3864 1395 3918 ita
1434 3877 1494 3918 se
1521 3863 1750 3926 habent,
1779 3875 1900 3929 qua:

309 3951 558 4026 dicturus
600 3977 718 4036 est,
760 3983 829 4022 ne
871 3965 1009 4021 forte
1047 3961 1324 4028 videretur
1362 3957 1742 4027 compositum,
1775 3970 1898 4010 cum

309 4039 560 4146 person-ie
603 4047 720 4144 ejus
764 4071 871 4116 non
930 4053 1216 4112 conveniat
1263 4049 1463 4120 aliquid
1499 4039 1716 4118 lingere
1752 4063 1762 4098 :
1805 4043 1901 4098 sed

314 4131 444 4210 cum
469 4131 526 4210 se
557 4131 920 4226 commendat,
959 4135 1058 4202 hos
1082 4145 1198 4218 vult
1232 4141 1518 4218 prolicere.
1543 4131 1901 4195 Commenda-

314 4247 396 4330 tjo
420 4237 564 4320 enim
593 4243 708 4298 haec
736 4243 854 4297 istis
878 4237 1115 4314 prolicit,
1148 4243 1208 4290 ut
1235 4235 1412 4290 sciant
1434 4248 1522 4300 ea,
1550 4245 1670 4302 quae
1697 4231 1764 4300 ab
1799 4229 1902 4284 hoc

317 4319 587 4402 dicuntur,
618 4350 740 4390 esse
763 4329 1044 4388 verissima
1068 4347 1080 4382 :
1111 4329 1202 4410 qui
1232 4319 1386 4392 dicit,
1415 4341 1531 4378 ecce
1559 4327 1737 4376 coram
1767 4321 1899 4386 Deo,

319 4446 426 4486 non
457 4428 697 4498 utentior.
739 4421 894 4496 Jurat
921 4421 1137 4496 utique;
1167 4427 1221 4473 et
1250 4415 1379 4488 quid
1415 4414 1658 4469 sanctius
1688 4414 1794 4466 hac
1816 4411 1905 4480 ju-

321 4499 565 4594 i'atioue?
595 4511 702 4594 Sed
736 4531 842 4570 non
873 4521 955 4588 est
980 4521 1171 4567 contra
1200 4509 1529 4578 praeceptum
1555 4499 1780 4558 Demini
1800 4503 1904 4556 iSta

1993 2013 2052 2060 ut
2097 2006 2322 2076 perinde
2364 2006 2568 2061 scirent
2593 2003 2798 2060 Galatas
2831 2003 3230 2058 circumventos
3257 2016 3349 2067 se,
3387 2007 3444 2054 ut
3479 2001 3578 2055 sub

1992 2099 2214 2154 nomine
2241 2097 2444 2153 Christi
2489 2097 2702 2153 Judatos
2751 2111 2808 2151 se
2849 2097 3258 2166 proﬁterentur,
3296 2094 3582 2149 circumci-

1993 2192 2183 2246 dentes
2211 2205 2430 2246 carnem
2460 2191 2706 2262 praeputii
2748 2190 2847 2254 sui,
2895 2203 3016 2243 cum
3047 2187 3266 2243 Christo
3304 2187 3392 2240 lex
3431 2187 3580 2242 aliud

1993 2283 2276 2352 impleret,
2311 2297 2472 2352 quam
2515 2280 2847 2336 Judaismus.
2895 2279 3010 2334 Illic
3045 2279 3192 2334 enim
3239 2278 3586 2334 circumcisio

1994 2375 2176 2430 carnis
2203 2385 2316 2440 est,
2351 2375 2438 2429 hic
2479 2375 2688 2434 cordis:
2720 2373 2868 2428 illinc
2897 2373 2998 2428 sub
3029 2372 3310 2426 elementis
3349 2371 3584 2425 servitur

1995 2466 2294 2522 neomeniis
2331 2473 2386 2520 et
2429 2466 2684 2532 sabbato;
2714 2466 2802 2520 hic
2838 2464 2938 2520 soli
2968 2464 3078 2518 Deo
3117 2465 3172 2517 in
3203 2464 3420 2534 spiritu,
3453 2463 3578 2532 quia

1993 2559 2158 2615 corde
2189 2560 2448 2614 creditur.
2481 2559 2598 2613 Illic
2633 2559 2872 2614 conditio
2901 2567 3178 2612 estcausa
3217 2558 3456 2627 peccati,
3491 2555 3582 2612 hic

1993 2651 2218 2706 libertas
2264 2666 2329 2705 ex
2381 2651 2700 2707 remissione
2750 2659 3098 2719 peccatorum
3132 2665 3146 2703 :
3185 2648 3355 2703 multa
3399 2649 3582 2718 itaque

1996 2743 2250 2798 distantia
2282 2751 2383 2798 est.
2761 2737 2768 2748 ”
3037 2747 3040 2750 ’

2570 2831 2638 2888 IN
2677 2831 2904 2888 CAPUT
2936 2831 3001 2887 ll.

2068 2929 2268 2984 Dehinc
2309 2937 2426 3000 post
2471 2943 2638 2981 annos
2672 2925 3070 2998 quatuordecim
3114 2939 3324 2978 rursum
3368 2922 3582 2978 accendi

1999 3021 2443 3094 Hierosolymam,
2477 3039 2595 3076 cum
2633 3021 2882 3076 Barnaba
2917 3029 3185 3090 assumpto
3221 3028 3270 3074 et
3303 3017 3438 3072 Tito.
3483 3015 3582 3072 As-

1999 3117 2180 3173 cendit
2225 3117 2390 3188 igitur
2431 3125 2554 3194 post
2597 3115 3005 3184 quatuordecim
3053 3129 3224 3168 annos
3271 3105 3582 3180 Hierosoly—

1999 3225 2166 3276 mam,
2197 3215 2250 3262 et
2292 3207 2384 3280 qui
2425 3207 2578 3277 prius
2616 3205 2682 3259 ad
2710 3205 2998 3260 videndum
3029 3213 3238 3258 tantum
3267 3209 3586 3272 perrexerat

2003 3295 2246 3364 Petrum,
2290 3306 2345 3354 ct
2375 3299 2564 3353 diebus
2591 3297 2900 3366 quindecim
2944 3301 3221 3350 manserat
3261 3296 3401 3366 apud
3436 3309 3581 3360 eum,

2001 3401 2146 3447 nunc
2171 3406 2228 3445 se
2255 3389 2384 3445 dicit
2415 3391 2534 3444 ideo
2559 3389 2884 3460 perrexisse,
2915 3397 2974 3442 ut
3011 3389 3281 3443 conferret
3309 3403 3430 3442 eum
3455 3401 3562 3457 apo

2002 3487 2155 3542 stolis
2185 3485 2536 3555 Evangelium
2575 3495 2850 3553 assumpto
2877 3481 3126 3538 Barnaba
3159 3482 3502 3549 circumciso,
3534 3488 3586 3537 et

2002 3579 2124 3636 Tito
2149 3593 2216 3634 ex
2244 3579 2494 3651 gentibus
2521 3578 2750 3633 habente
2771 3579 3113 3649 praeputium,
3146 3587 3202 3630 ut
3231 3576 3325 3632 sub
3351 3593 3438 3630 ore
3460 3577 3590 3629 duo-

2003 3679 2120 3726 rum
2149 3671 2224 3726 vel
2273 3671 2436 3725 trium
2488 3667 2700 3725 testium
2733 3669 2904 3725 staret
2945 3685 3095 3725 omne
3142 3671 3349 3724 uerbum
3391 3669 3582 3743 (Deut.

2001 3765 2136 3836 xvn)

2073 3847 2298 3909 Ascendi
2325 3863 2498 3908 autem
2525 3853 2809 3909 secundum
2835 3852 3218 3907 reuelationem.
3244 3851 3322 3907 Ne
3348 3859 3592 3906 moveret

2003 3963 2117 4012 eos,
2145 3961 2314 4016 quare
2343 3945 2430 4000 vel
2459 3953 2586 4000 tunc
2619 3943 2948 4008 ascen-derit,
2985 3959 3091 4014 quo
3123 3943 3307 3998 tandiu
3345 3959 3454 3997 non
3496 3959 3584 3998 as-

2005 4040 2262 4095 cenderat
2299 4056 2310 4090 :
2358 4043 2688 4106 quapropter
2736 4037 2780 4090 si
2825 4051 2888 4089 ex
2941 4031 3268 4108 revelatiohe
3311 4033 3585 4099 ascendit,

2007 4141 2136 4210 tunc
2160 4131 2417 4202 proderat
2459 4135 2515 4182 ut
2551 4127 2866 4183 ascenderet
2901 4145 2916 4179 :
2945 4123 3196 4202 quoniam
3245 4126 3414 4180 multo
3447 4133 3586 4179 tem-

2003 4219 2136 4296 pore
2173 4215 2326 4278 'l‘ama
2372 4219 2489 4291 ejus
2528 4219 2906 4276 crebrescebat
2937 4219 3080 4289 apud
3122 4233 3310 4274 omnes
3351 4215 3586 4282 Judaeos,

2007 4321 2144 4375 facie
2167 4327 2345 4374 autem
2374 4335 2479 4373 non
2507 4317 2809 4390 videbatur.
2839 4307 3259 4369 Perambulabat
3292 4313 3434 4367 enim
3469 4311 3590 4366 l‘un-

1993 4395 2140 4471 Idare
2179 4423 2233 4468 ct
2277 4412 2533 4466 roborarc
2574 4409 2848 4464 Ecclesias
2895 4407 3050 4482 solita
3093 4405 3398 4462 constantia
3449 4406 3592 4459 inter

2011 4515 2215 4579 gentes.
2242 4503 2285 4558 A
2313 4503 2514 4557 Iudaeis
2542 4510 2722 4556 autem
2753 4515 2916 4556 causa
2957 4497 3091 4572 legis
3135 4497 3274 4551 mala
3304 4495 3380 4550 illi
3427 4495 3592 4548 flebat

311 4589 542 4694 iuratio,
652 4585 757 4682 quo
801 4607 914 4680 ait:
947 4585 1031 4662 Sit
1075 4591 1256 4680 sermo
1279 4607 1462 4664 vester,
1486 4605 1560 4650 est
1582 4636 1596 4662 ,
1627 4603 1733 4658 est,
1765 4609 1870 4648 non
1891 4635 1905 4660 ,
1933 4623 1986 4684 Β
2011 4593 2215 4663 Opinio,
2245 4590 2400 4660 quasi
2438 4589 2774 4643 discordaret
2801 4603 2840 4640 a-
2856 4585 3238 4657 praedicatione
3273 4589 3591 4638 cancrorum

393 4687 398 4694 ⁸
1397 4689 1408 4694 -
1529 4683 1652 4694 ιι.-.
1745 4685 1758 4694 .
1853 4683 1865 4694 ι
2156 4691 2163 4694 ,
2205 4683 2220 4694 ι
2492 4689 2501 4694 _
2537 4681 2590 4694 ,,
2665 4679 2692 4694 η
2731 4679 2753 4694 ιγ
2805 4687 2818 4694 Δ
2965 4679 3043 4694 ...γ
3104 4675 3379 4694 Αγῗψὲῃιη-
3428 4675 3497 4694 ³.-
3534 4673 3591 4694 nd

323 4683 450 4778 itan.
478 4683 630 4778 Quod
657 4710 830 4756 autem
860 4695 1084 4769 amplius
1109 4703 1202 4760 est,
1236 4709 1269 4746 a
1299 4689 1439 4743 malo
1469 4685 1556 4742 est
1576 4683 1789 4778 (diatth.
1817 4683 1902 4760 v);

325 4775 590 4872 quantum
618 4808 746 4863 ergo
778 4791 832 4868 in
864 4789 978 4862 ipso
1003 4795 1108 4852 est,
1137 4800 1245 4840 non
1270 4781 1417 4852 jurat
1440 4775 1727 4860 Apostolus
1754 4793 1766 4829 :
1798 4789 1905 4830 non

324 4867 476 4960 enim
515 4883 718 4958 appetit
739 4871 1063 4966 jurationem
1092 4875 1386 4970 cupiditate
1415 4869 1506 4925 au’t
1551 4867 1906 4962 delectatione

320 4949 752 5054 iurandi-quod
775 4949 1025 5028 'eu'malo
1053 4977 1136 5024 est
1155 4949 1184 5034 ,’
1213 4967 1306 5021 sed
1337 4963 1624 5018 inﬁrmitas
1650 4949 1703 5015 et
1734 4951 1908 5012 inere-

327 5047 530 5144 iiulitas
553 5055 656 5144 hcc
678 5063 844 5140 exigit
863 5078 1051 5144 eorum
1081 5059 1173 5132 qui
1209 5057 1366 5138 aliter
1393 5053 1506 5109 non
1525 5057 1814 5130 moventur
1841 5047 1908 5102 ad

328 5139 514 5238 iidem.
541 5139 654 5238 iioc
679 5135 854 5238 autem
885 5135 992 5230 non
1011 5135 1187 5228 solum
1208 5135 1280 5206 de;
1297 5148 1384 5202 his
1407 5147 1528 5216 Quae
1555 5155 1702 5196 nunc
1720 5139 1912 5194 serib'it

330 5223 402 5326 ad
431 5223 673 5330 ﬁalaias,
703 5229 879 5322 potest
899 5225 1076 5324 accipi
1102 5223 1241 5296 :“sed
1266 5249 1320 5294 et
1348 5233 1674 5318 generaliter
1696 5231 1762 5284 de
1790 5243 1911 5283 oma-

331 5321 491 5416 itilius
521 5325 796 5426 Epistolis,
831 5321 958 5414 quia
1001 5352 1110 5414 non
1139 5340 1265 5414 sunt
1291 5329 1428 5386 falsa
1458 5341 1578 5410 quae
1605 5321 1829 5416 scribat,
1859 5325 1916 5376 et

330 5413 427 5498 cor
453 5411 864 5518 ejusfverbaque
889 5411 1398 5518 non-discrepent;
1495 5507 1509 5518 .

407 5501 612 5588 Deinde
632 5501 850 5600 ueni;
870 5529 1042 5596 partes
1070 5517 1243 5588 Syriae
1281 5523 1328 5569 et
1356 5507 1574 5588 Cilicia.
1609 5503 1742 5562 Post
1789 5501 1918 5558 Hie~

335 5621 620 5692 rosolymae
663 5597 928 5692 visionem
957 5611 1104 5694 venit
1227 5605 1464 5680 Syriam,
1497 5613 1616 5673 qua:
1645 5599 1803 5654 nobis
1833 5595 1915 5651 di-

336 5687 500 5786 citur
521 5707 733 5786 excelsa
787 5689 952 5786 atque
996 5687 1264 5786 sublimis,
1309 5697 1363 5751 et
1418 5691 1542 5750 inde
1589 5689 1809 5745 transiit
1852 5687 1920 5742 ad

337 5779 616 5878 Ciliciam,
665 5771 1061 5880 quam—inﬁde
1100 5771 1304 5850 Christi
1337 5785 1600 5880 cupiebat
1618 5787 1916 5880 assumere,

339 5863 722 5964 bvaugeliran;
769 5867 865 5943 eis
915 5863 1265 5941 voeationem
1319 5863 1674 5950 paenitentia.
1731 5863 1922 5926 Cilicia

2017 4683 2422 4760 apostolorum:
2454 4689 2509 4735 et
2537 4681 2626 4734 hic
2661 4679 2826 4733 ﬁebat
2868 4679 3054 4758 multis
3099 4675 3402 4745 scrupulus,
3428 4675 3505 4728 ita
3533 4673 3595 4729 ut

2015 4781 2071 4832 et
2104 4781 2290 4845 gentes
2319 4777 2537 4842 possent
2563 4768 2889 4840 perturbari,
2919 4779 2988 4821 ne
3013 4767 3066 4820 in
3091 4765 3236 4819 aliud
3265 4765 3592 4818 ducerentur

2018 4867 2085 4923 ab
2128 4881 2213 4932 eo,
2246 4879 2407 4938 quam
2452 4851 2736 4916 tradebant
2768 4859 3027 4930 apostoli,
3075 4855 3166 4925 qui
3207 4861 3328 4911 cum
3365 4855 3594 4910 Domino

2017 4957 2252 5016 fuerant.
2285 4956 2420 5030 Nam
2453 4955 2567 5025 ipsa
2595 4956 2878 5011 occasione
2913 4949 3158 5005 subversi
3184 4957 3310 5004 sunt
3337 4945 3540 5003 Galatas
3563 4966 3592 5004 a

2016 5046 2214 5102 Judaeis
2239 5043 2540 5098 dicentibus
2580 5043 2706 5111 quia
2751 5037 2894 5092 aliud
2925 5035 3165 5089 traderet
3201 5034 3400 5089 Paulus
3429 5047 3593 5103 quam

2019 5133 2231 5191 Petrus.
2257 5133 2396 5189 Hinc
2434 5133 2634 5188 factum
2662 5137 2744 5186 est
2779 5136 2869 5192 ut,
2914 5125 3220 5181 admonitus
3265 5123 3595 5181 revelatione

2019 5225 2268 5292 Domini,
2317 5225 2632 5279 ascenderet
2693 5218 3122 5288 Hierosolymam
3177 5231 3302 5271 cum
3367 5216 3596 5272 testibus

2019 5317 2422 5391 prmdicationis
2461 5329 2590 5379 suae,
2617 5313 2670 5368 id
2711 5320 2815 5376 est,
2843 5309 3090 5364 Barnaba
3130 5315 3188 5364 et
3215 5306 3358 5371 Tito,
3391 5319 3500 5360 uno
3527 5319 3594 5358 ex

2021 5409 2229 5474 Iudaeo,
2259 5415 2312 5463 et
2341 5407 2510 5461 altero
2534 5419 2600 5460 ex
2640 5401 2824 5474 gentili
2849 5419 2862 5454 :
2895 5409 2956 5454 ut
2979 5399 3027 5454 si
3069 5400 3214 5470 quod
3245 5399 3312 5454 de
3341 5411 3408 5452 eo
3432 5397 3597 5452 habe—

2023 5507 2146 5556 rent
2174 5496 2506 5560 scandalum,
2538 5495 2732 5549 horum
2781 5491 3088 5548 testimonio
3127 5490 3428 5554 tolleretur,
3467 5501 3595 5556 ape-

2019 5593 2168 5649 riens
2198 5589 2302 5644 illis
2327 5599 2542 5643 sensum
2573 5584 2970 5654 praedicationis
2995 5597 3125 5650 suas,
3168 5597 3293 5638 cum
3338 5577 3598 5652 apostolis

2021 5695 2152 5737 vero
2179 5685 2390 5736 secreto
2415 5676 2674 5740 contulit,
2719 5683 2780 5730 ut
2811 5675 3016 5730 scirent
3041 5687 3149 5729 non
3191 5672 3342 5728 illum
3391 5670 3599 5724 discor-

2023 5773 2154 5828 dare
2181 5787 2210 5825 a
2251 5769 2436 5839 regula
2477 5767 2822 5838 Evangeliea,
2853 5767 2956 5821 hoc
2999 5772 3104 5831 est,
3137 5777 3206 5818 ne
3249 5765 3502 5834 putarent
3545 5757 3598 5812 in

2021 5879 2254 5920 vacuum
2302 5874 2542 5928 currere,
2585 5867 2678 5914 aut
2724 5859 3048 5922 cucurrisse,
3089 5855 3232 5910 sicut
3259 5847 3600 5916 aestimabant
