4056 6350
496 396 604 458 855

1567 393 1842 450 CLAUDII
1883 391 2348 452 TAURlNENSlS
2386 392 2692 453 EPISCOPI

3664 402 3792 459 856

494 508 764 584 aliquanti
791 522 860 564 ex
897 504 1100 563 ludatis
1139 505 1506 563 credentibus.
1538 507 1649 564 Nec
1685 508 1830 563 enim
1875 509 2079 580 aliquid
2105 510 2158 569 Α
2182 506 2366 576 gelica:
2389 505 2656 562 libertatis
2675 514 2732 562 et
2757 505 2893 579 legis
2921 506 3136 564 abolitae
3161 516 3484 567 vetustatem
3513 515 3792 570 contule-

492 601 565 658 ιι)
585 600 667 658 eis
709 599 920 656 discere
959 606 1195 669 poterat,
1224 601 1316 669 qui
1341 615 1372 654 a
1398 599 1510 655 Deo
1537 600 1715 656 fuerat
1739 601 2072 658 instructus:

492 695 589 753 sed
614 701 836 766 propter
862 692 1212 750 concordiam
1243 700 1298 748 et
1322 708 1514 763 pacem
1537 694 1633 750 Dei
1659 705 1844 751 notum
1875 693 2076 752 factum

489 793 597 853 est,
625 791 688 841 ut
733 783 1017 842 tolleretur
1049 785 1335 854 scrupulus
1378 793 1474 841 aut
1515 787 1752 858 suspicio
1792 785 2076 855 fratribus,

491 883 589 932 aut
614 873 966 946 coapostolis;
995 883 1051 929 et
1076 883 1138 930 ut
1161 875 1411 948 gentibus
1439 877 1724 947 prodesset
1747 893 2079 950 cognoscen-

492 967 660 1034 tibus,
697 967 825 1038 quia
852 965 1219 1024 concordabat
1258 967 1610 1039 Evangelium
1645 969 1762 1039 ejus
1788 986 1913 1026 cum
1941 985 2076 1042 apo-

489 1059 664 1116 stolis.

527 1153 632 1209 -Et
657 1152 856 1208 contuli
887 1169 1007 1208 cum
1037 1154 1112 1209 eis
1158 1153 1526 1225 Evangelium,
1563 1155 1704 1225 quod
1751 1157 1979 1227 praedico
2019 1157 2077 1212 in

487 1245 749 1318 gentibus.
791 1244 955 1301 Aliud
999 1252 1082 1301 est
1129 1253 1312 1302 autem
1357 1245 1628 1312 conferre,
1660 1247 1808 1303 aliud
1841 1248 2072 1306 discere.

486 1337 634 1392 Inter
673 1335 1016 1394 conferentes
1057 1336 1342 1409 aequalitas
1376 1346 1499 1394 est:
1533 1338 1680 1396 inter
1705 1341 1989 1398 docentem
2020 1349 2078 1398 et

486 1426 786 1483 discentem
815 1426 995 1481 minor
1014 1433 1099 1483 est
1127 1427 1218 1482 ille
1241 1427 1334 1498 qui
1363 1427 1547 1484 discit.
1571 1445 1630 1484 in
1651 1429 1920 1501 principio
1945 1430 2075 1487 fidei

484 1517 544 1574 in
575 1518 806 1574 transitu
837 1517 1111 1589 apostolos
1137 1518 1295 1574 vidit.
1337 1517 1468 1576 Post
1495 1535 1685 1588 annos,
1722 1528 1781 1576 ut
1819 1522 1935 1593 ipse
1975 1522 2074 1590 ait,

485 1609 677 1666 decem
713 1617 771 1667 et
797 1617 1006 1681 septem
1051 1609 1210 1682 plene
1243 1626 1370 1666 cum
1399 1611 1482 1668 eis
1523 1612 1765 1684 loquitur
1797 1621 1854 1670 et
1880 1628 1939 1670 se
1967 1613 2067 1670 hu-

483 1701 677 1767 miliat,
699 1710 755 1757 et
782 1717 853 1758 ne
877 1702 1019 1758 forte
1047 1702 1103 1758 in
1126 1719 1359 1760 vacuum
1382 1713 1652 1773 curreret,
1676 1715 1772 1762 aut
1797 1708 2077 1764 cucurris-

483 1801 590 1860 set,
630 1793 858 1865 inquirit
895 1794 1164 1864 duplicem
1193 1796 1264 1852 ob
1291 1811 1532 1863 causam,
1557 1811 1666 1867 quo
1701 1806 1758 1853 et
1795 1798 2075 1855 humilitas

2175 599 2270 664 rit,
2293 606 2514 669 propter
2534 598 2928 656 multitudinem
2950 601 3290 658 credentium
3310 602 3648 674 Iudaeorum,
3677 608 3789 678 qui

2176 687 2407 744 necdum
2433 697 2687 761 poterant
2709 689 2986 747 Christum
3027 692 3095 748 ad
3125 692 3490 764 impletionem
3513 705 3572 752 et
3591 696 3790 752 ﬁnem

2175 782 2311 854 legis
2353 783 2567 850 audire,
2594 785 2688 856 qui
2729 791 2786 840 et
2813 785 3036 841 absente
3063 776 3249 842 Paulo”
3265 786 3662 860 Hierosolyma:
3688 789 3792 860 ja-

2176 880 2478 940 ctaverant,
2505 873 2709 931 frustra
2747 891 2872 932 eum
2898 891 3141 944 currere,
3185 884 3280 932 aut
3308 880 3634 946 cucurrisse,
3675 881 3790 951 qui

2174 971 2392 1032 putaret
2432 965 2607 1037 legem
2655 973 2895 1023 veterem
2935 983 3046 1023 non
3097 969 3446 1040 sequendam.
3489 970 3606 1026 Non
3656 987 3789 1042 quo

2175 1052 2375 1110 Paulus
2419 1056 2693 1122 timuerit,
2737 1072 2808 1113 ne
2852 1072 2952 1126 per
2993 1060 3180 1114 decem
3225 1067 3282 1114 et
3335 1069 3539 1131 septem
3586 1077 3791 1117 annos

2175 1145 2378 1204 falsum
2425 1147 2480 1203 in
2527 1148 2779 1220 gentibus
2823 1149 3174 1221 Evangelium
3225 1151 3614 1221 prmdicasset;
3669 1152 3786 1208 sed

2176 1248 2238 1295 ut
2281 1240 2592 1296 ostenderet
2635 1241 3062 1310 praecessoribus
3111 1240 3242 1305 suis,
3293 1256 3401 1297 non
3451 1257 3510 1297 se
3551 1243 3604 1297 in
3663 1258 3784 1296 va-

2177 1345 2341 1386 cuum
2364 1345 2608 1397 currere,
2629 1339 2724 1387 aut
2749 1330 3076 1398 cucurrisse,
3100 1330 3242 1387 sicut
3268 1340 3592 1404 putaverant
3617 1333 3792 1404 igno-

2177 1429 2382 1476 rantes.

2248 1527 2352 1586 Sed
2396 1545 2556 1601 neque
2608 1528 2782 1595 Titus,
2824 1530 2916 1601 qui
2943 1546 3146 1586 mecum
3177 1539 3326 1595 erat,
3372 1547 3491 1586 cum
3537 1539 3673 1586 esset
3708 1547 3790 1586 ea:

2175 1624 2448 1698 gentibus;
2473 1623 2774 1697 compulsus
2798 1633 2874 1679 est
2899 1620 3248 1679 circumcidit
3276 1632 3485 1696 propter
3506 1625 3790 1679 subintro-

2176 1715 2362 1770 duetos
2389 1723 2566 1768 autem
2593 1713 2787 1783 fratres
2811 1712 2998 1782 falsos,
3027 1713 3119 1784 qui
3145 1713 3556 1767 subintroierunt
3582 1710 3788 1781 explo-

2177 1821 2298 1860 rare
2342 1804 2633 1859 libertatem
2675 1813 2945 1870 nostram,
2984 1819 3144 1873 quam
3190 1801 3438 1856 habemus
3469 1802 3522 1855 iu
3552 1801 3790 1856 Christo

481 1885 863 1944 ostenderetur
889 1885 1064 1954 Pauli,
1088 1887 1184 1958 qui
1222 1887 1413 1944 doctor
1431 1888 1488 1944 in
1517 1896 1631 1944 toto
1659 1889 1792 1945 orbe
1828 1877 2069 1961 gentium
2095 1871 2143 1932 Β
2169 1894 2322 1963 Iesu,
2349 1905 2407 1951 ut
2438 1913 2530 1951 nos
2565 1895 2622 1950 in
2647 1897 2946 1951 servitutem
2989 1871 3278 1966 redigerent
3300 1909 3319 1948 :
3347 1895 3533 1967 quibus
3561 1897 3632 1950 ad
3659 1896 3788 1950 Ito-

483 1980 555 2036 ad
585 1993 945 2052 praecessores
971 1981 1244 2053 apostolos
1287 1981 1638 2048 cucurrisset,
1668 1991 1724 2037 et
1750 1981 1957 2038 Galatae
1992 1983 2074 2038 di-

474 2082 734 2141 soerent,
773 2089 883 2131 non
923 2075 1246 2146 reprobasse
1273 2075 1624 2148 Evangelium
1659 2074 1777 2145 ejus
1816 2090 1911 2132 eos
1939 2091 2074 2146 quo-

483 2181 592 2239 que
620 2168 714 2239 qui
754 2169 812 2224 in
849 2167 1034 2224 Iudaea
1063 2167 1324 2224 Ecclesiis
1350 2167 1736 2240 praesidebant.
1769 2167 1945 2224 Simul
1969 2183 2072 2222 au-

482 2267 598 2315 tem
626 2269 683 2316 et
711 2260 842 2316 illud
866 2259 1047 2325 docet,
1074 2259 1220 2330 quod
1245 2275 1348 2330 pro
1367 2258 1569 2316 Christi
1591 2258 1698 2315 fide
1719 2268 1775 2314 et
1796 2257 2072 2330 Evangelii

483 2349 738 2407 libertate
779 2351 849 2406 ad
877 2365 972 2408 eos
1000 2351 1148 2421 ipsos
1176 2351 1268 2420 qui
1296 2349 1365 2405 de
1406 2364 1473 2406 eo
1505 2351 1663 2420 plura
1705 2349 1844 2406 falso
1873 2363 2074 2420 cogno-

483 2450 694 2508 verant,
727 2444 873 2514 quod
914 2442 1087 2516 legem
1116 2442 1457 2514 infringeret,
1491 2441 1712 2516 Moysen
1741 2442 2072 2507 destrueret,

483 2532 955 2590 circumcisionem
1002 2534 1220 2605 penitus
1253 2533 1514 2600 auferret,
1557 2548 1721 2590 ausus
1761 2533 1835 2590 sit
1877 2532 2074 2588 ducere

483 2615 704 2692 Titum,
742 2625 1020 2682 hominem
1064 2625 1535 2692 incircumcisum;
1585 2633 1642 2680 et
1684 2623 1828 2680 inter
1865 2630 2075 2678 tantam

483 2716 886 2774 multitudinem
913 2716 1245 2785 Judaaorum,
1273 2725 1330 2773 et
1353 2717 1604 2774 inimicos
1629 2731 1776 2782 suos,
1800 2715 1893 2785 qui
1918 2715 2075 2786 quasi

483 2808 557 2863 ob
588 2807 767 2865 zelum
800 2806 938 2879 legis
977 2808 1301 2880 sanguinem
1342 2806 1460 2877 ejus
1496 2807 1714 2863 haurire
1754 2805 2073 2876 cupiebant,

483 2913 588 2954 nec
630 2899 748 2970 ipse
785 2907 1000 2967 tamen,
1036 2913 1139 2955 nec
1177 2898 1333 2954 Titus
1373 2898 1556 2969 aliquo
1597 2898 1706 2953 sint
1738 2905 1945 2954 terrore
1985 2914 2078 2954 su-

484 2989 661 3063 perati
681 2990 997 3047 necessitati
1024 2989 1240 3047 cedere.
1262 2988 1394 3058 Qua:
1417 2989 1592 3061 potuit
1615 2989 1819 3044 habere
1837 2989 2074 3054 veniam,

482 3084 572 3142 vel
599 3099 700 3156 pro
727 3083 868 3153 loco,
893 3082 982 3140 vel
1010 3099 1112 3156 pro
1145 3083 1472 3139 auctoritate
1500 3081 1806 3153 majorum,
1849 3081 1931 3136 vel
1975 3095 2077 3152 pro

2170 2003 2286 2040 ram
2323 1985 2571 2040 cessimus
2617 1984 2956 2054 subjectioni,
3002 1992 3058 2038 ut
3091 1983 3280 2038 veritas
3332 1983 3601 2056 Evangelii
3635 2000 3784 2054 per-

2169 2083 2380 2129 maneat
2426 2074 2566 2146 apud
2612 2090 2720 2129 vos.
2765 2074 2824 2130 Si
2855 2073 3032 2139 Titus,
3072 2088 3195 2129 cum
3221 2081 3368 2130 esset
3395 2090 3461 2130 ex
3487 2075 3778 2146 gentibus,

2169 2164 2318 2222 nullo
2368 2165 2547 2235 potuit
2594 2173 2807 2221 terrore
2849 2163 3133 2236 compelli,
3178 2174 3239 2220 ut
3279 2165 3782 2221 circumcideretur

2171 2256 2578 2328 Hierosolymis,
2620 2255 2932 2312 Iudaeorum
2977 2256 3260 2327 metropoli
3287 2256 3529 2322 civitate,
3559 2257 3619 2312 in
3655 2273 3780 2328 qua

2172 2359 2320 2407 tanta
2343 2349 2540 2404 Paulus
2560 2348 2908 2420 blasphemia:
2931 2349 2987 2404 in
3009 2348 3224 2421 Moysen
3246 2348 3511 2420 flagrabat
3532 2349 3775 2416 invidia,

2170 2454 2231 2501 ut
2265 2455 2453 2517 postea
2496 2456 2634 2515 pene
2675 2457 2707 2498 a
2741 2439 2942 2498 Iudaeis
2985 2441 3302 2497 interfectus
3348 2442 3454 2506 sit,
3479 2441 3700 2512 quando
3738 2457 3778 2498 a

2172 2536 2391 2592 tribuno
2437 2535 2722 2600 liberatus,
2756 2541 2811 2590 et
2858 2533 3087 2589 Romam
3123 2533 3336 2588 vinctus
3382 2533 3451 2586 ad
3491 2531 3777 2588 Caesarem

2173 2626 2426 2682 mittitur.
2449 2624 2589 2693 Quid
2609 2631 2715 2690 est,
2743 2632 2805 2678 ut
2831 2637 2926 2677 vos
2947 2621 3436 2687 circumcidamini,
3463 2636 3588 2676 cum
3609 2621 3779 2677 Titus

2173 2719 2242 2776 ab
2289 2717 2566 2790 apostolis,
2596 2717 2688 2788 qui
2733 2715 3061 2772 videbantur
3105 2714 3308 2785 aliquid
3350 2727 3492 2779 esse,
3523 2729 3634 2768 non
3679 2722 3776 2769 est

2174 2809 2482 2881 compulsus
2517 2807 2861 2872 circumcidi,
2892 2805 2988 2863 sed
3031 2813 3316 2876 susceptus
3357 2813 3442 2860 est
3469 2804 3775 2860 incircum-

2175 2903 2360 2958 cisus:
2389 2903 2494 2957 hoc
2520 2901 2576 2956 in
2605 2909 2718 2957 toto
2741 2899 3008 2956 sermonis
3031 2897 3116 2954 sui
3141 2906 3396 2954 contextu
3427 2897 3554 2968 agit,
3585 2904 3649 2951 ut
3674 2896 3775 2952 do-

2175 3005 2298 3054 ceat
2317 3010 2377 3052 se
2402 2996 2689 3052 Hebraeum
2717 3011 2786 3051 ex
2815 2993 3078 3059 Hebraeis,
3106 2991 3290 3048 omnia
3317 2991 3592 3063 quondam
3628 2991 3774 3062 legis

2175 3105 2341 3161 opera
2381 3097 2720 3154 servantem,
2761 3085 3154 3144 Circumcisum
3203 3093 3396 3140 octava
3433 3083 3544 3150 die,
3571 3097 3774 3138 secun-

484 3191 713 3234 numero
755 3176 1124 3233 Ecclesiarum
1153 3191 1276 3247 qua:
1303 3189 1372 3231 ex
1397 3173 1601 3232 ludatis
1633 3174 1687 3228 in
1713 3173 1932 3230 Christo
1958 3186 2078 3228 cre-
2103 3225 2146 3251 η
2178 3180 2305 3236 dum
2333 3179 2506 3251 legem
2528 3177 2863 3233 Pharisaaum
2889 3174 3291 3230 :-Nihilominus
3316 3183 3498 3228 tamen
3522 3171 3592 3228 ob
3612 3171 3774 3228 Chri-

485 3271 717 3337 debant;
750 3269 836 3329 vel
865 3285 964 3341 pro
994 3277 1258 3341 tempore,
1285 3283 1354 3324 ne
1381 3276 1590 3323 tantam
1619 3266 1781 3322 simul
1816 3265 2074 3322 invidiam
2103 3264 2147 3290 “
2179 3272 2251 3328 sti
2296 3271 2528 3340 gratiam
2563 3269 2818 3324 universa
2863 3275 3234 3323 contemnere.
3283 3264 3421 3320 Nam
3462 3279 3588 3319 cum
3637 3264 3772 3320 isset

485 3361 837 3417 sustinerent.
865 3361 1060 3416 Totum
1085 3369 1267 3416 autem
1293 3360 1437 3430 quod
1464 3360 1558 3423 ait,
1586 3358 1719 3414 illud
1749 3367 1861 3424 est,
1890 3366 1950 3412 ut
1980 3358 2076 3414 do-

487 3460 610 3508 ceat
632 3468 692 3508 se
718 3468 998 3523 nunquam
1021 3453 1087 3509 de
1113 3460 1461 3523 persecutore
1483 3452 1624 3522 apud
1645 3467 1740 3508 eos
1770 3452 1914 3522 ipsos
1939 3465 2076 3521 quos

486 3544 641 3614 prius
670 3551 989 3614 persecutus
1018 3543 1196 3598 fuerat
1223 3545 1466 3616 potuisse
1493 3543 1730 3600 existere
1758 3543 2070 3616 gloriosum,

486 3635 594 3690 nisi
642 3634 956 3705 prmdicatio
998 3635 1117 3706 ejus
1161 3651 1349 3693 eorum
1398 3651 1614 3706 quoque
1655 3637 1747 3706 qui
1790 3643 1916 3692 ante
1948 3651 2074 3692 eum

486 3727 630 3781 male
663 3735 945 3791 noverant,
976 3735 1121 3784 esset
1142 3727 1346 3798 judicio
1372 3726 1740 3798 comprobata,
1768 3734 1825 3781 et
1853 3726 1922 3782 ad
1950 3741 2075 3796 pro-

487 3817 728 3888 positum
754 3817 966 3873 occulte
996 3817 1156 3883 redit,
1188 3826 1299 3874 tam
1333 3817 1496 3874 breve
1529 3826 1740 3888 tempus
1781 3833 1841 3874 se
1883 3817 1940 3873 in
1980 3815 2074 3872 Ju-

488 3911 603 3966 dma
648 3909 844 3966 fecisse
871 3911 1225 3977 confirmans,
1256 3920 1316 3966 ut
1352 3911 1519 3966 etiam
1547 3909 1696 3965 vultu
1731 3908 2074 3965 credentibus

487 4013 636 4060 esset
666 4005 904 4075 ignbtus,
927 4020 995 4060 ex
1027 4020 1136 4074 quo
1159 4004 1396 4060 ostendit
1423 4019 1534 4058 non
1564 4002 1807 4069 Petrum,
1850 4016 1956 4057 non
1983 3999 2074 4054 Ja-

488 4097 686 4152 cobm‘n
707 4135 722 4160 ,
774 4111 881 4151 non
931 4094 1197 4152 Joannem
1242 4109 1300 4151 se
1345 4095 1600 4150 habuisse
1646 4092 1927 4160 doctores,
1978 4094 2073 4148 sed

488 4185 803 4252 Christum,
847 4187 940 4256 qui
989 4188 1092 4242 sibi
1133 4186 1488 4257 Evangelium
1538 4185 1848 4241 revelassct.
1898 4183 2072 4240 Simul

488 4287 668 4333 autem
705 4280 996 4334 notandum
1037 4280 1182 4349 quod
1207 4294 1370 4348 supra
1402 4279 1552 4344 dicit,
1583 4278 1879 4333 Ecclesiam
1908 4294 2074 4349 expu-

487 4382 701 4435 gnasse,
733 4369 822 4424 hic
848 4369 1036 4434 fidem;
1067 4369 1336 4433 homines,
1363 4369 1452 4424 hic
1487 4384 1636 4434 rem;
1667 4377 1726 4422 ut
1754 4385 1855 4424 nec
1878 4384 2073 4440 oppor-

488 4462 673 4516 tunius
717 4459 1029 4525 inferretur,
1066 4460 1143 4515 Ibi
1182 4461 1515 4532 evangelizat
1552 4460 1732 4527 fidem,
1775 4476 1941 4530 quam
1969 4461 2071 4515 ali-

488 4553 707 4622 quando
732 4555 1098 4624 expugnabat.
1137 4553 1213 4608 De
1242 4553 1484 4609 Ecclesia
1515 4553 1661 4609 enim
1700 4554 1950 4610 similiter
1985 4570 2073 4610 so-

488 4659 622 4701 nare
647 4661 752 4700 non
781 4656 1014 4716 poterat.

560 4739 812 4796 Seorsum
836 4749 1010 4795 autem
1051 4741 1134 4796 his
1165 4741 1256 4812 qui
1279 4740 1608 4806 uidebantur,
1639 4756 1704 4794 ne
1732 4738 1866 4808 forte
1890 4740 1947 4794 in
1988 4755 2079 4794 na-

489 4849 647 4888 cuum
687 4849 948 4888 currerent
975 4842 1068 4887 aut
1098 4833 1464 4886 cucurrissem.
1504 4830 1660 4898 Quod
1695 4845 1941 4886 seorsum
1976 4845 2077 4885 ex-

489 4925 670 4994 posuit
714 4923 1066 4994 Evangelium
1107 4923 1188 4978 eis
1228 4923 1320 4994 qui
1366 4922 1680 4978 eminebant
1720 4922 1777 4976 in
1814 4919 2073 4986 Ecclesia,

492 5027 617 5068 cum
637 5010 749 5081 jam
780 5013 912 5067 illud
941 5011 1284 5083 exposuisset
1308 5027 1490 5066 coram
1519 5010 1790 5076 omnibus,
1817 5025 1927 5066 non
1954 5011 2076 5066 ideo

491 5105 695 5160 factum
723 5117 828 5170 est,
877 5107 1022 5175 quod
1055 5104 1234 5175 aliqua
1283 5086 1424 5161 falsa
1461 5105 1696 5168 dixerat,
1725 5110 1785 5157 ut
1829 5117 2076 5158 seorsum

490 5196 794 5269 potioribus
836 5213 965 5252 vera
1009 5198 1234 5263 diceret,
1277 5199 1372 5254 sed
1417 5197 1597 5267 aliqua
1646 5203 1924 5260 tacuerat,
1957 5210 2078 5265 qua:

493 5288 670 5345 adhuc
698 5289 906 5359 parvuli
936 5301 1154 5360 portare
1189 5307 1295 5346 non
1329 5296 1619 5360 poterant:
1651 5288 1899 5359 qualibus
1925 5303 1986 5344 se
2008 5288 2077 5344 ad

493 5379 807 5437 Corinthios
842 5381 926 5437 lac
953 5381 1084 5436 dicit
1109 5381 1338 5447 dedisse,
1382 5396 1490 5435 non
1515 5395 1696 5436 escam
1726 5378 1778 5452 (I
1811 5379 1935 5433 Cor.
1966 5377 2072 5451 tu).

492 5469 713 5531 Falsum
750 5473 895 5528 enim
933 5472 1114 5528 dicere
1154 5471 1288 5528 nihil
1319 5471 1464 5527 licet.
1507 5470 1694 5526 Potest
1733 5476 1913 5524 autem
1945 5469 2071 5536 hoc,

491 5565 637 5638 quod
667 5566 743 5620 ait
767 5583 780 5619 :
811 5562 1021 5620 Contuli
1047 5581 1164 5619 cum
1185 5565 1260 5619 eis
1291 5561 1655 5634 Evangelium,
1677 5561 1818 5633 quod
1845 5561 2074 5632 praedico

492 5659 551 5714 in
591 5658 846 5731 gentibus,
888 5673 1124 5713 seorsum
1165 5664 1340 5710 autem
1380 5656 1461 5710 his
1504 5654 1592 5725 qui
1645 5653 1969 5717 uidebantur,
2012 5667 2076 5708 ne

497 5751 632 5820 forte
658 5752 716 5805 in
742 5767 962 5806 vacuum
989 5765 1251 5803 currerem
1278 5757 1370 5802 aut
1407 5748 1772 5810 cucurrissem,
1799 5753 1854 5799 et
1887 5745 1967 5801 sic
1994 5745 2077 5801 in-

501 5842 698 5912 telligi:
721 5843 867 5912 quod
891 5839 1206 5897 abscondite
1227 5854 1350 5894 cum
1373 5837 1630 5908 apostolis
1652 5838 1891 5908 gentium
1915 5853 2076 5894 cvan-

2099 4603 2154 4665 D

2176 3363 2626 3434 Hierosolymam,
2651 3371 2706 3416 et
2733 3359 2859 3415 falsi
2889 3358 3112 3424 fratres,
3138 3357 3231 3427 qui
3257 3372 3325 3412 ex
3351 3356 3772 3412 circumcisione

2175 3456 2537 3522 crediderant,
2566 3469 2690 3509 eum
2718 3452 2915 3508 vellent
2950 3449 3227 3521 impellere
3255 3457 3316 3503 ut
3348 3447 3772 3504 circumcideret

2176 3549 2358 3605 Titum
2383 3566 2396 3603 :
2442 3563 2543 3604 nec
2581 3546 2761 3602 Titum
2781 3586 2795 3610 ,
2825 3559 2926 3600 nec
2951 3559 3010 3599 se
3039 3543 3271 3599 cessisse
3297 3541 3587 3606 violentiae,
3625 3554 3767 3610 quo-

2175 3643 2355 3700 minus
2378 3642 2719 3700 custodirent
2742 3638 3021 3710 Evangelii
3043 3636 3351 3692 veritatem.
3376 3633 3534 3701 Quod
3558 3631 3604 3686 si
3634 3630 3770 3687 dicit

2175 3749 2234 3792 se
2264 3735 2590 3792 necessitate
2627 3738 2960 3803 superatum,
2994 3737 3054 3784 ut
3096 3724 3513 3783 circumcideret
3559 3723 3767 3790 Titum,

2176 3826 2443 3898 quomodo
2490 3823 2715 3881 Galatas
2763 3829 2985 3878 revocat
3028 3835 3060 3873 a
3109 3817 3546 3881 circumcisione,
3593 3830 3627 3868 a
3658 3828 3767 3885 qua

2175 3931 2278 3973 nec
2306 3917 2510 3979 Titum,
2545 3914 2638 3984 qui
2679 3927 2865 3969 secum
2897 3909 3072 3965 fuerat
3111 3924 3179 3963 ex
3222 3907 3473 3979 gentibus
3501 3904 3761 3960 Hieroso-

2175 4007 2331 4080 lymis
2362 4005 2536 4076 potuit
2562 4002 2861 4060 excusare?
2886 4000 3072 4070 Itaque
3099 4006 3194 4053 aut
3231 3997 3389 4068 juxta
3428 3993 3649 4051 Grzecos
3675 4007 3768 4048 oo-

2176 4097 2323 4154 dices
2346 4105 2430 4152 est
2458 4095 2762 4166 legendum,
2792 4091 2990 4157 Quibus
3021 4105 3186 4162 neque
3210 4087 3279 4142 ad
3309 4087 3494 4140 horam
3515 4085 3768 4139 cessimus

2175 4189 2506 4258 subiectioni,
2537 4197 2597 4242 ut
2639 4192 3037 4255 consequenter
3077 4182 3250 4252 possit
3289 4178 3535 4250 intelligi,
3573 4186 3628 4230 ut
3668 4192 3776 4254 re-_

2177 4278 2304 4332 ritas
2349 4274 2624 4346 Evangelii
2667 4282 2966 4346 permaneat
3011 4271 3152 4343 apud
3183 4287 3293 4325 vos.
3335 4269 3447 4323 Aut
3491 4267 3535 4322 si
3577 4263 3762 4321 Latini

2175 4367 2496 4438 exemplaris
2519 4365 2682 4420 alicui
2712 4363 2830 4418 fieri
2862 4362 3065 4432 placet,
3093 4359 3387 4416 secundum
3418 4357 3758 4427 superiorem

2177 4474 2394 4516 sensum
2423 4459 2668 4529 accipere
2707 4457 2984 4518 debemus,
3012 4461 3074 4508 ut
3113 4453 3181 4507 ad
3210 4453 3401 4508 horam
3443 4447 3623 4504 cessio
3657 4460 3764 4502 non

2179 4551 2598 4609 circumcidendi
2661 4549 2878 4615 Titum,
2935 4546 3029 4602 sed
3101 4543 3262 4601 eundi
3335 4539 3763 4610 Hierosolymam

2181 4640 2366 4696 fuerit.
2412 4638 2566 4707 Quod
2611 4637 2818 4694 scilicet
2868 4635 3071 4692 idcirco
3120 4631 3441 4704 subjectioni
3497 4628 3769 4685 cesserint

2183 4730 2380 4788 Paulus
2407 4737 2464 4788 et
2501 4729 2781 4784 Barnabas
2805 4727 2968 4782 eundi
3003 4724 3455 4795 Hierosolymam,
3497 4719 3767 4776 seditione

2183 4823 2253 4880 ob
2279 4823 2452 4894 legem
2476 4820 2777 4876 Antiochia:
2799 4818 3091 4883 concitata,
3119 4824 3178 4870 ut
3199 4831 3298 4888 per
3324 4813 3616 4885 epistolam
3642 4826 3768 4883 apo.

2183 4916 2448 4974 stolorum
2477 4929 2574 4969 sua
2603 4911 2874 4968 sententia
2903 4909 3236 4975 firmaretur,
3268 4915 3324 4964 et
3348 4913 3601 4962 maneret
3629 4902 3767 4975 apud

2184 5008 2404 5065 Galatas
2429 5005 2703 5076 Evangelii
2733 5005 2958 5070 veritas,
2999 5019 3120 5074 qua:
3144 5017 3254 5057 non
3281 5008 3427 5057 esset
3473 5000 3529 5054 in
3563 4998 3764 5062 littera,

2177 5102 2273 5160 sed
2301 5102 2355 5156 in
2384 5099 2623 5171 Spiritu;
2651 5113 2760 5153 non
2785 5097 2842 5153 in
2884 5095 3091 5153 carnali
3132 5111 3313 5158 sensu,
3347 5092 3441 5149 sed
3473 5093 3528 5147 in
3569 5089 3766 5146 intelli-

2179 5191 2363 5265 gentia
2401 5189 2632 5262 spiritali
2667 5206 2681 5244 :
2715 5203 2817 5245 nec
2864 5188 2922 5242 in
2951 5186 3238 5243 manifesto
3259 5183 3562 5248 ludaismo,
3591 5182 3682 5238 sed
3710 5180 3766 5234 in

2178 5281 2414 5339 occulto.
2443 5281 2672 5350 Quidam
2696 5287 2822 5350 post
2844 5276 3256 5348 quatuordecim
3283 5290 3455 5330 annos
3484 5289 3609 5330 eum
3636 5271 3765 5327 Hie-

2179 5377 2509 5449 rosolymam
2553 5373 2883 5436 ascendisse,
2912 5379 3040 5428 tunc
3067 5371 3275 5435 dicunt,
3301 5367 3519 5438 quando
3562 5366 3620 5420 in
3657 5363 3764 5418 Ac-

2181 5467 2326 5522 tibus
2371 5463 2737 5536 apostolorum
2768 5462 2835 5517 de
2864 5461 3254 5531 questionibus
3293 5454 3653 5514 observandas
3680 5449 3764 5508 vel

2180 5555 2654 5628 praetermittenda:
2687 5553 2823 5624 legis
2858 5553 3278 5616 intercedentes,
3321 5544 3624 5603 Antiochiae
3645 5550 3764 5598 orta

2180 5649 2446 5708 dissensio
2479 5655 2592 5712 est,
2624 5655 2681 5702 et
2706 5645 2910 5715 placuit
2937 5643 3017 5699 ire
3061 5641 3511 5712 Hierosolymam,
3543 5645 3602 5692 et
3643 5649 3764 5688 sen-

2179 5739 2406 5797 tentiam
2453 5734 2721 5804 majorum
2767 5731 3107 5804 praestolari:
3136 5730 3354 5802 quando
3397 5729 3516 5800 ipse
3547 5737 3764 5795 quoque

2180 5833 2378 5893 Paulus
2415 5839 2471 5887 et
2515 5830 2789 5889 Barnabas
2821 5826 2972 5886 missi
3013 5833 3140 5895 sunt
3166 5843 3182 5882 :
3213 5832 3271 5898 et
3312 5822 3418 5879 hoc
3455 5832 3581 5878 esse
3620 5813 3764 5890 quod
