4056 6350
237 437 346 496 857

1173 418 1432 479 ENARR.
1473 417 1544 476 IN
1581 415 1804 476 EPIST.
1847 413 1911 471 D.
1952 413 2160 472 PAULI
2196 413 2290 471 AD
2326 413 2578 473 GALAT.

3405 411 3512 472 858

235 553 294 610 in
332 545 610 608 codicibus
635 545 850 617 legatur
875 538 1106 605 Latinis,
1134 536 1318 610 quibus
1349 535 1418 589 ad
1443 533 1629 588 horam
1669 528 1827 585 cessi—
1852 527 1905 589 Α
1929 526 2072 596 quod
2117 523 2436 596 perfectioni
2473 522 2592 592 ejus
2633 520 2910 586 adderent,
2940 521 3035 577 sed
3059 522 3241 595 potius
3269 521 3524 579 viderem

235 661 358 700 ntus
405 637 749 711 subjectioni,
792 645 850 689 ut
893 634 1082 688 veritas
1127 627 1401 700 Evangelii
1447 631 1828 696 perseveraret

233 735 382 808 apud
410 749 518 789 vos.
543 729 699 798 Quod
741 726 948 784 scilicet
975 731 1262 796 propterea
1303 718 1504 774 Paulus
1535 727 1592 773 et
1618 717 1826 771 Barna-

231 805 358 896 bas,
403 827 470 882 de
507 838 569 879 re
597 817 918 884 manifesta,
962 815 1116 888 quasi
1161 812 1352 877 dubia,
1391 826 1451 868 se
1497 809 1640 866 mitti
1679 805 1826 878 passi

233 926 368 978 sunt
413 913 871 986 Hierosolymam,
913 915 976 964 ut
1025 907 1295 979 majorum
1356 916 1572 975 quoque
1619 898 1827 970 judicio

233 1011 515 1086 Evangelii
542 1008 716 1083 gratia
745 1007 1065 1064 conﬁrmata
1105 1003 1452 1060 credentibus
1478 1000 1823 1073 probaretur,

233 1113 294 1162 et
347 1103 482 1160 nulli
547 1100 816 1158 resideret
865 1097 1010 1154 ultra
1067 1095 1338 1152 dubitatio
1398 1091 1828 1150 circumcisionis

232 1195 480 1262 omissae,
510 1208 634 1249 cum
659 1190 1030 1264 apostolorum
1067 1197 1214 1245 esset
1243 1186 1438 1242 litteris
1477 1187 1824 1256 imperatum,

229 1287 426 1360 iugum
451 1285 588 1358 legis
613 1285 682 1340 ab
721 1283 790 1339 iis
817 1282 909 1353 qui
937 1282 992 1337 in
1018 1279 1296 1338 Christum
1336 1294 1404 1335 ex
1429 1278 1679 1350 gentibus
1709 1291 1829 1334 cre-

237 1381 491 1438 diderant
531 1376 904 1434 auferendum.
932 1373 1225 1430 Sciendum
1252 1387 1384 1428 vero
1419 1371 1584 1443 quod,
1631 1379 1826 1436 autem,

237 1471 572 1541 coniunctio,
614 1483 736 1539 qua:
781 1467 837 1522 in
880 1465 1133 1538 praesenti
1179 1465 1298 1520 loco
1338 1464 1575 1534 ponitur,
1620 1469 1831 1533 propter

236 1561 667 1619 subintroductos
692 1567 868 1614 autem
894 1557 1057 1628 falsos
1089 1556 1280 1628 fratres
1303 1553 1572 1626 superﬂua
1596 1553 1696 1619 sit;
1725 1551 1830 1609 etsi

233 1655 473 1723 legatur,
516 1668 626 1708 non
655 1651 853 1707 habeat
896 1649 1040 1720 quod
1083 1649 1134 1704 ei
1176 1647 1524 1718 respondeat,
1569 1645 1830 1717 illamque

237 1746 550 1806 concludat.
594 1744 704 1802 Sed
728 1745 876 1800 hunc
898 1757 1022 1799 esse
1045 1741 1295 1798 ordinem
1339 1739 1588 1796 lectionis
1614 1748 1669 1793 et
1699 1753 1828 1794 sen—

235 1855 370 1897 sus:
402 1837 510 1894 Sed
537 1851 714 1908 neque
756 1834 930 1899 Titus,
957 1832 1049 1904 qui
1077 1846 1292 1889 mecum
1327 1837 1478 1895 erat,
1515 1845 1639 1886 cum
1683 1837 1828 1885 esset

237 1949 307 1992 ex
353 1932 627 2006 gentibus,
664 1929 976 2000 compulsus
1016 1935 1104 1984 est
1147 1925 1495 1990 circumcidi,
1538 1921 1829 1991 statimque
1855 1898 1904 1959 Β

237 2026 694 2097 subiungatqua:
737 2035 904 2078 causa
949 2019 1114 2075 fuerit
1152 2025 1213 2073 ut
1257 2017 1324 2072 ad
1364 2013 1830 2072 circumcisionem

236 2116 609 2189 impelleretur
649 2114 890 2169 invitus:
930 2120 1142 2184 propter
1183 2108 1614 2165 subintroductos
1656 2116 1832 2162 autem

236 2207 404 2280 falsos
434 2207 649 2276 fratres,
675 2204 766 2276 qui
790 2202 1207 2258 subintroierunt
1238 2200 1514 2273 explorare
1541 2197 1832 2253 libertatem

237 2307 496 2360 nostram,
532 2313 691 2368 quam
734 2295 984 2350 habemus
1012 2294 1068 2348 in
1101 2291 1310 2348 Christo
1352 2290 1503 2356 Iesu,
1548 2297 1607 2342 ut
1642 2303 1735 2343 nos
1775 2286 1832 2340 in

233 2390 534 2445 servitutem
576 2386 888 2457 redigerent.
917 2384 976 2440 ld
1004 2390 1120 2450 est,
1149 2382 1228 2438 illi
1266 2381 1360 2452 qui
1399 2378 1833 2436 subiutroierunt

235 2482 522 2552 explorare
550 2479 858 2534 libertatem
887 2483 1149 2542 nostram,
1191 2475 1543 2530 vehementer
1567 2470 1828 2526 observa-

237 2575 371 2630 bant
395 2581 450 2628 et
472 2571 763 2643 cupiebant
789 2568 1102 2625 circumcidi
1125 2566 1329 2632 Titum,
1363 2572 1425 2620 ut
1458 2563 1573 2634 jam
1597 2562 1834 2617 circum-

237 2665 522 2729 cisionem,
560 2661 727 2717 etiam
753 2660 924 2731 ipsius
960 2657 1115 2714 Pauli
1151 2655 1498 2713 attestatione
1522 2661 1578 2710 et
1607 2665 1834 2708 consen-

237 2756 416 2821 sione,
458 2763 717 2824 tanquam
742 2751 904 2808 saluti
932 2750 1317 2816 necessariam,
1348 2747 1710 2820 pnedicarent
1734 2762 1748 2800 :
1777 2752 1835 2800 et

237 2846 322 2902 sic
357 2860 453 2901 eos
495 2844 550 2899 in
581 2843 898 2899 servitutem
941 2841 1271 2914 redigerent,
1299 2839 1355 2895 id
1383 2847 1489 2904 est,
1536 2838 1636 2894 sub
1667 2851 1834 2892 onera

240 2940 380 3012 legis
409 2937 625 2995 servilia
669 2943 1028 2994 revocarent:
1059 2934 1256 3006 quibus
1289 2946 1349 2988 se
1380 2946 1482 2988 nec
1509 2931 1580 2986 ad
1618 2931 1832 2995 horam,

240 3032 300 3089 id
328 3029 430 3097 est,
462 3045 564 3087 nec
589 3027 658 3085 ad
701 3037 914 3100 tempus
956 3025 1189 3083 cessisse
1231 3024 1364 3080 dicit
1390 3021 1741 3092 subjectioni,
1776 3026 1840 3074 ut

238 3122 449 3178 veritas
483 3117 758 3191 Evangelii
784 3106 1130 3190 permaneret
1167 3113 1314 3185 apud
1348 3119 1555 3185 gentes,
1580 3110 1673 3181 qui
1711 3124 1836 3165 cum

1927 617 2178 673 eumdem
2209 616 2498 672 Dominum
2519 613 2702 671 Jesum
2741 612 3041 679 Christum,
3067 614 3159 684 qui
3189 614 3307 670 sine
3330 629 3524 685 persov

1927 724 2122 765 narum
2164 708 2480 778 acceptione
2509 707 2688 763 salvos
2732 704 2885 771 facit,
2927 704 3034 759 hoc
3073 703 3286 759 dedisse
3327 703 3526 772 Paulo,

1927 811 1989 858 ut
2015 801 2350 857 ministraret
2377 799 2648 871 gentibus,
2688 798 2832 869 quod
2871 797 3038 854 etiam
3067 793 3232 850 Petro
3269 795 3524 869 dederat,

1926 900 1990 948 ut
2013 892 2349 948 ministraret
2373 889 2592 946 Judais.
2635 887 2754 944 Non
2781 903 2911 959 ergo
2936 885 3140 942 inventi
3169 892 3297 940 sunt
3327 885 3383 939 in
3420 883 3527 940 ali-

1927 1001 2036 1057 quo
2059 984 2346 1041 dissentire
2369 983 2437 1037 ab
2459 981 2568 1046 illo,
2597 988 2658 1036 ut
2677 996 2801 1036 cum
2829 980 2917 1034 ille
2942 994 3001 1034 se
3027 975 3326 1050 perfectum
3349 976 3527 1030 Evan-

1928 1078 2149 1150 gelium,
2178 1075 2458 1148 accepisse
2487 1075 2722 1139 diceret,
2770 1072 2847 1127 illi
2882 1078 3176 1143 negarent,
3224 1076 3279 1123 et
3316 1067 3525 1138 aliquid

1927 1170 2146 1235 vellent,
2180 1177 2438 1238 tanquam
2475 1163 2811 1237 imperfecto,
2847 1162 3084 1219 addere:
3119 1160 3214 1218 sed
3247 1174 3279 1216 e
3305 1165 3532 1214 contra-

1929 1262 2010 1320 rio
2037 1277 2138 1334 pro
2162 1257 2644 1332 repreliensoribus
2670 1253 3097 1327 imperfectionis
3125 1250 3524 1324 approbatores

1926 1353 2276 1428 perfectionis
2317 1350 2538 1406 fuerunt
2572 1357 2672 1404 :et
2715 1349 2981 1404 dederunt
3022 1345 3243 1401 dextras
3286 1341 3523 1398 societa-

1929 1451 2022 1514 tis,
2055 1449 2112 1504 id
2147 1454 2260 1513 est,
2306 1449 2703 1502 consenserunt
2738 1441 2795 1496 in
2839 1439 3191 1503 societatem,
3236 1443 3291 1492 et
3334 1447 3528 1505 parue-

1929 1548 2057 1596 runt
2098 1537 2363 1594 voluntati
2406 1534 2652 1601 Domini,
2689 1531 3114 1595 consentientes,
3139 1535 3202 1583 ut
3243 1525 3443 1580 Paulus
3469 1530 3527 1579 et

1928 1629 2207 1686 Barnabas
2249 1629 2396 1684 irent
2438 1627 2507 1683 ad
2535 1633 2762 1700 gentes:
2799 1623 2902 1694 ipsi
2931 1629 3115 1678 autem
3146 1620 3204 1675 in
3236 1615 3526 1674 circumci-

1929 1721 2102 1787 sione,
2135 1735 2256 1793 quae
2297 1717 2582 1790 pratputio,
2621 1715 2676 1771 id
2701 1721 2787 1771 est
2825 1711 3078 1788 gentibus
3120 1707 3398 1766 contraria
3438 1704 3527 1760 vi-

1930 1813 2139 1957 degihi
2159 1907 2336 1956 autem
2353 1899 2444 1970 qui
2478 1896 2814 1962 videbantur,
2843 1891 2976 1948 nihil
3003 1889 3354 1947 contulerunt.
3377 1885 3532 1944 Nihil

1934 2009 1994 2051 se
2008 1993 2142 2050 dicit
2163 1992 2234 2048 ab
2257 1989 2520 2063 apostolis
2541 1993 2876 2052 assecutum,
2905 1985 3001 2040 sed
3027 1999 3060 2039 a
3085 1983 3198 2038 Deo
3225 1999 3239 2036 :
3269 1980 3400 2052 quia
3425 1977 3522 2048 qui

1934 2084 2204 2157 imperitis
2238 2098 2458 2139 sensum
2482 2079 2674 2136 tribuit
2705 2077 3006 2148 disciplinae
3034 2074 3376 2137 Christianae,
3409 2070 3528 2142 ipse

1935 2185 1992 2234 et
2011 2177 2168 2244 mihi,
2201 2175 2399 2246 inquit,
2427 2188 2554 2230 cum
2581 2185 2758 2227 essem
2778 2169 2913 2240 legis
2934 2167 3146 2238 peritus
3171 2166 3423 2238 dignatus
3442 2167 3531 2218 est

1933 2268 2216 2342 impartire
2277 2281 2498 2323 sensum
2551 2262 2781 2320 rationis
2847 2257 3178 2331 huiusmodi.
3243 2253 3526 2324 Quomodo

1932 2375 2065 2433 ergo
2098 2359 2217 2418 ﬁeri
2246 2366 2481 2430 poterat,
2529 2363 2591 2412 ut
2617 2354 2711 2411 hic
2738 2353 2808 2409 ab
2835 2353 2922 2408 his
2961 2350 3218 2415 disceret,
3249 2360 3409 2417 quem
3432 2360 3537 2415 pe-

1930 2454 2099 2511 ritum
2129 2452 2411 2508 inveniens
2437 2448 2756 2520 peritiorem
2778 2443 2907 2500 fecit
2942 2441 3118 2513 gratia
3138 2437 3342 2495 Christi
3365 2436 3531 2507 ?lpse

1934 2543 2186 2618 superius
2215 2556 2342 2598 cum
2373 2539 2478 2599 illis
2531 2534 2780 2601 contulit,
2811 2542 2866 2588 et
2895 2531 3069 2588 multa
3092 2530 3161 2585 ad
3181 2542 3277 2583 eos
3320 2525 3534 2590 retulit,

1898 2655 2055 2712 “qua:
2093 2639 2150 2693 in
2197 2634 2450 2708 gentibus
2475 2634 2839 2703 perpetrarat.
2891 2624 2974 2680 Illi
3011 2621 3148 2678 nihil
3185 2617 3533 2675 contulerunt

1935 2731 2010 2799 ei,
2044 2730 2138 2786 sed
2170 2723 2570 2789 tantummodo,
2605 2735 2725 2792 quae
2749 2719 2818 2774 ab
2846 2732 2912 2774 eo
2937 2716 3081 2772 dicta
3109 2719 3254 2776 sunt,
3280 2723 3534 2780 compro-

1935 2824 2128 2880 bantes
2148 2860 2163 2887 ,
2211 2817 2433 2873 dextras
2478 2815 2676 2871 dedere
2729 2808 3011 2874 consortii,
3070 2813 3127 2862 et
3153 2818 3322 2860 unum
3368 2815 3529 2857 suum

1934 2915 2200 2986 Paulique
2223 2909 2580 2984 Evangelium
2608 2907 2984 2963 ﬁrmaverunt.

2011 3026 2118 3084 Sed
2146 3033 2352 3090 contra,
2391 3039 2510 3078 cum
2534 3020 2804 3086 vidissent,
2839 3015 2980 3089 quod
3006 3013 3266 3070 creditum
3292 3019 3369 3067 est
3398 3010 3534 3065 mihi

1942 3114 2293 3188 Evangelium
2322 3111 2568 3185 prwputii
2597 3151 2613 3176 ,
2641 3110 2779 3164 sicut
2806 3116 2856 3162 et
2898 3105 3058 3162 Petro
3092 3099 3534 3158 circumcisionis.

240 3213 430 3280 minis,
477 3220 710 3276 terrore,
747 3207 1090 3264 multitudine
1129 3204 1330 3261 vellent
1373 3217 1471 3258 nos
1510 3217 1542 3256 a
1586 3201 1838 3257 libertate
1878 3273 1909 3280 _
1942 3210 2140 3266 Totum
2169 3216 2375 3273 autem,
2399 3207 2544 3277 quod
2567 3204 2718 3270 dicit,
2749 3204 2853 3258 hoc
2880 3209 3178 3268 est’lunum
3200 3206 3363 3268 atque
3387 3197 3536 3252 idem

242 3304 450 3363 Christi
476 3305 533 3360 in
557 3302 692 3374 legis
723 3299 1007 3356 traducere
1030 3297 1369 3361 servitutem.
1402 3309 1504 3349 nec
1531 3293 1599 3348 ad
1627 3304 1840 3363 tempus
1867 3273 1914 3338 (ἶ
1944 3303 2080 3360 mihi
2106 3273 2458 3371 Evangelium
2509 3295 2758 3369 praeputii
2807 3302 2862 3350 et
2886 3294 3050 3349 Petro
3101 3289 3543 3348 circumcisionis

246 3398 471 3471 quidem
509 3396 590 3451 eis
637 3393 902 3450 cessimus
941 3398 1002 3446 ut
1048 3387 1562 3445 circumcideremus
1608 3383 1790 3440 Titum
1822 3400 1836 3438 :

244 3488 489 3546 maxime
512 3500 638 3543 cum
663 3491 720 3540 et
745 3483 926 3554 aliqua
949 3481 1018 3538 ob
1053 3478 1496 3536 Ecclesiasticam
1525 3489 1716 3548 pacem
1745 3488 1842 3545 po-

247 3579 423 3635 tuerit
467 3592 566 3633 nos
591 3575 890 3632 necessitas
932 3586 1235 3629 excusare:
1265 3570 1333 3625 Et
1359 3570 1464 3625 hoc
1502 3575 1675 3623 totum
1712 3563 1844 3622 feci-

247 3685 373 3727 mus
397 3677 459 3724 ut
482 3667 636 3724 vobis
663 3665 811 3721 nulla
837 3663 992 3721 ﬁeret
1019 3663 1235 3719 occasio
1265 3661 1334 3716 ab
1361 3659 1640 3732 Evangelii
1667 3657 1844 3730 gratia

249 3760 562 3824 recedendi.
617 3757 677 3814 Si
714 3757 880 3830 igitur
912 3753 1302 3827 Hierosolymis
1334 3752 1479 3808 inter
1521 3758 1704 3806 tantos
1751 3748 1844 3804 Ju-

249 3854 430 3919 deos,
474 3847 879 3917 imminentibus
912 3847 1040 3901 hinc
1091 3844 1214 3900 inde
1255 3842 1408 3898 falsis
1458 3840 1751 3905 fratribus,
1791 3845 1849 3893 et

250 3944 344 4000 his
386 3941 480 4014 qui
528 3940 763 4012 majores
798 3945 986 4004 erant,
1029 3936 1208 4007 aliqua
1246 3950 1314 3990 ex
1347 3943 1502 4004 parte
1536 3931 1847 3987 cohibenti-

251 4038 382 4101 bus,
418 4033 563 4090 nulla
605 4032 878 4105 potuimus
909 4029 965 4084 vi
1001 4043 1067 4084 ac
1111 4026 1325 4082 ratione
1371 4023 1621 4094 compelli
1650 4031 1712 4076 ut
1747 4022 1846 4076 ob-

253 4141 600 4185 scrvaremus
643 4122 1114 4181 circumcisionem
1134 4160 1150 4187 ,
1186 4133 1349 4189 quam
1381 4116 1689 4172 sciebamus
1727 4127 1850 4169 esse

256 4219 512 4284 ﬁnitam,
557 4231 656 4273 vos
719 4224 784 4271 ex
839 4213 1117 4285 gentibus,
1167 4224 1264 4266 vos
1312 4210 1368 4264 in
1416 4207 1666 4271 Galatia,
1716 4221 1846 4270 vos,

258 4313 458 4386 quibus
481 4312 566 4368 vis
606 4309 753 4366 nulla
789 4306 978 4364 inferri
1015 4311 1224 4378 potest,
1253 4303 1400 4360 ultro
1427 4317 1459 4356 a
1490 4301 1665 4373 gratia
1700 4314 1852 4354 rece-

260 4405 455 4461 dentes
503 4402 571 4458 ad
622 4400 760 4473 legis
804 4397 918 4469 jam
975 4395 1190 4452 abolitae
1253 4391 1648 4449 transcendetis
1699 4396 1854 4444 vetu-

262 4504 487 4554 atatem.

333 4606 412 4662 Ab
459 4605 540 4660 his
571 4610 765 4668 autem,
797 4600 888 4672 qui
931 4597 1239 4654 videbantur
1265 4610 1375 4650 esse
1409 4590 1641 4663 aliquid,
1672 4587 1854 4660 quales

264 4693 552 4770 aliquando
587 4693 802 4762 fuerint,
834 4688 966 4744 nihil
993 4704 1109 4742 mea
1146 4687 1378 4740 interest.
1407 4683 1550 4737 Deus
1579 4697 1857 4752 personam

263 4769 492 4843 hominis
532 4799 636 4838 non
673 4780 882 4850 accipit.
913 4777 1082 4844 Licet,
1113 4775 1311 4845 inquit,
1342 4773 1563 4828 Petrum
1592 4778 1649 4826 et
1693 4769 1858 4824 Joan-

269 4885 396 4933 nem
427 4876 688 4931 Dominus
717 4886 901 4928 secum
949 4868 1220 4940 apostolos
1250 4866 1519 4931 habuerit,
1547 4874 1601 4920 et
1640 4864 1860 4919 transti-

271 4977 523 5041 guratum
563 4981 688 5022 eum
725 4964 781 5019 in
808 4969 992 5018 monte
1018 4959 1271 5025 viderint,
1302 4966 1356 5014 et
1382 4973 1545 5028 super
1575 4957 1722 5026 ipsos
1759 4956 1861 5010 Ec-

271 5061 453 5116 clesia:
478 5059 549 5114 sit
573 5056 808 5128 positum
840 5053 1271 5118 fundamentum,
1297 5051 1432 5106 nihil
1461 5067 1580 5106 mea
1607 5051 1855 5115 interest,

273 5148 403 5220 quia
447 5161 554 5202 non
589 5145 874 5200 adversum
908 5157 1002 5198 eos
1029 5142 1224 5212 loquor
1248 5141 1340 5211 qui
1379 5155 1446 5195 eo
1481 5149 1724 5209 tempore
1750 5137 1859 5192 Do-

275 5238 487 5294 minum
522 5236 907 5306 sequebantur,
935 5232 1029 5286 sed
1061 5231 1318 5286 adversus
1354 5244 1447 5284 eos
1486 5229 1579 5298 qui
1620 5243 1763 5281 nunc
1785 5226 1862 5280 le-

276 5338 400 5399 gem
424 5335 731 5400 proponunt
759 5324 966 5397 gratiae.
1007 5320 1129 5377 Nec
1161 5320 1390 5375 detraho
1413 5316 1860 5390 prrecessoribus,

277 5432 384 5474 nec
426 5417 484 5473 in
509 5417 687 5487 aliqua
712 5423 866 5487 parte
907 5428 1104 5469 accuso
1137 5410 1408 5480 majores:
1443 5411 1539 5466 sed
1581 5410 1686 5464 hoc
1717 5408 1860 5476 dico,

279 5515 407 5584 quia
433 5512 573 5567 Deus
599 5527 876 5582 personam
901 5507 1126 5564 hominis
1159 5523 1263 5561 non
1300 5505 1512 5576 accipit,
1535 5504 1589 5560 id
1613 5511 1714 5569 est,
1748 5503 1864 5558 sine

280 5621 637 5678 personarum
673 5603 986 5674 acceptione
1018 5601 1088 5657 ad
1117 5585 1348 5656 salutem
1378 5598 1611 5664 vocavit,
1649 5614 1754 5651 non
1782 5613 1866 5651 re-

279 5705 474 5767 putans
496 5694 601 5749 illis
621 5693 811 5748 delicta
836 5709 1036 5748 eorum.
1062 5691 1130 5746 Et
1151 5690 1273 5746 ideo
1293 5687 1608 5744 absentibus
1630 5685 1758 5752 illis,
1776 5685 1866 5756 qui

1944 3393 2195 3451 credidit.
2229 3391 2313 3446 Me
2333 3390 2482 3446 misit
2506 3389 2574 3443 ad
2605 3395 2816 3459 gentes,
2846 3385 3000 3440 illum
3032 3384 3215 3455 posuit
3241 3382 3298 3438 in
3326 3379 3534 3435 Judma.

1943 3484 2056 3540 Nec
2077 3489 2265 3555 gentes
2289 3485 2546 3553 poterant
2567 3477 2749 3533 adulta
2771 3473 2886 3546 jam
2908 3481 3068 3531 aetate
3093 3489 3203 3530 non
3225 3488 3326 3545 pro
3355 3471 3540 3526 futuro

1943 3574 2376 3634 circumcisionis
2401 3572 2587 3629 dolore
2613 3570 2866 3634 cruciari,
2895 3577 2953 3625 et
2972 3569 3250 3624 abstinere
3273 3582 3332 3622 se
3363 3565 3431 3622 ab
3445 3580 3538 3622 es-

1945 3668 2047 3734 cis,
2073 3667 2272 3737 quibus
2296 3680 2512 3736 semper
2537 3669 2914 3729 assuevcrant,
2951 3669 3007 3716 et
3045 3675 3182 3731 quas
3215 3658 3358 3713 Deus
3383 3670 3540 3712 crea-

1947 3767 2103 3814 verat
2125 3759 2195 3814 ad
2239 3759 2523 3813 utendum.
2550 3753 2663 3810 Nec
2691 3755 2769 3820 hi,
2809 3753 2904 3823 qui
2943 3768 3012 3808 ex
3041 3749 3244 3806 Iudaeis
3283 3748 3538 3805 credide-

1949 3858 2092 3916 rant,
2110 3858 2166 3906 et
2195 3847 2506 3904 circumcisi
2533 3853 2694 3900 erant
2721 3886 2736 3910 ,
2765 3852 2822 3898 et
2842 3858 2910 3899 ex
2936 3839 3350 3903 consuetudine,
3379 3837 3542 3907 quasi

1949 3941 2186 3998 secunda
2223 3946 2440 4003 natura,
2491 3935 2760 4006 putabant
2803 3947 2862 3989 se
2883 3931 3098 3987 caeteris
3133 3929 3384 4001 gentibus
3410 3927 3540 3998 plus

1947 4034 2172 4097 habere,
2225 4029 2387 4085 facile
2430 4035 2785 4084 contemnere
2822 4032 3078 4097 poterant
3119 4039 3208 4089 ea,
3239 4023 3296 4078 in
3335 4022 3542 4092 quibus

1949 4121 2342 4196 gloriabantur.
2385 4117 2732 4174 Providentia
2755 4117 2942 4186 utique
2971 4113 3068 4169 Dei
3101 4113 3240 4169 alius
3263 4111 3544 4183 apostolo-

1951 4230 2072 4273 rum
2101 4211 2442 4270 circumcisis
2477 4209 2636 4266 datus
2661 4215 2765 4273 est,
2797 4207 2890 4278 qui
2919 4205 3055 4277 legis
3090 4204 3298 4259 umbris
3327 4202 3540 4259 videre-

1953 4318 2041 4362 tur
2067 4305 2446 4376 acquiescere,
2497 4302 2635 4357 alius
2679 4301 2733 4355 in
2765 4297 3028 4371 praeputio
3065 4297 3417 4360 constitutus,
3447 4293 3543 4364 qui

1952 4398 2230 4469 Evangelii
2259 4397 2493 4467 gratiam
2532 4409 2645 4449 non
2683 4397 2900 4462 putaret
2946 4404 3069 4446 esse
3098 4387 3398 4452 servitium,
3441 4385 3540 4440 sed

1953 4491 2183 4546 liberam
2209 4487 2393 4552 ﬁdem,
2424 4499 2494 4540 ne
2524 4483 2626 4539 sub
2653 4481 2835 4552 aliqua
2858 4480 3148 4537 occasione
3181 4477 3544 4554 impedimen-

1959 4591 2074 4637 tum
2101 4577 2227 4634 ﬁdei
2249 4582 2588 4640 nasceretur,
2612 4582 2668 4628 et
2690 4580 2912 4644 propter
2931 4569 3406 4627 circumcisionem
3431 4567 3547 4625 sive

1962 4671 2307 4744 praeputium,
2331 4683 2439 4723 non
2462 4667 2780 4722 crederetur
2806 4664 2860 4718 in
2875 4663 3115 4720 Christo.

2035 4762 2140 4829 Qui
2169 4761 2307 4815 enim
2321 4767 2565 4830 operatus
2581 4766 2656 4812 est
2673 4755 2834 4810 Petro
2856 4756 2910 4808 in
2932 4753 3296 4825 Apostolatum
3320 4752 3550 4805 circum-

1911 4902 1924 4909 -
1964 4856 2199 4922 cisionis,
2225 4863 2469 4925 operatus
2497 4859 2572 4906 est
2603 4860 2651 4906 et
2675 4849 2803 4903 mihi
2840 4849 2978 4902 inter
3002 4855 3196 4918 gentes.
3230 4845 3286 4900 ld
3313 4852 3416 4908 est,
3439 4858 3546 4899 non

1964 4949 2043 5005 illi
2071 4963 2190 5004 sum
2221 4945 2470 5010 inferior,
2500 4943 2627 5013 quia
2656 4943 2724 4996 ab
2758 4956 2867 4995 uno
2890 4953 3078 4995 sumus
3108 4939 3269 4992 ambo
3294 4937 3350 4991 in
3379 4952 3547 4992 unum

1964 5036 2340 5103 ministerium}
2361 5035 2618 5090 ordinati.
2661 5032 2742 5087 Ex
2776 5047 2885 5102 quo
2912 5029 3275 5102 perspicimus
3302 5035 3550 5099 pr0pter-

1965 5147 2031 5187 ea
2075 5132 2296 5186 dextras
2317 5129 2472 5184 datas
2493 5125 2657 5180 Paulo
2684 5132 2742 5179 et
2763 5123 3030 5177 Barnaba:
3055 5137 3086 5174 a
3115 5120 3298 5185 Petro,
3322 5118 3546 5185 Jacobo,

1965 5232 2022 5280 et
2046 5222 2273 5286 Joanne,
2303 5235 2372 5274 ne
2405 5219 2460 5274 in
2490 5215 2867 5273 observatione
2880 5213 3030 5269 varia
3051 5213 3322 5268 diversum
3345 5209 3552 5266 ChriSti

1969 5313 2322 5386 Evangelium
2350 5316 2678 5381 putaretur:
2728 5304 2824 5360 sed
2871 5312 2927 5358 ct
2955 5302 3403 5358 circumcisorum
3435 5341 3450 5366 ,
3499 5306 3555 5354 et

1970 5406 2285 5462 habentium
2311 5400 2632 5475 praeputium
2662 5406 2806 5454 esset
2831 5412 2938 5452 una
2963 5396 3294 5460 communio,
3337 5408 3404 5449 ne
3423 5407 3553 5464 gen-

1973 5506 2054 5554 tes
2083 5497 2218 5567 legis
2247 5509 2414 5551 onere
2439 5489 2822 5548 etdiﬁicultate
2847 5487 3121 5544 deterrita:
3147 5503 3176 5541 a
3198 5485 3398 5541 Christi
3424 5484 3552 5550 fide,

1968 5597 2023 5646 et
2051 5587 2370 5644 credulitate
2398 5583 2756 5640 discederent.
2810 5580 3033 5637 Occulto
3086 5580 3260 5634 oritur
3288 5579 3377 5633 hic
3403 5590 3556 5647 quae-

1967 5681 2092 5736 stio.
2129 5677 2270 5747 Quid
2305 5676 2505 5750 igitur?
2533 5676 2728 5731 Petrus
2771 5674 2819 5730 si
2845 5672 3145 5728 invenisset
3183 5686 3251 5725 ex
3281 5668 3556 5740 gentibus,

280 5757 493 5858 priores
517 5785 645 5841 facti
690 5791 847 5840 erant
886 5781 1148 5855 apostoli,
1193 5780 1390 5836 Paulus
1417 5795 1449 5834 a
1478 5778 1707 5835 Domino
1746 5791 1870 5847 per—
1971 5788 2078 5828 non
2109 5787 2203 5828 eos
2233 5769 2532 5826 adducebat
2569 5767 2637 5823 ad
2665 5766 2872 5822 ﬁdem?
2895 5765 3006 5821 Aut
3029 5763 3249 5827 Paulus,
3281 5761 3324 5815 si
3351 5774 3418 5813 ex
3448 5757 3560 5813 cir-

285 5879 465 5938 fectus
488 5889 604 5949 est,
635 5888 694 5938 ut
730 5849 946 5967 quando
985 5891 1110 5933 cum
1137 5875 1216 5933 eis
1257 5872 1512 5938 contulit,
1555 5869 1691 5928 nihil
1728 5877 1872 5925 esset
1973 5865 2305 5922 cumcisione
2350 5862 2559 5934 aliquos
2603 5861 2919 5933 reperisset,
2969 5873 3078 5914 non
3126 5869 3221 5912 eos
3260 5852 3326 5908 ad
3354 5849 3557 5909 Christi
