4056 6350
3356 369 3419 381 ς--ηι

508 405 610 469 an
1608 387 1880 480 suum
1914 402 2378 467 “camenas
2412 388 2721 465 misceri
3452 387 3457 389 ’
3669 402 3803 473 set

504 528 837 615 baptismum
870 522 1249 611 provocabat?
1273 523 1403 615 Quae
1430 521 1508 581 ita
1530 524 1759 582 solvitur
1790 544 1803 580 :
1835 525 1908 609 Ut
1934 525 2083 581 dica-
2108 528 2159 588 Α
2183 538 2309 615 eum
2332 537 2414 578 eis
2437 530 2574 589 erat,
2596 521 2819 578 dextras
2841 534 2952 578 non
2979 519 3269 581 delent.
3298 518 3540 589 Haedum
3565 524 3801 597 quippe

505 604 646 689 nius,
672 604 1238 694 principalc‘singulis
1267 620 1322 675 in
1346 614 1563 675 Iudaeos
1598 626 1658 674 et
1699 604 1887 691 gentes
1917 615 2084 672 fuisse
2187 612 2259 670 ad
2315 626 2435 670 eam
2498 626 2810 673 mensuram
2865 618 3191 684 pervenerat
3228 651 3245 680 .
3309 622 3374 669 ut
3431 624 3663 685 possunt
3735 615 3801 685 ei

508 714 871 779 mandatum,
927 719 985 769 ut
1033 711 1125 782 qui
1172 710 1531 767 defendebant
1579 711 1773 782 legem,
1822 707 2085 765 haberent
2182 704 2385 763 Christi
2413 705 2764 761 mercimonia
2805 719 2881 761 ea
2915 719 3073 778 aquo
3096 720 3223 767 cum
3268 704 3559 774 majoribus
3593 707 3794 779 caedi,

506 822 668 878 quem
700 817 1091 876 sequerentur:
1129 804 1221 873 qui
1250 803 1385 877 legis
1427 803 1658 873 gratiam
1696 797 2079 875 praeferebant,
2183 806 2240 855 et
2264 798 2512 887 eumdem
2542 804 2757 854 teneret
2784 797 3170 868 negotiationis
3194 797 3377 855 locum
3396 839 3414 866 ,
3444 800 3799 870 quemBar.

506 914 615 953 non
642 897 854 952 deesset
872 896 951 951 eis
979 894 1167 950 doctor
1190 904 1246 955 et
1272 896 1523 967 praevius.
1554 895 1611 973 in
1644 891 1931 950 commune
1951 902 2082 948 vero
2181 890 2353 947 nabas
2377 891 2617 957 tenebat,
2644 898 2701 946 et
2741 888 2961 946 Paulus.
3002 889 3211 955 idcirco
3234 890 3405 962 igitur
3456 892 3599 960 hac,
3638 907 3799 963 quia

504 991 611 1048 hoc
647 1004 741 1044 eos
788 988 1044 1044 habuisse
1072 986 1352 1059 propositi,
1398 976 1460 1042 ut
1505 984 1723 1042 Christo
1762 998 1829 1041 ex
1872 983 2082 1040 cunctis
2179 982 2326 1040 inter
2343 997 2405 1039 se
2427 988 2485 1039 et
2507 982 2778 1054 apostolos
2803 980 2946 1039 facta
2973 990 3119 1047 sunt.
3146 980 3483 1050 maniiestat,
3507 992 3567 1053 ut
3586 985 3799 1047 sciant

503 1082 755 1157 gentibus
794 1079 1091 1137 Ecclesiam
1121 1089 1531 1153 congregarent.
1580 1080 1834 1152 Legimus
1859 1080 2002 1134 enim
2026 1085 2083 1134 et
2134 1138 2153 1147 ρ
2180 1075 2406 1142 Galatae,
2463 1074 2589 1145 quia
2639 1074 2786 1145 quod
2807 1074 2878 1131 ab
2899 1086 2971 1133 eo
3020 1082 3381 1144 acceperant.
3412 1074 3516 1145 hac
3567 1090 3793 1132 verum

503 1192 537 1232 a
562 1185 750 1234 sancto
770 1158 931 1241 Petro
946 1174 1541 1269 gentilembaptizatum
1568 1172 1731 1229 fuisse
1750 1173 2077 1238 Cornelium,
2179 1175 2364 1269 esti“
2388 1167 2731 1269 Ρηξδαίυωοη
2863 1257 2877 1269 .
2946 1256 2959 1269 _
3064 1265 3074 1269 _
3321 1257 3334 1269 ,
3520 1257 3534 1269 ,
3567 1195 3611 1269 ,’

502 1278 559 1325 et
588 1284 620 1324 a
646 1268 813 1341 Paulo
844 1268 898 1323 in
946 1262 1233 1341 synagogis
1253 1252 1560 1322 Iudaeorum
1590 1265 1865 1323 Christum
1890 1265 2066 1337 smpis-

2251 1257 2321 1313 Ut
2349 1275 2444 1314 nos
2474 1259 2531 1313 in
2569 1256 2829 1330 gentibus,
2856 1256 2960 1329 ipsi
2983 1265 3161 1321 κείρει
3188 1273 3247 1313 ιι
3285 1257 3791 1326 circumcisio”,

500 1360 637 1415 sime
661 1359 1010 1430 praedicatum
1035 1399 1050 1424 ,
1084 1356 1177 1417 sed
1208 1366 1388 1413 tamen
1417 1357 1570 1429 plena
1601 1357 1897 1413 auctoritas
1917 1348 2081 1412 Petro
2180 1360 2409 1418 tardum,
2447 1360 2505 1406 ut
2529 1367 2820 1423 pauperum
2859 1367 3089 1411 essem
3110 1366 3387 1417 memora,
3436 1351 3576 1422 quod
3599 1351 3791 1407 etiam

470 1514 475 1519 _
500 1450 557 1506 in
585 1448 845 1504 Judaismi
874 1446 1263 1521 praedicatione
1300 1449 1424 1504 data
1457 1447 1813 1521 dignoscitur,
1845 1454 1900 1503 et
1930 1446 2080 1503 Pauli
2179 1444 2438 1502 sollicitus
2461 1446 2543 1516 fui
2561 1447 2660 1501 hoc
2680 1447 2855 1517 ipsum
2877 1445 3071 1515 tam.
3098 1444 3289 1507 Sancti
3315 1460 3601 1516 pauperem
3627 1462 3794 1517 qm)-

2174 1554 2301 1611 ⁵ιίιιιι
2344 1541 2615 1611 praecipue
2642 1541 2711 1596 ab
2751 1540 3013 1611 apostolis
3051 1540 3225 1598 Paule
3249 1550 3307 1599 et
3338 1542 3599 1603 Barnabte
3624 1559 3788 1601 cna

2179 1630 2489 1695 mandatur,
2521 1630 2560 1684 ii
2597 1637 2744 1696 sunt,
2780 1630 2874 1701 qui
2907 1646 2976 1687 ex
3016 1630 3223 1688 iudicis
3258 1631 3545 1691 credentes
3584 1635 3785 1707 pretia

2179 1720 2589 1790 possessionum
2608 1732 2832 1776 suarum
2873 1721 2943 1779 ad
2965 1721 3133 1792 pedes
3149 1720 3513 1793 apostolum
3538 1723 3781 1783 delere-

2180 1809 2313 1885 bant
2344 1810 2625 1882 egentibus
2676 1810 2949 1883 largiendo
2980 1830 2993 1866 :
3036 1810 3123 1868 vel
3150 1812 3244 1882 qui
3286 1827 3320 1867 a

497 1538 740 1619 perfecta
771 1539 1070 1619 auctoritas
1096 1538 1150 1593 in
1180 1538 1565 1611 praedicatione
1610 1528 1849 1611 gentium
1875 1530 2082 1593 inveni-

500 1612 611 1685 tur.
637 1628 788 1685 Unde
816 1612 1227 1702 et'inag‘istrum
1273 1644 1331 1685 se
1367 1622 1793 1703 gentium'vocat
1818 1629 1873 1684 in
1901 1627 2006 1701 iide
2029 1630 2083 1684 et

496 1719 751 1775 veritate.
786 1718 1170 1791 Unusquisque
1210 1720 1354 1776 enim
1390 1736 1487 1793 pro
1517 1712 1721 1777 viribus
1748 1722 1862 1776 suis
1887 1728 1941 1775 et
1964 1718 2079 1775 dis—

494 1812 870 1884 pensationem
927 1814 1158 1870 sortitus
1207 1822 1309 1870 est.
1390 1813 1670 1881 Diliicilius
1727 1814 1874 1869 enim
1928 1811 2031 1867 fuit
2060 1853 2075 1879 ,

494 1917 590 1958 eos
618 1903 711 1973 qui
752 1892 919 1977 longe
947 1921 979 1963 a
1006 1903 1119 1973 Deo
1166 1914 1345 1971 erant,
1404 1906 1471 1961 ad
1500 1905 1663 1962 ﬁdem
1703 1894 1980 1961 attrahere
2023 1911 2079 1960 et
2105 1896 2153 1957 B
2178 1884 2447 1973 cognatis,
2482 1910 2539 1957 et
2562 1903 2883 1973 parentibus
2932 1902 3046 1963 suis
3068 1903 3229 1974 Quasi
3268 1903 3570 1973 deseruire:
3594 1906 3777 1977 legis,

494 1995 721 2050 suadere
752 2035 767 2061 ,
790 2011 952 2066 quam
1001 1996 1298 2071 proximos.
1330 1995 1551 2051 Petrum
1603 1997 1777 2067 solum
1803 1996 2069 2062 nominat,

495 2094 552 2139 et
583 2082 685 2140 sibi
738 2074 1054 2156 comparat:
1109 2087 1234 2157 quia
1267 2084 1562 2158 primatum
1593 2088 1708 2159 ipse
1757 2090 1966 2160 accepit
2008 2089 2077 2145 ad

495 2175 828 2234 fundandam
858 2178 1156 2239 Ecclesiam
1186 2199 1199 2234 :
1230 2195 1290 2235 se
1333 2186 1545 2253 quoque
1589 2183 1708 2254 pari
1763 2185 1924 2239 modo
1968 2184 2077 2241 eis

494 2279 670 2334 ctum,
702 2277 763 2351 ut
804 2268 1099 2341 primatum
1149 2271 1348 2331 habeat
1384 2271 1440 2333 in
1492 2272 1784 2331 fundandis
1834 2276 2074 2347 gentium

494 2353 776 2415 Ecclesiis.
1576 2378 1583 2385 ί
1843 2378 1849 2387 ’

563 2445 632 2500 Et
662 2464 780 2502 cum
829 2451 1186 2521 cognovissent
1209 2452 1436 2524 gratiam
1461 2468 1579 2526 qua:
1606 2454 1735 2509 data
1778 2456 1907 2511 milii
1923 2496 1938 2523 ,
1970 2453 2076 2512 Pe-

488 2546 619 2605 trus,
650 2550 698 2595 et
723 2541 977 2609 Iacobus,
998 2553 1046 2597 et
1075 2541 1330 2610 Joannes,
1362 2546 1453 2617 qui
1474 2546 1786 2601 uidebantur
1812 2548 2075 2605 columna

496 2620 626 2698 esse,
661 2630 874 2687 dextras
903 2632 1158 2689 dederunt
1205 2636 1353 2702 mihi,
1403 2645 1451 2691 et
1480 2635 1740 2692 Barnabas
1786 2640 2070 2706 societatis,

487 2733 544 2777 ut
570 2741 662 2778 nos
682 2725 737 2778 in
756 2734 950 2796 gentes,
979 2725 1079 2798 ipsi
1107 2737 1278 2781 autem
1304 2730 1359 2783 in
1389 2730 1856 2785 circumcisionem.

559 2814 641 2869 Ab
671 2817 929 2887 apostolis
961 2858 976 2882 ,
1034 2818 1126 2888 qui
1158 2817 1418 2875 clariores
1450 2820 1591 2874 inter
1638 2830 1865 2877 cmteros
1893 2830 2068 2891 erant,

488 2923 625 2978 quos
638 2917 693 2963 et
706 2909 979 2965 ﬁrmitatis
996 2927 1157 2966 causa
1174 2912 1450 2967 columnas
1470 2913 1722 2982 appellat,
1738 2915 1935 2984 quique
1949 2930 2070 2971 cum

490 2998 721 3054 Domino
736 2984 951 3071 semper
978 3003 1031 3056 in
1058 3003 1285 3057 secretis
1321 3002 1553 3067 fuerant,
1583 3003 1813 3075 gloriam
1842 3004 1961 3073 ejus
1987 3004 2072 3059 di-

489 3095 580 3169 gni
603 3096 657 3150 in
685 3106 867 3153 monte
897 3098 1207 3168 respicere:
1241 3099 1309 3155 ab
1324 3099 1607 3170 hisitaque
1633 3101 1917 3171 probatum
1940 3102 2072 3158 dicit

485 3185 711 3253 donum,
740 3188 882 3258 quod
920 3186 1132 3259 accepit
1162 3205 1192 3245 a
1217 3189 1352 3256 Deo,
1379 3198 1441 3245 ut
1464 3186 1658 3263 dignus
1697 3200 1841 3248 esset
1868 3193 2070 3248 habere

2175 1995 2314 2049 etin
2359 1994 2681 2051 cruciﬁxum
2719 1996 2999 2055 hominem
3044 1997 3333 2061 credentes
3356 2037 3374 2063 ,
3411 1982 3783 2057 detestationi

2175 2094 2232 2141 et
2251 2087 2466 2156 piaculo
2506 2087 2866 2145 ducebantur.
2892 2087 2955 2142 in
2986 2087 3182 2153 barum
3210 2089 3512 2153 ministerio
3536 2100 3781 2147 sanctis

2174 2179 2451 2249 apostolus
2479 2178 2678 2235 Paulus
2720 2186 2927 2253 quanto
2954 2178 3141 2241 labore
3168 2180 3485 2248 sudaverit;
3514 2182 3780 2252 epistola

2174 2269 2292 2340 ejus
2317 2277 2487 2324 testes
2513 2277 2665 2335 sunt,
2694 2270 3003 2329 scribentes
3029 2272 3098 2333 ad
3123 2270 3455 2339 Corinthios,
3483 2273 3548 2328 ad
3580 2271 3779 2330 Thes-

2173 2360 2547 2417 salonicenses
2567 2401 2584 2427 ,
2615 2369 2670 2418 et
2721 2363 2792 2421 ad
2835 2372 3029 2421 omnes
3052 2364 3298 2434 gentium
3345 2363 3620 2420 Ecclesias
3649 2404 3667 2431 ,
3704 2373 3783 2422 ut

2171 2460 2543 2523 praepararent
2569 2467 2769 2508 munus
2788 2452 2893 2509 hoc
2913 2467 3012 2523 per
3049 2467 3130 2518 se,
3162 2452 3246 2509 vel
3271 2469 3370 2524 per
3398 2453 3537 2510 alios
3557 2455 3656 2525 qui
3676 2454 3781 2517 eis

2170 2541 2524 2613 placuissent,
2548 2541 2981 2613 HierOSOIYmam
3010 2541 3382 2609 deferendum.
3427 2544 3583 2605 Unde
3610 2559 3781 2602 nunc

2173 2631 2514 2690 conﬁdenter
2563 2632 2727 2698 dicit,
2768 2633 2912 2703 quod
2941 2633 3109 2697 etiam
3158 2634 3424 2697 sollicitus
3467 2634 3543 2691 fui
3572 2636 3781 2697 facem

2172 2722 2277 2779 hoc
2303 2723 2500 2794 ipsum.
2538 2722 2857 2783 Communis
2892 2739 3025 2781 cura
3054 2733 3173 2783 erat
3220 2726 3475 2793 omnibus
3499 2729 3776 2807 apostolis

2171 2812 2240 2869 de
2256 2814 2587 2883 pauperibus
2611 2814 2838 2881 sanctis,
2861 2815 2954 2884 qui
2975 2824 3130 2873 erant
3153 2816 3209 2875 in
3233 2814 3438 2885 intima,
3457 2818 3550 2888 qui
3572 2834 3776 2878 rerum

2172 2918 2395 2963 suarum
2419 2905 2760 2961 venditarum
2787 2906 2967 2976 pretia
2991 2906 3061 2973 ad
3081 2907 3246 2978 pedes
3270 2907 3643 2981 apostolorum
3668 2925 3776 2985 po-

2170 3005 2415 3053 suerant.
2449 2996 2508 3053 Si
2537 3008 2668 3069 ergo
2691 2998 2760 3059 ad
2785 3007 2979 3070 gentes
3002 2997 3201 3057 Paulus
3218 3006 3276 3054 et
3298 2997 3578 3065 Barnabas

2171 3096 2300 3145 sunt
2323 3128 2340 3157 ,
2366 3096 2427 3144 ut
2466 3089 2725 3151 Ecclesia:
2763 3091 3029 3167 gentium,
3065 3105 3186 3161 quae
3222 3091 3329 3155 hoc
3353 3106 3463 3148 non
3488 3092 3770 3160 iecerant,

2171 3183 2547 3238 ministrarent
2577 3223 2594 3248 ,
2622 3184 3010 3254 participautes
3031 3183 3089 3247 in
3129 3184 3469 3242 orationibus
3489 3186 3767 3258 ipsos-mn,

482 3252 777 3348 primatum
802 3280 856 3335 in
878 3252 1257 3351 praedicatione
1288 3252 1551 3355 gentium:
1578 3286 1719 3340 sicut
1742 3294 1798 3342 et
1834 3286 2071 3342 habebat
2096 3252 2143 3315 Ο
2171 3275 2265 3348 qui
2290 3252 2667 3342 hocfecerant,
2685 3252 2833 3333 sicut
2842 3276 2911 3337 ad
2928 3274 3203 3339 Romanos
3214 3276 3377 3339 dicit:
3397 3276 3451 3331 Ν
3454 3252 3556 3332 ante
3575 3288 3767 3335 autem

485 3367 680 3426 Petrus
710 3373 767 3425 in
789 3369 1173 3441 przedicatione
1217 3375 1666 3433 circumcisienis.
1692 3376 1759 3432 Et
1787 3378 1928 3433 sicut
1975 3379 2070 3434 dat

484 3458 649 3517 Petro
662 3456 838 3517 socios
850 3464 997 3518 viros
1017 3465 1283 3536 egregios,
1305 3466 1448 3521 inter
1475 3467 1761 3537 apostolos,
1784 3468 1860 3522 ita
1886 3476 1941 3523 et
1964 3468 2067 3523 sibi

480 3546 663 3621 jungit
690 3550 993 3627 Barnabam
1026 3594 1040 3618 ,
1069 3555 1162 3623 qui
1211 3555 1394 3610 divino
1432 3557 1638 3627 judicio
1685 3558 1737 3611 ei
1783 3556 2068 3626 adjunctus

483 3642 615 3697 e‘st‘:
645 3642 874 3723 gratiam
904 3648 1086 3721 tamen
1126 3645 1227 3702 sibi
1265 3647 1365 3702 soli
1394 3648 1602 3718 primus
1642 3649 1883 3705 vindicat
1936 3664 2067 3706 oon-

484 3742 695 3791 Cessam
721 3752 752 3791 a
774 3737 904 3813 Deo,
943 3739 1083 3793 sicut
1107 3748 1161 3794 et
1183 3741 1283 3796 soli
1324 3740 1487 3796 Petro
1514 3754 1767 3797 concessa
1807 3750 1894 3797 est
1922 3743 2067 3798 inter

481 3824 875 3899 apostolos,'ita
898 3827 1215 3908 utLapostoli
1241 3834 1676 3891 circumcisionis
1701 3836 1920 3892 dextras
1948 3852 2067 3909 por-

486 3915 727 3990 rigerent
760 3916 1019 3992 apostolis
1049 3923 1291 3995 gentium
1321 3966 1336 3992 ,
1384 3926 1452 3980 ad
1505 3926 1854 3983 concordiam
1894 3929 2066 3985 socie-

481 4006 619 4067 tatis}
649 4010 1128 4095 demonstrandam
1164 4036 1175 4071 :
1212 4024 1271 4073 ut
1312 4019 1534 4088 utrique
1581 4021 1815 4076 scientes
1855 4021 2066 4093 periec-

481 4100 649 4156 tionis
678 4096 951 4173 spiritum
1001 4106 1056 4160 in
1100 4107 1557 4179 dispensationem
1613 4102 1888 4185 Evangelii
1942 4130 2001 4171 se
2032 4131 2064 4170 a

484 4188 716 4273 Domino
736 4204 1078 4263 consecutos,
1104 4196 1158 4251 in
1189 4198 1335 4253 nullo
1364 4214 1423 4254 se
1445 4200 1673 4255 invicem
1700 4216 1860 4273 egere
1886 4212 2066 4259 osten-

480 4272 694 4338 derent.
710 4282 985 4340 Columnas
1010 4287 1176 4357 igitur
1189 4298 1313 4343 sunt
1331 4290 1588 4346 Ecclesiae
1600 4272 1827 4364 apostoli
1844 4293 2059 4365 (Matth.

479 4374 673 4447 xxv"),
704 4383 760 4431 et
786 4376 1021 4432 maxime
1044 4376 1259 4446 Petrus,
1297 4388 1351 4437 et
1375 4380 1625 4450 Iacobus,
1653 4391 1710 4440 et
1735 4383 1990 4442 Joannes.
2020 4386 2067 4441 Ε

480 4465 678 4536 quibus
704 4466 809 4521 duo
832 4482 956 4522 cum
973 4467 1201 4526 Domino
1224 4474 1518 4529 ascendere
1542 4485 1823 4531 merentur
1838 4478 1893 4532 in
1910 4492 2064 4533 mon-

480 4560 611 4622 tem,
644 4569 873 4627 quorum
902 4574 1042 4615 unus
1072 4561 1126 4614 in
1161 4561 1483 4634 Apocalypsi
1528 4558 2063 4625 Salvatorem'intro-

2171 3384 2386 3440 pergam
2434 3366 2740 3424 Jerusalem
2765 3368 3071 3429 ministrare
3107 3369 3329 3435 sentit.
3356 3368 3570 3429 Placuit
3614 3372 3769 3427 enim

2170 3462 2501 3518 Macedonia:
2542 3471 2595 3517 et
2620 3463 2837 3518 Achaiae
2882 3466 3297 3527 communionem
3325 3464 3557 3535 aliqua
3579 3466 3767 3536 {arm

2167 3554 2226 3608 in
2260 3570 2515 3626 pauperes
2535 3562 2768 3620 sanctos,
2817 3555 2908 3626 qui
2937 3566 3061 3612 sunt
3104 3556 3167 3611 in
3193 3555 3509 3619 Jerusalem
3540 3554 3766 3621 Placuit

2166 3643 2307 3698 enim
2328 3642 2459 3710 illis,
2482 3652 2530 3698 et
2556 3643 2815 3699 debitores
2850 3660 3033 3703 eorum
3077 3654 3220 3706 sm.
3255 3646 3316 3707 Si
3339 3647 3481 3704 enim
3507 3649 3564 3703 in
3588 3649 3765 3719 spiri-

2118 3742 2133 3749 ‘
2167 3735 2361 3791 talibus
2395 3751 2575 3791 eorum
2598 3738 3123 3797 communicauerunt
3143 3748 3338 3810 gentes,
3359 3740 3544 3799 debent
3564 3751 3617 3796 et
3637 3758 3768 3797 car-

2167 3829 2375 3885 natibus
2406 3830 2708 3885 ministrare
2731 3831 2804 3885 eis
2827 3829 3001 3901 (Rom.
3030 3829 3144 3902 xv).
3276 3890 3293 3907 ι

2238 3918 2371 3974 Cum
2405 3929 2584 3974 autem
2610 3922 2841 3975 venisset
2871 3920 3063 3979 Petrus
3094 3921 3449 3988 Antiochiam.
3474 3924 3531 3983 in
3558 3924 3757 4003 [aciem

2166 4012 2215 4066 ei
2238 4010 2423 4077 restiti,
2450 4013 2576 4083 quia
2602 4011 3019 4083 reprchcnsibilis
3055 4022 3188 4069 erat.
3214 4009 3376 4073 Prius
3406 4015 3566 4078 enirn.
3589 4032 3757 4085 quam

2167 4104 2400 4158 uenirent
2422 4103 2636 4175 quidam
2666 4104 2731 4157 ab
2745 4102 2971 4169 Iacobo,
2994 4119 3119 4161 cunt
3138 4103 3376 4173 gentibus
3392 4103 3595 4171 edebat.
3614 4104 3754 4175 Cum

2165 4205 2341 4249 autem
2366 4196 2646 4261 uenissent,
2690 4197 3028 4255 subtrahebat
3072 4206 3123 4254 et
3146 4199 3449 4269 segregatim
3476 4216 3533 4253 se

2165 4302 2270 4349 eos,
2299 4287 2391 4356 qui
2413 4301 2476 4340 ea:
2516 4286 2913 4353 circumcisione
2950 4298 3101 4344 erant
3127 4328 3144 4354 ,
3174 4299 3224 4347 et
3263 4288 3583 4355 simulationi
3625 4289 3757 4367 ejus

2166 4386 2539 4432 consenserunt
2584 4378 2788 4433 steteris
2814 4377 3017 4444 Iudici,
3041 4380 3200 4440 ita.“
3230 4379 3506 4441 Barnabas
3527 4379 3755 4449 ducere-

2165 4475 2253 4521 tur
2275 4468 2342 4521 ab
2381 4468 2455 4522 eis
2481 4468 2538 4521 in
2577 4454 2724 4522 illam
2762 4467 3174 4523 simulationem.
3204 4468 3398 4524 Petrus
3419 4477 3600 4541 autem
3622 4485 3755 4543 cum

2166 4560 2406 4619 venisset
2431 4560 2778 4633 Antiochiam
2809 4600 2826 4631 ,
2854 4561 3172 4637 obiurgatus
3209 4572 3297 4639 est
3323 4579 3356 4643 ᾳ
3396 4564 3589 4641 Paulo,
3640 4580 3751 4649 non

477 4643 635 4700 duxit
656 4645 963 4725 loquentem
991 4665 1004 4701 :
1037 4648 1141 4715 Qui
1166 4651 1363 4718 vicerit,
1380 4654 1591 4723 'faciam
1620 4672 1739 4710 cum
1760 4658 2061 4715 columnam
2085 4642 2141 4704 Β
2165 4652 2292 4723 ltitia
2320 4653 2577 4710 servabat
2601 4654 3053 4723 οοειειιθωύίιιᾳω
3074 4642 3411 4735 ιυιῑεεριιιιη,
3436 4661 3494 4714 in
3523 4642 3751 4737 querna-

473 4735 534 4790 in
555 4735 747 4807 teniplo
781 4736 880 4791 Dei
907 4738 1009 4793 mei
1028 4738 1213 4811 (Apoc.
1239 4741 1347 4813 ιιι),
1376 4745 1577 4801 docens
1605 4761 1797 4804 omnes
1831 4751 2061 4807 creden-

475 4828 579 4892 tes,
612 4827 707 4897 qui
736 4827 1109 4885 adversarium
1127 4833 1359 4888 vicerint
1381 4848 1539 4904 posse
1564 4837 1847 4895 columnas
1875 4839 2061 4896 Eccle-

477 4915 572 4971 sia:
593 4916 731 4972 ﬁeri.
760 4918 843 4974 Ad
872 4919 1219 4977 Timotheum
1244 4938 1374 4979 vero
1416 4923 1617 4982 Paulus
1657 4928 1907 4985 scribens
1936 4929 2015 4985 ait
2040 4949 2055 4984 :

479 5004 549 5061 Ut
576 5010 734 5076 scias,
770 5015 1029 5083 quomodo
1077 5023 1313 5086 oporteat
1365 5026 1415 5072 te
1440 5019 1496 5072 in
1525 5018 1680 5073 domo
1710 5018 1809 5075 Dei
1842 5037 2057 5077 conver-

475 5101 607 5164 sari,
631 5117 748 5173 quae
772 5113 847 5158 est
870 5103 1109 5161 Ecclesia
1132 5107 1231 5163 Dei
1254 5109 1377 5175 vivi,
1401 5110 1648 5167 columna
1684 5122 1860 5169 autem
1888 5124 1938 5169 et
1959 5115 2058 5185 ﬁr-

475 5205 797 5250 mamentum
837 5201 1074 5259 veritatis
1104 5201 1157 5274 (1
1181 5201 1315 5258 Tim.
1347 5203 1450 5276 ιιι).
1496 5203 1593 5261 llis
1635 5215 1691 5261 et
1736 5208 1948 5264 caeteris
1973 5208 2057 5263 in-

475 5286 756 5352 struimur,
796 5297 907 5343 tam
932 5293 1203 5361 apostolos
1230 5308 1529 5365 omnesque
1556 5296 1859 5363 credentes,
1892 5312 2056 5367 quam

477 5375 653 5448 ipsam
677 5394 892 5463 quoque
908 5380 1206 5440 Ecclesiam
1226 5385 1533 5441 columnam
1559 5386 1614 5443 in
1638 5385 1935 5458 Scripturis
1962 5404 2057 5463 ap-

474 5468 665 5542 pellari
694 5512 709 5537 ,
754 5462 819 5527 et
842 5473 977 5529 nihil
1013 5475 1279 5535 interesse
1306 5478 1376 5534 de
1414 5492 1642 5549 corpore
1668 5480 1799 5550 quid
1845 5462 2056 5537 dicatur

479 5577 549 5618 an
600 5564 877 5633 membris,
927 5583 1048 5623 eum
1074 5578 1127 5625 et
1156 5584 1353 5644 corpus
1383 5571 1655 5628 dividatur
1682 5571 1737 5627 in
1789 5573 2053 5639 membra,

470 5664 534 5711 et
579 5656 821 5713 membra
868 5658 978 5714 sint
1003 5662 1265 5733 corporis.
1303 5661 1578 5719 Dederunt
1624 5663 1806 5732 itaque
1842 5660 2056 5729 Petrus,

476 5742 713 5802 Iacobus
740 5756 796 5804 et
829 5748 1087 5817 Joannes,
1130 5752 1224 5821 qui
1268 5752 1592 5807 videbantur
1627 5748 1892 5808 columna:
1912 5768 2055 5818 esse,

472 5830 700 5891 dextras
748 5836 915 5896 Paulo
941 5846 998 5896 et
1032 5840 1295 5897 Barnabte
1320 5840 1620 5899 societatis.
1643 5841 1761 5899 Sed
1798 5841 1943 5910 Tito,
1964 5841 2059 5911 qui

2165 4750 2256 4799 tus
2297 4751 2461 4813 atque
2482 4744 2719 4801 nutritus
2745 4752 2887 4825 erat,
2908 4760 3219 4819 quanquam
3243 4749 3383 4821 apud
3406 4756 3600 4825 gentes
3627 4763 3748 4825 eam

2165 4847 2275 4890 non
2311 4842 2575 4900 servaret,
2608 4834 2702 4895 sed
2721 4822 3034 4906 obiurgatus
3059 4844 3163 4905 est,
3192 4838 3320 4915 quia
3346 4822 3602 4913 gentibus
3627 4822 3746 4895 eam

2164 4924 2379 4983 volebat
2410 4926 2705 4996 imponere,
2736 4942 2860 4985 cum
2889 4928 3117 4987 vidisset
3141 4931 3407 5005 quosdam
3436 4932 3653 4987 venisse
3682 4932 3748 4987 ab

2165 5014 2394 5083 Jacobo,
2425 5017 2479 5073 id
2505 5026 2609 5085 est,
2639 5034 2668 5073 a
2693 5017 2896 5087 Iudaea.
2928 5018 3067 5079 Nam
3086 5020 3344 5095 Ecclesiae
3367 5021 3730 5099 Hierosulytni

2164 5117 2308 5169 taliae
2335 5109 2569 5169 Jacobus
2594 5111 2828 5181 praefuit.
2872 5112 3097 5177 Timens
3136 5128 3267 5186 ergo
3291 5128 3407 5180 eos,
3452 5115 3547 5187 qui
3573 5114 3746 5169 adhuc

2157 5203 2421 5274 putabant
2445 5203 2502 5259 in
2548 5202 2655 5259 illis
2675 5203 3149 5269 observationibus
3175 5204 3405 5260 salutem
3448 5219 3572 5261 esse
3611 5220 3743 5260 con.

2161 5293 2409 5351 stitutam
2430 5332 2446 5356 ,
2480 5292 2803 5363 segregabat
2827 5307 2888 5349 se
2913 5308 2947 5347 a
2983 5294 3236 5364 gentibus
3261 5334 3277 5359 ,
3326 5301 3383 5349 et
3410 5292 3747 5373 simulationi

2160 5380 2279 5450 eius
2302 5389 2701 5439 consenserunt
2735 5381 2916 5461 temtari
2942 5376 3112 5455 intimi
3136 5383 3456 5455 apponenda
3494 5383 3749 5455 gentibus

2159 5471 2253 5528 illa
2276 5486 2444 5529 onera
2465 5472 2762 5555 servitutis.
2790 5472 2944 5541 Unde
2960 5482 3017 5531 et
3035 5473 3233 5548 Paulus
3258 5475 3363 5531 hac
3381 5476 3579 5533 eadem
3605 5484 3741 5540 arte,

2160 5580 2269 5637 qua
2299 5565 2389 5623 ille
2415 5579 2477 5625 se
2504 5565 2836 5635 simulabat,
2884 5566 2938 5623 ei
2985 5566 3186 5639 restitit
3222 5568 3278 5623 in
3324 5566 3519 5624 faciem
3548 5586 3563 5623 :
3593 5577 3651 5624 et
3669 5567 3745 5622 lo-

2160 5659 2346 5729 quitur
2368 5672 2553 5717 coram
2599 5659 2869 5727 omnibus,
2908 5672 3017 5731 non
3038 5664 3149 5729 tam
3174 5665 3234 5714 ut
3278 5658 3500 5717 Petrum
3526 5666 3738 5739 arguat,

2159 5762 2327 5819 quam
2365 5756 2428 5807 ut
2474 5748 2536 5816 ii,
2574 5763 2806 5819 quorum
2833 5764 2998 5806 causa
3026 5748 3222 5817 Petrus
3259 5763 3319 5806 se
3347 5750 3738 5825 simulaverat,

2158 5841 2519 5913 corrigantur.
2547 5839 2705 5910 Quod
2730 5840 2787 5900 in
2828 5840 3001 5916 ipsius
3024 5838 3401 5919 objurgatione
3429 5842 3585 5927 verbi
3612 5843 3739 5927 satis
