4056 6350
324 382 431 469 ssi

1256 410 1514 471 ENARR.
1554 410 1626 471 lN
1664 411 1885 471 EPIST.
1924 412 1990 473 Β.
2031 411 2239 474 PAULI
2275 412 2371 472 AD
2405 412 2656 473 GALAT.

3490 422 3597 482 862

323 532 571 601 apparet.
600 521 720 584 Non
744 522 894 583 enim
920 520 1018 593 ait,
1048 522 1190 581 Situ
1218 538 1337 581 cum
1368 518 1586 582 Judzeus
1613 522 1914 599 sis,‘genti-
1939 537 1994 600 Α
2086 527 2166 583 De
2192 529 2295 584 hac
2325 529 2523 600 quippe
2570 542 2631 584 re
2672 525 2806 585 satis
2843 531 2928 585 est
2960 523 3077 599 ejus
3107 538 3237 588 nota
3277 534 3543 593 sententia
3575 575 3591 603 ,

322 621 474 688 liter,
496 627 552 676 et
578 636 687 675 non
709 617 931 700 Judaice
960 618 1120 684 vivis,
1149 619 1420 689 quomodo
1440 627 1627 691 gentes
1649 618 1799 700 cogis
1820 620 1909 691 ju-

324 698 955 791 ilaizare?lndi$solubili
981 718 1300 786 argumento
1325 698 1907 783 constringitPetrum,

322 798 436 864 imo
464 823 565 879 per
596 806 819 863 Petrum
872 820 967 861 eos
1027 807 1117 876 qui
1166 805 1481 877 pugnabant
1530 796 1674 861 inter
1703 820 1780 861 se.
1827 804 1907 873 Si,

320 898 521 970 inquit,
567 913 601 953 ο
629 898 787 953 Petre
810 938 825 965 ,
871 905 928 952 tu
959 905 1155 953 natura
1199 895 1418 953 Judaeus
1449 938 1465 965 ,
1495 898 1852 954 circumcisus
1877 913 1906 953 a

315 1004 489 1069 parva
517 1000 678 1047 aetate
706 1034 721 1058 ,
748 1000 804 1047 et
829 991 1080 1047 universa
1107 991 1242 1065 legis
1270 1001 1540 1066 praecepta
1572 993 1904 1060 custodiens,

316 1100 466 1141 nunc
495 1080 565 1138 ob
586 1083 815 1156 gratiam
843 1084 1044 1139 Christi
1072 1084 1179 1139 scis
1206 1100 1270 1139 ea
1315 1083 1450 1139 nihil
1490 1100 1586 1155 per
1620 1100 1679 1140 se
1706 1085 1907 1140 habere

314 1172 591 1237 utilitatis,
610 1173 704 1228 sed
715 1171 1047 1244 exemplaria
1070 1188 1190 1229 esse
1211 1182 1265 1233 et
1293 1175 1556 1247 imagines
1577 1172 1901 1240 futurorum,

314 1272 373 1320 et
399 1280 523 1319 cum
552 1264 750 1341 bisqui
771 1281 842 1357 .ex
875 1266 1125 1339 gentibus
1151 1274 1279 1322 sunt
1302 1266 1483 1323 cibum
1512 1269 1678 1339 capis,
1708 1283 1908 1338 nequa-

313 1369 482 1426 quam
504 1364 565 1411 ut
598 1366 724 1411 ante
769 1358 1166 1432 superstitiose,
1195 1358 1289 1413 sed
1311 1357 1481 1415 libere
1507 1368 1561 1415 et
1592 1358 1905 1414 indidemn-

311 1452 400 1501 ter
426 1446 683 1503 victitans
708 1487 724 1513 ,
757 1448 1028 1518 quomodo
1050 1463 1149 1505 eos
1176 1449 1267 1519 qui
1295 1465 1361 1504 ex
1384 1451 1633 1521 gentibus
1660 1450 1904 1506 credide-

310 1545 461 1605 runt,
489 1552 633 1593 nunc
657 1538 916 1593 recedens
937 1538 1005 1592 ab
1029 1537 1131 1606 eis,
1174 1547 1230 1595 et
1260 1540 1417 1610 quasi
1444 1556 1475 1595 a
1515 1540 1903 1597 contaminatis

309 1635 367 1685 te
413 1642 673 1700 separans
697 1637 753 1684 et
781 1642 1072 1685 secernens
1094 1671 1109 1695 ,
1141 1631 1419 1701 compellis
1441 1630 1759 1701 judaizare?
1788 1632 1903 1688 Hoc

307 1728 487 1777 totum
509 1723 713 1778 idcirco
742 1722 838 1789 ait,
866 1722 977 1778 nun
1010 1728 1119 1779 tam
1145 1730 1205 1778 ut
1244 1723 1467 1778 Petrum
1499 1729 1709 1795 arguat,
1762 1725 1902 1779 sicut

300 1811 421 1887 jam
443 1814 575 1881 dixi,
600 1830 764 1886 quam
803 1822 863 1869 ut
884 1812 946 1876 ii,
976 1829 1207 1884 quorum
1245 1830 1409 1869 causa
1430 1814 1625 1870 Petrus
1649 1831 1709 1871 se
1735 1816 1900 1871 simu-

2010 631 2119 687 qua
2158 616 2339 674 fuerat
2385 619 2741 675 constitutum
2772 659 2787 686 ,
2817 624 2921 676 nec
2948 618 3185 689 Iudaeos,
3215 614 3308 695 qui
3360 636 3487 683 tunc
3538 629 3594 684 in

2010 710 2290 766 Christum
2338 713 2634 767 credebant
2665 752 2683 778 ,
2712 714 3081 784 prohibendos
3124 731 3244 772 esse
3275 732 3304 772 a
3352 722 3594 790 palemis

2010 804 2415 870 traditionibus,
2456 821 2557 861 nec
2582 807 2665 862 'a‘d
2691 814 2787 863 e‘as
2816 808 3046 879 gentiles
3076 848 3092 875 ,
3125 825 3249 867 cum
3296 812 3593 871 Christiani

2009 893 2221 958 ﬁerent,
2245 910 2371 958 esse
2396 897 2700 968 cegendos:
2736 906 2796 953 ut
2816 898 2906 954 illa
2928 912 3291 968 sacramenta,
3323 920 3442 975 quae
3455 907 3591 962 divi-

2008 986 2156 1042 nitus
2178 996 2450 1058 praecepta
2472 996 2898 1061 esse‘constaret,
2924 1006 3031 1046 non
3051 1000 3306 1063 tanquam
3328 997 3591 1070 sacrilega

2006 1079 2325 1151 fingerentur
2349 1093 2483 1135 :nec
2507 1087 2687 1136 tamen
2706 1088 3028 1151 putarentur
3043 1085 3121 1139 sic
3147 1084 3584 1154 necessariaiam

2004 1172 2159 1228 Novo
2177 1172 2526 1227 Testamento
2547 1173 2805 1238 reVelato,
2828 1183 3087 1245 tanquam
3107 1176 3223 1232 sine
3247 1178 3354 1243 his,
3370 1181 3593 1248 quicun-

2005 1280 2113 1336 que
2134 1275 2582 1322 converterentur
2604 1266 2671 1321 ad
2697 1266 2888 1333 Deum,
2920 1269 3057 1324 salvi
3074 1282 3193 1326 esse
3214 1285 3321 1326 non
3344 1281 3582 1342 possent.

2002 1355 2176 1413 Erant
2202 1363 2382 1411 autem
2407 1356 2498 1426 qui
2526 1356 2629 1411 hoc
2680 1358 2966 1427 putabant,
2994 1367 3156 1429 atque
3193 1361 3578 1429 praedicabant,

2000 1448 2373 1520 quamvisjam
2386 1456 2603 1520 recepto
2613 1448 2818 1505 Christi
2833 1450 3149 1522 Evangelio,
3162 1462 3218 1507 et
3230 1453 3310 1508 eis
3332 1455 3584 1511 simulate

2002 1542 2392 1596 consenserant
2424 1540 2616 1595 Petrus
2642 1544 2698 1596 et
2726 1541 3017 1598 Barnabas.
3050 1542 3285 1614 Ideoque
3316 1549 3583 1619 cogebant

2000 1642 2190 1703 gentes
2211 1632 2512 1702 judaizare.
2541 1632 2599 1688 id
2635 1642 2757 1688 erat
2784 1634 2930 1688 enim
2960 1649 3172 1707 cogere,
3206 1638 3288 1692 sic
3304 1652 3371 1692 ea
3397 1653 3585 1695 neces-

1999 1724 2144 1779 saria
2170 1724 2490 1793 praedicare,
2515 1730 2771 1795 tanquam
2796 1732 2852 1779 et
2887 1735 3106 1795 recepto
3127 1726 3414 1799 Evangelia
3435 1729 3580 1784 nulla

1998 1814 2120 1870 sine
2147 1813 2256 1869 illis
2283 1808 2430 1869 salus
2456 1820 2603 1868 esset
2640 1813 2695 1868 in
2720 1812 2960 1869 Christo.
2991 1814 3104 1870 Hoc
3144 1831 3299 1873 error
3322 1831 3582 1887 quorum-

305 1905 537 1973 laverat,
562 1907 921 1980 corrigantur.
941 1906 999 1962 Si
1018 1909 1162 1964 enim
1184 1909 1446 1963 immundi
1474 1918 1616 1976 sunt,
1651 1927 1681 1964 a
1702 1910 1897 1987 quibus
1925 1908 1972 1970 B
2000 1906 2124 1962 dam
2150 1906 2402 1976 putabat,
2434 1906 2538 1961 hoc
2566 1906 2728 1960 timor
2750 1904 2895 1961 Petri
2925 1906 3234 1973 simulabat,
3265 1908 3369 1964 hoe
3408 1909 3572 1967 liber—

303 2002 538 2067 recedis,
560 2000 760 2056 idcirco
776 1999 1001 2062 recedis,
1019 1999 1144 2071 quia
1166 2016 1274 2055 non
1301 2001 1503 2055 habent
1529 2001 1872 2079 circumcisio
1888 2033 1901 2044 -

304 2107 435 2147 nem
468 2109 482 2143 ε
510 2092 786 2163 compellis
813 2107 908 2147 eos
931 2108 1060 2164 ergo
1086 2092 1415 2155 circumcidi,
1450 2102 1505 2147 et
1522 2088 1733 2149 Judlnos
1756 2094 1893 2167 ﬁeri,

303 2200 435 2241 cum
453 2193 509 2239 tu
536 2185 652 2257 ipse
679 2193 841 2240 natus
883 2182 1121 2250 Iudaeus,
1164 2183 1441 2255 gentiliter
1465 2185 1689 2241 vixeris.
1718 2184 1785 2239 Et
1811 2185 1892 2240 la-

303 2262 489 2357 tenter
516 2276 753 2331 ostendit
788 2291 1008 2331 causam
1047 2290 1216 2349 quare
1242 2276 1532 2330 adversum
1556 2274 1678 2331 eum
1711 2276 1895 2348 dispu-

303 2368 505 2425 taverit
538 2387 552 2424 :
585 2369 713 2449 quia
755 2369 962 2426 scilicet
987 2376 1176 2440 gentes
1206 2367 1549 2424 simulatione
1576 2384 1674 2425 sua
1713 2368 1895 2441 judai-

301 2475 435 2518 zare
463 2461 832 2537 compelleret,
855 2462 985 2518 dum
1009 2458 1136 2517 eum
1171 2461 1398 2534 cupiunt
1428 2461 1695 2518 aemulari.
1737 2462 1893 2531 Quod

298 2560 489 2611 autem
521 2552 624 2609 hoc
650 2552 701 2608 ei
738 2567 926 2607 coram
965 2552 1218 2607 omnibus
1255 2550 1412 2619 dixit,
1444 2554 1746 2608 necessitas
1775 2569 1895 2610 coe-

297 2645 402 2725 git,
431 2652 494 2703 ut
522 2659 711 2705 omnes
738 2644 881 2701 illius
933 2644 1310 2715 objurgatione
1373 2654 1717 2701 sanarentur.
1772 2642 1891 2702 Non

298 2736 450 2801 enim
472 2736 604 2817 utile
628 2744 748 2792 erat
771 2750 1035 2801 errorem,
1081 2736 1174 2807 qui
1214 2735 1396 2807 palam
1423 2738 1667 2804 noceret,
1700 2737 1755 2793 in
1805 2752 1890 2817 se-

295 2836 453 2887 creto
496 2828 786 2885 emendare
819 2846 833 2895 ;
879 2830 987 2887 huc
1015 2826 1221 2883 accedit
1253 2870 1267 2895 ,
1301 2829 1445 2901 quod
1496 2826 1786 2885 inﬁrmitas
1835 2816 1892 2885 et

2001 2009 2086 2056 tas
2121 2000 2272 2055 Pauli
2303 2000 2677 2072 redarguebat.
2706 1998 3021 2054 Galatarum
3048 1999 3338 2057 inﬁrmitas
3358 2018 3580 2074 compu-

1998 2092 2066 2148 lit
2093 2107 2218 2147 eum
2249 2090 2475 2146 narrare
2504 2129 2519 2156 ,
2549 2088 2694 2159 quod
2717 2103 2819 2144 nec
2856 2090 2957 2159 ipsi
2977 2088 3142 2145 Petro
3162 2093 3402 2162 pepercit
3432 2094 3577 2148 veri-

1995 2192 2165 2241 tatem
2192 2182 2469 2255 Evangelii
2494 2192 2600 2237 non
2622 2181 2791 2236 libere
2816 2180 3144 2248 defendenti,
3177 2184 3319 2238 sicut
3350 2185 3419 2239 ad
3447 2200 3583 2255 pro-

1997 2277 2201 2333 fectum
2227 2275 2634 2331 Corinthiorum
2676 2274 3048 2329 manifestavit
3087 2275 3375 2342 visionem,
3413 2293 3576 2348 quam

1995 2371 2156 2425 annis
2182 2367 2591 2440 quatuordecim
2615 2367 2983 2423 occultaverat
3016 2409 3030 2421 .
3059 2368 3163 2424 hoc
3183 2376 3364 2423 autem
3406 2379 3576 2424 totum

1995 2462 2128 2533 agit,
2151 2471 2213 2516 ut
2245 2460 2516 2526 ostendat,
2550 2474 2610 2514 se
2639 2474 2915 2529 nunquam
2941 2461 3374 2517 circumcisionis
3411 2461 3579 2517 fuisse

1992 2554 2281 2618 fautorem,
2298 2554 2442 2611 sicut
2462 2553 2529 2609 de
2553 2553 2645 2608 illo
2661 2554 3095 2623 pseudoaposteli
3107 2554 3411 2624 jactabant.
3434 2551 3578 2607 Sunt

1992 2662 2124 2705 vero
2151 2645 2411 2712 nonnulli,
2436 2647 2530 2716 qui
2571 2661 2679 2700 non
2702 2645 2926 2702 Petrum
2969 2646 3338 2716 apostolorum
3370 2643 3577 2715 princi-

1989 2755 2138 2812 pem,
2170 2739 2266 2794 sed
2287 2737 2577 2809 quemdam
2624 2737 2787 2791 alium
2833 2751 2898 2792 eo
2921 2738 3139 2792 nomine
3168 2776 3183 2802 ,
3215 2736 3307 2807 qui
3343 2750 3372 2789 a
3403 2731 3572 2788 Paulo

1984 2839 2076 2888 est
2121 2830 2485 2900 reprehensus
2513 2869 2529 2895 ,
2578 2829 2852 2898 accipiunt
2878 2847 2892 2884 :
2919 2829 3014 2898 qui
3062 2828 3110 2883 si
3151 2827 3305 2884 Pauli
3342 2826 3574 2898 apostoli

297 2906 540 2975 charitas
562 2908 713 2991 Petri
742 2960 759 2987 ,
790 2919 879 2975 cui
907 2927 991 2974 ter
1019 2934 1050 2974 a
1081 2917 1311 2991 Domino
1336 2920 1538 2975 dictum
1565 2928 1649 2975 est
1680 2960 1696 2987 ,
1727 2918 1889 2977 Amas
1990 2920 2289 2978 studiosius
2315 2920 2482 2979 verba
2508 2918 2806 2989 legissent,
2837 2919 2941 2975 ista
2967 2934 3074 2975 non
3105 2919 3364 2977 dicerent.
3395 2919 3577 2975 Dictu-

296 3009 423 3067 me?
466 3007 635 3065 Pasce
663 3026 777 3065 oves
810 3026 952 3067 meas
988 3051 1003 3077 ,
1034 3007 1463 3082 objurgationem
1513 3010 1677 3066 talem
1707 3004 1889 3082 poste-
1988 3028 2087 3070 rus
2103 3012 2305 3068 etenim
2325 3004 2699 3077 Paulus,'eum
2726 3009 2965 3069 venisset
2982 3008 3179 3065 Petrus
3206 3007 3573 3075 Antiochiam,

293 3103 462 3160 rioris
486 3104 724 3173 pastoris
753 3119 853 3174 pro
885 3104 1061 3160 salute
1095 3106 1275 3178 gregis
1319 3106 1680 3163 libentissime
1732 3108 1891 3164 susti-
1988 3107 2049 3164 in
2077 3107 2273 3162 faciem
2316 3105 2367 3160 ei
2398 3103 2616 3161 restiti:
2650 3110 2709 3159 ut
2751 3103 2817 3160 de
2865 3117 2973 3172 quo
3022 3103 3187 3161 Petro
3235 3101 3568 3173 loqueretur,

292 3204 414 3273 net.
446 3194 554 3251 Sed
586 3195 731 3277 dicet
755 3196 953 3267 aliquis
978 3214 991 3251 :
1041 3195 1220 3265 Quare
1247 3198 1449 3255 Paulus
1478 3200 1535 3253 in
1566 3197 1706 3257 facie
1733 3200 1890 3258 resti-
1989 3198 2302 3255 ostenderet
2329 3235 2345 3263 ,
2387 3197 2445 3251 in
2486 3195 2606 3265 ipso
2632 3209 2745 3250 suae
2767 3196 3097 3251 narrationis
3128 3194 3284 3250 initio
3309 3194 3575 3265 praemisit

293 3284 431 3353 terit
452 3285 650 3354 Petro,
679 3295 736 3341 et
762 3300 889 3342 eum
920 3287 1402 3361 reprehensibilem
1429 3288 1711 3357 indicavit,
1761 3306 1885 3347 cum
1914 3287 1958 3350 C
1991 3292 2180 3347 dicens
2209 3308 2221 3344 :
2269 3287 2547 3344 Creditum
2592 3294 2676 3343 est
2730 3286 2864 3343 mihi
2910 3285 3261 3356 Evangelium
3300 3285 3572 3356 praeputii,

292 3386 358 3443 et
405 3379 520 3449 ipse
568 3378 748 3434 lactus
792 3379 864 3437 sit
923 3366 1124 3434 Ju'dazis
1189 3377 1455 3437 Judmus?
1494 3379 1884 3452 Compatiendo
1986 3382 2129 3443 sicut
2176 3381 2338 3436 Petro
2366 3377 2819 3435 circumcisionis.
2862 3375 2964 3444 Qui
3001 3375 3148 3432 enim
3193 3384 3450 3445 operatus
3487 3383 3573 3433 est

291 3470 443 3539 enim
465 3471 520 3526 id
545 3470 693 3537 fecit,
720 3487 829 3527 non
856 3469 1187 3527 mentiendo.
1217 3470 1307 3526 Fit
1338 3472 1483 3527 enim
1510 3473 1741 3545 quisque
1772 3482 1886 3531 tan-

291 3575 462 3633 quam
487 3562 574 3616 cui
603 3560 718 3615 vult
746 3560 1056 3627 subvenire,
1089 3562 1305 3632 quando
1334 3569 1480 3617 tanta
1509 3563 1884 3632 misericordia

290 3653 569 3712 succurrit
591 3651 772 3719 alteri,
804 3660 1005 3722 quanta
1051 3652 1330 3719 subveniri
1365 3653 1466 3725 sibi
1513 3654 1690 3721 vellet,
1726 3655 1771 3711 si
1799 3670 1886 3710 es-

289 3727 381 3821 set
405 3743 518 3817 ipse
546 3742 603 3810 in
622 3741 812 3797 eadem
840 3741 1059 3797 miseria
1084 3742 1429 3799 constitutus.
1455 3743 1642 3816 Itaque
1674 3744 1734 3799 ﬁt
1763 3753 1884 3799 tan-

293 3852 460 3908 quam
476 3836 585 3902 ille,
600 3851 709 3892 non
722 3836 847 3906 quia
870 3834 1006 3890 fallit
1019 3849 1142 3889 eum
1162 3876 1176 3902 ,
1191 3833 1285 3890 sed
1298 3835 1422 3905 quia
1438 3851 1495 3890 se
1521 3837 1724 3909 cogitat
1741 3837 1883 3891 sicut

287 3912 638 4013 illum._l1pde
667 3914 796 4013 illud
818 3936 902 4007 est
936 3927 1181 4009 Apostoli
1213 3923 1469 3983 :Fratres
1489 3967 1503 3993 ,
1538 3929 1589 3981 si
1609 3910 1881 3998 ρνιινοεειιέ

286 4008 451 4094 potus
477 4008 632 4088 fuerit
667 4008 821 4075 horno
847 4019 903 4073 in
925 4008 1102 4090 aliquo
1131 4016 1319 4072 delicto
1338 4058 1352 4085 ,
1384 4034 1471 4072 vos
1501 4018 1591 4089 qui
1618 4017 1881 4091 spiritales

286 4100 419 4172 estis
444 4151 459 4176 ,
489 4096 731 4171 instruile
760 4107 1067 4181 hujusmodi
1112 4108 1168 4162 in
1196 4106 1384 4177 spiritu
1436 4106 1875 4173 mansuetudinis,

286 4204 630 4260 considerans
644 4204 885 4276 teipsum,
905 4217 967 4256 ne
979 4209 1025 4255 et
1039 4210 1095 4254 tu
1110 4200 1342 4256 tenteris.
1360 4195 1496 4252 Nam
1510 4198 1553 4253 si
1568 4202 1877 4269 propterea,

287 4299 421 4371 quia
444 4297 616 4363 dixit,
646 4294 823 4351 factus
870 4309 989 4348 sum
1017 4291 1218 4348 Judwis
1246 4300 1503 4361 tanquam
1530 4278 1751 4345 Iudaeus
1779 4331 1793 4357 ,
1823 4295 1881 4345 et

286 4370 377 4455 iis,
428 4372 521 4465 qui
554 4388 653 4445 sub
698 4370 814 4458 lege
842 4393 1000 4469 erant
1031 4425 1045 4450 ,
1078 4392 1333 4455 tanquam
1380 4384 1480 4438 sub
1530 4381 1649 4454 lege
1675 4396 1876 4447 essem,

285 4481 412 4543 ideo
448 4480 719 4559 putandus
771 4477 1105 4534 mendaciter
1151 4475 1457 4546 suscepisse
1497 4472 1631 4546 legis
1677 4471 1879 4559 veteris

285 4582 652 4639 sacramenta,
682 4573 897 4643 quando
935 4579 1096 4642 caput
1124 4568 1359 4623 totondit
1394 4567 1448 4621 in
1479 4564 1742 4621 Chencris
1774 4604 1790 4631 ,
1820 4570 1878 4618 et

283 4665 432 4741 Iacto
483 4664 705 4743 calvitio
735 4663 1066 4721 oblationem
1096 4660 1293 4729 obtulit
1327 4659 1382 4714 in
1436 4655 1739 4713 Jerusalem
1765 4696 1782 4723 ,
1823 4664 1878 4712 et
1901 4647 1957 4709 D

285 4762 636 4833 Timotheum
687 4757 1068 4824 circumcidit,
1108 4763 1163 4811 et
1220 4751 1563 4823 nudipedalia
1607 4750 1873 4835 exercuit,

283 4869 409 4926 qua:
435 4854 622 4924 utique
645 4851 1086 4915 manifestissime
1112 4850 1178 4907 de
1199 4846 1541 4905 caeremoniis
1565 4834 1873 4901 Judmorum

282 4958 415 5011 sunt
447 4969 461 5007 ε
516 4950 704 5021 debuit
732 4956 788 5005 et
814 4947 1057 5019 gentium
1086 4943 1452 4999 idololatriam
1492 4941 1683 4997 eodem
1714 4939 1876 4994 modo

286 5041 604 5108 mentiendo
633 5038 930 5110 suscipere,
961 5037 1055 5113 qui
1106 5036 1243 5113 dixit
1274 5075 1289 5102 ,
1317 5034 1483 5090 etiam
1527 5033 1611 5089 bis
1635 5031 1727 5102 qui
1757 5031 1875 5087 sine

283 5134 409 5206 lege
448 5141 630 5203 erant,
676 5140 933 5204 tanquam
979 5129 1097 5189 sine
1133 5126 1253 5198 lege
1279 5142 1337 5181 se
1382 5124 1589 5180 factum
1618 5164 1633 5188 ,
1692 5130 1754 5205 ut
1779 5136 1874 5176 eos

283 5224 851 5297 lucrifaceret,.quod
888 5223 1077 5297 utique
1121 5234 1228 5281 non
1257 5218 1407 5273 fecit.
1454 5215 1572 5270 Non
1602 5214 1745 5270 enim
1777 5210 1878 5297 ali-

281 5322 413 5387 cubi
447 5319 778 5392 sacriﬁcavit
822 5316 1002 5387 idolis,
1034 5322 1127 5373 aut
1157 5311 1403 5381 adoravit
1452 5308 1541 5364 illa
1588 5308 1873 5378 ﬁgmenta,

284 5434 472 5481 annon
519 5420 697 5490 potius
728 5416 902 5475 libere
926 5454 942 5482 ,
970 5422 1227 5483 tanquam
1258 5415 1470 5478 martyr
1501 5403 1707 5469 Christi
1739 5442 1754 5468 ,
1785 5402 1877 5487 de-

282 5513 539 5573 testanda
567 5519 623 5567 et
648 5508 870 5567 vitanda
892 5502 1248 5564 monstravit?
1273 5500 1332 5559 ld
1357 5508 1560 5562 autem,
1593 5494 1735 5568 quod
1758 5493 1873 5567 ipse

281 5605 491 5664 Paulus
535 5604 811 5676 apostolus
855 5602 1006 5669 fecit,
1055 5607 1117 5667 ut
1162 5596 1426 5667 quasdam
1464 5589 1874 5648 observationes

282 5700 556 5773 legitimas
575 5696 802 5755 Iudaica
822 5692 1212 5759 consuetudine
1232 5687 1541 5753 retinendo,
1565 5692 1620 5741 et
1640 5682 1868 5765 agendo,

280 5794 338 5853 in
362 5810 447 5860 se,
477 5808 582 5851 non
617 5807 677 5855 se
713 5788 993 5854 inimicum
1022 5786 1125 5856 legi
1162 5782 1554 5856 prophetisqne
1598 5781 1873 5832 monstra-

280 5900 392 5953 ret,
433 5888 576 5943 absit
601 5893 660 5943 ut
690 5884 1023 5941 mendaciter
1041 5896 1166 5937 eum
1195 5880 1394 5936 fecisse
1414 5876 1722 5932 credamus.

1984 3478 2151 3536 Petro
2194 3476 2249 3531 in
2288 3473 2647 3546 apostolatum
2684 3470 3115 3527 circumcisionis
3143 3511 3159 3536 ,
3199 3477 3456 3540 Operatus
3485 3475 3575 3526 est

1983 3580 2043 3629 et
2060 3571 2197 3628 mihi
2228 3570 2370 3625 inter
2397 3575 2604 3640 gentes.
2634 3564 2790 3620 Patet
2827 3579 2958 3636 ergo
3002 3564 3068 3619 de
3105 3578 3215 3633 quo
3238 3562 3402 3618 Petro
3429 3561 3574 3617 Pau-

1983 3669 2071 3727 lus
2114 3669 2372 3739 loquitur,
2415 3679 2579 3736 quem
2608 3671 2662 3717 et
2686 3660 2989 3733 apostolum
3034 3659 3301 3724 nominat,
3326 3665 3383 3713 et
3428 3671 3572 3728 pm-

1984 3760 2154 3816 l'uisse
2198 3756 2490 3828 Evangelio
2518 3751 2948 3809 circumcisionis
2994 3757 3203 3804 narrat.
3254 3749 3321 3803 Et
3348 3747 3571 3802 ﬁlerunt

1980 3850 2225 3923 quidam,
2248 3847 2342 3918 qui
2370 3844 2663 3901 secundam
2684 3841 2830 3897 Petri
2856 3839 3177 3911 Epistolam,
3215 3839 3272 3905 in
3297 3853 3404 3908 qua
3434 3837 3563 3907 Epi-

1982 3943 2137 4001 stulae
2166 3939 2315 3996 Pauli
2353 3937 2585 3993 laudate
2607 3942 2774 4001 sunt,
2796 3933 2917 4004 ejus
2947 3932 3192 3988 dicerent
3219 3946 3325 3987 non
3373 3931 3563 3988 fuisse.

1980 4036 2096 4094 Sed
2118 4035 2165 4092 si
2194 4033 2435 4105 ejusdem
2464 4027 2721 4100 Epistolas
2764 4027 2931 4089 verba
2977 4038 3208 4095 pensare
3247 4024 3562 4095 voluissent,

1981 4129 2145 4201 longe
2170 4125 2329 4185 aliter
2351 4123 2557 4181 sentire
2587 4127 2861 4192 poterant.
2892 4117 2951 4175 lu
2975 4132 3041 4175 ea
3078 4116 3278 4191 quippe
3302 4116 3565 4188 scriptum

1981 4228 2067 4279 est
2100 4241 2113 4276 :
2154 4217 2291 4275 Voce
2314 4214 2529 4286 delapsa
2566 4211 2637 4267 ad
2660 4226 2781 4267 eum
2814 4208 3184 4276 huiuscemodi
3228 4225 3261 4263 a
3284 4207 3565 4280 magniﬁca

1980 4314 2154 4388 gloria
2182 4330 2202 4368 :
2230 4310 2336 4367 Hic
2359 4318 2434 4366 est
2462 4307 2607 4379 ﬁlius
2626 4322 2773 4362 meus
2793 4302 3037 4371 dilectus,
3068 4303 3125 4361 in
3144 4317 3247 4374 quo
3268 4301 3395 4361 mihi
3423 4316 3565 4357 cont-

1979 4407 2177 4480 placui.
2207 4404 2386 4472 Atque
2438 4397 2716 4470 subiungit
2746 4413 2760 4450 :
2791 4394 2864 4451 Et
2919 4394 3055 4450 hanc
3102 4408 3278 4448 uocem
3334 4407 3427 4446 nos
3474 4407 3572 4447 au-

1979 4499 2228 4561 divimus,
2279 4509 2398 4549 cum
2444 4506 2674 4549 essemus
2729 4503 2847 4545 eum
2897 4486 3010 4558 ipso
3059 4485 3117 4545 in
3164 4491 3339 4545 monte
3385 4489 3566 4539 sancto

1982 4588 2069 4663 (ΙΙ
2086 4587 2231 4643 Petr.
2250 4585 2317 4659 ι).

2053 4682 2264 4753 Legant
2295 4679 2481 4750 itaque
2506 4672 2876 4745 Evangelium,
2902 4678 2958 4729 et
2973 4668 3225 4742 pronitus
3246 4675 3562 4738 agnoscent,

1981 4775 2108 4847 quia
2139 4787 2265 4829 eum
2290 4787 2395 4828 vox
2423 4770 2529 4826 ista
2556 4768 2623 4825 de
2642 4766 2784 4824 creto
2802 4765 2970 4831 venit,
2993 4762 3188 4818 Petrus
3212 4757 3488 4831 apostolus
3511 4758 3566 4815 in

1980 4873 2167 4924 monte
2188 4880 2313 4921 cum
2341 4863 2573 4920 Domino
2596 4860 2766 4916 stetit.
2799 4856 2917 4927 [pse
2942 4869 3074 4926 ergo
3096 4854 3241 4909 hanc
3266 4849 3565 4921 Epistolam

1980 4959 2239 5030 scripsit:
2268 4956 2361 5027 qui
2389 4957 2529 5012 hanc
2558 4967 2749 5009 vocem
2778 4951 2833 5006 in
2861 4956 3045 5006 monte
3069 4960 3192 5003 cum
3215 4944 3446 5002 Domino
3467 4961 3564 5002 au-

1981 5051 2116 5107 divit
2147 5068 2160 5104 :
2197 5047 2311 5105 Nos
2333 5056 2525 5102 natura
2564 5043 2768 5109 Iudici,
2799 5050 2846 5097 et
2873 5057 2979 5096 non
3015 5055 3082 5096 ex
3114 5037 3569 5109 gentibus'pscca-

1979 5152 2139 5199 tores.
2168 5142 2524 5197 Peccatorum
2558 5144 2742 5192 autem
2777 5147 2975 5191 nomen
3013 5130 3268 5203 gentibus
3295 5129 3566 5200 imposue-

1979 5242 2110 5293 rant
2130 5234 2321 5299 Judaai,
2339 5230 2453 5302 jam
2479 5237 2691 5287 vetusta
2725 5226 2961 5298 quadam
2988 5221 3263 5293 superbia,
3296 5230 3556 5292 tanquam

1911 5300 1923 5313 ’
1978 5326 2081 5398 ipsi
2116 5327 2252 5398 justi
2288 5300 2491 5389 essent,
2539 5318 2772 5375 videndo
2812 5315 3064 5387 stipulam
3096 5313 3151 5369 in
3177 5312 3333 5370 oculo
3360 5313 3560 5377 alieno,

1978 5428 2034 5479 et
2066 5435 2178 5476 non
2208 5417 2416 5474 trabem
2442 5416 2498 5470 in
2530 5428 2651 5471 suo.
2684 5409 2997 5471 Secundum
3035 5423 3226 5467 eorum
3253 5421 3461 5467 morem
3485 5405 3564 5460 lo-

1976 5522 2137 5575 eutus
2175 5508 2470 5582 Apostolus
2498 5506 2576 5561 ait
2608 5524 2621 5559 :
2656 5501 2772 5561 Nos
2808 5510 3001 5557 natura
3030 5499 3209 5556 ,ιιιάωὶ
3232 5539 3249 5566 ,
3282 5507 3330 5555 et
3360 5515 3467 5553 non
3499 5511 3560 5559 ea:

1976 5603 2218 5679 gentibus
2280 5607 2627 5671 peccatores;
2682 5594 2740 5650 id
2792 5598 2916 5657 est,
2947 5606 3087 5673 quos
3126 5588 3401 5662 appellant
3431 5600 3558 5659 pec-

1976 5706 2193 5765 catores
2220 5734 2236 5761 ,
2268 5708 2393 5766 cum
2421 5691 2532 5749 sint
2553 5698 2609 5749 et
2637 5689 2740 5760 ipsi
2765 5693 3083 5761 peccatores
3110 5704 3125 5740 :
3152 5682 3262 5755 Nos
3288 5696 3449 5759 ergo,
3474 5678 3564 5757 iu-

1973 5790 2114 5862 quit,
2141 5767 2339 5845 natura
2362 5783 2553 5855 Judaei,
2583 5797 2707 5840 cum
2733 5779 2961 5856 gentiles
2988 5792 3251 5843 essemus,
3289 5788 3399 5863 non
3426 5771 3556 5857 qui!

1974 5884 2077 5957 ipsi
2106 5889 2417 5955 peccatores
2446 5878 2717 5952 appellant
2745 5917 2761 5946 ,
2788 5884 2972 5932 tamen
2995 5883 3052 5929 et
3074 5887 3174 5928 nos
3202 5878 3541 5942 peccatores,
