4056 6350
504 376 609 437 863

1606 367 1883 426 CLAUDII
1917 363 2382 423 TAURINENSIS
2420 361 2731 422 EPISCOPI

3669 362 3774 420 864

507 507 557 545 ιιι
585 487 805 544 Christo
830 484 958 542 Jesu
977 485 1332 550 credidimus,
1355 492 1417 541 ut
1438 485 1799 555 justiﬁcemur
1811 500 1910 556 per
1925 483 2088 538 ﬁdem
2113 481 2168 544 Α
2191 481 2300 547 lex,
2327 497 2446 553 quae
2477 495 2575 551 per
2595 479 2814 550 Moysen
2837 479 2960 534 data
2987 482 3093 543 est,
3123 491 3246 548 quae
3289 483 3503 533 tantum
3547 445 3776 548 peccata

507 579 728 634 Christi.
762 577 881 632 Non
903 584 1086 632 autem
1115 586 1422 647 quaererent
1443 575 1752 645 justiﬁcari,
1777 577 1880 632 nisi
1904 582 2088 631 essent

508 679 846 742 peccatores.

579 786 815 841 Scientes
842 792 1037 851 autem,
1064 785 1206 856 quod
1226 801 1330 839 non
1343 785 1672 855 justiﬁcatur
1698 783 1852 838 homo
1878 799 1944 838 ex
1969 799 2090 853 ope-

510 878 656 931 ribus
680 877 830 948 legis,
881 878 984 930 nisi
1035 894 1127 947 per
1162 875 1320 944 ﬁdem
1368 869 1511 930 Jesu‘
1532 873 1728 930 Christi
1759 916 1775 941 ,
1818 883 1867 929 et
1914 891 2007 928 nos
2033 874 2091 928 in

513 967 721 1022 Christo
745 967 876 1022 Jesu
906 967 1245 1033 credidimus,
1268 976 1325 1021 ut
1337 967 1698 1038 justiﬁcemur
1717 983 1781 1021 ea:
1801 967 1907 1036 ﬁde
1933 964 2090 1021 Chri-

513 1059 602 1123 sti,
634 1069 682 1113 et
709 1076 812 1113 non
839 1075 903 1113 ea:
937 1059 1175 1128 operibus
1219 1058 1364 1129 legis.
1396 1057 1676 1114 Credimus
1709 1059 1765 1113 in
1789 1058 2088 1126 Christum,

512 1158 574 1206 ut
601 1151 742 1220 quod
774 1150 860 1206 lex
882 1151 1038 1205 nobis
1053 1165 1161 1204 non
1185 1150 1426 1215 dederat,
1458 1149 1592 1205 ﬁdes
1621 1151 1902 1215 tribueret,
1929 1164 2090 1219 quam

514 1242 780 1299 habemus
814 1242 869 1296 in
914 1241 1152 1296 Christo.
1205 1240 1360 1307 Quod
1395 1240 1442 1296 si
1480 1242 1794 1296 recedentes
1815 1257 1858 1296 ~a
1893 1240 2008 1310 lege
2034 1240 2089 1294 in

515 1350 624 1406 qua
649 1333 846 1389 salvari
866 1350 971 1389 non
1007 1334 1284 1403 potuimus
1310 1373 1325 1398 ,
1359 1333 1792 1388 transcendimus
1814 1333 1880 1388 ad
1905 1333 2089 1398 ﬁdem,

517 1424 573 1478 in
598 1439 704 1492 qua
727 1439 833 1478 non
858 1424 1036 1478 carnis
1060 1423 1322 1493 quzeritur
1360 1423 1725 1490 circumcisio,
1776 1423 1870 1479 sed
1914 1424 2094 1478 cordis

515 1531 654 1586 pura
683 1515 913 1581 devotio,
936 1522 991 1570 et
1020 1530 1162 1570 nunc
1187 1530 1217 1569 a
1241 1515 1492 1586 gentibus
1531 1515 1834 1570 recedendo
1857 1516 1963 1570 hoc
1983 1515 2096 1584 agi-

521 1620 663 1670 mus,
693 1611 754 1659 ut
781 1604 1088 1675 quicunque
1119 1619 1226 1660 non
1252 1613 1336 1659 est
1359 1604 1714 1659 circumcisus
1743 1645 1757 1669 ,
1788 1601 2096 1658 immundus

523 1694 616 1749 sit.
651 1695 795 1765 Ergo
826 1695 1034 1751 ﬁdesin
1056 1694 1353 1761 Christum,
1383 1697 1438 1750 in
1467 1711 1572 1766 qua
1598 1710 1696 1751 nos
1715 1692 1972 1766 'putamus
2002 1709 2097 1748 an-

520 1792 574 1839 te
599 1784 795 1840 salvari
831 1825 845 1851 ,
879 1787 1088 1855 peceati
1116 1793 1199 1842 est
1229 1787 1478 1842 ministra
1507 1801 1670 1856 quam
1703 1786 1949 1856 justitiae,
1976 1800 2095 1853 qua:

520 1875 699 1932 aufert
724 1877 1214 1944 circumcisionem,
1253 1893 1414 1947 quam
1453 1877 1546 1946 qui
1571 1893 1678 1932 non
1703 1876 1975 1939 habuerit,
1995 1875 2096 1930 im-

515 1965 748 2022 mundus
768 1974 872 2031 est,
904 1967 998 2022 sed
1021 1968 1199 2032 absit,
1231 1975 1292 2022 ut
1313 2009 1326 2034 ,
1356 1968 1500 2037 quod
1531 1966 1700 2023 semel
1746 1967 2012 2031 destruxi,
2043 1975 2100 2022 et

515 2061 643 2114 novi
686 2061 819 2117 mihi
849 2077 955 2116 non
988 2061 1256 2132 profuisse
1291 2103 1306 2128 ,
1335 2078 1549 2117 rursum
1578 2062 1866 2117 vindicem.
1919 2061 2098 2116 Semel

516 2167 548 2207 a
572 2151 691 2223 lege
721 2154 1023 2220 discedens,
1071 2153 1176 2224 legi
1228 2169 1347 2208 sum
1379 2161 1628 2208 mortuus
1648 2161 1749 2219 ,-ut
1792 2153 1848 2208 in
1876 2151 2096 2208 Christo

514 2247 776 2311 viverem,
808 2247 1075 2316 Crucique
1111 2248 1228 2317 ejus
1270 2247 1484 2312 afﬁxus,
1533 2255 1588 2302 et
1615 2248 1669 2302 in
1699 2262 1897 2302 novum
1941 2262 2100 2302 rena-

521 2343 610 2391 tus
639 2336 915 2391 hominem
941 2377 956 2400 ,
986 2336 1092 2392 ﬁde
1121 2337 1294 2405 magis
1319 2353 1482 2408 quam
1534 2351 1696 2393 carne
1723 2337 2094 2402 subsisterem,

516 2432 572 2480 et
591 2440 716 2480 cum
749 2425 964 2482 Christo
977 2429 1265 2499 egrederer
1285 2443 1316 2484 e
1337 2429 1556 2494 mundo,
1580 2429 1724 2498 quod
1747 2428 1914 2484 semel
1943 2428 2101 2482 ador-

516 2535 611 2576 sus
632 2536 776 2587 sum,
806 2529 961 2577 teneo
983 2563 998 2588 ,
1029 2539 1136 2578 non
1190 2523 1323 2578 mihi
1355 2523 1523 2594 gratis
1569 2522 1819 2578 Christus
1846 2530 1930 2577 est
1953 2537 2099 2578 mor-

519 2619 668 2677 tuus,
699 2612 754 2665 in
782 2627 941 2682 quem
969 2614 1171 2670 frustra
1202 2615 1409 2671 credidi
1434 2653 1447 2681 ,
1483 2613 1529 2670 si
1556 2615 1708 2685 potui
1749 2616 1955 2685 absque
1992 2613 2099 2669 ﬁde

513 2699 630 2770 ejus
657 2701 712 2757 in
741 2704 912 2758 veteri
940 2704 1058 2776 lege
1094 2705 1313 2761 salvari.

585 2809 810 2881 Propter
845 2813 985 2884 quod
1020 2830 1086 2866 ea:
1119 2815 1358 2885 operibus
1405 2813 1532 2886 legis
1570 2831 1673 2869 non
1704 2814 2101 2885 justiﬁcabitur

515 2901 683 2954 omnis
705 2917 848 2954 caro.
876 2899 1288 2958 Justiﬁcabatur
1311 2905 1582 2972 quondam
1605 2918 1672 2958 ex
1697 2905 1816 2975 lege
1844 2920 1951 2959 non
1976 2919 2096 2959 om-

515 2987 604 3043 nis
628 3002 774 3054 caro,
829 2990 924 3045 sed
952 2998 1162 3045 tantum
1191 2992 1229 3047 ii
1262 2993 1508 3048 homines
1534 3033 1550 3058 ,
1579 2993 1671 3064 qui
1702 2994 1756 3048 in
1810 2993 2096 3048 Palmstina

514 3080 794 3148 provincia
847 3091 1024 3136 erant.
1061 3081 1214 3138 Nunc
1244 3092 1426 3139 autem
1471 3100 1537 3140 ex
1565 3084 1670 3140 ﬁde
1723 3083 1850 3141 Jesu
1895 3085 2098 3142 Christi

509 3167 844 3240 justiﬁcatur-
865 3173 1041 3228 omnis
1071 3188 1196 3228 caro
1225 3214 1241 3240 ,
1282 3175 1409 3230 dum
1436 3175 1691 3232 Ecclesia:
1734 3176 1852 3245 ejus
1896 3177 1952 3231 in
1979 3185 2094 3232 toto
2120 3188 2166 3252 α

515 3262 646 3317 orbe
665 3261 977 3318 fundantur.
1012 3263 1200 3320 Potest
1223 3275 1404 3322 autem
1438 3275 1494 3322 et
1519 3282 1616 3337 per
1643 3283 1806 3337 opera
1824 3268 1957 3340 legis
1980 3285 2088 3324 non

520 3351 961 3408 inconvenienter
996 3355 1327 3411 circumcisit
1363 3395 1378 3422 ,
1425 3357 1708 3412 sabbatum
1743 3399 1758 3424 ,
1783 3357 1899 3414 dies
1938 3358 2089 3426 festi,

519 3443 846 3512 baptismata
870 3485 885 3508 ,
915 3443 1052 3500 festa
1085 3456 1386 3516 temporum
1421 3488 1435 3511 ,
1461 3463 1647 3517 azyma
1673 3463 1891 3518 panum,
1922 3456 2094 3505 eteae-

522 3540 657 3596 tera,
687 3548 806 3602 quae
831 3535 886 3587 in
913 3544 1272 3601 sacramento,
1297 3552 1403 3592 non
1441 3546 1660 3607 propter
1681 3539 1970 3608 justitiam,
1999 3540 2095 3596 sed

519 3624 814 3692 occupandi
841 3627 1022 3697 populi
1052 3628 1227 3698 gratia
1256 3668 1271 3694 ,
1292 3636 1347 3683 et
1389 3629 1458 3684 ad
1486 3629 1810 3686 domandam
1838 3633 2094 3688 duritiam

522 3725 648 3770 sunt
678 3717 817 3781 data,
850 3718 1095 3790 intelligi.

593 3823 746 3892 Quod
772 3828 817 3881 si
835 3841 1121 3899 quwrentes
1137 3831 1427 3902 justiﬁcari
1447 3834 1503 3887 in
1526 3831 1755 3899 Christo,
1782 3836 1978 3890 inventi
2003 3853 2097 3891 su-

519 3932 637 3971 mus
664 3927 713 3972 et
736 3920 846 3988 ipsi
870 3931 1186 3990 peccatores.
1222 3923 1339 3980 Non
1365 3934 1546 3982 autem
1593 3935 1898 3995 quaererent
1936 3928 2098 3998 justi-

519 4005 695 4072 ﬂcari,
718 4009 820 4063 nisi
851 4021 1031 4066 essent
1050 4022 1381 4082 peccatores.
1410 4016 1494 4070 An
1516 4015 1674 4082 forte,
1710 4018 1834 4087 quia
1865 4017 1919 4071 in
1945 4018 2099 4073 Chri-

519 4107 604 4154 sto
651 4100 933 4156 voluerunt
961 4102 1269 4173 justiﬁcari,
1309 4111 1706 4177 peccaverunt?
1749 4110 1884 4176 Quia
1914 4111 1964 4166 si
1982 4111 2097 4180 jam

511 4187 647 4257 justi
675 4201 852 4258 erant,
875 4193 1020 4249 aliud
1049 4200 1340 4265 quaerendo
1367 4201 1552 4270 utique
1577 4211 1962 4270 peccaverunt.
1987 4203 2094 4258 Sed

521 4277 596 4332 ita
637 4288 753 4346 est,
787 4282 991 4351 inquit,
1023 4302 1143 4355 ergo
1194 4285 1434 4344 Christus
1478 4292 1675 4360 peccati
1726 4293 1963 4347 minister
1997 4304 2092 4350 est.

519 4369 672 4436 Quod
701 4373 886 4442 utique
922 4391 1027 4430 non
1071 4388 1294 4446 possunt
1341 4381 1535 4442 dicere,
1570 4384 1692 4452 quia
1742 4393 1798 4438 et
1849 4385 1951 4454 ipsi
2005 4388 2097 4458 qui

518 4459 774 4550 nolebant
799 4465 902 4519 nisi
942 4466 1276 4526 circumcisis
1314 4473 1563 4543 gentibus
1594 4476 1808 4530 tradere
1855 4477 2099 4550 Evange-

517 4548 674 4617 lium,
707 4551 762 4606 in
789 4552 1063 4612 Christum
1088 4561 1450 4628 crediderant,
1479 4573 1534 4618 et
1583 4564 1703 4620 ideo
1749 4569 1892 4636 quod
1941 4548 2090 4635 dicit,

515 4638 678 4707 absit,
713 4658 817 4698 non
843 4647 1011 4712 solus,
1035 4650 1129 4704 sed
1154 4665 1276 4704 cum
1319 4653 1449 4722 ipsis
1486 4655 1634 4710 dicit.
1684 4656 1962 4714 Destruxit
1996 4675 2092 4714 au—

516 4739 629 4788 tem
654 4737 962 4805 superbiam
1004 4738 1323 4810 gloriantem
1372 4743 1438 4798 de
1480 4747 1734 4816 operibus
1787 4748 1942 4819 legis,
1970 4766 2090 4819 qua:

513 4827 718 4883 destrui
747 4837 804 4884 et
829 4829 1047 4887 deberet
1073 4842 1128 4888 et
1152 4845 1352 4905 posset,
1368 4853 1436 4893 ne
1459 4841 1636 4909 gratia
1665 4841 1787 4895 ﬁdei
1816 4843 2091 4899 videretur

514 4933 621 4972 non
649 4923 976 4990 necessaria,
1010 4925 1054 4980 si
1079 4941 1242 4997 opera
1273 4929 1428 4999 legis,
1454 4931 1620 4985 etiam
1659 4933 1773 4987 sine
1800 4933 1909 4999 illa,
1933 4933 2092 5004 justi-

514 5011 680 5068 ﬁcare
703 5018 1054 5072 crederentur
1081 5038 1093 5073 :
1125 5030 1178 5074 et
1198 5022 1318 5078 ideo
1352 5025 1733 5092 praevaricator
1757 5035 1860 5092 est,
1890 5027 1934 5080 si
1962 5042 2087 5081 rur-

512 5119 606 5159 sus
633 5104 722 5160 illa
745 5107 997 5175 aediﬁcat,
1022 5111 1228 5179 dicens,
1259 5114 1400 5184 quod
1428 5131 1591 5185 opera
1613 5117 1748 5188 legis
1775 5118 1940 5172 etiam
1971 5119 2088 5175 sine

512 5197 687 5266 gratia
712 5196 1040 5269 justiﬁcant,
1063 5211 1122 5258 ut
1155 5203 1400 5263 Christus
1429 5208 1637 5278 peccati
1664 5209 1912 5264 minister
1941 5209 2090 5266 inve-

511 5288 711 5342 niatur.

583 5403 837 5475 Nunquid
881 5406 1120 5464 Christus
1167 5413 1362 5480 peccati
1404 5414 1641 5468 minister
1665 5415 1782 5468 est?
1824 5415 1990 5470 Absit.
2023 5415 2082 5472 Si

508 5495 651 5551 enim
677 5507 863 5567 gentes
891 5499 997 5556 ﬁde
1021 5501 1132 5556 sola
1159 5521 1264 5559 non
1303 5506 1494 5573 salvat,
1538 5523 1638 5564 nec
1677 5523 1796 5575 nos,
1858 5509 1985 5579 quia
2014 5524 2082 5566 ex

507 5586 762 5654 operibus
805 5589 940 5661 legis
969 5606 1127 5646 nemo
1164 5592 1567 5661 justiﬁcabitur.
1619 5598 1762 5669 Ergo
1811 5599 1986 5656 adhuc
2029 5609 2085 5658 et

507 5691 608 5732 nos
631 5688 943 5749 peccatores
970 5697 1179 5749 sumus,
1203 5692 1258 5740 et
1289 5685 1537 5742 Christus
1581 5691 1788 5759 peccati
1830 5692 2084 5749 minister

511 5777 611 5836 est,
638 5780 907 5845 tanquam,
925 5788 1029 5830 non
1054 5773 1239 5832 valens
1262 5778 1506 5846 'peccata
1553 5778 1754 5835 donare
1786 5799 1798 5836 :
1834 5781 1973 5838 sicut
2024 5790 2082 5841 et

2194 573 2454 638 ostendit,
2484 586 2591 626 non
2622 569 2867 624 abstulit.

2265 664 2326 721 Si
2352 665 2490 720 enim
2509 680 2625 734 qua:
2656 662 2912 727 destruxi,
2941 661 3052 715 hac
3078 661 3268 715 iterum
3307 661 3541 729 aediﬁco,
3571 677 3778 731 prtem-

2191 757 2469 812 ricatorem
2494 771 2575 808 me
2599 753 2877 808 constituo.
2905 750 3044 819 Quid
3071 751 3238 822 ergo?
3265 749 3402 817 Quia
3435 750 3600 805 fidem
3627 748 3782 805 Chri-

2191 849 2260 905 sti
2287 845 2636 918 oppugnabas
2659 853 2843 911 antea,
2873 858 3036 912 quam
3063 857 3207 897 nunc
3230 841 3489 907 zediﬁcas,
3519 841 3784 913 prevari-

2191 945 2432 993 catorem
2455 944 2509 991 te
2538 931 2857 990 constituis?
2904 930 3012 987 Sed
3041 930 3189 986 illam
3218 945 3324 985 non
3349 929 3599 985 destruxi
3617 970 3632 993 ,
3659 930 3782 1000 quia

2193 1029 2398 1087 destrui
2419 1043 2527 1083 non
2551 1034 2749 1098 potest.
2785 1025 2937 1080 Hanc
2961 1032 3144 1078 autem
3170 1021 3480 1092 superbiam
3520 1035 3656 1075 vere
3693 1021 3784 1077 de-

2192 1129 2489 1185 struxerat,
2535 1126 2955 1186 constanterque
3010 1115 3356 1179 destruebat,
3403 1115 3531 1184 quia
3577 1114 3782 1168 destrui

2191 1219 2423 1285 poterat.
2471 1211 2539 1265 Et
2565 1211 2686 1265 ideo
2716 1225 2823 1264 non
2854 1208 2943 1263 ille
2968 1207 3356 1277 praevaricator
3388 1215 3496 1270 est,
3527 1205 3622 1276 qui
3669 1221 3784 1260 rem

2192 1319 2377 1360 veram
2404 1309 2694 1358 conaretur
2721 1301 3034 1364 destruere,
3070 1306 3127 1353 et
3180 1305 3536 1368 posteaquam
3588 1310 3779 1350 veram

2195 1409 2336 1459 esse,
2361 1408 2424 1449 ac
2445 1393 2650 1448 destrui
2687 1407 2792 1446 non
2817 1403 2978 1460 posse
3021 1395 3392 1458 cognosceret,
3417 1387 3598 1440 tenuit
3638 1402 3780 1452 eam,

2194 1492 2255 1538 ut
2279 1483 2334 1538 in
2374 1498 2436 1537 ea
2468 1481 2784 1536 aediﬁcetur.
2819 1480 2924 1535 Sed
2975 1479 3064 1534 ille
3109 1479 3499 1550 praevaricator
3547 1485 3654 1542 est,
3693 1479 3785 1548 qui

2195 1592 2318 1632 cum
2351 1573 2680 1630 destruxerit
2714 1587 2828 1626 rem
2883 1571 3107 1636 falsam,
3139 1571 3266 1640 quia
3320 1569 3526 1626 destrui
3582 1576 3782 1640 potest,

2195 1682 2318 1722 eam
2346 1682 2536 1722 rursus
2554 1664 2804 1721 azdiﬁcat.

2267 1756 2381 1827 Ego
2426 1755 2564 1810 enim
2604 1771 2694 1826 per
2723 1753 2885 1824 legem
2913 1751 3014 1823 legi
3043 1760 3281 1806 mortuus
3309 1767 3449 1817 sum,
3477 1761 3534 1805 ut
3559 1751 3673 1805 Deo
3714 1754 3786 1805 ei-

2198 1866 2335 1904 vam.
2368 1847 2638 1918 Mortuum
2663 1854 2846 1901 autem
2870 1860 2928 1900 se
2951 1844 3054 1916 legi
3093 1844 3244 1909 dicit,
3271 1851 3332 1897 ut
3364 1840 3480 1911 jam
3521 1843 3626 1898 sub
3671 1841 3785 1912 lege

2197 1956 2306 1996 non
2333 1948 2478 1996 esset
2504 1980 2519 2002 ,
2551 1938 2646 1994 sed
2677 1947 2856 1993 tamen
2908 1951 3006 2006 per
3041 1935 3238 2007 legem,
3263 1935 3376 1989 sive
3409 1934 3535 2004 quia
3568 1932 3786 1990 Iudaeus

2196 2040 2333 2100 erat,
2356 2040 2412 2088 et
2449 2039 2704 2101 tanquam
2736 2031 3081 2101 paedagogum
3111 2028 3286 2099 legem
3313 2035 3630 2098 acceperat,
3648 2028 3787 2082 sicut

2195 2133 2380 2196 postea
2407 2121 2736 2177 manifestat.
2755 2120 2868 2176 Hoc
2889 2129 3068 2175 autem
3090 2119 3268 2190 agitur
3287 2133 3386 2188 per
3406 2119 3783 2188 paedagogum,

2196 2224 2258 2270 ut
2282 2230 2389 2269 non
2417 2214 2487 2268 sit
2528 2212 2871 2268 necessarius
2896 2211 3250 2282 paedagogus,
3280 2209 3422 2263 sicut
3467 2224 3570 2279 per
3617 2209 3788 2262 ubera

2195 2305 2438 2360 nutritur
2467 2303 2668 2366 infans,
2698 2310 2759 2356 ut
2789 2299 2902 2369 jam
2945 2299 3208 2353 uberibus
3252 2312 3361 2352 non
3410 2296 3655 2368 indigeat
3689 2313 3704 2349 :
3733 2305 3789 2351 et

2196 2412 2294 2468 per
2318 2410 2509 2450 navem
2537 2392 2852 2464 pervcnitur
2879 2391 2946 2446 ad
2967 2389 3224 2459 patriam,
3245 2395 3306 2442 ut
3329 2385 3441 2457 jam
3465 2387 3629 2441 navis
3652 2401 3787 2456 opus

2197 2506 2306 2546 non
2333 2490 2424 2545 sit.
2467 2487 2595 2543 Sive
2621 2500 2719 2558 per
2755 2485 2928 2556 legem
2954 2480 3273 2554 spiritaliter
3299 2478 3635 2534 intellectam
3682 2478 3786 2550 legi

2197 2592 2446 2640 mortuus
2489 2589 2593 2646 est,
2622 2595 2691 2634 ne
2720 2579 2821 2634 sub
2854 2593 2918 2632 ea
2966 2574 3256 2631 carnaliter
3296 2572 3525 2638 viveret,
3577 2579 3644 2626 ut
3689 2587 3786 2642 per

2197 2677 2444 2733 eamdem
2497 2674 2673 2744 legem
2727 2671 3042 2742 spiritaliter
3098 2666 3426 2723 intellectam
3477 2672 3787 2720 moreretur

2199 2767 2504 2826 carnalibus
2529 2762 2999 2822 observationibus
3019 2759 3172 2831 legis.
3202 2759 3347 2812 Bene
3381 2763 3565 2810 autem
3595 2755 3788 2825 adjun-

2159 2875 2162 2877 ‘
2198 2862 2295 2933 git,
2319 2870 2375 2914 ut
2396 2859 2504 2914 Deo
2532 2858 2715 2913 vivam.
2746 2857 2858 2912 Deo
2883 2857 3082 2926 quippe
3102 2851 3259 2915 vivit,
3284 2848 3375 2920 qui
3405 2847 3508 2903 sub
3533 2847 3652 2903 Deo
3680 2854 3786 2912 est,

2197 2952 2304 3024 legi
2332 2958 2535 3014 autem,
2557 2950 2649 3020 qui
2675 2948 2775 3003 sub
2812 2947 2929 3018 lege
2965 2952 3067 3000 est.
3114 2943 3226 2998 Sub
3257 2940 3372 3012 lege
3403 2947 3589 2995 autem
3633 2938 3786 3004 vivit,

2199 3051 2457 3116 quantum
2483 3042 2711 3113 quisque
2733 3047 2986 3111 peccator
3015 3043 3121 3101 est,
3153 3034 3206 3090 id
3229 3042 3346 3099 est,
3381 3032 3436 3087 in
3461 3039 3731 3102 quantum
3753 3043 3786 3084 a

2197 3146 2381 3193 vetere
2411 3135 2629 3192 homine
2653 3149 2761 3190 non
2788 3140 2871 3187 est
2891 3138 3150 3185 mutatus.

2269 3227 2476 3283 Christo
2505 3225 2744 3294 conﬁxus
2789 3240 2906 3278 sum
2939 3221 3102 3276 cruci.
3145 3217 3281 3286 Quia
3309 3215 3555 3281 dixerat,
3581 3231 3645 3272 se
3687 3231 3787 3286 per

2191 3319 2366 3391 legem
2391 3317 2495 3388 legi
2519 3312 3092 3384 mortuum,quomodo
3115 3317 3361 3366 mortuus
3390 3307 3572 3372 fuerit,
3599 3317 3786 3362 osten-

2194 3412 2291 3467 dit.
2322 3409 2540 3465 Christo
2570 3407 2814 3462 conﬁxus
2843 3420 2964 3460 sum
2987 3403 3152 3470 cruci,
3179 3402 3232 3456 id
3256 3408 3358 3464 est,
3376 3399 3632 3454 omnibus
3661 3413 3788 3468 pec-

2194 3501 2330 3556 catis
2360 3508 2604 3555 mortuus
2638 3513 2778 3563 sum,
2799 3504 3019 3568 propter
3043 3510 3161 3564 qum
3185 3493 3270 3548 lex
3301 3491 3424 3547 data
3452 3499 3559 3555 est,
3581 3499 3642 3546 et
3666 3490 3788 3547 ideo

2195 3590 2282 3646 lex
2312 3591 2445 3645 mihi
2471 3591 2693 3646 minime
2719 3587 3026 3644 necessaria
3057 3594 3160 3641 est.

2273 3683 2399 3738 Vivo
2425 3693 2601 3738 autem
2611 3683 2732 3754 jam
2754 3697 2857 3736 non
2877 3697 2970 3752 ego
2997 3695 3016 3732 :
3047 3679 3167 3734 vivit
3192 3694 3313 3732 vero
3333 3677 3387 3730 in
3407 3692 3487 3730 me
3515 3676 3781 3731 Christus.

2194 3773 2314 3830 Non
2341 3775 2476 3829 vivit
2506 3774 2614 3840 ille,
2652 3773 2744 3843 qui
2775 3771 3044 3844 quondam
3090 3770 3307 3826 vivebat
3345 3769 3400 3824 in
3459 3768 3600 3840 lege,
3652 3771 3779 3838 quia

2193 3867 2616 3940 persequebatur
2638 3863 2956 3921 Ecclesiam.
2990 3863 3132 3918 Vivit
3152 3869 3334 3916 autem
3358 3862 3412 3916 in
3433 3858 3784 3927 eoCbristus,

2196 3961 2479 4032 sapientia,
2495 3958 2776 4022 fortitudo,
2802 3971 3001 4020 sermo,
3018 3970 3142 4024 pax,
3167 3953 3442 4026 gaudium,
3465 3960 3788 4022 czeterazque

2195 4051 2455 4114 virtutes;
2500 4064 2635 4120 quas
2662 4047 2755 4117 qui
2805 4062 2912 4100 non
2948 4043 3127 4109 habet,
3181 4059 3289 4098 non
3345 4050 3521 4113 poteSt
3562 4042 3786 4110 dicere;

2197 4143 2342 4199 Vivit
2368 4141 2420 4195 in
2449 4156 2535 4194 me
2581 4138 2848 4194 Christus.
2873 4135 3005 4203 Quis
3041 4151 3168 4206 ergo
3215 4136 3411 4189 audeat
3436 4133 3657 4188 Christo
3708 4133 3787 4186 le-

2198 4246 2318 4303 gem
2355 4231 2650 4300 imponere,
2695 4228 2785 4296 qui
2835 4227 2965 4281 vivit
2996 4227 3050 4281 in
3087 4224 3291 4280 Paulo?
3347 4223 3466 4279 Non
3506 4223 3646 4277 enim
3671 4238 3778 4274 au-

2200 4323 2289 4376 det
2316 4320 2436 4388 quis
2487 4319 2666 4372 dicere
2726 4316 3004 4372 Christum
3052 4332 3160 4371 non
3213 4324 3360 4371 recte
3386 4316 3587 4381 vivere,
3635 4321 3699 4366 ut
3728 4312 3783 4367 ei

2200 4409 2497 4464 coercendo
2535 4408 2621 4462 lex
2675 4406 3000 4478 imponenda
3047 4407 3136 4462 sit.
3190 4405 3304 4462 Hoc
3366 4416 3547 4460 autem
3603 4413 3781 4460 totum

2200 4500 2302 4555 sub
2349 4515 2446 4554 sua
2497 4512 2727 4568 persona
2772 4497 3060 4552 adversum
3095 4495 3316 4550 Petrum
3359 4495 3422 4550 de
3472 4494 3637 4550 Petro
3667 4495 3780 4549 dis-

2197 4599 2372 4663 putat.

2269 4681 2422 4746 Quod
2442 4691 2618 4736 autem
2642 4697 2778 4735 nunc
2798 4682 2906 4736 vivo
2926 4682 2981 4734 in
3015 4697 3191 4746 carne,
3225 4681 3281 4734 in
3297 4680 3420 4750 ﬁde,
3436 4681 3626 4750 inquit,
3677 4679 3786 4733 rivo

2195 4773 2294 4843 ﬁlii
2310 4773 2426 4826 Dei.
2446 4771 2606 4826 Aliud
2625 4780 2708 4826 est
2738 4772 2793 4826 in
2812 4787 2976 4827 carne
3001 4787 3139 4837 esse,
3157 4771 3300 4826 aliud
3317 4771 3371 4825 in
3392 4785 3555 4824 carne
3577 4771 3779 4824 vivere.

2203 4864 2309 4929 Qui
2356 4865 2494 4918 enim
2518 4863 2574 4918 in
2612 4881 2768 4917 carne
2817 4872 2956 4929 sunt,
3003 4863 3113 4917 Deo
3157 4863 3362 4933 placere
3413 4879 3516 4916 non
3563 4872 3785 4933 possunt
3833 4929 3842 4934 _

2198 4955 2371 5028 (Rom.
2397 4955 2697 5028 vm).Unde
2716 4955 2782 5009 ad
2810 4957 2947 5012 bene
2975 4957 3218 5011 viventes
3253 4956 3452 5012 dicitur
3477 4975 3490 5010 :
3530 4954 3637 5010 Vos
3677 4957 3781 5026 igi-

2199 5057 2285 5099 tur
2308 5047 2364 5100 in
2395 5063 2552 5101 carne
2576 5063 2679 5101 non
2700 5048 2844 5112 estis,
2875 5046 2964 5101 sed
2982 5048 3036 5100 in
3059 5047 3268 5117 spiritu.
3302 5046 3458 5114 Quod
3493 5062 3628 5102 vero
3657 5046 3786 5102 sub-

2199 5139 2354 5204 didit,
2395 5139 2450 5191 in
2471 5137 2575 5207 [ide
2605 5138 2712 5193 vivo
2737 5137 2837 5207 ﬁlii
2864 5138 2986 5204 Dei,
3045 5138 3121 5193 ita
3149 5139 3557 5208 intelligendum
3583 5147 3685 5203 est,
3722 5148 3786 5195 ut

2199 5232 2362 5288 etiam
2386 5233 2463 5287 sic
2491 5230 2739 5286 Christus
2778 5231 2928 5285 vivat
2951 5231 3004 5285 in
3049 5231 3324 5297 credente,
3375 5230 3672 5286 habitando
3721 5231 3780 5286 in

2200 5325 2460 5381 interiore
2488 5326 2706 5381 homine
2731 5340 2828 5396 per
2861 5325 3044 5390 ﬁdem,
3099 5333 3160 5381 ut
3203 5335 3392 5396 postea
3417 5343 3516 5397 per
3543 5327 3783 5398 speciem

2199 5417 2418 5489 impleat
2447 5433 2592 5483 eum,
2625 5433 2747 5473 cum
2768 5418 3084 5487 absorptum
3119 5416 3283 5473 fuerit
3312 5419 3542 5473 mortale
3567 5435 3598 5472 a
3626 5421 3779 5474 vita:

2191 5512 2447 5582 quoniam
2476 5509 2656 5563 futura
2679 5509 2791 5563 vita
2836 5510 3098 5580 promissa
3125 5518 3207 5564 est
3237 5509 3588 5566 Christianis.
3631 5510 3786 5566 ideo-

2189 5618 2295 5674 que
2335 5599 2426 5670 qui
2456 5615 2600 5655 nunc
2655 5601 2711 5654 in
2746 5601 2848 5655 hac
2895 5601 3006 5654 vita
3053 5601 3253 5655 auxilio
3291 5601 3385 5656 Dei
3426 5603 3669 5656 munitus
3710 5603 3788 5656 vi-

2189 5693 2283 5759 vit,
2316 5693 2372 5746 in
2419 5691 2524 5747 ﬁde
2562 5692 2685 5746 vitae
2709 5692 2988 5761 promissa:
3034 5692 3186 5748 vivit.
3229 5692 3328 5748 llic
3365 5693 3511 5747 enim
3551 5693 3608 5746 in
3645 5694 3783 5746 ima-

2170 5787 2370 5852 ginem
2435 5784 2580 5842 illius
2623 5785 3040 5847 contemplatur,
3093 5787 3250 5842 quasi
3311 5786 3508 5851 pignus
3571 5786 3783 5843 habens
