4056 6350
277 396 386 457 865
482 441 508 450 -

1210 391 1466 450 ENARR.
1507 389 1577 451 IN
1611 389 1830 449 EPIST.
1873 388 1936 447 D.
1977 387 2185 449 PAULI
2223 389 2314 446 AD
2351 389 2601 450 GALAT.

3426 386 3533 444 866

274 511 406 566 vitae
423 509 639 565 futurae.
661 502 736 566 Ut
753 514 937 564 autem
965 505 1297 574 ostenderet,
1346 507 1492 578 quod
1515 506 1649 562 vivit
1673 506 1733 560 in
1765 505 1856 560 illo
1883 507 1936 567 Α
1959 503 2216 574 parvulae,
2269 511 2324 558 et
2351 502 2439 558 bis
2489 501 2583 572 qui
2623 499 2852 557 necdum
2901 499 3057 556 firmo
3108 497 3337 571 vestigio
3364 497 3534 571 ﬁgant

276 601 546 666 Christus,
599 608 655 657 et
699 599 845 670 quod
886 599 942 654 in
990 612 1154 654 carne
1199 599 1406 665 vivens,
1471 598 1526 653 in
1575 597 1680 652 fide
1725 596 1860 650 vivit

274 692 402 748 Filii
457 691 589 759 Dei,
645 706 754 746 non
801 689 982 746 meriti
1027 690 1109 745 sui
1139 704 1280 757 esse,
1338 689 1433 744 sed
1474 704 1572 760 per
1627 689 1858 758 gratiam

275 785 407 849 Dei,
454 798 575 854 quae
621 780 824 838 Christi
885 797 1073 838 amore
1117 783 1274 838 nobis
1315 781 1540 852 quaesita
1585 788 1707 849 est,
1759 781 1857 836 ad-

275 876 413 931 didit
440 894 452 928 :

350 966 454 1032 Qui
478 964 662 1021 dilexit
682 980 766 1020 me
793 973 844 1020 et
873 964 1097 1020 tradidit
1117 964 1344 1037 seipsum
1366 982 1461 1037 pro
1483 981 1586 1020 me.
1620 965 1727 1019 Pro
1751 978 1859 1035 quo

272 1057 483 1126 utique,
538 1056 644 1110 nisi
688 1071 788 1126 pro
833 1061 1142 1124 peccatore,
1198 1065 1260 1111 ut
1315 1071 1441 1111 eum
1492 1053 1858 1125 justifiearet?

271 1147 344 1202 Et
383 1148 515 1202 dicit
544 1147 646 1203 hoc
675 1147 768 1217 qui
788 1145 1004 1202 Judaens
1024 1157 1203 1213 natus,
1233 1163 1289 1203 et
1323 1149 1586 1204 educatus
1634 1155 1774 1213 erat,
1804 1155 1860 1202 et

269 1241 640 1296 abundantius
662 1239 945 1296 aemulator
957 1240 1246 1296 exstiterat
1266 1249 1613 1311 paternarum
1634 1256 1856 1296 suarum

270 1333 644 1388 traditionum.
685 1331 828 1403 Ergo
857 1332 958 1387 etsi
988 1347 1090 1402 pro
1137 1331 1335 1388 talibus
1360 1348 1419 1388 se
1446 1332 1669 1387 tradidit
1701 1330 1856 1386 Chri-

267 1434 388 1481 stus
413 1425 580 1480 etiam
607 1425 708 1496 ipsi
761 1431 1078 1494 peccatores
1118 1431 1296 1480 erant.
1339 1423 1458 1480 Non
1483 1438 1612 1493 ergo
1645 1420 1855 1477 meritis

257 1516 489 1589 iustitiae
532 1534 643 1574 sua:
687 1517 874 1573 datum
919 1518 1116 1585 dicam,
1173 1518 1265 1588 qui
1291 1532 1399 1572 non
1423 1532 1562 1587 opus
1583 1523 1705 1571 erat
1733 1514 1853 1570 dari

257 1607 442 1678 justis.
493 1609 620 1665 Non
649 1611 786 1665 enim
838 1611 953 1666 veni
992 1626 1175 1666 vocare
1209 1610 1405 1682 justas,
1453 1609 1530 1665 ait
1568 1608 1850 1676 Dominus,

262 1701 357 1754 sed
400 1709 695 1771 peccatores
735 1699 952 1774 (Matth.
985 1700 1086 1773 Ix).
1137 1701 1219 1755 Ad
1245 1702 1349 1757 hoc
1392 1701 1581 1772 utique
1630 1715 1698 1756 ne
1745 1700 1854 1756 sint

261 1799 600 1861 peccatores.
644 1791 729 1847 Ad
765 1791 1039 1848 Romanos
1086 1791 1378 1862 Apostolus
1431 1791 1498 1846 de
1536 1791 1648 1846 Deo
1676 1790 1854 1860 loqui-

1956 598 2202 669 gradum.
2237 597 2392 653 Unde
2413 605 2469 652 et
2497 596 2717 667 quidam
2737 595 2804 650 de
2829 593 3119 666 gentilibus
3145 612 3161 650 :

2080 697 2258 749 Nescio
2278 701 2388 760 quis
2411 705 2613 750 teneros
2631 699 2804 748 oculus
2827 698 2948 748 mihi
2972 697 3179 748 fascinat
3203 709 3374 759 agnos.

2027 779 2142 835 Hoc
2179 791 2470 851 utrumque
2518 797 2705 837 verum
2755 782 2845 845 sit,
2909 795 3101 846 necne,
3162 779 3313 833 novit
3365 778 3530 844 Deus,

1955 872 2154 928 viderit
2193 873 2360 929 lector
2398 892 2411 928 :
2447 874 2578 944 quia
2626 882 2804 944 potest
2852 873 2992 940 fieri,
3047 881 3110 927 ut
3153 881 3210 928 et
3260 872 3533 927 daemones

1956 964 2086 1020 huic
2118 973 2342 1035 peccato
2393 967 2651 1032 serviant,
2683 975 2737 1021 et
2789 978 3139 1036 quoscunque
3169 965 3224 1018 in
3254 963 3350 1018 Dei
3372 977 3536 1033 opere

1955 1055 2041 1110 vel
2092 1057 2342 1127 coepisse,
2378 1057 2463 1112 vel
2503 1057 2798 1128 profecisse
2851 1057 3222 1128 cognoverint,
3255 1071 3349 1110 eos
3380 1070 3409 1108 a
3439 1054 3537 1109 bov

1955 1147 2042 1204 nis
2065 1149 2316 1218 Operibus
2341 1157 2606 1203 avertant.
2635 1148 2790 1204 Nunc
2819 1149 2951 1204 illud
2973 1149 3026 1202 in
3057 1163 3221 1203 causa
3254 1156 3358 1211 est,
3389 1145 3534 1215 quod

1955 1258 2023 1298 ex
2047 1243 2298 1313 opinione
2330 1242 2473 1314 vulgi
2529 1252 2803 1314 sumptum
2841 1251 3095 1314 putamus
3117 1241 3444 1311 exemplum,
3478 1249 3538 1294 ut

1955 1337 2224 1404 quomodo
2279 1343 2466 1391 tenera
2516 1345 2647 1391 aetas
2685 1351 2882 1392 nocere
2931 1337 3132 1391 dicitur
3178 1335 3386 1390 fascino
3414 1352 3426 1387 :
3458 1332 3539 1387 sic

1953 1426 2119 1481 etiam
2173 1425 2375 1480 Galatae
2413 1426 2468 1480 in
2521 1426 2722 1481 Christi
2751 1426 2856 1482 fide
2886 1441 3056 1497 nuper
3094 1426 3206 1481 nati
3233 1434 3288 1480 et
3339 1423 3536 1479 nutriti

1954 1515 2116 1584 lacte,
2169 1527 2222 1574 et
2249 1534 2356 1573 non
2397 1517 2568 1573 solido
2619 1519 2761 1585 cibo,
2809 1516 2976 1574 veluti
3014 1518 3245 1588 quodam
3288 1514 3540 1571 fascinati

1953 1608 2064 1663 sint
2095 1609 2291 1674 toxico,
2332 1618 2385 1663 et
2411 1625 2519 1664 non
2543 1611 2821 1664 stomacho
2853 1624 2880 1663 a
2929 1609 3033 1664 fide
3060 1616 3380 1674 nauseante,
3414 1605 3539 1678 Spi-

1953 1696 2090 1750 ritus
2119 1698 2291 1752 sancti
2315 1697 2494 1753 cibum
2524 1699 2884 1754 evomuerint.
2917 1699 3209 1754 Irascentis
3236 1699 3382 1754 enim
3413 1712 3538 1751 cum

1952 1789 2215 1844 miraculo
2272 1791 2439 1845 verba
2479 1799 2649 1846 sunt:
2683 1792 2810 1862 quia
2853 1792 2932 1846 sic
2974 1791 3194 1846 fuerunt
3235 1790 3534 1860 depravati,

265 1891 377 1948 tur,
437 1883 578 1954 quod
604 1884 825 1954 proprio
869 1882 1013 1939 Filio
1051 1900 1150 1939 suo
1199 1902 1303 1939 non
1333 1883 1580 1955 pepercit,
1639 1883 1730 1937 sed
1756 1899 1851 1954 pro
1880 1877 1928 1936 B
1955 1889 2015 1935 ut
2057 1896 2156 1936 nec
2185 1896 2244 1936 se
2281 1891 2638 1952 agnoscerent
2688 1883 3103 1939 circumventos.
3161 1882 3348 1938 Omnis
3392 1883 3537 1936 enim

262 1973 414 2027 nobis
442 1974 680 2028 omnibus
705 1991 824 2028 cum
851 1974 1129 2029 tradiderit
1169 1974 1348 2048 (Rom.
1378 1974 1522 2047 vm).
1576 1973 1695 2029 Non
1715 1988 1848 2029 vero

262 2061 362 2129 ait,
407 2063 550 2133 quod
573 2065 766 2135 seipse
788 2064 1078 2120 tradiderit
1128 2065 1398 2132 Christus,
1431 2066 1528 2122 sed
1561 2072 1718 2136 pater
1739 2074 1851 2119 tra-

265 2153 431 2220 didit,
473 2162 535 2209 ut
574 2154 810 2212 salvaret
857 2157 1132 2228 perditum
1177 2157 1740 2214 mundumzChristus
1778 2172 1860 2213 se-

259 2244 447 2316 ipsum
481 2246 729 2313 tradidit,
765 2255 826 2302 ut
855 2245 1036 2304 Patris
1065 2264 1329 2319 suamque
1359 2248 1562 2304 faceret
1608 2248 1855 2304 volunta-

260 2347 393 2396 tem.
426 2337 592 2396 ludas
622 2348 822 2406 autem,
851 2348 906 2395 et
926 2342 1260 2409 sacerdotes,
1285 2350 1342 2398 et
1379 2343 1621 2398 seniores
1643 2341 1851 2413 populi,

257 2441 315 2489 et
354 2433 557 2490 Pilatus
596 2435 765 2490 vitam
829 2435 993 2491 morti
1038 2436 1207 2492 nescii
1252 2435 1611 2492 tradiderunt.
1664 2434 1853 2505 Itaque

257 2539 386 2581 cum
440 2526 554 2596 ipse
594 2541 811 2597 quoque
839 2543 938 2598 pro
964 2537 1152 2583 nostra
1178 2527 1352 2584 salute
1377 2527 1682 2594 tradiderit,
1707 2527 1840 2582 bea-

256 2625 349 2672 tus
395 2617 731 2688 multumque
765 2617 896 2674 felix
938 2620 1064 2685 erit,
1117 2619 1209 2690 qui
1258 2619 1472 2675 vivente
1520 2619 1575 2674 in
1607 2634 1665 2674 se
1696 2617 1854 2674 Chri-

257 2715 362 2772 sto,
401 2723 500 2778 per
528 2708 766 2780 singulas
792 2711 1153 2782 cogitationes
1174 2719 1230 2766 et
1250 2725 1416 2782 opera
1437 2718 1618 2781 potest
1642 2711 1847 2778 dicere,

256 2797 316 2852 in
348 2796 452 2853 ﬁde
488 2798 614 2854 vivo
653 2799 774 2855 Filii
827 2800 944 2867 Dei,
995 2801 1088 2872 qui
1113 2801 1306 2858 dilexit
1368 2816 1477 2868 me,
1544 2810 1602 2858 et
1627 2802 1852 2858 tradidit

256 2891 498 2961 seipsum
553 2907 654 2963 pro
702 2907 810 2949 me.

337 2983 461 3038 Non
497 2983 691 3055 abjicio
711 2987 938 3056 gratiam
963 2986 1078 3042 Dei.
1114 2987 1186 3044 Ut
1208 2987 1384 3044 dicam
1403 3004 1504 3060 per
1522 2988 1700 3061 legem
1726 3001 1850 3045 esse

250 3075 542 3146 justitiam.
587 3077 681 3134 llle
707 3087 888 3134 autem
930 3079 1116 3148 abjicit
1146 3081 1380 3151 gratiam
1419 3081 1538 3148 Dei,
1597 3083 1688 3151 qui
1719 3088 1847 3150 post

255 3167 611 3239 Evangelium
631 3168 764 3224 vivit
790 3169 846 3224 in
872 3169 1010 3241 lege,
1041 3179 1097 3226 et
1113 3180 1237 3242 post
1253 3172 1581 3244 baptismum
1602 3171 1850 3227 sordida-

254 3269 350 3315 tur
372 3319 381 3331 ,
391 3260 649 3330 peccatis.

333 3351 396 3408 Si
429 3353 567 3406 enim
605 3369 698 3424 per
741 3352 906 3425 legem
944 3354 1180 3424 justitia,
1227 3371 1350 3427 ergo
1391 3356 1632 3410 Christus
1683 3356 1848 3425 gratis

253 3456 497 3503 mortuus
518 3458 613 3503 est.
660 3447 718 3504 ld
738 3457 840 3514 est,
869 3450 987 3506 sine
1015 3465 1183 3506 causa
1220 3459 1470 3507 mortuus
1499 3458 1602 3519 est,
1634 3450 1850 3520 quando

253 3554 357 3612 per
408 3540 599 3612 legem,
633 3541 688 3596 id
737 3549 842 3608 est,
894 3556 992 3612 per
1040 3557 1205 3614 opera
1237 3543 1394 3614 legis,
1445 3542 1643 3613 quibus
1677 3538 1848 3596 Judaei

252 3631 622 3700 conﬁdebant,
665 3641 852 3702 posset
888 3648 1010 3689 esse
1038 3632 1251 3703 justitia
1274 3633 1330 3689 in
1356 3633 1687 3690 hominibus.
1715 3632 1851 3689 Gra-

251 3723 326 3780 ti:
369 3733 550 3779 autem
589 3732 768 3779 mortu
787 3740 876 3779 um
906 3724 1183 3781 Christum
1235 3741 1337 3781 nec
1366 3725 1442 3780 illi
1471 3725 1678 3791 dicunt,
1704 3740 1850 3796 quos

253 3815 478 3883 refellit,
538 3816 795 3887 quoniam
837 3815 1177 3873 Christianos
1228 3833 1286 3874 se
1323 3817 1580 3874 volebant
1631 3816 1842 3872 haberi.

252 3904 376 3961 Non
405 3921 534 3978 ergo
572 3915 721 3963 recte
760 3923 860 3978 per
884 3907 977 3962 illa
1010 3907 1144 3979 legis
1177 3922 1343 3978 opera
1388 3907 1730 3963 Christianos
1756 3907 1844 3978 ju-

252 3993 486 4052 stificari
513 3993 833 4052 suadebant.
885 3996 1092 4052 Idcirco
1143 3996 1288 4052 enim
1326 3995 1576 4052 Christus
1602 4003 1850 4052 mortuus

251 4095 364 4153 est,
408 4095 468 4142 ut
513 4102 577 4143 ea
610 4095 898 4158 praestaret
955 4102 1076 4157 quae
1102 4086 1189 4142 lex
1230 4102 1336 4142 non
1383 4095 1599 4157 poterat
1624 4101 1638 4140 :
1668 4102 1732 4141 ac
1755 4101 1852 4156 per

252 4181 364 4237 hoc
411 4195 519 4236 non
561 4182 729 4252 gratis
776 4188 1022 4236 mortuus
1064 4187 1166 4235 est.
1215 4178 1360 4234 Mors
1406 4179 1552 4234 enim
1592 4177 1708 4247 ejus
1749 4178 1843 4249 ju-

253 4271 514 4329 stificatio
575 4281 924 4343 peccatorum
988 4279 1090 4328 est.
1154 4270 1444 4343 Hucusque
1499 4279 1695 4328 contra
1746 4271 1850 4326 Pe-

253 4373 406 4421 trum
448 4386 460 4422 :
497 4381 640 4423 nunc
688 4365 757 4421 ad
804 4363 1023 4422 Galatas
1069 4364 1364 4421 revertitur
1387 4405 1402 4433 ,
1447 4365 1646 4436 quibus
1698 4373 1851 4420 recte

255 4457 394 4514 dicit

798 4551 867 4607 IN
902 4549 1134 4608 CAPUT
1174 4549 1240 4606 111
1269 4567 1282 4604 :

1954 1971 2046 2041 qui
2069 1970 2388 2037 fascinatur,
2416 1974 2612 2027 transit
2643 1990 2672 2027 a
2699 1973 2840 2028 bono
2867 1973 2935 2027 ad
2961 1974 3160 2028 malum
3191 1988 3206 2026 :
3233 1973 3374 2028 sicut
3402 1981 3456 2027 et
3481 1973 3538 2027 hi

1952 2059 2020 2116 de
2049 2059 2300 2117 libertate
2326 2071 2383 2118 et
2405 2065 2698 2119 securitate
2723 2063 2790 2118 ad
2819 2065 3180 2130 servitium_et
3218 2063 3539 2120 sollicitudi-

1953 2151 2079 2210 nem
2120 2156 2474 2211 transierunt.

2023 2246 2157 2302 Ante
2184 2265 2409 2319 quorum
2443 2247 2622 2303 oculos
2649 2247 2808 2304 Iesus
2839 2249 3078 2304 Christus
3100 2250 3421 2321 proscriptus
3441 2257 3541 2315 est,

1952 2343 2001 2390 et
2039 2337 2095 2391 in
2135 2338 2275 2392 vobis
2314 2340 2620 2409 cruciﬁxus.
2680 2338 2847 2396 Nobis
2907 2340 3052 2395 enim
3098 2346 3246 2394 recte
3296 2339 3539 2408 proscri-

1951 2436 2076 2499 ptus
2117 2438 2205 2484 est
2227 2430 2473 2486 Christus
2493 2432 2559 2487 de
2579 2429 2731 2498 cuius
2775 2431 3016 2502 patibulo
3044 2441 3098 2487 et
3120 2433 3396 2502 passione,
3428 2431 3540 2486 ala-

1951 2519 2036 2592 pis
2080 2529 2137 2575 et
2155 2520 2379 2592 ﬂagellis
2408 2523 2586 2578 omnis
2611 2525 3002 2594 prophetarum
3039 2525 3287 2594 praedicit
3316 2525 3541 2592 chorus,

1950 2620 2014 2668 ut
2038 2627 2256 2668 crucem
2285 2613 2452 2683 ipsius
2479 2629 2584 2668 non
2627 2615 2694 2668 de
2719 2609 3012 2685 Eva‘ngelio
3047 2622 3277 2681 tantum,
3331 2614 3383 2669 in
3429 2630 3537 2685 quo

1952 2703 2246 2759 cruciﬁxus
2270 2705 2528 2772 refertur,
2574 2705 2670 2760 sed
2696 2705 2866 2760 multo
2892 2715 3184 2776 antequam
3213 2706 3541 2762 descendere

1953 2796 2270 2866 dignaretur
2311 2797 2378 2850 ad
2408 2805 2605 2862 terras,
2671 2805 2726 2852 et
2752 2796 3054 2863 hominem,
3106 2797 3199 2867 qui
3230 2805 3313 2851 est
3362 2796 3539 2852 cruci-

1951 2887 2113 2956 ﬁxus,
2145 2898 2467 2957 assumeret,
2522 2891 2853 2946 noverimus.
2898 2890 3008 2946 Nec
3036 2906 3204 2961 parva
3233 2891 3350 2945 laus
3377 2888 3539 2945 Gala-

1951 2988 2131 3036 tarum
2177 2991 2280 3048 est,
2357 2983 2502 3052 quod
2559 2983 2635 3037 ita
2692 2983 3022 3039 crediderint
3077 2984 3129 3036 in
3197 2983 3539 3048 crucifixum,

1951 3081 2012 3127 ut
2058 3072 2139 3128 eis
2186 3072 2351 3128 fuerit
2398 3081 2524 3128 ante
2571 3075 2946 3144 proscriptus,
2995 3073 3140 3143 quod
3197 3072 3408 3128 scilicet
3463 3073 3543 3128 le-

1951 3165 2205 3219 ctitantes
2253 3166 2571 3236 prophetas,
2615 3174 2673 3220 et
2702 3166 2882 3220 omnia
2921 3165 3122 3220 veteris
3174 3163 3310 3236 legis
3357 3180 3541 3220 sacra—

1877 3252 1921 3316 C
1951 3264 2132 3312 menta
2178 3264 2486 3324 noscentes,
2542 3257 2629 3312 via
2676 3263 2732 3311 et
2773 3257 2962 3313 ordine
3012 3257 3263 3312 venerint
3304 3257 3373 3312 ad
3421 3272 3542 3314 cre-

1953 3349 2208 3405 dendum.

2023 3439 2141 3494 Hoc
2163 3439 2336 3494 solum
2378 3438 2545 3495 voloa
2584 3440 2726 3494 vobis
2764 3439 2984 3506 discere,
3039 3457 3103 3495 ea:
3145 3441 3383 3512 operibus
3407 3439 3533 3512 legis

1950 3535 2193 3608 spiritum
2246 3535 2538 3605 accepistis,
2567 3553 2636 3589 an
2657 3551 2721 3589 ea:
2745 3533 2932 3588 auditu
2951 3533 3078 3603 ﬁdei
3093 3534 3118 3588 ?
3147 3533 3530 3604 Respondetur

1950 3627 2157 3698 utique,
2215 3642 2280 3682 ex
2327 3627 2516 3682 auditu
2548 3625 2694 3682 fidei.
2737 3624 2823 3680 Ab
2854 3625 3114 3696 Apostolo
3159 3627 3305 3682 enim
3345 3625 3542 3696 praedi-

1951 3727 2073 3776 cata
2124 3729 2208 3776 est
2253 3721 2332 3776 eis
2361 3719 2533 3776 ﬁdes:
2565 3719 2622 3774 in
2651 3734 2756 3789 qua
2793 3719 3181 3789 praedicatione
3212 3719 3398 3788 utique
3441 3718 3538 3774 ad-

1948 3822 2192 3879 ventum,
2245 3821 2300 3868 et
2332 3811 2674 3882 praesentiam
2729 3810 2903 3865 sancti
2956 3809 3188 3879 Spiritus
3221 3817 3529 3865 senserant.

1951 3903 2106 3960 Sicut
2153 3904 2244 3958 illo
2270 3912 2512 3972 tempore
2542 3903 2595 3956 in
2622 3900 2865 3955 novitate
2899 3900 3234 3955 invitationis
3265 3901 3333 3955 ad
3371 3900 3534 3957 fidem

1950 3996 2115 4052 etiam
2145 3994 2490 4050 sensibilibus
2545 3991 2824 4047 miraculis
2858 3990 3144 4062 prsesentia
3185 3990 3359 4046 sancti
3410 3990 3536 4062 Spi-

1949 4078 2090 4142 ritus
2119 4085 2436 4156 apparebat,
2469 4083 2611 4139 sicut
2640 4083 2694 4137 in
2723 4082 2952 4138 Actibus
2976 4082 3360 4152 Apostolorum
3402 4083 3537 4154 legi-

1951 4185 2059 4233 tur.
2110 4175 2224 4233 Hoc
2277 4184 2459 4232 autem
2496 4174 2701 4231 factum
2753 4184 2874 4230 erat
2915 4174 3057 4246 apud
3099 4173 3339 4242 Galatas,
3385 4183 3539 4230 ante-

1951 4283 2112 4340 quam
2161 4268 2251 4323 isti
2281 4267 2348 4322 ad
2394 4283 2489 4323 eos
2523 4267 2910 4338 pervertendos
2965 4275 3021 4322 et
3064 4267 3534 4323 circumcidendos

1949 4361 2248 4417 venissent.
2291 4359 2398 4414 Iste
2445 4374 2575 4430 ergo
2622 4372 2814 4415 sensus
2865 4367 2950 4415 est
2982 4377 2993 4412 :
3021 4357 3076 4415 Si
3125 4359 3180 4413 in
3224 4359 3328 4413 illis
3357 4344 3533 4428 operi-

1950 4452 2052 4507 bus
2106 4449 2242 4520 legis
2291 4458 2434 4505 esset
2490 4448 2637 4505 salus
2681 4458 2884 4516 vestra,
2933 4465 3042 4505 non
3094 4451 3243 4506 vobis
3298 4450 3535 4520 Spiritus

1957 4550 2209 4608 sanctus,
2242 4541 2346 4597 nisi
2372 4541 2711 4597 circumcisis
2737 4543 2975 4598 daretur.
3013 4543 3216 4599 Deinde
3248 4543 3427 4598 intulit
3462 4557 3476 4597 :

331 4645 378 4702 0
419 4645 673 4701 insensati
713 4642 941 4709 Galataz,
963 4643 1079 4715 quis
1101 4659 1188 4696 vos
1209 4640 1487 4712 fascinavit
1511 4657 1616 4694 non
1638 4619 1925 4695 obedireD
2024 4634 2115 4690 Sic
2172 4633 2320 4688 stulti
2370 4635 2516 4700 estis,
2563 4644 2620 4689 ut
2665 4652 2784 4689 cum
2847 4636 3038 4707 spiritu
3081 4636 3356 4707 caeperitis,
3398 4653 3536 4690 nunc

253 4739 507 4798 veritati?
563 4736 862 4808 Dupliciter
914 4735 1006 4791 hic
1045 4733 1195 4789 locus
1245 4731 1470 4802 intelligi
1512 4739 1730 4803 potest:
1759 4732 1845 4787 vel

253 4835 380 4892 ideo
426 4834 731 4888 insensatos
779 4827 998 4884 Galatas
1042 4827 1358 4898 appellatos,
1396 4841 1426 4880 a
1454 4826 1752 4897 majoribus
1777 4825 1847 4880 ad

253 4927 466 4983 minora
499 4925 803 4989 venientes,
831 4920 977 4993 quod
1003 4921 1342 4992 incoeperant
1371 4917 1590 4990 spiritu,
1609 4924 1662 4973 et
1683 4931 1847 4972 carne

255 5019 815 5083 consummabantur;
855 5015 942 5071 vel
980 5015 1049 5070 ob
1073 5015 1149 5081 id,
1177 5012 1323 5084 quod
1349 5025 1684 5082 unaquaeque
1715 5023 1846 5079 pro—

252 5112 436 5167 vincia
496 5127 623 5167 suas
677 5109 876 5166 habeat
919 5108 1312 5180 proprietates,
1376 5104 1462 5160 vel
1509 5117 1847 5173 unaquaeque

256 5217 394 5274 gens
414 5200 502 5256 vel
523 5202 747 5267 bonum,
786 5199 874 5254 vel
916 5199 1119 5254 malum
1151 5199 1352 5252 habere
1373 5203 1667 5259 asseratur,
1711 5193 1853 5262 quod

255 5296 366 5351 alia
421 5310 530 5350 non
569 5295 754 5350 habet.
805 5293 913 5349 Nos
953 5293 1086 5346 istas
1142 5288 1456 5345 altitudines
1485 5286 1848 5352 declinantes,

256 5387 544 5456 superiora
585 5385 915 5442 sectahimur
943 5400 956 5437 :
986 5389 1079 5437 aut
1123 5379 1365 5435 stultitiae
1423 5391 1518 5432 eos
1567 5374 1720 5445 argui
1781 5374 1859 5428 di-

256 5488 470 5548 centes,
517 5497 618 5551 per
654 5495 818 5551 quam
863 5476 1114 5548 spiritum
1154 5473 1310 5544 legis,
1369 5478 1424 5526 et
1451 5470 1691 5526 litteram
1713 5465 1852 5537 diju-

257 5572 446 5628 dicare
475 5587 582 5626 non
610 5571 821 5642 possint
853 5588 866 5624 :
903 5576 996 5624 aut
1022 5566 1154 5621 vitio
1191 5564 1368 5637 gentis
1415 5561 1636 5632 corripi,
1703 5557 1848 5629 quod

257 5661 524 5718 indociles
553 5663 661 5718 sint
687 5670 743 5717 et
767 5660 1044 5726 vecordes,
1077 5665 1130 5711 et
1173 5656 1239 5710 ad
1267 5653 1592 5726 sapientiam
1640 5651 1849 5707 tardio-

257 5770 370 5812 res.
415 5757 570 5824 ρυοά
599 5763 779 5810 autem
801 5754 1066 5824 sequitur,
1116 5749 1246 5818 Quis
1274 5765 1363 5804 vos
1412 5745 1738 5818 fascinavit?
1771 5745 1853 5799 di-

259 5847 407 5933 citur
445 5847 683 5905 fascinus
729 5846 946 5919 proprie
995 5843 1292 5902 infantibus
1340 5856 1562 5908 nocere,
1597 5846 1654 5894 et
1704 5836 1851 5892 aetati

1952 4745 2112 4784 carne
2152 4728 2640 4782 consummamini?
2693 4727 2807 4784 Hoc
2867 4736 2968 4793 est,
3031 4717 3176 4798 quod
3203 4727 3450 4797 superius
3479 4728 3537 4783 in

1951 4820 2175 4876 exordio
2217 4819 2470 4874 dixerat:
2509 4819 2626 4873 Nisi
2671 4819 2834 4888 aliqui
2891 4820 3019 4885 sint,
3061 4820 3154 4889 qui
3211 4820 3539 4876 conturbant

1951 4927 2068 4978 vos,
2101 4919 2156 4967 et
2182 4911 2370 4966 volunt
2399 4919 2715 4966 convertere
2744 4909 3094 4982 Evangelium
3125 4908 3348 4966 Christi.
3394 4909 3536 4975 Con-,-

1951 5003 2189 5058 turbatio
2237 5003 2381 5057 enim
2409 4987 2593 5058 ordini
2644 5002 2920 5056 contraria
2964 5011 3068 5058 est.
3126 5000 3272 5057 Ordo
3307 5010 3390 5058 est
3443 5017 3537 5058 au-

1952 5104 2059 5149 tem
2115 5109 2147 5148 a
2208 5093 2514 5149 carnalibus
2558 5092 2626 5146 ad
2685 5090 2948 5162 spiritalia
2998 5107 3242 5164 surgere,
3303 5108 3412 5148 non
3464 5095 3534 5149 ab
3577 5125 3584 5136 ι

1952 5184 2286 5259 spiritalibus
2312 5185 2380 5239 ad
2408 5182 2646 5240 carnalia
2701 5183 2919 5250 cadere,
2967 5184 3111 5239 sicut
3138 5184 3267 5248 .istis
3320 5186 3534 5242 accide-

1953 5289 2039 5335 rat
2067 5298 2080 5333 :
2112 5279 2248 5335 Cum
2280 5259 2448 5332 Judaei
2483 5293 2591 5332 non
2623 5275 2779 5330 aliter
2817 5275 3066 5347 spiritum
3093 5276 3386 5347 accipiant,
3429 5277 3534 5332 nisi

1951 5387 2050 5443 per
2082 5371 2272 5437 fidem;
2305 5386 2402 5426 vos
2430 5385 2460 5424 e
2511 5370 2786 5424 contrario
2825 5369 3030 5439 putatis
3073 5369 3227 5426 vobis
3280 5370 3534 5442 spiritum

1954 5478 2061 5518 non
2084 5461 2349 5528 sufﬁcere,
2403 5461 2506 5516 nisi
2551 5468 2605 5516 et
2650 5459 2754 5532 legi
2799 5460 3124 5515 subdamini.
3170 5461 3239 5517 Et
3288 5462 3406 5516 haec
3450 5469 3538 5516 est
3599 5517 3604 5520 .

1951 5555 2227 5627 Evangelii
2282 5554 2564 5610 conversio
2605 5561 2927 5618 retrorsum,
2961 5553 3126 5622 quod,
3172 5553 3299 5624 quia
3327 5551 3532 5608 bonum

1952 5663 2060 5702 non
2117 5655 2238 5712 est,
2297 5661 2404 5700 non
2457 5652 2541 5700 est
2587 5643 2937 5716 Evangelium
2989 5657 3112 5698 cum
3162 5643 3268 5700 hoc
3320 5657 3532 5698 annun-

1953 5741 2140 5795 tiatur.

2028 5833 2196 5890 Tanta
2228 5833 2370 5906 passi
2403 5832 2526 5889 estis
2553 5831 2666 5889 sine
2702 5849 2887 5904 causa,
2907 5830 2954 5887 si
2989 5838 3166 5885 tamen
3200 5826 3313 5883 sine
3343 5839 3529 5884 causa.
