4056 6350
498 346 614 432 .m

1573 353 1856 423 CLAUDII
1893 346 2357 421 rsttntﬁsusts
2391 348 2695 417 EPISCGPI

500 470 667 541 ﬁnita
691 457 805 553 jam
852 472 953 552 pro
982 474 1100 535 ‘ﬁde
1120 472 1509 543 toleraverant,
1565 490 1674 533 non
1720 476 1914 532 timore
1956 482 2079 530 tan-
2103 476 2157 539 Α
2181 474 2274 545 qui
2333 472 2644 540 exsultavit,
2688 478 2751 527 ut
2788 468 3001 526 videret
3221 456 3459 536 noluisti,
3508 466 3791 533 utﬁt,

500 591 662 648 quam
687 576 788 631 sub
830 574 946 644 lege
982 573 1173 644 positi,
1200 572 1295 627 sed
1333 571 1507 643 magis
1547 572 1603 625 in
1645 570 1774 640 ipsis
1809 568 2079 641 passioni-

499 668 602 724 bus
623 666 890 724 charitate
929 665 1183 720 timorem
1231 663 1799 730 vicerantzouoniam
1847 663 2076 718 cher-itas

500 758 599 815 Dei
622 758 817 829 sli/fusa
836 766 946 813 erat
969 757 1026 811 in
1067 756 1311 811 cordibus
1332 770 1514 811 eorum
1555 772 1648 826 per
1671 754 1927 825 Spiritum
1954 770 2079 809 san-

502 858 641 904 etum
664 846 844 920 (Rom.
868 848 947 919 v),
976 861 1136 916 quem
1161 854 1486 916 acceperant
1526 864 1539 899 :
1578 845 1707 901 Sine
1742 860 1902 900 causa
1926 861 2075 917 ergo,

498 939 697 1011 inquit,
742 947 893 994 tanta
910 940 1058 1009 passi
1093 939 1246 1007 estis,
1283 940 1375 1010 qui
1426 955 1491 995 ex
1542 939 1832 1005 charitate,
1878 954 1998 1009 quas
2022 941 2078 995 in

501 1031 656 1086 vobis
702 1038 853 1085 tanta
889 1030 1167 1097 sustinuit,
1210 1031 1276 1085 ad
1298 1031 1549 1086 timorem
1582 1029 1751 1086 relabi
1788 1031 1985 1097 vultis;
2029 1028 2077 1087 si

502 1131 683 1179 tamen
724 1123 840 1178 sine
883 1136 1046 1178 causa
1084 1131 1237 1177 tanta
1290 1123 1434 1193 passi
1473 1123 1628 1178 estis.
1670 1121 1771 1179 llic
1818 1124 1864 1179 si
1906 1134 2080 1180 tamen

502 1230 611 1271 nou
657 1215 953 1271 dubitantis
980 1221 1082 1281 est,
1115 1216 1208 1271 sed
1232 1216 1627 1272 conﬁrmantis.
1664 1216 1736 1273 Ut
1778 1224 1859 1272 est
1905 1218 2076 1273 illud:

504 1304 565 1362 Si
586 1316 759 1360 tamen
790 1306 995 1375 justum
1040 1315 1115 1359 est
1159 1306 1300 1376 apud
1328 1304 1493 1360 Deum
1521 1305 1804 1360 retribuere
1844 1306 1945 1372 his,
1988 1310 2080 1377 qut

501 1416 591 1457 vos
610 1398 885 1467 tribulam,
922 1400 1336 1466 tribulationem,
1355 1409 1402 1455 et
1424 1398 1585 1465 vobis,
1609 1400 1698 1471 qui
1728 1397 2076 1463 tribulamini,

500 1490 729 1563 requiem
771 1491 1036 1545 nobiscum
1094 1490 1146 1563 (Ι
1153 1490 1180 1544 1
1225 1492 1402 1546 Thess.
1448 1490 1512 1561 r).
1570 1490 1723 1558 Quod
1766 1490 1910 1545 enim
1962 1489 2079 1544 sine

501 1599 665 1641 causa
709 1582 912 1641 factum
941 1584 1159 1651 dicitur,
1208 1586 1537 1657 superﬂuum
1576 1595 1679 1642 est.
1738 1582 2080 1655 Super-duum

500 1686 704 1745 autem,
757 1694 858 1735 nec
881 1678 1122 1750 prodest,
1167 1694 1272 1736 nec
1329 1688 1508 1734 nocet.
1553 1678 1667 1733 Hoc
1719 1693 1848 1733 vero
1896 1676 2084 1733 viden-

2177 577 2235 625 et
2285 567 2494 625 laetatus
2539 576 2642 623 est.
2695 565 2848 623 Unde
2878 572 2935 621 et
2969 564 3038 621 ad
3073 550 3320 620 inﬁdeles
3358 560 3578 618 Iudaee
3612 560 3790 618 dici.

2177 670 2268 718 tur
2303 681 2317 717 :
2354 659 2416 719 Si
2469 661 2567 717 ﬁlii
2605 660 2797 718 essetis
2834 658 3131 725 Abraham,
3179 660 3346 733 opera
3394 657 3637 715 Abrahae
3690 655 3794 712 fa-

2176 755 2392 810 curetis.

2252 844 2536 902 Providens
2555 856 2730 902 autem
2779 847 3059 917 scriptura,
3089 846 3214 918 quia
3240 863 3306 901 ea:
3333 846 3443 915 ﬁde
3482 843 3790 918 justiﬁed

2177 948 2349 1011 gentes
2374 936 2534 1007 Deus,
2574 939 2944 1009 prmnuntiaeit
2969 936 3217 1004 Abrahte,
3257 932 3400 1004 Quia
3448 936 3790 992 benedicen-

2184 1042 2272 1087 tur
2309 1031 2366 1086 in
2387 1044 2434 1087 te
2480 1048 2657 1087 omnes
2692 1042 2884 1103 gentes.
2933 1030 3109 1103 Igitur
3140 1032 3230 1104 qui
3262 1031 3453 1101 ezﬁde
3490 1040 3645 1099 sunt,
3683 1029 3790 1084 be-

2178 1124 2484 1178 nedicentur
2523 1139 2640 1177 cum
2660 1123 2803 1193 ﬁdeli
2841 1123 3127 1178 Abraham.

2251 1214 2367 1270 Non
2413 1230 2519 1285 quo
2570 1216 2689 1287 ipsa
2734 1216 3027 1286 scriptura,
3080 1204 3439 1271 atramentum
3498 1212 3789 1269 videlicet

2181 1319 2235 1364 et
2267 1310 2614 1375 membranae,
2664 1323 2784 1381 quae
2829 1309 3173 1365 insensibiles
3213 1318 3360 1383 sunt,
3414 1307 3628 1379 possint
3682 1305 3785 1362 fu-

2180 1408 2303 1455 tura
2324 1414 2679 1471 praanoscere,
2729 1400 2823 1455 sed
2862 1414 2969 1471 quo
3004 1398 3241 1471 Spiritus
3266 1407 3505 1464 sanctus,
3556 1406 3610 1452 et
3642 1410 3790 1452 sen-

2182 1508 2274 1549 sus
2302 1494 2393 1567 qui
2424 1495 2475 1567 in
2506 1494 2700 1549 litteris
2727 1492 2876 1559 latet,
2926 1492 3111 1549 muttis
3135 1502 3258 1564 post
3285 1493 3497 1549 seculis
3528 1498 3789 1546 ventura

2182 1572 2549 1656 praedixerint.
2578 1587 2747 1642 Porro
2769 1587 3097 1658 exemplum,
3126 1580 3268 1659 quod
3294 1586 3359 1642 de
3377 1585 3576 1642 Genesi
3608 1600 3788 1641 sum-

2183 1664 2334 1747 ptum
2372 1686 2475 1742 est,
2519 1678 2594 1732 ita
2624 1678 2678 1733 in
2746 1680 2966 1749 proprio
3013 1664 3289 1734 volumine
3322 1680 3657 1734 continetur.
3710 1676 3788 1731 Et

501 1769 629 1826 dum
667 1777 772 1835 est,
818 1783 886 1824 ne
912 1768 982 1824 ad
1033 1769 1332 1840 perniciem
1372 1769 1574 1824 valeat.
1620 1767 1735 1823 Non
1786 1767 1930 1823 enim
1978 1768 2083 1822 hoc
2112 1832 2145 1843 Δ,
2186 1767 2549 1823 benedicentur
2573 1771 2626 1823 in
2652 1773 2846 1825 semine
2870 1781 2961 1826 tuo
2989 1788 3165 1843 omnes
3199 1770 3373 1843 gentes
3397 1782 3575 1826 terra.
3605 1770 3788 1839 Quod

499 1871 585 1920 est
616 1880 727 1919 non
753 1861 995 1935 surgere,
1024 1865 1167 1934 quod
1192 1872 1274 1920 est
1298 1866 1493 1920 cadere
1522 1882 1535 1918 :
1560 1864 1806 1933 quamvis
1828 1863 1920 1918 isti
1941 1878 2079 1918 non-
2108 1840 2155 1903 Β
2181 1859 2469 1930 Apostolus
2517 1877 2680 1932 super
2721 1862 2940 1919 Christo
2977 1840 3343 1935 interpretans
3379 1860 3454 1919 ait
3485 1882 3496 1917 :
3536 1861 3671 1918 Non
3695 1872 3790 1918 est

500 1956 627 2013 dum
653 1957 995 2024 cecidissent,
1019 1957 1113 2014 sed
1134 1957 1247 2030 jam
1271 1958 1683 2021 inclinarentur,
1714 1964 1776 2011 ut
1798 1956 2075 2011 caderent.

500 2046 637 2103 Nam
678 2048 867 2119 utique
905 2049 1081 2105 adhuc
1108 2051 1160 2104 in
1188 2052 1267 2105 eis
1297 2050 1530 2119 Spiritus
1556 2056 1777 2105 sanctus
1821 2047 2083 2118 operaba-

502 2146 612 2206 tur,
659 2139 801 2195 sicut
835 2148 1232 2210 consequenter
1264 2141 1396 2195 dicit
1428 2159 1439 2194 :

578 2229 684 2295 Qui
708 2246 830 2301 ergo
857 2231 1038 2284 tribuit
1063 2231 1202 2285 vobis
1223 2231 1487 2302 spiritum,
1508 2238 1556 2286 et
1586 2240 1833 2302 operatur
1870 2229 2081 2283 virtutes

499 2321 557 2377 in
598 2319 759 2386 vobis,
788 2338 853 2377 ex
872 2321 1111 2393 operibus
1135 2322 1282 2394 legis,
1340 2340 1410 2378 an
1449 2340 1515 2386 ea:
1555 2324 1740 2378 auditu
1762 2321 1929 2391 ﬁdei?
1956 2320 2080 2375 Tri—

500 2408 639 2475 buit,
685 2410 788 2465 hoc
828 2417 931 2477 est,
983 2411 1345 2478 administrat,
1385 2414 1668 2483 praesentis
1699 2408 1959 2481 temporis
2000 2417 2083 2464 est

500 2499 806 2573 legendum,
836 2512 896 2558 ut
925 2504 1245 2561 ostendatur
1288 2522 1384 2577 per
1441 2507 1679 2579 singulas
1713 2506 1877 2562 horas
1920 2516 2084 2577 atque

502 2603 778 2652 momenta
835 2613 1051 2671 semper
1111 2601 1285 2672 dignis
1335 2598 1599 2672 Spiritum
1637 2609 1885 2658 sanctum
1931 2601 2085 2657 mini-

498 2687 681 2742 strari.
732 2688 799 2744 Et
823 2699 1027 2761 quanto
1078 2686 1200 2762 quis
1225 2691 1280 2747 in
1310 2690 1407 2747 Dei
1456 2707 1620 2762 opere
1655 2700 1710 2747 et
1740 2706 1924 2748 amore
1953 2707 2081 2763 pro-

500 2777 707 2846 fecerit,
750 2789 902 2838 tanto
957 2785 1131 2854 magis
1176 2785 1351 2839 sancti
1392 2784 1626 2854 Spiritus
1668 2786 1723 2839 in
1775 2802 1834 2841 se
1878 2786 2084 2843 habere

496 2867 749 2935 virtutes,
800 2887 936 2940 quas
997 2874 1217 2929 auditus
1265 2873 1410 2939 ﬁdei,
1462 2883 1519 2929 et
1569 2890 1677 2930 non
1736 2876 1869 2947 legis
1917 2886 2083 2959 Opera

499 2970 896 3016 consummant.
950 2961 1070 3017 Non
1122 2978 1229 3033 quo
1284 2963 1421 3034 legis
1473 2980 1637 3035 Opera
1690 2968 2083 3023 contemnenda

498 3048 627 3116 tint,
677 3057 733 3105 et
779 3052 984 3123 absque
1035 3054 1115 3109 eis
1153 3054 1381 3125 simplex
1426 3054 1560 3112 ﬁdes
1618 3060 1938 3127 appetenda,
1989 3060 2085 3116 sed

498 3138 616 3210 ipsa
643 3156 809 3212 opera
856 3142 959 3198 ﬁde
996 3144 1199 3200 Christi
1248 3145 1598 3202 adornentur.
1646 3145 1796 3203 Scita
1818 3157 1901 3205 est
1936 3151 2082 3206 enim

497 3208 758 3300 sapientis
785 3226 891 3288 viri
928 3233 1019 3289 illa
1048 3237 1337 3301 sententia,
1377 3252 1483 3293 non
1531 3237 1745 3294 ﬁdelem
1790 3241 1971 3297 vivere
2013 3258 2081 3298 ex
2108 3208 2155 3279 Ο

492 3319 719 3390 justitia,
749 3326 843 3380 sed
880 3326 1090 3396 justum
1135 3344 1201 3383 ex
1249 3329 1352 3384 ﬁde
1388 3329 1617 3400 (llabac.
1650 3331 1733 3402 ιι).
1777 3331 1952 3388 Simul
1992 3348 2081 3390 os-

501 3412 742 3467 tenditur
770 3414 1011 3482 Galatas,
1046 3426 1269 3487 accepto
1297 3429 1419 3488 post
1445 3421 1604 3477 ﬁdem
1637 3433 1825 3479 sancto
1849 3423 2079 3495 Spiritu,

504 3501 644 3556 dona
686 3502 940 3563 habuisse
966 3507 1248 3573 virtutum,
1271 3509 1326 3564 id
1354 3518 1459 3577 est,
1506 3515 2083 3587 prophetiam,genera

500 3591 828 3663 linguarum,
867 3599 1178 3655 morborum
1230 3602 1561 3671 curationes,
1598 3613 1653 3661 et
1693 3614 1910 3674 extera,
1964 3624 2085 3679 qua:

502 3684 572 3739 ad
606 3684 912 3744 Corinthios
944 3690 997 3745 in
1033 3691 1189 3748 donis
1207 3693 1537 3763 spiritalibus
1579 3709 2003 3756 enumerantur:
2031 3712 2086 3759 et

497 3782 680 3831 tamen
706 3787 827 3849 post
849 3785 1017 3846 tanta,
1039 3783 1164 3851 quis
1197 3770 1424 3840 forsitan
1448 3787 1678 3858 gratiam
1698 3788 2087 3848 discernendo—

498 3882 619 3923 rum
646 3869 934 3941 spirituum
963 3886 1070 3928 non
1117 3874 1371 3943 habeant,
1407 3893 1439 3932 a
1472 3875 1623 3935 falsis
1652 3879 1970 3940 doctoribus
2010 3882 2085 3940 ir-

500 3961 647 4016 retiti
700 3968 845 4016 sunt.
2022 3992 2023 3995 η

568 4049 718 4105 Sicut
763 4051 1026 4107 Abraham
1065 4054 1287 4109 credidit
1309 4056 1437 4123 Deo,
1466 4067 1515 4112 et
1549 4069 1851 4131 reputatum
1886 4072 1964 4118 est
2003 4061 2086 4120 illi

498 4140 569 4195 ad
598 4141 883 4210 justitiam.
916 4143 1028 4200 Hoc
1053 4147 1197 4200 enim
1231 4149 1466 4205 maxime
1505 4151 1560 4205 in
1610 4166 1676 4207 eo
1732 4154 2083 4212 victoriosum

496 4240 602 4295 est,
637 4232 781 4300 quod
835 4241 1122 4303 antequam
1151 4236 1659 4304 circumcideretur,
1699 4241 1955 4312 deputata
2000 4255 2085 4302 est

498 4321 632 4378 ﬁdes
682 4324 920 4395 gentium
959 4326 1026 4380 ad
1070 4325 1361 4395 justitiam.
1410 4330 1479 4384 Et
1504 4330 1572 4385 ob
1600 4332 1703 4388 hoc
1732 4334 1973 4411 refertur
1992 4355 2083 4394 re-

498 4416 760 4482 ctissime,
817 4416 958 4486 quod
986 4417 1036 4472 ei
1060 4418 1266 4474 dictum
1291 4431 1374 4477 est
1400 4440 1412 4476 :
1445 4416 1585 4489 Quia
1617 4424 1990 4484 benedicentur
2027 4433 2085 4486 in

498 4517 548 4563 te
592 4525 767 4563 omnes
788 4520 962 4581 gentes
1001 4509 1155 4583 (Gen.
1183 4514 1343 4588 xm).
1376 4515 1678 4575 lmitatione
1725 4522 1912 4592 utique
1957 4522 2081 4580 ﬁdei

497 4599 630 4668 ejus,
676 4599 1131 4671 quajustiﬁcatus
1150 4617 1236 4661 est
1282 4608 1448 4662 etiam
1507 4618 1634 4665 ante
1672 4623 2076 4670 sacramentum

498 4692 945 4759 circumcisionis,
998 4699 1144 4767 quod
1184 4699 1250 4753 ad
1281 4700 1406 4755 ﬁdei
1459 4701 1797 4773 signaculum
1846 4702 2077 4777 accepit,

496 4794 550 4839 et
594 4793 720 4841 ante
768 4786 1085 4844 servitutem
1123 4789 1277 4861 legis,
1303 4780 1424 4861 qua!
1461 4793 1633 4848 multo
1670 4802 1794 4864 post
1819 4796 1947 4851 data
1995 4806 2081 4852 est

498 4885 755 4946 tempore.
804 4876 974 4934 Recte
1020 4880 1146 4937 talis
1197 4890 1480 4952 reputatur
1508 4884 1642 4942 ﬁdes
1675 4886 1745 4941 ad
1786 4886 2075 4959 justitiam,

494 4967 586 5035 qui
608 4967 741 5038 legis
774 4983 941 5040 Opera
970 4986 1374 5044 supergressus,
1420 4974 1592 5033 Deum
1621 4992 1729 5034 non
1765 4988 1936 5048 metu,
1983 4980 2078 5038 sed

494 5056 782 5113 dilectione
813 5064 1135 5129 promeruit.

565 5164 887 5257 Cognoscitis
922 5188 1066 5245 ergo,
1105 5175 1229 5247 quia
1273 5194 1364 5251 qut
1413 5196 1479 5235 ex
1516 5160 1803 5252 fidosunt,
1853 5183 1909 5240 hi
1951 5194 2074 5257 sunt

493 5254 594 5325 ﬁlii
633 5257 919 5316 Abraham.
970 5262 1171 5319 Verum
1204 5274 1289 5322 est
1324 5269 1470 5338 quia
1502 5271 1788 5328 credentes
1823 5271 1919 5328 ﬁlii
1947 5254 2074 5330 sunt

491 5350 743 5420 Abrahae,
792 5355 929 5423 Quia
975 5358 1022 5413 si
1049 5357 1328 5417 Abraham
1384 5379 1451 5425 ex
1500 5363 1605 5421 ﬁde
1634 5364 1963 5438 justiﬁcatus
1991 5374 2076 5424 est

492 5441 722 5512 primus,
756 5455 1020 5517 quotquot
1057 5460 1179 5521 post
1206 5452 1351 5509 hunc
1379 5455 1627 5522 credunt,
1653 5456 1746 5513 ﬁlii
1778 5456 1893 5527 ejus
1923 5466 2070 5526 sunt,

492 5533 605 5591 sive
657 5550 723 5592 ex
751 5535 971 5606 Iudaeis,
1020 5542 1133 5599 sive
1173 5560 1241 5603 ex
1286 5548 1555 5619 gentibus.
1604 5542 1821 5607 Plenius
1852 5552 1919 5607 de
1967 5554 2071 5610 hoc

490 5626 546 5682 in
589 5628 814 5699 epistola
847 5632 915 5687 ad
962 5631 1238 5693 Romanos
1260 5637 1593 5709 disputabat,
1638 5644 1780 5711 quod
1809 5642 1944 5698 ﬁdes
1984 5661 2070 5699 re-

490 5730 675 5791 putata
712 5724 783 5778 sit
805 5723 1057 5793 Abrahte,
1083 5736 1139 5784 et
1170 5730 1406 5792 caneris,
1429 5731 1734 5801 quicunque
1756 5734 1856 5788 hac
1886 5745 2070 5789 mente

491 5812 836 5882 crediderint,
896 5818 1023 5891 quia
1052 5819 1466 5879 incircumcisus
1496 5822 1729 5884 credidit
1766 5822 2066 5897 Abraham,

1030 5966 1153 5985 ,m~-o
1170 5969 1243 5977 -.ια
1288 5970 1301 5979 Α

2180 1955 2429 2026 scriptum
2466 1956 2521 2009 in
2546 1955 2846 2022 seminibus,
2894 1958 3046 2029 quasi
3071 1957 3125 2012 in
3164 1956 3367 2023 multis,
3413 1956 3499 2011 sed
3522 1956 3690 2028 quasi
3723 1957 3786 2010 in

2179 2062 2307 2111 uno,
2349 2054 2396 2101 et
2418 2047 2600 2101 semini
2626 2057 2738 2114 tuo,
2779 2047 2965 2120 quiest
2990 2047 3249 2103 Christus.
3286 2046 3472 2121 Itaque
3505 2062 3793 2102 nonnun-

2180 2152 2340 2208 quam
2387 2140 2471 2194 vel
2509 2140 2858 2196 detraxerunt
2880 2143 3062 2205 verba,
3117 2142 3202 2203 vel
3246 2142 3586 2198 addiderunt.
3622 2139 3789 2196 Nulli

2179 2244 2308 2286 vero
2345 2229 2585 2298 dubium,
2628 2232 2770 2302 quod
2801 2233 2853 2287 in
2911 2230 3079 2300 Isaac,
3126 2240 3181 2289 et
3235 2234 3291 2287 in
3333 2229 3519 2299 Iacob,
3562 2232 3686 2287 sive
3726 2232 3787 2286 in

2182 2320 2461 2377 duodecim
2498 2323 2839 2393 patriarchis,
2886 2332 2942 2380 et
2985 2326 3198 2381 caeteris
3247 2325 3340 2395 qui
3386 2325 3450 2381 de
3472 2325 3774 2380 Abraham

2181 2412 2351 2484 stirpe
2370 2415 2720 2481 descendunt,
2759 2432 2866 2471 non
2913 2415 3113 2472 fuerint
3157 2417 3456 2473 benedicta:
3485 2416 3781 2471 universa:

2181 2506 2427 2561 nationes
2456 2524 2469 2560 :
2496 2506 2588 2562 sed
2611 2507 2665 2561 in
2689 2504 2905 2563 Christo
2930 2509 3059 2564 Jesu
3082 2520 3182 2581 per
3205 2524 3396 2565 omnes
3415 2517 3607 2579 gentes
3647 2508 3787 2561 lau-

2183 2597 2383 2652 dabant
2429 2597 2617 2667 Deum,
2668 2608 2723 2655 et
2766 2599 3104 2658 benedicitur
3131 2614 3329 2658 novum
3370 2614 3565 2656 nomen
3600 2615 3790 2671 super

2182 2697 2377 2745 terras.

2252 2776 2560 2852 Quicunque
2584 2797 2722 2837 entm
2747 2796 2812 2837 ea:
2844 2782 3084 2854 aperibus
3114 2782 3242 2856 legis
3287 2798 3429 2852 sunt,
3474 2786 3570 2839 sub
3598 2786 3781 2841 male-

2182 2871 2321 2926 dicto
2365 2882 2508 2940 sunt,
2556 2875 2807 2946 scriptum
2854 2886 2928 2930 est
2985 2878 3121 2931 enim
3149 2892 3168 2929 :
3221 2876 3532 2933 Maledictus
3590 2880 3783 2933 omnis

2180 2964 2267 3034 qui
2312 2980 2416 3019 non
2462 2967 2806 3037 permanserit
2841 2969 2897 3023 in
2935 2970 3173 3025 omnibus
3226 2986 3342 3043 quae
3395 2971 3591 3041 scripta
3642 2981 3784 3027 sunt

2179 3055 2235 3110 in
2287 3053 2419 3110 libro
2464 3056 2593 3129 legis
2614 3060 2793 3131 hujus,
2836 3070 2891 3115 ut
2916 3061 3080 3131 faciat
3106 3074 3187 3118 ea.

2256 3146 2369 3204 Sub
2395 3149 2589 3207 timore
2609 3153 2722 3207 vult
2745 3152 2993 3226 intelligi,
3033 3170 3141 3209 non
3181 3156 3235 3210 in
3269 3154 3539 3220 libertate,
3565 3163 3629 3212 ut
3662 3158 3782 3213 sci-

2185 3238 2310 3295 licet
2342 3242 2610 3312 corporali
2654 3246 3015 3321 praesentique
3044 3246 3281 3302 vindicta
3310 3246 3682 3303 vindicaretur
3709 3250 3771 3305 in

2188 3346 2280 3389 eos
2309 3335 2401 3405 qui
2451 3348 2557 3390 non
2598 3347 2980 3407 permanerent
3014 3339 3066 3393 in
3099 3322 3350 3396 omnibus
3394 3355 3511 3411 quae
3556 3344 3779 3414 scripta

2187 3436 2313 3485 Sunt
2365 3430 2419 3484 in
2467 3428 2608 3485 libro
2655 3430 2811 3503 legis,
2856 3440 2916 3487 ut
2953 3431 3196 3488 facerent
3243 3448 3328 3489 ea.
3377 3433 3496 3490 Huc
3540 3452 3780 3506 quoque

2187 3519 2488 3589 accederet,
2529 3529 2589 3576 ut
2625 3523 2681 3577 in
2725 3522 2841 3595 ipsa
2888 3537 3175 3594 corporum
3221 3538 3382 3595 poena
3412 3524 3575 3579 etiam
3601 3525 3782 3579 male-

2187 3612 2315 3667 dicti
2364 3613 2716 3682 ignominiam
2750 3611 3132 3670 formidarent.
3164 3614 3256 3669 Ille
3296 3624 3472 3670 autem
3499 3614 3778 3686 iustiﬁca-

2184 3711 2273 3757 tur
2317 3704 2460 3774 apud
2512 3702 2703 3770 Deum,
2751 3705 2844 3775 qui
2874 3719 2995 3760 eum
3037 3707 3204 3777 gratis
3250 3706 3379 3762 colit
3424 3721 3530 3761 non
3555 3708 3782 3765 scilicet

2185 3796 2480 3869 cupiditate
2516 3798 2801 3869 appetendi
2843 3798 3048 3869 aliquid
3081 3800 3151 3856 ab
3182 3800 3298 3870 ipso
3356 3809 3554 3872 praeter
3581 3801 3771 3872 ipsum

2185 3896 2281 3942 aut
2302 3888 2495 3945 timore
2516 3886 2818 3944 amittendi.
2873 3889 2931 3945 lu
2955 3890 3071 3962 ipso
3092 3893 3236 3951 enim
3268 3891 3383 3948 solo
3411 3908 3533 3948 vera
3571 3904 3771 3950 nostra

2184 3980 2459 4037 beatitudo
2486 3989 2647 4052 atque
2670 3980 2929 4053 perfectio
2954 3992 3055 4039 est.
3100 3983 3167 4059 Et
3193 3987 3447 4059 quoniam
3478 3987 3775 4045 invisibilis

2184 4080 2269 4127 est
2321 4072 2492 4128 oculis
2536 4073 2773 4140 carneis,
2823 4073 2929 4130 ﬁde
2985 4075 3207 4144 colitur,
3266 4080 3502 4148 quandiu
3547 4080 3601 4135 in
3658 4081 3771 4139 hac

2185 4177 2348 4218 carne
2372 4163 2625 4230 vivimus,
2654 4164 2793 4219 sicut
2819 4180 2984 4238 supra
3007 4166 3145 4222 dixit
3176 4187 3188 4222 :
3224 4156 3376 4235 Quod
3416 4181 3585 4225 autem
3615 4190 3769 4229 nunc

2185 4254 2296 4311 viro
2322 4257 2377 4309 in
2433 4272 2608 4323 carne,
2662 4258 2718 4311 in
2758 4258 2864 4331 ﬁde
2897 4260 3005 4315 vivo
3061 4260 3192 4317 Filii
3229 4256 3348 4331 Dei,
3403 4270 3459 4318 et
3506 4264 3618 4335 ipsa
3670 4274 3769 4321 est

2177 4345 2412 4417 justitia,
2439 4362 2546 4417 quo
2587 4348 2825 4418 pertinet
2859 4351 3001 4420 quod
3043 4336 3247 4407 dictum
3276 4361 3377 4419 est,
3433 4355 3559 4423 quia
3578 4353 3769 4423 justus

2186 4456 2253 4496 ex
2302 4440 2407 4497 ﬁde
2442 4441 2591 4495 vivit.
2640 4439 2775 4497 Hinc
2797 4443 2998 4511 etenim
3027 4444 3314 4500 ostendere
3367 4443 3559 4511 voluit,
3616 4448 3768 4516 quod

2106 4575 2161 4635 Β
2188 4532 2242 4587 in
2262 4530 2380 4603 lege
2425 4547 2584 4587 nemo
2600 4524 2953 4601 justillcatur,
2985 4532 3111 4605 quia
3142 4535 3402 4606 scriptum
3433 4535 3763 4607 est,justutn

2182 4641 2248 4681 ex
2295 4625 2400 4682 ﬁde
2445 4626 2644 4681 vivere.
2683 4624 2799 4693 Qua
2828 4626 2882 4680 in
2918 4642 2976 4696 re
3000 4626 3407 4701 intelligendum
3430 4629 3590 4705 estin
3618 4629 3760 4704 lege,

2180 4706 2333 4791 quod
2373 4732 2515 4773 nunc
2560 4716 2655 4785 ait,
2693 4719 2747 4773 in
2793 4718 3049 4789 operibus
3082 4719 3216 4789 legis
3248 4719 3452 4775 dictum
3504 4734 3629 4777 esse
3665 4739 3678 4775 :
3710 4728 3766 4777 et

2179 4811 2283 4866 hoc
2332 4810 2465 4873 istis,
2527 4811 2619 4880 qui
2677 4810 2732 4865 in
2763 4810 3182 4868 circumcisione
3210 4813 3415 4880 carnis,
3466 4821 3523 4868 et
3562 4813 3763 4870 talibus

2178 4899 2642 4957 observationibus
2691 4903 3054 4967 continentur,
3115 4903 3170 4958 in
3211 4903 3408 4975 quibus
3467 4905 3563 4973 qui
3602 4905 3759 4973 vivit,

2179 4994 2255 5049 ita
2296 4993 2350 5049 in
2395 4992 2510 5063 lege
2555 5002 2659 5063 est,
2712 5003 2772 5049 ut
2822 4997 2922 5051 sub
2962 4994 3078 5068 lege
3115 4997 3282 5063 vivat,
3319 4994 3413 5054 sed
3453 4997 3653 5070 legem,
3703 5007 3764 5055 ut

2178 5085 2379 5142 dictum
2410 5093 2514 5151 est,
2561 5100 2660 5156 pro
2706 5086 2838 5158 ipsis
2883 5088 3139 5163 operibus
3168 5087 3303 5160 legis
3351 5103 3496 5145 nunc
3533 5090 3757 5163 posuit,

2176 5178 2320 5250 quod
2347 5179 2412 5234 de
2438 5177 2827 5250 posterioribus
2871 5178 3269 5235 manifestatur.
3297 5179 3389 5235 Ait
3426 5181 3574 5238 enim
3607 5200 3620 5235 :
3649 5179 3763 5237 Lex

2176 5282 2350 5326 autem
2395 5286 2499 5325 non
2536 5279 2612 5325 est
2660 5287 2725 5326 ex
2773 5270 2902 5341 ﬁde,
2956 5271 3049 5327 sed
3088 5272 3177 5345 qui
3212 5271 3394 5345 fecerit
3412 5288 3496 5342 ea,
3550 5278 3679 5329 viret
3704 5275 3759 5330 in

2172 5362 2300 5420 illis.
2351 5363 2468 5419 Non
2511 5364 2609 5432 ait,
2649 5364 2742 5435 qui
2768 5362 2959 5420 fecerit
3005 5376 3147 5433 eam,
3188 5366 3333 5421 vivet
3358 5367 3414 5423 in
3462 5382 3549 5432 ea,
3600 5377 3662 5423 ut
3680 5367 3761 5423 in-

2175 5454 2385 5526 telligas
2422 5454 2595 5525 legem
2624 5454 2678 5507 in
2716 5454 2819 5509 hoc
2846 5453 2967 5510 loco
3011 5468 3112 5525 pro
3143 5454 3277 5526 ipsis
3324 5456 3586 5527 operibus
3608 5456 3757 5529 posi-

2172 5557 2302 5614 tam,
2346 5548 2435 5620 qui
2464 5554 2641 5601 autem
2685 5544 2945 5601 vivebant
2965 5547 3019 5601 in
3050 5547 3133 5602 his
3159 5548 3433 5619 operibus,
3484 5547 3755 5605 timebant

2170 5644 2377 5713 utique,
2431 5657 2498 5697 ne
2543 5641 2587 5697 si
2631 5658 2736 5697 non
2783 5658 2846 5698 ea
2893 5642 3168 5711 fecissent,
3212 5643 3623 5717 lapidationem,
3668 5646 3754 5702 vel

2170 5747 2407 5793 crucem,
2460 5730 2543 5785 vel
2579 5730 2781 5800 aliquid
2819 5730 2979 5800 huius
3031 5734 3173 5790 modi
3212 5726 3554 5806 paterentur.
3606 5734 3749 5809 Ergo

2169 5822 2262 5897 qui
2298 5821 2491 5907 fecerit
2519 5834 2605 5893 ea,
2630 5821 2823 5896 inquit,
2880 5824 3024 5884 vivet
3045 5825 3104 5885 in
3128 5824 3258 5899 illis,
3307 5827 3363 5888 id
3391 5837 3496 5901 est,
3521 5829 3753 5891 habebit
