4056 6350
251 379 360 447 869

1178 382 1439 447 ENARR.
1479 385 1551 448 IN
1588 382 1810 449 EPlST.
1848 380 1916 445 Β.
1954 378 2165 443 PAULI
2194 380 2290 441 AD
2326 376 2579 440 GALA'l‘.

3394 408 3397 413 -
3416 370 3526 435 870

250 517 558 579 praemium,
586 516 654 579 ne
686 502 747 561 in
765 503 875 579 ista
888 512 1066 563 morte
1085 506 1506 576 puniatur.'Non
1533 521 1665 579 ergo
1690 504 1839 589 apud
1860 508 1916 569 Α
1937 509 2240 573 peccatum,
2270 506 2331 555 ut
2356 513 2457 555 nos
2484 480 2841 589 liberaremur
2861 509 2889 589 εξ
3013 496 3279 589 male
3299 500 3528 589 pet:qu

253 600 453 665 Deum,
501 597 654 675 cuius
691 592 758 654 ex
807 597 933 665 ﬁde,
970 598 1017 654 si
1052 599 1177 671 quis
1205 599 1259 655 in
1304 600 1408 655 hac
1461 600 1571 655 vita
1618 600 1833 665 vixerit,

253 709 381 750 cum
426 693 553 751 hinc
576 692 896 763 excesserit,
922 699 1052 749 tunc
1077 707 1202 749 eum
1237 694 1411 762 magis
1455 693 1675 749 habebit
1694 707 1835 763 prae-

253 785 626 855 sentissimum
676 784 979 854 praemium.
1034 784 1152 841 Non
1197 786 1382 855 utique
1408 801 1476 841 ex
1524 785 1629 841 ﬁde
1680 785 1833 851 vivit,

252 878 502 951 quisquis
546 878 855 951 pmseptia,
925 894 1046 948 qua:
1096 878 1370 943 videntur,
1412 877 1497 932 vel
1542 877 1710 946 cupit,
1751 876 1837 931 vel

257 971 411 1027 timet
442 971 613 1043 :quia
662 969 799 1037 ﬁdes
838 970 932 1029 Dei
973 969 1041 1029 ad
1080 969 1370 1027 invisibilia
1415 968 1671 1040 pertinet,
1718 982 1838 1038 qua:

254 1071 380 1137 post
419 1061 709 1133 dabuntur.
760 1058 897 1116 Nam
939 1067 1024 1115 est
1061 1061 1167 1117 ista
1197 1060 1446 1130 quredam
1483 1059 1537 1114 in
1581 1059 1837 1129 cperibus

253 1153 394 1224 legis
414 1154 644 1224 iustitia,
693 1153 909 1224 quando
958 1153 1077 1210 sine
1121 1169 1221 1209 suo
1242 1153 1467 1225 praemio
1513 1151 1703 1209 relicta
1729 1167 1837 1207 non

257 1256 364 1314 est,
414 1255 479 1317 ut
499 1248 589 1319 qui
632 1245 845 1312 fecerit,
873 1245 1020 1303 vivat
1050 1246 1104 1300 in
1146 1246 1242 1302 eis.
1280 1244 1434 1301 Unde
1461 1244 1530 1300 ad
1564 1244 1840 1301 Romanos

254 1341 426 1397 dicit:
457 1339 518 1397 Si
543 1340 683 1399 enim,
710 1338 976 1394 Abraham
1005 1354 1071 1409 ex
1104 1338 1345 1410 aperibus
1384 1336 1713 1407 justiﬁcatus
1740 1344 1835 1401 est,

253 1430 411 1486 habet
438 1428 691 1502 gloriam,
712 1429 804 1503 sed
834 1429 977 1499 apud
1012 1429 1179 1497 Deum
1211 1427 1386 1511 (Rom.
1406 1428 1512 1501 iv).
1565 1427 1727 1484 Aliud
1755 1436 1839 1485 est

255 1536 388 1592 ergo
436 1537 542 1578 non
587 1519 906 1598 justilicari,
972 1521 1118 1577 aliud
1175 1536 1282 1576 non
1336 1514 1627 1590 iustiﬁcari
1693 1518 1839 1590 apud

253 1612 448 1669 Deum.
481 1611 583 1679 Qui
606 1613 826 1689 omnino
853 1628 960 1668 non
993 1611 1342 1682 iustiﬁcatur,
1376 1628 1478 1669 nec
1505 1612 1599 1687 illa,
1630 1618 1835 1685 servat,

251 1720 376 1781 quae
433 1704 727 1775 temporale
780 1705 982 1763 habent
1029 1706 1333 1777 praemium,
1383 1721 1486 1767 nec
1550 1704 1640 1763 illa
1717 1719 1837 1775 quae

252 1804 537 1851 aeternum.
589 1797 690 1865 Qui
718 1803 898 1857 autem
924 1796 979 1851 in
1014 1796 1269 1867 operibus
1302 1795 1436 1869 legis
1474 1793 1830 1865 iustiﬁcetur,

1938 608 2038 650 nos
2062 592 2302 648 damnati
2340 603 2761 647 remaneremus.
2791 586 2930 659 Quid
2959 601 3089 656 ergo
3118 586 3352 657 miratur
3383 586 3526 649 Fau-

1937 693 2072 751 stus,
2116 683 2463 741 maledictum
2505 697 2626 737 esse
2668 688 2977 751 peccatum,
3023 677 3368 734 maledictam
3405 693 3530 739 esse

1937 784 2187 840 mortem,
2236 772 2574 829 maledictam
2609 752 3155 839 essetnortalitatem
3193 770 3370 827 carnis
3410 771 3529 830 sine

1935 875 2159 941 peccato
2187 865 2425 921 Christi?
2450 865 2530 920 Ex
2557 872 2781 937 peccato
2808 870 2989 917 tamen
3015 860 3250 917 hominis
3277 860 3444 916 etiam
3470 862 3529 919 in

1936 956 2156 1016 Christo
2197 957 2419 1013 factum.
2449 956 2530 1010 Ex
2560 955 2733 1010 Adam
2762 953 2961 1026 quippe
2984 968 3183 1024 corpus
3210 953 3528 1024 assumpsit,

1937 1050 2062 1120 quia
2102 1064 2170 1104 ex
2209 1047 2382 1102 Adam
2422 1045 2704 1101 descendit
2745 1043 2891 1113 virgo
2931 1042 3124 1108 Maria,
3166 1057 3287 1113 quae
3323 1043 3532 1114 peperit

1937 1139 2236 1196 Christum.
2278 1139 2502 1193 Dixerat
2541 1145 2721 1193 autem
2763 1136 2907 1203 Deus
2948 1133 3005 1191 in
3046 1136 3297 1207 paradiso
3340 1152 3354 1188 :
3409 1134 3530 1201 Qua

1937 1235 2021 1289 die
2068 1234 2360 1305 tetigeritis,
2401 1242 2567 1288 morte
2610 1214 2919 1309 moriemini
2953 1229 3107 1304 (Gen.
3153 1230 3236 1304 ιι).
3286 1230 3401 1288 Hoc
3445 1235 3530 1289 est

1936 1327 2307 1393 maledictum,
2344 1326 2488 1397 quod
2519 1324 2871 1403 pependitin
2909 1324 3074 1397 ligno.
3112 1324 3206 1386 Ille
3244 1333 3405 1398 neget
3439 1323 3530 1385 Je-

1937 1434 2057 1497 sum
2100 1419 2468 1485 maledictum,
2511 1417 2606 1488 qui
2644 1425 2807 1491 negat
2844 1424 2908 1479 et,
2944 1425 3250 1487 mortuum;
3300 1417 3390 1488 qui
3431 1433 3528 1489 au-

1938 1517 2045 1583 tem
2089 1508 2381 1585 conﬁtetur
2419 1516 2474 1565 et
2522 1515 2826 1574 mortuum,
2864 1517 2920 1563 et
2967 1522 3166 1577 negare
3204 1523 3310 1563 non
3349 1514 3531 1580 potest

1936 1612 2169 1660 mortem
2209 1604 2275 1658 de
2315 1610 2538 1672 peccato
2591 1617 2733 1675 esse,
2776 1611 2832 1656 et
2881 1601 2952 1657 ob
3003 1601 3106 1675 hoc
3146 1601 3311 1656 etiam
3350 1598 3527 1671 ipsum

1935 1705 2217 1768 peccatum
2269 1695 2485 1753 vocavit
2531 1712 2544 1748 :
2596 1695 2783 1769 audiat,
2827 1693 3144 1767 Apostolnm
3192 1694 3458 1750 dicentem
3509 1712 3524 1749 :

1936 1785 2203 1853 Quoniam
2241 1794 2396 1843 vetus
2438 1793 2627 1841 noster
2664 1786 2825 1843 homo
2865 1785 3024 1838 simul
3062 1770 3187 1840 cum
3223 1785 3314 1840 illo
3349 1784 3527 1842 cruci-

253 1903 365 1975 non
417 1888 557 1963 apud
584 1854 754 1975 ﬁcum
776 1854 1125 1956 justiﬁcatur,
1178 1888 1303 1959 quia
1327 1854 1678 1958 tgmpuralem
1710 1854 1833 1943 inde
1858 1870 1907 1932 Β
1935 1877 2074 1934 ﬁxus
2105 1888 2208 1944 est,
2241 1886 2295 1933 et
2331 1877 2592 1948 intelligat
2625 1892 2789 1947 quem
2822 1854 3168 1932 maledictum
3200 1876 3414 1947 Moyses
3445 1876 3529 1933 di-

251 1970 556 2047 exspectat,
613 1970 989 2051 visibilemque
1038 1977 1364 2041 mercedem.
1407 1976 1513 2051 Sed
1538 1983 1718 2033 tamen
1748 1983 1835 2030 est

251 2075 417 2133 etiam
444 2060 569 2135 ista,
599 2075 657 2123 ut
714 2067 845 2132 dixi,
894 2067 1163 2136 quaedam,
1198 2073 1256 2120 ut
1284 2065 1363 2121 sic
1388 2064 1586 2130 dicam,
1618 2071 1833 2121 terrena

251 2140 595 2228 carnalisque
644 2156 880 2226 justitia.
928 2156 1063 2238 Nam
1111 2165 1167 2219 et
1222 2157 1336 2227 ipse
1384 2156 1671 2227 Apostolus
1712 2170 1835 2211 eam

242 2245 513 2327 justitiam
553 2257 735 2316 vocat,
779 2265 903 2307 cum
951 2249 1076 2305 alibi
1115 2249 1247 2304 dicit
1280 2266 1295 2303 :
1332 2247 1637 2303 Secundum
1670 2246 1836 2317 justi-

249 2340 402 2407 tiam,
450 2358 567 2413 qua:
618 2341 673 2396 in
707 2340 815 2412 lege
844 2354 920 2419 est
968 2350 1303 2397 conversatus
1351 2340 1444 2410 qui
1478 2339 1672 2395 fuerim
1724 2340 1835 2393 sine

249 2433 463 2515 querela
513 2431 681 2515 (Phil.
731 2434 835 2505 ιιι).
867 2430 1161 2504 Propterea
1210 2433 1469 2489 Dominus
1510 2440 1697 2487 noster
1738 2429 1831 2487 Je-

250 2538 347 2580 sus
377 2510 624 2580 Christus
660 2510 770 2597 iam
818 2523 1122 2581 libertatem
1177 2526 1404 2582 daturus
1456 2522 1830 2588 credentibus,

251 2616 741 2697 quasdam'earum
779 2616 1219 2697 Observationum
1250 2631 1357 2671 non
1388 2614 1630 2683 servavit
1652 2613 1720 2668 ad
1753 2612 1837 2692 lit-

252 2713 445 2779 teram.
481 2692 633 2763 Unde
663 2706 830 2765 etiam
857 2722 981 2765 cum
1010 2692 1235 2783 sabbato
1257 2706 1558 2787 esurientes
1585 2703 1834 2775 discipuli

251 2797 431 2873 spicas
468 2796 809 2862 evulsissent,
865 2798 1142 2873 respondit
1174 2788 1603 2866 indignantibus,
1649 2795 1835 2851 Domi-

251 2904 383 2969 num
415 2904 523 2941 esse
542 2886 713 2957 ﬁlium
743 2888 969 2945 hominis
1014 2890 1171 2969 etiam
1199 2887 1403 2969 sabbati
1451 2882 1675 2958 (Matth:
1707 2883 1830 2969 xu).

249 2966 440 3048 itaque
466 2977 553 3032 illa
582 2970 869 3034 carnaliter
898 2995 1005 3037 non
1038 2962 1377 3059 observando
1406 2977 1608 3033 carnali
1637 2962 1835 3043 conﬂa-

249 3070 429 3140 gravit
456 3067 677 3135 invidia,
723 3077 777 3127 et
804 3070 1041 3141 suscepit
1082 3070 1299 3140 quidem
1327 3084 1545 3139 [laenam
1584 3067 1835 3141 ιρι-οροεὶ-

249 3167 362 3217 tam
388 3159 509 3228 illis,
533 3160 623 3231 qui
640 3177 759 3219 eam
788 3177 895 3219 non
921 3152 1323 3229 Observassent,
1348 3162 1442 3217 sed
1464 3169 1523 3216 ut
1546 3160 1833 3221 credentes

1937 1972 2114 2039 xerit,
2162 1972 2390 2044 ideoque
2436 1988 2660 2029 securus
2701 1971 2992 2042 Apostolus
3027 1972 3103 2026 ait
3150 1972 3215 2030 de
3256 1970 3473 2027 Christo
3508 1988 3525 2027 :

1938 2065 1988 2145 Ε
1991 2077 2140 2121 actus
2173 2076 2250 2122 est
2292 2083 2386 2139 pro
2418 2066 2564 2121 nobis
2609 2063 2976 2131 maledictum,
3011 2065 3149 2123 sicut
3194 2080 3301 2121 non
3351 2063 3529 2120 timuit

1937 2159 2139 2227 dicere,
2187 2174 2287 2229 pro
2331 2158 2585 2214 omnibus
2632 2165 2876 2233 mortuus
2920 2166 3023 2214 est.
3076 2156 3190 2212 Hoc
3234 2166 3317 2212 est
3359 2157 3523 2222 enim,

1937 2260 2182 2321 mortuus
2218 2262 2322 2319 est,
2350 2251 2495 2323 quod
2536 2250 2853 2309 malcdictus
2885 2268 2898 2303 :
2933 2249 3190 2320 quoniam
3219 2265 3366 2305 mors
3406 2250 3526 2320 ipsa

1935 2359 2003 2401 ex
2033 2345 2318 2401 maledicto
2342 2350 2448 2410 est,
2470 2349 2526 2397 et
2549 2341 2896 2398 maledictum
2921 2349 3004 2399 est
3034 2356 3194 2399 omne
3222 2349 3523 2411 peccatum,

1937 2438 2051 2497 sive
2079 2437 2274 2509 ipsum,
2314 2426 2460 2507 quod
2502 2434 2582 2501 iit,
2629 2441 2687 2488 ut
2725 2441 2987 2503 sequatur
3031 2420 3372 2504 supplicium,
3412 2429 3531 2487 sive

1937 2524 2114 2598 ipsum
2158 2525 2499 2597 supplicium,
2540 2522 2686 2595 quod
2727 2520 2835 2587 alio
2871 2522 3033 2579 modo
3073 2529 3299 2577 vocatur
3332 2534 3529 2595 pecca-

1937 2630 2073 2687 tum,
2118 2620 2248 2692 quia
2290 2618 2350 2674 ﬁt
2389 2634 2455 2674 ex
2486 2623 2732 2690 peccato.
2770 2614 3019 2685 Suscepit
3058 2621 3238 2671 autem
3278 2611 3528 2668 Christus

1936 2713 2055 2769 sine
2104 2720 2258 2767 reatu
2312 2709 2632 2781 supplicium
2679 2714 2924 2783 nostrum
2949 2745 2985 2779 ,ι
3013 2711 3073 2761 ut
3122 2704 3246 2759 inde
3295 2702 3529 2769 solveret

1936 2814 2147 2863 reatum
2199 2814 2467 2869 nostrum,
2517 2810 2574 2859 et
2618 2802 2801 2858 ﬁniret
2844 2802 3006 2859 etiam
3057 2798 3377 2869 supplicium
3429 2812 3529 2852 no-

1936 2906 2128 2969 strum.
2160 2895 2237 2950 Ex
2275 2894 2490 2966 ingenio
2515 2907 2637 2948 meo
2663 2892 2767 2949 ista
2793 2890 3045 2961 dixerim,
3077 2892 3257 2945 sinon
3296 2886 3528 2958 Aposto-

1935 2985 2019 3041 lus
2047 2985 2209 3040 toties
2248 2984 2353 3039 hoc
2385 2981 2638 3047 inculcat,
2682 2987 2742 3033 ut
2781 2986 2837 3039 et
2863 2977 3196 3033 dormientes
3222 2976 3440 3041 excitet,
3473 2980 3530 3057 et

1935 3076 2328 3133 calumniantes
2362 3072 2676 3131 confundat.
2710 3066 2879 3135 Misit,
2912 3068 3105 3138 inquit,
3138 3066 3291 3145 ‘Deus
3324 3064 3372 3118 F
3375 3064 3525 3121 ilium

1934 3186 2088 3226 suum
2129 3169 2186 3222 in
2228 3163 2624 3222 similitudinem
2667 3161 2841 3218 carnis
2882 3155 3083 3230 peccati
3134 3155 3322 3229 (Rom.
3372 3150 3523 3228 vui),

252 3250 312 3309 in
382 3266 440 3306 se
498 3248 623 3307 ιθιίδ
675 3267 850 3322 Damae
913 3242 1108 3307 timore
1158 3250 1380 3307 omnino
1434 3250 1711 3316 liberaret.
1763 3248 1831 3305 ad
1858 3259 1903 3324 C
1933 3260 2061 3332 quia
2100 3273 2210 3325 non
2240 3258 2306 3312 de
2339 3255 2563 3310 traduce
2600 3251 2949 3307 mortalitatis
2984 3252 3039 3305 in
3078 3247 3246 3325 Maria
3276 3263 3375 3319 per
3410 3261 3528 3303 ma-

252 3338 402 3413 quod
451 3336 703 3408 refertur,
759 3344 900 3412 quod
939 3358 1083 3403 nunc
1122 3351 1515 3411 consequenter
1550 3337 1829 3408 adiunxit:

323 3428 558 3486 Christus
583 3424 675 3486 nos
704 3414 917 3489 redemit
950 3433 1014 3486 de
1053 3432 1329 3487 maledicto
1357 3432 1502 3517 legis,
1535 3434 1709 3503 factus
1737 3449 1834 3503 pro

250 3525 402 3589 nobis
425 3526 758 3582 maledictum
781 3547 798 3583 .'
820 3529 944 3598 quia
967 3528 1222 3599 scriptum
1244 3537 1359 3582 est:
1385 3526 1700 3583 Maledictus
1727 3544 1838 3581 om-

250 3619 334 3673 nis
363 3619 452 3689 qui
479 3608 663 3683 pendet
694 3620 749 3676 in
778 3618 940 3690 ligno.
975 3606 1117 3675 lilors
1154 3620 1389 3676 hominis
1414 3636 1481 3677 ex
1518 3602 1676 3689 poena
1712 3635 1838 3691 pec-

249 3708 359 3765 cati
400 3714 501 3775 esl,
534 3709 677 3763 unde
712 3716 767 3764 et
807 3709 919 3779 ipsa
964 3721 1245 3781 peccatum
1287 3710 1507 3767 dicitur.
1554 3710 1669 3766 Non
1711 3708 1837 3780 quia

249 3788 441 3872 peccat
483 3800 641 3854 homo
668 3800 792 3854 dum
820 3803 1083 3868 moritur;
1131 3803 1223 3857 sed
1254 3802 1382 3873 quia
1409 3816 1477 3857 ex
1507 3786 1729 3874 peccato
1756 3802 1838 3863 fa-

251 3882 399 3945 ctum
424 3897 523 3952 est,
552 3897 607 3942 ut
630 3890 891 3945 moriatur
919 3908 930 3944 :
962 3890 1100 3945 sicut
1127 3891 1231 3945 alio
1257 3892 1413 3947 modo
1439 3878 1637 3946 dicitur
1663 3910 1676 3946 :
1713 3876 1838 3955 Liu-

250 3999 357 4059 gua
387 3978 602 4055 proprie
627 3999 774 4051 caro,
807 3980 926 4056 quae
956 3982 1097 4041 intra
1123 3986 1311 4042 dentes
1332 3972 1431 4041 sub
1456 3978 1635 4055 palato
1656 4000 1837 4041 move-

251 4072 376 4142 tur;
424 4083 478 4130 et
522 4072 626 4130 alio
655 4076 814 4131 modo
841 4076 1039 4132 dicitur
1067 4076 1268 4148 lingua,
1303 4078 1445 4148 quod
1472 4092 1569 4148 per
1596 4071 1835 4153 linguam

250 4165 356 4222 ﬁt:
396 4162 687 4222 secundum
718 4182 878 4238 quem
918 4168 1138 4227 modum
1167 4167 1365 4223 dicitur
1403 4167 1584 4239 lingua
1625 4152 1834 4235 Graeca,

251 4258 356 4315 alia
388 4250 601 4315 Latina.
640 4242 707 4311 Et
733 4274 925 4319 manus
960 4258 1065 4312 alio
1094 4256 1254 4313 modo
1285 4256 1482 4313 dicitur
1510 4252 1682 4329 ipsum
1712 4273 1838 4329 pro-

249 4348 370 4425 prie
399 4346 642 4419 corporis
669 4336 1001 4415 membrum,
1030 4336 1171 4419 quod
1210 4362 1489 4402 movemus
1515 4342 1581 4401 ad
1609 4330 1837 4419 operan-

250 4442 413 4510 dum;
446 4451 502 4497 et
532 4438 637 4497 alio
666 4438 827 4497 modo
857 4430 1052 4498 manus
1084 4438 1283 4498 dicitur
1311 4443 1598 4514 scriptura,
1630 4436 1749 4514 qua:
1776 4426 1837 4497 lit

248 4541 351 4605 per
378 4548 615 4589 manum.
640 4518 879 4588 Dicimus
905 4528 1048 4588 enim
1073 4551 1086 4587 :
1118 4516 1333 4587 Prolata
1362 4542 1444 4587 est
1471 4548 1663 4588 manus
1684 4531 1831 4604 ejus;

1936 3350 2143 3407 senium
2168 3355 2414 3413 venerat,
2443 3345 2538 3402 sed
2564 3353 2743 3399 tamen
2767 3342 2891 3412 quia
2914 3340 2981 3396 de
3004 3347 3228 3417 peccato
3250 3345 3339 3403 est,
3356 3352 3524 3397 mors.

1934 3443 2028 3499 llla
2063 3448 2243 3496 autem
2279 3454 2427 3504 caro,
2459 3435 2707 3508 quamvis
2743 3450 2810 3493 ex
2844 3432 3071 3506 virgine,
3110 3440 3289 3489 tamen
3324 3438 3530 3486 morta-

1935 3534 2001 3607 lis
2028 3532 2128 3588 fuit
2155 3549 2167 3586 :
2199 3542 2253 3587 et
2282 3545 2347 3586 eo
2371 3530 2507 3600 ipso,
2538 3542 2646 3598 quo
2672 3524 2918 3583 mortalis
2942 3532 3084 3589 erat,
3118 3522 3525 3587 similitudinem

1935 3622 2171 3681 habebat
2207 3620 2390 3677 carnis
2430 3618 2660 3690 peccati.
2699 3616 2813 3673 Hoc
2859 3614 3092 3687 appellat
3133 3614 3298 3669 etiam
3339 3628 3530 3685 pecca-

1938 3724 2050 3771 tum
2068 3755 2082 3781 ,
2112 3720 2507 3783 consequenter
2536 3710 2724 3787 dicens
2755 3726 2768 3762 :
2815 3705 2880 3761 Ut
2920 3692 2985 3761 de
3012 3714 3224 3785 peccato
3252 3704 3527 3759 damnaret

1934 3816 2203 3879 peccatum
2239 3806 2295 3861 in
2318 3821 2494 3859 came.
2526 3804 2660 3859 Item
2687 3801 2793 3856 alio
2819 3800 2957 3857 loco.
2993 3795 3167 3864 'Eum,
3201 3798 3411 3868 inquit,
3437 3797 3526 3869 qui

1935 3914 2041 3954 non
2082 3905 2291 3952 noverat
2331 3904 2624 3965 peccatum,
2666 3901 2934 3963 peccatum
2963 3906 3059 3961 pro
3102 3889 3250 3943 nobis
3283 3888 3435 3958 fecit,
3467 3897 3526 3943 ut

1935 4005 2029 4045 nos
2057 3988 2220 4043 simus
2240 3985 2457 4056 justitia
2496 3983 2596 4039 Dei
2639 3984 2695 4039 in
2734 3983 2844 4052 ipso
2873 3979 2924 4051 (Ι
2932 3979 2958 4033 1
2985 3979 3109 4037 Cor.
3143 3979 3226 4053 ιι).
3258 3977 3367 4033 Cur
3396 3992 3526 4051 ergo

1935 4070 2151 4137 timeret
2179 4078 2388 4151 Moyses
2411 4077 2592 4132 dicere
2615 4071 2982 4136 maledictum,
3015 4070 3158 4142 quod
3187 4068 3385 4126 Paulus
3414 4084 3523 4125 non

1935 4173 2113 4243 timuit
2139 4173 2320 4230 dicere
2346 4169 2667 4243 peccatum?
2695 4166 2861 4225 Plane
2890 4168 2994 4223 hoc
3024 4168 3287 4237 propheta
3313 4167 3361 4222 ei
3390 4181 3526 4238 prte-

1934 4264 2119 4320 videre
2136 4262 2340 4330 debuit,
2365 4270 2420 4318 et
2444 4260 2737 4332 praedicere
2760 4266 2982 4335 paratus
3009 4258 3078 4314 ab
3103 4257 3373 4329 haereticis
3397 4273 3521 4314 cum

1934 4352 2191 4425 Apostolo
2234 4348 2574 4423 reprehendi.
2619 4348 2875 4419 Quisquis
2922 4348 3067 4423 enim
3118 4345 3525 4417 reprehenderit

1934 4428 2255 4516 prophetam
2276 4443 2476 4523 dixisse
2499 4440 2868 4509 maledictum,
2895 4440 3106 4512 cogitur
3127 4440 3523 4521 reprehendere

1936 4535 2252 4607 Apostolum
2270 4534 2471 4593 dixisse
2492 4541 2791 4604 peccatum.
2816 4531 2952 4591 Nam
2972 4534 3157 4603 utique
3174 4530 3521 4591 maledictum

248 4624 392 4680 lecta
424 4633 507 4681 est
544 4624 801 4680 adversus
827 4641 951 4680 eum
996 4640 1187 4680 manus
1232 4623 1382 4695 ejus;
1416 4622 1588 4681 habeo
1617 4640 1835 4679 manum
1858 4605 1914 4667 Ῑ)
1938 4605 2119 4685 comes
2142 4628 2350 4701 peccati
2377 4634 2479 4685 est.
2508 4625 2617 4682 Nec
2645 4625 2766 4683 ideo
2793 4625 2966 4696 major
3000 4610 3196 4693 invidia
3231 4630 3314 4680 est
3332 4663 3350 4687 ,
3378 4622 3522 4693 quod

252 4723 403 4770 tuam
432 4734 445 4769 :
474 4730 667 4771 manus
692 4716 877 4797 utique
900 4716 1117 4791 proprie
1140 4716 1442 4771 membrum
1469 4724 1552 4772 est
1577 4715 1833 4797 hominis.

249 4802 371 4865 Non
412 4818 593 4865 autem
622 4810 813 4879 opinor
843 4791 984 4864 illam
1022 4810 1344 4882 scripturam
1385 4798 1685 4869 membrum
1716 4791 1837 4867 esse

250 4900 511 4967 hominis,
538 4909 591 4956 et
621 4904 801 4955 tamen
834 4901 1030 4956 dicitur
1054 4917 1268 4967 manus,
1299 4915 1364 4958 eo
1389 4903 1529 4973 quod
1560 4918 1720 4957 manu
1748 4901 1832 4957 fa-

249 5001 343 5050 cta
372 4994 458 5048 sit.
492 4992 582 5049 Sic
607 5001 660 5051 et
682 5003 960 5064 peccatum
986 5010 1093 5049 non
1124 5004 1330 5052 tantum
1363 4989 1534 5067 ipsum
1557 5012 1692 5066 opus
1716 5013 1832 5054 ma-

249 5072 384 5147 lum,
419 5086 560 5157 quod
586 5101 745 5156 poena
773 5085 991 5158 dignum
1027 5095 1134 5155 est,
1180 5086 1273 5143 sed
1316 5088 1477 5143 etiam
1511 5076 1622 5159 ipsa
1663 5105 1832 5156 mors,

248 5190 383 5263 quae.
416 5170 636 5257 propter
670 5188 890 5263 peccata
922 5189 1036 5263 est,
1066 5189 1347 5253 peccatum
1380 5182 1703 5252 appellatum
1728 5191 1832 5241 est.

247 5260 387 5329 Illud
427 5268 607 5341 itaque
647 5260 949 5341 peceatum,
981 5288 1087 5343 quo
1128 5289 1251 5329 reus
1292 5284 1435 5339 esset
1470 5276 1679 5345 mortis,
1725 5291 1834 5332 non

248 5360 524 5416 commisit
550 5358 815 5418 Christus.
840 5361 972 5418 Illud
995 5346 1174 5420 autem
1198 5365 1448 5433 alterum,
1474 5367 1528 5423 id
1554 5376 1661 5435 est,
1689 5383 1835 5424 mor-

248 5451 363 5502 tem
385 5489 400 5514 ,
430 5464 550 5520 qua:
582 5456 804 5521 peccato
830 5451 1032 5509 inﬂicta
1063 5463 1147 5511 est
1173 5450 1423 5513 humanae
1454 5468 1684 5525 natum,
1714 5474 1832 5516 sus-

250 5536 399 5607 cepit
423 5546 521 5611 pro
548 5538 720 5598 nobis.
766 5538 879 5597 Hoc
909 5544 1187 5615 suspendit
1232 5545 1286 5600 in
1324 5546 1489 5621 ligno,
1531 5546 1635 5604 hoc
1664 5546 1833 5605 male—

249 5627 459 5685 dictum
499 5640 584 5689 est
610 5650 708 5709 per
749 5635 988 5717 Moysen.
1018 5639 1094 5695 Ibi
1141 5622 1288 5696 mors
1328 5642 1582 5699 damnata
1621 5650 1722 5709 est,
1765 5656 1834 5705 ne

249 5722 526 5795 regnaret,
570 5716 625 5783 et
664 5716 944 5786 maledicta
985 5741 1086 5799 est,
1131 5742 1192 5788 ut
1228 5734 1450 5804 periret.
1494 5733 1835 5805 Quapropter

240 5818 351 5897 ’ρει-
377 5815 579 5876 Christi
607 5819 712 5877 tale
740 5824 1021 5895 peccatum
1060 5824 1371 5885 damnatum
1395 5837 1479 5886 est
1506 5836 1562 5884 et
1588 5834 1833 5885 nostrum

1902 4744 1907 4747 ·
1936 4722 2205 4779 addiderit
2229 4721 2361 4788 Deo,
2388 4729 2448 4777 ut
2472 4720 2710 4785 diceret,
2739 4718 3055 4777 Haledictus
3081 4717 3192 4773 Deo
3213 4719 3403 4799 omnis,
3430 4715 3521 4789 qui

1933 4814 2229 4887 pependerit
2251 4815 2305 4869 in
2331 4812 2494 4884 ligno.
2515 4810 2631 4867 Nisi
2649 4811 2796 4867 enim
2820 4810 2961 4866 Deus
2986 4811 3189 4867 odisset
3212 4818 3515 4880 peccatum,

1936 4914 1991 4961 et
2015 4913 2244 4961 mortem
2270 4913 2533 4969 nostram,
2561 4917 2668 4957 non
2698 4896 2767 4956 ad
2791 4915 2913 4957 eam
2938 4899 3333 4975 suscipiendam
3357 4907 3519 4973 atque

1936 4996 2217 5053 delendam
2252 4994 2448 5050 Filium
2479 5008 2635 5050 suum
2670 4992 2928 5051 mitteret.
2966 4989 3103 5075 Quid
3128 5004 3256 5075 ergo
3298 4990 3516 5063 mirum,

1936 5085 1979 5163 si
2012 5083 2357 5140 maledictum
2384 5092 2466 5140 est
2492 5082 2623 5151 Deo,
2655 5082 2798 5157 quod
2828 5081 2941 5163 odit
2969 5074 3146 5137 Deus?
3170 5074 3345 5135 Tanto
3371 5080 3517 5137 enim

1933 5177 2188 5233 libentius
2207 5176 2365 5235 nobis
2391 5177 2555 5233 donat
2580 5174 3062 5257 immortalitatem,
3083 5186 3205 5243 qua:
3231 5170 3409 5231 futura
3435 5178 3519 5227 est

1933 5271 2150 5331 Christo
2176 5269 2442 5336 veniente,
2476 5275 2679 5339 quanto
2706 5262 3108 5325 misericordius
3137 5261 3251 5321 odit
3289 5270 3519 5321 mortem

1932 5371 2198 5428 nostram,
2236 5377 2355 5431 qua:
2399 5361 2453 5415 in
2497 5359 2643 5431 ligno
2680 5358 2933 5430 pependit
2973 5346 3190 5433 Christo
3229 5356 3515 5419 moriente.

1936 5450 2090 5523 Quod
2120 5464 2302 5508 autem
2343 5452 2585 5508 additum
2619 5459 2737 5517 est,
2766 5448 2961 5518 omnis,
2993 5456 3053 5505 ut
3081 5449 3369 5514 diceretur,
3401 5444 3519 5505 Ma-

1934 5544 2154 5599 ledictus
2176 5542 2343 5598 omnis
2368 5544 2458 5615 qui
2482 5542 2722 5614 pependit
2746 5543 2802 5597 in
2825 5542 2989 5614 ligno,
3018 5558 3125 5597 non
3155 5557 3293 5625 sane
3311 5540 3519 5621 Moyses

1935 5640 2115 5709 minus
2155 5638 2399 5711 praavidit
2440 5626 2604 5697 etiam
2643 5638 2826 5710 justos
2852 5641 2908 5696 in
2950 5655 3114 5701 cruce
3159 5638 3393 5721 futuros,
3423 5637 3519 5711 sed

1934 5722 2071 5787 bene
2104 5732 2351 5803 prrevidit
2378 5732 2661 5789 haereticos
2695 5748 2882 5790 veram
2905 5743 3137 5791 mortem
3167 5731 3382 5807 Domini
3411 5742 3519 5807 tne-

1934 5834 2175 5900 gaturos,
2208 5831 2263 5883 et
2286 5824 2409 5884 ideo
2433 5824 2675 5884 volentes
2700 5823 2767 5886 ab
2794 5810 2900 5887 hoc
2925 5824 3217 5888 maledicto
