  <div class='ocr_page' id='page_1' title='image "/cluster/home/n/w/nwhite01/storage/ocr_20150623/104/hvd.32044015466824/465.png"; bbox 0 0 4056 6350; ppageno 0'>
   <div class='ocr_carea' id='block_1_1' title="bbox 546 374 645 440">
    <p class='ocr_par' dir='ltr' id='par_1_1' title="bbox 546 374 645 440">
     <span class='ocr_line' id='line_1_1' title="bbox 546 374 645 440; baseline -0.02 0"><span class='ocrx_word' id='word_1_1' title='bbox 546 374 645 440; x_wconf 74' lang='lat'><strong>8&#39;“</strong></span> 
     </span>
    </p>
   </div>
   <div class='ocr_carea' id='block_1_2' title="bbox 1616 371 2741 439">
    <p class='ocr_par' dir='ltr' id='par_1_2' title="bbox 1616 371 2741 439">
     <span class='ocr_line' id='line_1_2' title="bbox 1616 371 2741 439; baseline 0.003 -5"><span class='ocrx_word' id='word_1_2' title='bbox 1616 375 1894 436; x_wconf 83' lang='lat' dir='ltr'><strong>CLAUDII</strong></span> <span class='ocrx_word' id='word_1_3' title='bbox 1932 371 2398 436; x_wconf 83' lang='lat' dir='ltr'><strong>TAURINENSIS</strong></span> <span class='ocrx_word' id='word_1_4' title='bbox 2433 373 2741 439; x_wconf 81' lang='lat' dir='ltr'><strong>EPISCOPI</strong></span> 
     </span>
    </p>
   </div>
   <div class='ocr_carea' id='block_1_3' title="bbox 3721 384 3847 442">
    <p class='ocr_par' dir='ltr' id='par_1_3' title="bbox 3721 384 3847 442">
     <span class='ocr_line' id='line_1_3' title="bbox 3721 384 3847 442; baseline -0.016 0"><span class='ocrx_word' id='word_1_5' title='bbox 3721 384 3847 442; x_wconf 74' lang='lat'><strong>872</strong></span> 
     </span>
    </p>
   </div>
   <div class='ocr_carea' id='block_1_4' title="bbox 545 490 3845 572">
    <p class='ocr_par' dir='ltr' id='par_1_4' title="bbox 545 490 3845 572">
     <span class='ocr_line' id='line_1_4' title="bbox 545 490 3845 572; baseline 0.002 -22"><span class='ocrx_word' id='word_1_6' title='bbox 545 495 853 567; x_wconf 80' lang='lat' dir='ltr'><strong>sejungere,</strong></span> <span class='ocrx_word' id='word_1_7' title='bbox 873 500 934 548; x_wconf 90' lang='lat' dir='ltr'><strong>ut</strong></span> <span class='ocrx_word' id='word_1_8' title='bbox 955 506 989 550; x_wconf 68' lang='grc' dir='ltr'>ι</span> <span class='ocrx_word' id='word_1_9' title='bbox 1015 490 1210 549; x_wconf 83' lang='lat' dir='ltr'><strong>mortis</strong></span> <span class='ocrx_word' id='word_1_10' title='bbox 1232 490 1399 548; x_wconf 89' lang='lat' dir='ltr'><strong>etiam</strong></span> <span class='ocrx_word' id='word_1_11' title='bbox 1424 491 1655 547; x_wconf 74' lang='lat' dir='ltr'><strong>veritate</strong></span> <span class='ocrx_word' id='word_1_12' title='bbox 1679 490 2045 564; x_wconf 88' lang='lat' dir='ltr'><strong>sejungerent.</strong></span> <span class='ocrx_word' id='word_1_13' title='bbox 2069 491 2128 548; x_wconf 91' lang='lat' dir='ltr'><strong>Si</strong></span> <span class='ocrx_word' id='word_1_14' title='bbox 2153 501 2208 560; x_wconf 82' lang='grc' dir='ltr'><strong>Α</strong></span> <span class='ocrx_word' id='word_1_15' title='bbox 2231 495 2598 565; x_wconf 78' lang='lat' dir='ltr'><strong>conﬁrmatum</strong></span> <span class='ocrx_word' id='word_1_16' title='bbox 2643 503 3008 552; x_wconf 76' lang='lat' dir='ltr'><strong>testamentum</strong></span> <span class='ocrx_word' id='word_1_17' title='bbox 3049 507 3203 552; x_wconf 83' lang='lat' dir='ltr'><strong>nemo</strong></span> <span class='ocrx_word' id='word_1_18' title='bbox 3245 497 3443 570; x_wconf 87' lang='lat' dir='ltr'><strong>spernit</strong></span> <span class='ocrx_word' id='word_1_19' title='bbox 3492 509 3588 555; x_wconf 81' lang='lat' dir='ltr'><strong>aut</strong></span> <span class='ocrx_word' id='word_1_20' title='bbox 3633 518 3845 572; x_wconf 74' lang='lat' dir='ltr'><strong>super-</strong></span> 
     </span>
    </p>
   </div>
   <div class='ocr_carea' id='block_1_5' title="bbox 542 582 2132 650">
    <p class='ocr_par' dir='ltr' id='par_1_5' title="bbox 542 582 2132 650">
     <span class='ocr_line' id='line_1_5' title="bbox 542 582 2132 650; baseline -0.004 -4"><span class='ocrx_word' id='word_1_21' title='bbox 542 590 687 646; x_wconf 90' lang='lat' dir='ltr'><strong>enim</strong></span> <span class='ocrx_word' id='word_1_22' title='bbox 729 602 859 643; x_wconf 87' lang='lat' dir='ltr'><strong>vera</strong></span> <span class='ocrx_word' id='word_1_23' title='bbox 899 585 988 641; x_wconf 90' lang='lat' dir='ltr'><strong>illa</strong></span> <span class='ocrx_word' id='word_1_24' title='bbox 1022 599 1172 642; x_wconf 90' lang='lat' dir='ltr'><strong>mors</strong></span> <span class='ocrx_word' id='word_1_25' title='bbox 1200 600 1310 642; x_wconf 90' lang='lat' dir='ltr'><strong>non</strong></span> <span class='ocrx_word' id='word_1_26' title='bbox 1349 593 1488 650; x_wconf 90' lang='lat' dir='ltr'><strong>erat,</strong></span> <span class='ocrx_word' id='word_1_27' title='bbox 1534 582 1740 639; x_wconf 90' lang='lat' dir='ltr'><strong>nullum</strong></span> <span class='ocrx_word' id='word_1_28' title='bbox 1784 583 2132 640; x_wconf 78' lang='lat' dir='ltr'><strong>maledictum</strong></span> 
     </span>
    </p>
   </div>
   <div class='ocr_carea' id='block_1_6' title="bbox 542 675 2132 749">
    <p class='ocr_par' dir='ltr' id='par_1_6' title="bbox 542 675 2132 749">
     <span class='ocr_line' id='line_1_6' title="bbox 542 675 2132 749; baseline -0.002 -14"><span class='ocrx_word' id='word_1_29' title='bbox 542 680 761 735; x_wconf 86' lang='lat' dir='ltr'><strong>Christo</strong></span> <span class='ocrx_word' id='word_1_30' title='bbox 803 678 1065 734; x_wconf 79' lang='lat' dir='ltr'><strong>cruciﬁxo</strong></span> <span class='ocrx_word' id='word_1_31' title='bbox 1103 676 1362 749; x_wconf 86' lang='lat' dir='ltr'><strong>pependit</strong></span> <span class='ocrx_word' id='word_1_32' title='bbox 1390 677 1446 732; x_wconf 92' lang='lat' dir='ltr'><strong>in</strong></span> <span class='ocrx_word' id='word_1_33' title='bbox 1485 675 1633 748; x_wconf 89' lang='lat' dir='ltr'><strong>ligno</strong></span> <span class='ocrx_word' id='word_1_34' title='bbox 1667 695 1680 730; x_wconf 89' lang='lat'><strong>:</strong></span> <span class='ocrx_word' id='word_1_35' title='bbox 1712 676 1839 746; x_wconf 91' lang='lat' dir='ltr'><strong>quia</strong></span> <span class='ocrx_word' id='word_1_36' title='bbox 1874 691 1975 732; x_wconf 91' lang='lat' dir='ltr'><strong>nec</strong></span> <span class='ocrx_word' id='word_1_37' title='bbox 2005 691 2132 732; x_wconf 90' lang='lat' dir='ltr'><strong>vere</strong></span> 
     </span>
    </p>
   </div>
   <div class='ocr_carea' id='block_1_7' title="bbox 541 771 2130 844">
    <p class='ocr_par' dir='ltr' id='par_1_7' title="bbox 541 771 2130 844">
     <span class='ocr_line' id='line_1_7' title="bbox 541 771 2130 844; baseline -0.004 -12"><span class='ocrx_word' id='word_1_38' title='bbox 541 776 831 832; x_wconf 89' lang='lat' dir='ltr'><strong>cruciﬁxus</strong></span> <span class='ocrx_word' id='word_1_39' title='bbox 876 782 984 839; x_wconf 90' lang='lat' dir='ltr'><strong>est,</strong></span> <span class='ocrx_word' id='word_1_40' title='bbox 1028 772 1124 829; x_wconf 88' lang='lat' dir='ltr'><strong>sed</strong></span> <span class='ocrx_word' id='word_1_41' title='bbox 1167 781 1359 830; x_wconf 89' lang='lat' dir='ltr'><strong>contra</strong></span> <span class='ocrx_word' id='word_1_42' title='bbox 1397 771 1557 844; x_wconf 89' lang='lat' dir='ltr'><strong>longe</strong></span> <span class='ocrx_word' id='word_1_43' title='bbox 1591 771 1804 827; x_wconf 84' lang='lat' dir='ltr'><strong>futuros</strong></span> <span class='ocrx_word' id='word_1_44' title='bbox 1843 771 2130 828; x_wconf 68' lang='lat' dir='ltr'><strong>bmreticos</strong></span> 
     </span>
    </p>
   </div>
   <div class='ocr_carea' id='block_1_8' title="bbox 540 863 2133 938">
    <p class='ocr_par' dir='ltr' id='par_1_8' title="bbox 540 863 2133 938">
     <span class='ocr_line' id='line_1_8' title="bbox 540 863 2133 938; baseline -0.001 -16"><span class='ocrx_word' id='word_1_45' title='bbox 540 884 707 938; x_wconf 86' lang='lat' dir='ltr'><strong>quam</strong></span> <span class='ocrx_word' id='word_1_46' title='bbox 735 869 800 923; x_wconf 91' lang='lat' dir='ltr'><strong>de</strong></span> <span class='ocrx_word' id='word_1_47' title='bbox 825 867 982 936; x_wconf 88' lang='lat' dir='ltr'><strong>longe</strong></span> <span class='ocrx_word' id='word_1_48' title='bbox 1011 865 1214 920; x_wconf 89' lang='lat' dir='ltr'><strong>clamat</strong></span> <span class='ocrx_word' id='word_1_49' title='bbox 1238 863 1449 936; x_wconf 82' lang='lat' dir='ltr'><strong>Moyses</strong></span> <span class='ocrx_word' id='word_1_50' title='bbox 1480 882 1494 918; x_wconf 89' lang='lat'><strong>:</strong></span> <span class='ocrx_word' id='word_1_51' title='bbox 1529 863 1658 919; x_wconf 87' lang='lat' dir='ltr'><strong>Sine</strong></span> <span class='ocrx_word' id='word_1_52' title='bbox 1683 879 1847 919; x_wconf 90' lang='lat' dir='ltr'><strong>causa</strong></span> <span class='ocrx_word' id='word_1_53' title='bbox 1875 863 2133 935; x_wconf 83' lang='lat' dir='ltr'><strong>tergiver-</strong></span> 
     </span>
    </p>
   </div>
   <div class='ocr_carea' id='block_1_9' title="bbox 542 955 2128 1029">
    <p class='ocr_par' dir='ltr' id='par_1_9' title="bbox 542 955 2128 1029">
     <span class='ocr_line' id='line_1_9' title="bbox 542 955 2128 1029; baseline -0.003 -14"><span class='ocrx_word' id='word_1_54' title='bbox 542 961 759 1024; x_wconf 87' lang='lat' dir='ltr'><strong>samiui,</strong></span> <span class='ocrx_word' id='word_1_55' title='bbox 805 975 838 1014; x_wconf 93' lang='lat' dir='ltr'><strong>o</strong></span> <span class='ocrx_word' id='word_1_56' title='bbox 885 959 1080 1029; x_wconf 92' lang='lat' dir='ltr'><strong>quibus</strong></span> <span class='ocrx_word' id='word_1_57' title='bbox 1126 957 1375 1029; x_wconf 82' lang='lat' dir='ltr'><strong>displicet</strong></span> <span class='ocrx_word' id='word_1_58' title='bbox 1419 957 1624 1012; x_wconf 89' lang='lat' dir='ltr'><strong>veritas</strong></span> <span class='ocrx_word' id='word_1_59' title='bbox 1668 957 1861 1012; x_wconf 91' lang='lat' dir='ltr'><strong>mortis</strong></span> <span class='ocrx_word' id='word_1_60' title='bbox 1903 955 2128 1024; x_wconf 84' lang='lat' dir='ltr'><strong>Christi,</strong></span> 
     </span>
    </p>
   </div>
   <div class='ocr_carea' id='block_1_10' title="bbox 540 1049 2129 1123">
    <p class='ocr_par' dir='ltr' id='par_1_10' title="bbox 540 1049 2129 1123">
     <span class='ocr_line' id='line_1_10' title="bbox 540 1049 2129 1123; baseline -0.004 -14"><span class='ocrx_word' id='word_1_61' title='bbox 540 1053 862 1109; x_wconf 88' lang='lat' dir='ltr'><strong>maledictus</strong></span> <span class='ocrx_word' id='word_1_62' title='bbox 884 1051 1062 1108; x_wconf 93' lang='lat' dir='ltr'><strong>omnis</strong></span> <span class='ocrx_word' id='word_1_63' title='bbox 1087 1052 1179 1123; x_wconf 90' lang='lat' dir='ltr'><strong>qui</strong></span> <span class='ocrx_word' id='word_1_64' title='bbox 1208 1051 1464 1122; x_wconf 82' lang='lat' dir='ltr'><strong>pependit</strong></span> <span class='ocrx_word' id='word_1_65' title='bbox 1484 1051 1539 1106; x_wconf 90' lang='lat' dir='ltr'><strong>in</strong></span> <span class='ocrx_word' id='word_1_66' title='bbox 1567 1051 1731 1122; x_wconf 89' lang='lat' dir='ltr'><strong>ligno.</strong></span> <span class='ocrx_word' id='word_1_67' title='bbox 1758 1049 1875 1104; x_wconf 86' lang='lat' dir='ltr'><strong>Non</strong></span> <span class='ocrx_word' id='word_1_68' title='bbox 1905 1049 2014 1115; x_wconf 92' lang='lat' dir='ltr'><strong>ille,</strong></span> <span class='ocrx_word' id='word_1_69' title='bbox 2035 1057 2129 1103; x_wconf 91' lang='lat' dir='ltr'><strong>aut</strong></span> 
     </span>
    </p>
   </div>
   <div class='ocr_carea' id='block_1_11' title="bbox 539 1139 2129 1209">
    <p class='ocr_par' dir='ltr' id='par_1_11' title="bbox 539 1139 2129 1209">
     <span class='ocr_line' id='line_1_11' title="bbox 539 1139 2129 1209; baseline -0.004 -9"><span class='ocrx_word' id='word_1_70' title='bbox 539 1145 654 1209; x_wconf 91' lang='lat' dir='ltr'><strong>ille,</strong></span> <span class='ocrx_word' id='word_1_71' title='bbox 684 1145 780 1200; x_wconf 88' lang='lat' dir='ltr'><strong>sed</strong></span> <span class='ocrx_word' id='word_1_72' title='bbox 807 1143 982 1199; x_wconf 92' lang='lat' dir='ltr'><strong>omnis</strong></span> <span class='ocrx_word' id='word_1_73' title='bbox 1011 1142 1255 1209; x_wconf 88' lang='lat' dir='ltr'><strong>omnino,</strong></span> <span class='ocrx_word' id='word_1_74' title='bbox 1287 1143 1452 1198; x_wconf 90' lang='lat' dir='ltr'><strong>etiam</strong></span> <span class='ocrx_word' id='word_1_75' title='bbox 1495 1150 1552 1198; x_wconf 90' lang='lat' dir='ltr'><strong>et</strong></span> <span class='ocrx_word' id='word_1_76' title='bbox 1592 1141 1761 1196; x_wconf 89' lang='lat' dir='ltr'><strong>Filius</strong></span> <span class='ocrx_word' id='word_1_77' title='bbox 1795 1141 1919 1206; x_wconf 91' lang='lat' dir='ltr'><strong>Dei,</strong></span> <span class='ocrx_word' id='word_1_78' title='bbox 1964 1139 2129 1195; x_wconf 89' lang='lat' dir='ltr'><strong>etiam</strong></span> 
     </span>
    </p>
   </div>
   <div class='ocr_carea' id='block_1_12' title="bbox 539 1233 2130 1308">
    <p class='ocr_par' dir='ltr' id='par_1_12' title="bbox 539 1233 2130 1308">
     <span class='ocr_line' id='line_1_12' title="bbox 539 1233 2130 1308; baseline -0.002 -17"><span class='ocrx_word' id='word_1_79' title='bbox 539 1253 784 1308; x_wconf 85' lang='lat' dir='ltr'><strong>prorsus.</strong></span> <span class='ocrx_word' id='word_1_80' title='bbox 814 1236 948 1291; x_wconf 87' lang='lat' dir='ltr'><strong>Nam</strong></span> <span class='ocrx_word' id='word_1_81' title='bbox 972 1237 1077 1292; x_wconf 92' lang='lat' dir='ltr'><strong>hoc</strong></span> <span class='ocrx_word' id='word_1_82' title='bbox 1105 1245 1210 1303; x_wconf 91' lang='lat' dir='ltr'><strong>est,</strong></span> <span class='ocrx_word' id='word_1_83' title='bbox 1247 1235 1390 1306; x_wconf 90' lang='lat' dir='ltr'><strong>quod</strong></span> <span class='ocrx_word' id='word_1_84' title='bbox 1418 1251 1526 1292; x_wconf 91' lang='lat' dir='ltr'><strong>non</strong></span> <span class='ocrx_word' id='word_1_85' title='bbox 1561 1235 1747 1301; x_wconf 88' lang='lat' dir='ltr'><strong>vultis,</strong></span> <span class='ocrx_word' id='word_1_86' title='bbox 1777 1235 1901 1292; x_wconf 91' lang='lat' dir='ltr'><strong>inde</strong></span> <span class='ocrx_word' id='word_1_87' title='bbox 1930 1233 2130 1306; x_wconf 89' lang='lat' dir='ltr'><strong>satagi-</strong></span> 
     </span>
    </p>
   </div>
   <div class='ocr_carea' id='block_1_13' title="bbox 537 1326 2129 1398">
    <p class='ocr_par' dir='ltr' id='par_1_13' title="bbox 537 1326 2129 1398">
     <span class='ocr_line' id='line_1_13' title="bbox 537 1326 2129 1398; baseline -0.001 -14"><span class='ocrx_word' id='word_1_88' title='bbox 537 1329 634 1395; x_wconf 90' lang='lat' dir='ltr'><strong>tis,</strong></span> <span class='ocrx_word' id='word_1_89' title='bbox 669 1329 793 1383; x_wconf 91' lang='lat' dir='ltr'><strong>inde</strong></span> <span class='ocrx_word' id='word_1_90' title='bbox 831 1327 1108 1383; x_wconf 91' lang='lat' dir='ltr'><strong>seducitis.</strong></span> <span class='ocrx_word' id='word_1_91' title='bbox 1153 1326 1414 1398; x_wconf 89' lang='lat' dir='ltr'><strong>Displicet</strong></span> <span class='ocrx_word' id='word_1_92' title='bbox 1439 1327 1586 1383; x_wconf 90' lang='lat' dir='ltr'><strong>enim</strong></span> <span class='ocrx_word' id='word_1_93' title='bbox 1625 1327 1781 1382; x_wconf 83' lang='lat' dir='ltr'><strong>vobis</strong></span> <span class='ocrx_word' id='word_1_94' title='bbox 1809 1327 2129 1382; x_wconf 90' lang='lat' dir='ltr'><strong>maledictus</strong></span> 
     </span>
    </p>
   </div>
   <div class='ocr_carea' id='block_1_14' title="bbox 535 1418 2127 1492">
    <p class='ocr_par' dir='ltr' id='par_1_14' title="bbox 535 1418 2127 1492">
     <span class='ocr_line' id='line_1_14' title="bbox 535 1418 2127 1492; baseline -0.001 -18"><span class='ocrx_word' id='word_1_95' title='bbox 535 1435 639 1492; x_wconf 87' lang='lat' dir='ltr'><strong>pro</strong></span> <span class='ocrx_word' id='word_1_96' title='bbox 673 1419 852 1486; x_wconf 90' lang='lat' dir='ltr'><strong>nobis,</strong></span> <span class='ocrx_word' id='word_1_97' title='bbox 885 1418 1013 1490; x_wconf 84' lang='lat' dir='ltr'><strong>quia</strong></span> <span class='ocrx_word' id='word_1_98' title='bbox 1059 1418 1310 1490; x_wconf 87' lang='lat' dir='ltr'><strong>displicet</strong></span> <span class='ocrx_word' id='word_1_99' title='bbox 1349 1427 1594 1475; x_wconf 88' lang='lat' dir='ltr'><strong>mortuus</strong></span> <span class='ocrx_word' id='word_1_100' title='bbox 1619 1433 1720 1490; x_wconf 91' lang='lat' dir='ltr'><strong>pro</strong></span> <span class='ocrx_word' id='word_1_101' title='bbox 1748 1419 1924 1475; x_wconf 90' lang='lat' dir='ltr'><strong>nobis.</strong></span> <span class='ocrx_word' id='word_1_102' title='bbox 1975 1418 2127 1474; x_wconf 91' lang='lat' dir='ltr'><strong>Tunc</strong></span> 
     </span>
    </p>
   </div>
   <div class='ocr_carea' id='block_1_15' title="bbox 536 1509 2127 1576">
    <p class='ocr_par' dir='ltr' id='par_1_15' title="bbox 536 1509 2127 1576">
     <span class='ocr_line' id='line_1_15' title="bbox 536 1509 2127 1576; baseline 0 -10"><span class='ocrx_word' id='word_1_103' title='bbox 536 1511 680 1566; x_wconf 90' lang='lat' dir='ltr'><strong>enim</strong></span> <span class='ocrx_word' id='word_1_104' title='bbox 709 1518 863 1566; x_wconf 81' lang='lat' dir='ltr'><strong>extra</strong></span> <span class='ocrx_word' id='word_1_105' title='bbox 906 1509 1257 1566; x_wconf 88' lang='lat' dir='ltr'><strong>maledictum</strong></span> <span class='ocrx_word' id='word_1_106' title='bbox 1285 1509 1429 1566; x_wconf 91' lang='lat' dir='ltr'><strong>illius</strong></span> <span class='ocrx_word' id='word_1_107' title='bbox 1476 1511 1647 1566; x_wconf 87' lang='lat' dir='ltr'><strong>Adam</strong></span> <span class='ocrx_word' id='word_1_108' title='bbox 1668 1550 1685 1576; x_wconf 94' lang='lat'><strong>,</strong></span> <span class='ocrx_word' id='word_1_109' title='bbox 1726 1511 1772 1566; x_wconf 90' lang='lat' dir='ltr'><strong>si</strong></span> <span class='ocrx_word' id='word_1_110' title='bbox 1800 1517 1954 1566; x_wconf 90' lang='lat' dir='ltr'><strong>extra</strong></span> <span class='ocrx_word' id='word_1_111' title='bbox 1985 1509 2127 1566; x_wconf 91' lang='lat' dir='ltr'><strong>illius</strong></span> 
     </span>
    </p>
   </div>
   <div class='ocr_carea' id='block_1_16' title="bbox 534 1604 2127 1677">
    <p class='ocr_par' dir='ltr' id='par_1_16' title="bbox 534 1604 2127 1677">
     <span class='ocr_line' id='line_1_16' title="bbox 534 1604 2127 1677; baseline -0.003 -15"><span class='ocrx_word' id='word_1_112' title='bbox 534 1614 784 1662; x_wconf 90' lang='lat' dir='ltr'><strong>mortem.</strong></span> <span class='ocrx_word' id='word_1_113' title='bbox 815 1604 949 1662; x_wconf 90' lang='lat' dir='ltr'><strong>Cum</strong></span> <span class='ocrx_word' id='word_1_114' title='bbox 977 1619 1106 1661; x_wconf 89' lang='lat' dir='ltr'><strong>vero</strong></span> <span class='ocrx_word' id='word_1_115' title='bbox 1133 1620 1202 1662; x_wconf 86' lang='lat' dir='ltr'><strong>ex</strong></span> <span class='ocrx_word' id='word_1_116' title='bbox 1241 1605 1463 1660; x_wconf 89' lang='lat' dir='ltr'><strong>homine</strong></span> <span class='ocrx_word' id='word_1_117' title='bbox 1501 1612 1557 1661; x_wconf 91' lang='lat' dir='ltr'><strong>et</strong></span> <span class='ocrx_word' id='word_1_118' title='bbox 1593 1619 1691 1677; x_wconf 92' lang='lat' dir='ltr'><strong>pro</strong></span> <span class='ocrx_word' id='word_1_119' title='bbox 1721 1604 1942 1660; x_wconf 91' lang='lat' dir='ltr'><strong>homine</strong></span> <span class='ocrx_word' id='word_1_120' title='bbox 1983 1618 2127 1658; x_wconf 90' lang='lat' dir='ltr'><strong>mor-</strong></span> 
     </span>
    </p>
   </div>
   <div class='ocr_carea' id='block_1_17' title="bbox 534 1695 2126 1770">
    <p class='ocr_par' dir='ltr' id='par_1_17' title="bbox 534 1695 2126 1770">
     <span class='ocr_line' id='line_1_17' title="bbox 534 1695 2126 1770; baseline -0.002 -16"><span class='ocrx_word' id='word_1_121' title='bbox 534 1706 644 1755; x_wconf 89' lang='lat' dir='ltr'><strong>tem</strong></span> <span class='ocrx_word' id='word_1_122' title='bbox 672 1699 934 1770; x_wconf 88' lang='lat' dir='ltr'><strong>suscepit,</strong></span> <span class='ocrx_word' id='word_1_123' title='bbox 953 1712 1019 1754; x_wconf 86' lang='lat' dir='ltr'><strong>ex</strong></span> <span class='ocrx_word' id='word_1_124' title='bbox 1044 1697 1140 1753; x_wconf 90' lang='lat' dir='ltr'><strong>illo</strong></span> <span class='ocrx_word' id='word_1_125' title='bbox 1167 1706 1223 1754; x_wconf 88' lang='lat' dir='ltr'><strong>et</strong></span> <span class='ocrx_word' id='word_1_126' title='bbox 1246 1712 1346 1768; x_wconf 93' lang='lat' dir='ltr'><strong>pro</strong></span> <span class='ocrx_word' id='word_1_127' title='bbox 1374 1697 1468 1753; x_wconf 90' lang='lat' dir='ltr'><strong>illo</strong></span> <span class='ocrx_word' id='word_1_128' title='bbox 1509 1705 1565 1753; x_wconf 91' lang='lat' dir='ltr'><strong>et</strong></span> <span class='ocrx_word' id='word_1_129' title='bbox 1593 1697 1960 1762; x_wconf 87' lang='lat' dir='ltr'><strong>maledictum,</strong></span> <span class='ocrx_word' id='word_1_130' title='bbox 1985 1695 2126 1766; x_wconf 90' lang='lat' dir='ltr'><strong>quod</strong></span> 
     </span>
    </p>
   </div>
   <div class='ocr_carea' id='block_1_18' title="bbox 534 1788 2123 1860">
    <p class='ocr_par' dir='ltr' id='par_1_18' title="bbox 534 1788 2123 1860">
     <span class='ocr_line' id='line_1_18' title="bbox 534 1788 2123 1860; baseline -0.003 -13"><span class='ocrx_word' id='word_1_131' title='bbox 534 1799 763 1848; x_wconf 85' lang='lat' dir='ltr'><strong>mortem</strong></span> <span class='ocrx_word' id='word_1_132' title='bbox 808 1790 1118 1855; x_wconf 82' lang='lat' dir='ltr'><strong>comitatur,</strong></span> <span class='ocrx_word' id='word_1_133' title='bbox 1170 1789 1449 1860; x_wconf 85' lang='lat' dir='ltr'><strong>suscipere</strong></span> <span class='ocrx_word' id='word_1_134' title='bbox 1488 1803 1598 1844; x_wconf 91' lang='lat' dir='ltr'><strong>non</strong></span> <span class='ocrx_word' id='word_1_135' title='bbox 1641 1788 1960 1859; x_wconf 85' lang='lat' dir='ltr'><strong>dedignatus</strong></span> <span class='ocrx_word' id='word_1_136' title='bbox 2005 1793 2123 1854; x_wconf 82' lang='lat' dir='ltr'><strong>est,</strong></span> 
     </span>
    </p>
   </div>
   <div class='ocr_carea' id='block_1_19' title="bbox 533 1858 2200 1958">
    <p class='ocr_par' dir='ltr' id='par_1_19' title="bbox 533 1858 2200 1958">
     <span class='ocr_line' id='line_1_19' title="bbox 533 1858 2200 1958; baseline -0.004 -14"><span class='ocrx_word' id='word_1_137' title='bbox 533 1888 699 1944; x_wconf 89' lang='lat' dir='ltr'><strong>etiam</strong></span> <span class='ocrx_word' id='word_1_138' title='bbox 724 1887 812 1943; x_wconf 92' lang='lat' dir='ltr'><strong>ille</strong></span> <span class='ocrx_word' id='word_1_139' title='bbox 831 1885 1255 1958; x_wconf 90' lang='lat' dir='ltr'><strong>prorsus,etiam</strong></span> <span class='ocrx_word' id='word_1_140' title='bbox 1282 1858 1370 1940; x_wconf 86' lang='lat' dir='ltr'><strong>ille</strong></span> <span class='ocrx_word' id='word_1_141' title='bbox 1390 1884 1560 1940; x_wconf 85' lang='lat' dir='ltr'><strong>Filius</strong></span> <span class='ocrx_word' id='word_1_142' title='bbox 1587 1884 1704 1950; x_wconf 87' lang='lat' dir='ltr'><strong>Dei,</strong></span> <span class='ocrx_word' id='word_1_143' title='bbox 1727 1858 1942 1953; x_wconf 86' lang='lat' dir='ltr'><strong>semper</strong></span> <span class='ocrx_word' id='word_1_144' title='bbox 1967 1883 2124 1938; x_wconf 89' lang='lat' dir='ltr'><strong>vivus</strong></span> <span class='ocrx_word' id='word_1_145' title='bbox 2149 1858 2200 1922; x_wconf 74' lang='grc' dir='ltr'><strong>Β</strong></span> 
     </span>
    </p>
   </div>
   <div class='ocr_carea' id='block_1_20' title="bbox 533 1972 2128 2047">
    <p class='ocr_par' dir='ltr' id='par_1_20' title="bbox 533 1972 2128 2047">
     <span class='ocr_line' id='line_1_20' title="bbox 533 1972 2128 2047; baseline -0.004 -12"><span class='ocrx_word' id='word_1_146' title='bbox 533 1979 588 2035; x_wconf 88' lang='lat' dir='ltr'><strong>in</strong></span> <span class='ocrx_word' id='word_1_147' title='bbox 620 1995 717 2034; x_wconf 90' lang='lat' dir='ltr'><strong>sua</strong></span> <span class='ocrx_word' id='word_1_148' title='bbox 754 1977 987 2047; x_wconf 78' lang='lat' dir='ltr'><strong>iustitia,</strong></span> <span class='ocrx_word' id='word_1_149' title='bbox 1019 1983 1269 2032; x_wconf 83' lang='lat' dir='ltr'><strong>mortuus</strong></span> <span class='ocrx_word' id='word_1_150' title='bbox 1315 1984 1494 2030; x_wconf 92' lang='lat' dir='ltr'><strong>autem</strong></span> <span class='ocrx_word' id='word_1_151' title='bbox 1539 1982 1765 2045; x_wconf 85' lang='lat' dir='ltr'><strong>propter</strong></span> <span class='ocrx_word' id='word_1_152' title='bbox 1805 1972 2002 2029; x_wconf 91' lang='lat' dir='ltr'><strong>delicta</strong></span> <span class='ocrx_word' id='word_1_153' title='bbox 2027 1987 2128 2028; x_wconf 92' lang='lat' dir='ltr'><strong>no-</strong></span> 
     </span>
    </p>
   </div>
   <div class='ocr_carea' id='block_1_21' title="bbox 530 2064 2128 2140">
    <p class='ocr_par' dir='ltr' id='par_1_21' title="bbox 530 2064 2128 2140">
     <span class='ocr_line' id='line_1_21' title="bbox 530 2064 2128 2140; baseline -0.005 -11"><span class='ocrx_word' id='word_1_154' title='bbox 530 2082 666 2139; x_wconf 86' lang='lat' dir='ltr'><strong>stra,</strong></span> <span class='ocrx_word' id='word_1_155' title='bbox 693 2077 749 2128; x_wconf 91' lang='lat' dir='ltr'><strong>in</strong></span> <span class='ocrx_word' id='word_1_156' title='bbox 786 2086 950 2128; x_wconf 90' lang='lat' dir='ltr'><strong>carne</strong></span> <span class='ocrx_word' id='word_1_157' title='bbox 975 2077 1226 2140; x_wconf 89' lang='lat' dir='ltr'><strong>suscepta</strong></span> <span class='ocrx_word' id='word_1_158' title='bbox 1252 2084 1318 2125; x_wconf 83' lang='lat' dir='ltr'><strong>ex</strong></span> <span class='ocrx_word' id='word_1_159' title='bbox 1351 2083 1513 2140; x_wconf 65' lang='lat' dir='ltr'><strong>paena</strong></span> <span class='ocrx_word' id='word_1_160' title='bbox 1536 2075 1750 2132; x_wconf 87' lang='lat' dir='ltr'><strong>nostra,</strong></span> <span class='ocrx_word' id='word_1_161' title='bbox 1781 2080 1848 2121; x_wconf 90' lang='lat' dir='ltr'><strong>ac</strong></span> <span class='ocrx_word' id='word_1_162' title='bbox 1890 2081 1990 2136; x_wconf 91' lang='lat' dir='ltr'><strong>per</strong></span> <span class='ocrx_word' id='word_1_163' title='bbox 2021 2064 2128 2121; x_wconf 91' lang='lat' dir='ltr'><strong>hoc</strong></span> 
     </span>
    </p>
   </div>
   <div class='ocr_carea' id='block_1_22' title="bbox 529 2159 2125 2232">
    <p class='ocr_par' dir='ltr' id='par_1_22' title="bbox 529 2159 2125 2232">
     <span class='ocr_line' id='line_1_22' title="bbox 529 2159 2125 2232; baseline -0.008 -9"><span class='ocrx_word' id='word_1_164' title='bbox 529 2167 773 2223; x_wconf 88' lang='lat' dir='ltr'><strong>additum</strong></span> <span class='ocrx_word' id='word_1_165' title='bbox 801 2173 904 2232; x_wconf 92' lang='lat' dir='ltr'><strong>est,</strong></span> <span class='ocrx_word' id='word_1_166' title='bbox 945 2163 1144 2229; x_wconf 91' lang='lat' dir='ltr'><strong>omnis,</strong></span> <span class='ocrx_word' id='word_1_167' title='bbox 1181 2177 1249 2216; x_wconf 91' lang='lat' dir='ltr'><strong>ne</strong></span> <span class='ocrx_word' id='word_1_168' title='bbox 1282 2159 1532 2216; x_wconf 89' lang='lat' dir='ltr'><strong>Christus</strong></span> <span class='ocrx_word' id='word_1_169' title='bbox 1570 2159 1638 2214; x_wconf 88' lang='lat' dir='ltr'><strong>ad</strong></span> <span class='ocrx_word' id='word_1_170' title='bbox 1679 2173 1864 2213; x_wconf 87' lang='lat' dir='ltr'><strong>veram</strong></span> <span class='ocrx_word' id='word_1_171' title='bbox 1894 2164 2125 2212; x_wconf 88' lang='lat' dir='ltr'><strong>mortem</strong></span> 
     </span>
    </p>
   </div>
   <div class='ocr_carea' id='block_1_23' title="bbox 531 2238 2126 2326">
    <p class='ocr_par' dir='ltr' id='par_1_23' title="bbox 531 2238 2126 2326">
     <span class='ocr_line' id='line_1_23' title="bbox 531 2238 2126 2326; baseline -0.007 -13"><span class='ocrx_word' id='word_1_172' title='bbox 531 2273 640 2314; x_wconf 90' lang='lat' dir='ltr'><strong>non</strong></span> <span class='ocrx_word' id='word_1_173' title='bbox 669 2256 944 2326; x_wconf 87' lang='lat' dir='ltr'><strong>pertinere</strong></span> <span class='ocrx_word' id='word_1_174' title='bbox 972 2254 1266 2317; x_wconf 90' lang='lat' dir='ltr'><strong>diceretur,</strong></span> <span class='ocrx_word' id='word_1_175' title='bbox 1297 2251 1343 2307; x_wconf 92' lang='lat' dir='ltr'><strong>si</strong></span> <span class='ocrx_word' id='word_1_176' title='bbox 1374 2266 1404 2306; x_wconf 92' lang='lat' dir='ltr'><strong>a</strong></span> <span class='ocrx_word' id='word_1_177' title='bbox 1436 2249 1746 2316; x_wconf 90' lang='lat' dir='ltr'><strong>maledicto,</strong></span> <span class='ocrx_word' id='word_1_178' title='bbox 1782 2248 1927 2319; x_wconf 91' lang='lat' dir='ltr'><strong>quod</strong></span> <span class='ocrx_word' id='word_1_179' title='bbox 1962 2238 2126 2303; x_wconf 77' lang='grc' dir='ltr'><strong>ιιιοηί</strong></span> 
     </span>
    </p>
   </div>
   <div class='ocr_carea' id='block_1_24' title="bbox 529 2343 2123 2420">
    <p class='ocr_par' dir='ltr' id='par_1_24' title="bbox 529 2343 2123 2420">
     <span class='ocr_line' id='line_1_24' title="bbox 529 2343 2123 2420; baseline -0.006 -14"><span class='ocrx_word' id='word_1_180' title='bbox 529 2349 877 2420; x_wconf 75' lang='lat' dir='ltr'><strong>coniunctum</strong></span> <span class='ocrx_word' id='word_1_181' title='bbox 912 2354 1024 2411; x_wconf 90' lang='lat' dir='ltr'><strong>est,</strong></span> <span class='ocrx_word' id='word_1_182' title='bbox 1063 2345 1340 2416; x_wconf 89' lang='lat' dir='ltr'><strong>insipienti</strong></span> <span class='ocrx_word' id='word_1_183' title='bbox 1376 2343 1788 2400; x_wconf 89' lang='lat' dir='ltr'><strong>honoriﬁcentia</strong></span> <span class='ocrx_word' id='word_1_184' title='bbox 1821 2349 2123 2413; x_wconf 84' lang='lat' dir='ltr'><strong>separetur.</strong></span> 
     </span>
    </p>
   </div>
   <div class='ocr_carea' id='block_1_25' title="bbox 529 2429 2126 2507">
    <p class='ocr_par' dir='ltr' id='par_1_25' title="bbox 529 2429 2126 2507">
     <span class='ocr_line' id='line_1_25' title="bbox 529 2429 2126 2507; baseline -0.004 -14"><span class='ocrx_word' id='word_1_185' title='bbox 529 2438 634 2507; x_wconf 92' lang='lat' dir='ltr'><strong>Qui</strong></span> <span class='ocrx_word' id='word_1_186' title='bbox 666 2447 846 2493; x_wconf 89' lang='lat' dir='ltr'><strong>autem</strong></span> <span class='ocrx_word' id='word_1_187' title='bbox 875 2453 944 2493; x_wconf 85' lang='lat' dir='ltr'><strong>ex</strong></span> <span class='ocrx_word' id='word_1_188' title='bbox 973 2435 1208 2490; x_wconf 85' lang='lat' dir='ltr'><strong>veritate</strong></span> <span class='ocrx_word' id='word_1_189' title='bbox 1237 2433 1550 2506; x_wconf 89' lang='lat' dir='ltr'><strong>evangelica</strong></span> <span class='ocrx_word' id='word_1_190' title='bbox 1578 2431 1752 2488; x_wconf 91' lang='lat' dir='ltr'><strong>ﬁdelis</strong></span> <span class='ocrx_word' id='word_1_191' title='bbox 1775 2440 1892 2498; x_wconf 91' lang='lat' dir='ltr'><strong>est,</strong></span> <span class='ocrx_word' id='word_1_192' title='bbox 1923 2429 2126 2486; x_wconf 90' lang='lat' dir='ltr'><strong>intelli-</strong></span> 
     </span>
    </p>
   </div>
   <div class='ocr_carea' id='block_1_26' title="bbox 528 2520 2123 2600">
    <p class='ocr_par' dir='ltr' id='par_1_26' title="bbox 528 2520 2123 2600">
     <span class='ocr_line' id='line_1_26' title="bbox 528 2520 2123 2600; baseline -0.006 -16"><span class='ocrx_word' id='word_1_193' title='bbox 528 2528 607 2600; x_wconf 88' lang='lat' dir='ltr'><strong>git</strong></span> <span class='ocrx_word' id='word_1_194' title='bbox 638 2528 754 2600; x_wconf 86' lang='lat' dir='ltr'><strong>jam</strong></span> <span class='ocrx_word' id='word_1_195' title='bbox 784 2542 892 2583; x_wconf 91' lang='lat' dir='ltr'><strong>non</strong></span> <span class='ocrx_word' id='word_1_196' title='bbox 918 2541 1040 2582; x_wconf 87' lang='lat' dir='ltr'><strong>esse</strong></span> <span class='ocrx_word' id='word_1_197' title='bbox 1067 2524 1451 2582; x_wconf 85' lang='lat' dir='ltr'><strong>contumeliam</strong></span> <span class='ocrx_word' id='word_1_198' title='bbox 1478 2522 1679 2579; x_wconf 88' lang='lat' dir='ltr'><strong>Christi</strong></span> <span class='ocrx_word' id='word_1_199' title='bbox 1707 2537 1774 2578; x_wconf 90' lang='lat' dir='ltr'><strong>ex</strong></span> <span class='ocrx_word' id='word_1_200' title='bbox 1807 2537 1904 2578; x_wconf 91' lang='lat' dir='ltr'><strong>ore</strong></span> <span class='ocrx_word' id='word_1_201' title='bbox 1932 2520 2123 2592; x_wconf 85' lang='lat' dir='ltr'><strong>Moysi.</strong></span> 
     </span>
    </p>
   </div>
   <div class='ocr_carea' id='block_1_27' title="bbox 528 2616 2130 2683">
    <p class='ocr_par' dir='ltr' id='par_1_27' title="bbox 528 2616 2130 2683">
     <span class='ocr_line' id='line_1_27' title="bbox 528 2616 2130 2683; baseline -0.004 -6"><span class='ocrx_word' id='word_1_202' title='bbox 528 2619 665 2677; x_wconf 87' lang='lat' dir='ltr'><strong>Cum</strong></span> <span class='ocrx_word' id='word_1_203' title='bbox 693 2635 820 2675; x_wconf 90' lang='lat' dir='ltr'><strong>eum</strong></span> <span class='ocrx_word' id='word_1_204' title='bbox 847 2619 985 2675; x_wconf 83' lang='lat' dir='ltr'><strong>dixit</strong></span> <span class='ocrx_word' id='word_1_205' title='bbox 1023 2618 1402 2683; x_wconf 90' lang='lat' dir='ltr'><strong>maledictum,</strong></span> <span class='ocrx_word' id='word_1_206' title='bbox 1443 2633 1553 2672; x_wconf 89' lang='lat' dir='ltr'><strong>non</strong></span> <span class='ocrx_word' id='word_1_207' title='bbox 1593 2631 1661 2672; x_wconf 91' lang='lat' dir='ltr'><strong>ex</strong></span> <span class='ocrx_word' id='word_1_208' title='bbox 1690 2616 1970 2672; x_wconf 89' lang='lat' dir='ltr'><strong>divinitate</strong></span> <span class='ocrx_word' id='word_1_209' title='bbox 2010 2630 2130 2670; x_wconf 89' lang='lat' dir='ltr'><strong>ma-</strong></span> 
     </span>
    </p>
   </div>
   <div class='ocr_carea' id='block_1_28' title="bbox 523 2710 2128 2784">
    <p class='ocr_par' dir='ltr' id='par_1_28' title="bbox 523 2710 2128 2784">
     <span class='ocr_line' id='line_1_28' title="bbox 523 2710 2128 2784; baseline -0.004 -14"><span class='ocrx_word' id='word_1_210' title='bbox 523 2711 740 2784; x_wconf 80' lang='lat' dir='ltr'><strong>iestatis</strong></span> <span class='ocrx_word' id='word_1_211' title='bbox 762 2729 892 2779; x_wconf 80' lang='lat' dir='ltr'><strong>suae,</strong></span> <span class='ocrx_word' id='word_1_212' title='bbox 921 2712 1017 2768; x_wconf 91' lang='lat' dir='ltr'><strong>sed</strong></span> <span class='ocrx_word' id='word_1_213' title='bbox 1044 2727 1113 2770; x_wconf 91' lang='lat' dir='ltr'><strong>ex</strong></span> <span class='ocrx_word' id='word_1_214' title='bbox 1138 2710 1450 2768; x_wconf 90' lang='lat' dir='ltr'><strong>conditione</strong></span> <span class='ocrx_word' id='word_1_215' title='bbox 1473 2724 1650 2780; x_wconf 59' lang='lat' dir='ltr'><strong>paenae</strong></span> <span class='ocrx_word' id='word_1_216' title='bbox 1675 2719 1896 2774; x_wconf 69' lang='lat' dir='ltr'><strong>nostrae,</strong></span> <span class='ocrx_word' id='word_1_217' title='bbox 1928 2723 1996 2764; x_wconf 85' lang='lat' dir='ltr'><strong>ex</strong></span> <span class='ocrx_word' id='word_1_218' title='bbox 2019 2722 2128 2778; x_wconf 94' lang='lat' dir='ltr'><strong>quo</strong></span> 
     </span>
    </p>
   </div>
   <div class='ocr_carea' id='block_1_29' title="bbox 527 2799 2127 2878">
    <p class='ocr_par' dir='ltr' id='par_1_29' title="bbox 527 2799 2127 2878">
     <span class='ocr_line' id='line_1_29' title="bbox 527 2799 2127 2878; baseline -0.006 -16"><span class='ocrx_word' id='word_1_219' title='bbox 527 2807 584 2864; x_wconf 92' lang='lat' dir='ltr'><strong>in</strong></span> <span class='ocrx_word' id='word_1_220' title='bbox 609 2807 758 2878; x_wconf 87' lang='lat' dir='ltr'><strong>ligno</strong></span> <span class='ocrx_word' id='word_1_221' title='bbox 785 2820 1081 2876; x_wconf 88' lang='lat' dir='ltr'><strong>suspensus</strong></span> <span class='ocrx_word' id='word_1_222' title='bbox 1103 2811 1207 2860; x_wconf 89' lang='lat' dir='ltr'><strong>est.</strong></span> <span class='ocrx_word' id='word_1_223' title='bbox 1235 2802 1418 2870; x_wconf 87' lang='lat' dir='ltr'><strong>Quare</strong></span> <span class='ocrx_word' id='word_1_224' title='bbox 1446 2817 1553 2857; x_wconf 91' lang='lat' dir='ltr'><strong>non</strong></span> <span class='ocrx_word' id='word_1_225' title='bbox 1575 2809 1662 2856; x_wconf 90' lang='lat' dir='ltr'><strong>est</strong></span> <span class='ocrx_word' id='word_1_226' title='bbox 1689 2800 1808 2855; x_wconf 90' lang='lat' dir='ltr'><strong>laus</strong></span> <span class='ocrx_word' id='word_1_227' title='bbox 1828 2799 2030 2856; x_wconf 89' lang='lat' dir='ltr'><strong>Christi</strong></span> <span class='ocrx_word' id='word_1_228' title='bbox 2057 2811 2127 2852; x_wconf 84' lang='lat' dir='ltr'><strong>ex</strong></span> 
     </span>
    </p>
   </div>
   <div class='ocr_carea' id='block_1_30' title="bbox 525 2892 2129 2962">
    <p class='ocr_par' dir='ltr' id='par_1_30' title="bbox 525 2892 2129 2962">
     <span class='ocr_line' id='line_1_30' title="bbox 525 2892 2129 2962; baseline -0.004 -9"><span class='ocrx_word' id='word_1_229' title='bbox 525 2912 625 2953; x_wconf 87' lang='lat' dir='ltr'><strong>ore</strong></span> <span class='ocrx_word' id='word_1_230' title='bbox 673 2896 1131 2960; x_wconf 71' lang='lat' dir='ltr'><strong>Manichaeorum,</strong></span> <span class='ocrx_word' id='word_1_231' title='bbox 1181 2909 1304 2950; x_wconf 91' lang='lat' dir='ltr'><strong>cum</strong></span> <span class='ocrx_word' id='word_1_232' title='bbox 1346 2907 1470 2949; x_wconf 92' lang='lat' dir='ltr'><strong>eum</strong></span> <span class='ocrx_word' id='word_1_233' title='bbox 1517 2898 1717 2962; x_wconf 90' lang='lat' dir='ltr'><strong>negant</strong></span> <span class='ocrx_word' id='word_1_234' title='bbox 1753 2906 1977 2946; x_wconf 90' lang='lat' dir='ltr'><strong>carnem</strong></span> <span class='ocrx_word' id='word_1_235' title='bbox 2027 2892 2129 2946; x_wconf 88' lang='lat' dir='ltr'><strong>ha-</strong></span> 
     </span>
    </p>
   </div>
   <div class='ocr_carea' id='block_1_31' title="bbox 525 2985 2124 3054">
    <p class='ocr_par' dir='ltr' id='par_1_31' title="bbox 525 2985 2124 3054">
     <span class='ocr_line' id='line_1_31' title="bbox 525 2985 2124 3054; baseline -0.003 -13"><span class='ocrx_word' id='word_1_236' title='bbox 525 2985 710 3042; x_wconf 86' lang='lat' dir='ltr'><strong>buisse</strong></span> <span class='ocrx_word' id='word_1_237' title='bbox 743 2985 1024 3041; x_wconf 90' lang='lat' dir='ltr'><strong>mortalem</strong></span> <span class='ocrx_word' id='word_1_238' title='bbox 1045 3026 1059 3051; x_wconf 91' lang='lat'><strong>,</strong></span> <span class='ocrx_word' id='word_1_239' title='bbox 1092 2985 1146 3039; x_wconf 93' lang='lat' dir='ltr'><strong>in</strong></span> <span class='ocrx_word' id='word_1_240' title='bbox 1185 2999 1292 3054; x_wconf 89' lang='lat' dir='ltr'><strong>qua</strong></span> <span class='ocrx_word' id='word_1_241' title='bbox 1333 2998 1522 3038; x_wconf 86' lang='lat' dir='ltr'><strong>veram</strong></span> <span class='ocrx_word' id='word_1_242' title='bbox 1557 2991 1789 3038; x_wconf 91' lang='lat' dir='ltr'><strong>mortem</strong></span> <span class='ocrx_word' id='word_1_243' title='bbox 1826 2988 2124 3051; x_wconf 88' lang='lat' dir='ltr'><strong>pateretur.</strong></span> 
     </span>
    </p>
   </div>
   <div class='ocr_carea' id='block_1_32' title="bbox 527 3070 2128 3146">
    <p class='ocr_par' dir='ltr' id='par_1_32' title="bbox 527 3070 2128 3146">
     <span class='ocr_line' id='line_1_32' title="bbox 527 3070 2128 3146; baseline -0.003 -15"><span class='ocrx_word' id='word_1_244' title='bbox 527 3073 665 3144; x_wconf 86' lang='lat' dir='ltr'><strong>Quia</strong></span> <span class='ocrx_word' id='word_1_245' title='bbox 709 3092 775 3132; x_wconf 81' lang='lat' dir='ltr'><strong>ex</strong></span> <span class='ocrx_word' id='word_1_246' title='bbox 819 3075 910 3131; x_wconf 92' lang='lat' dir='ltr'><strong>illo</strong></span> <span class='ocrx_word' id='word_1_247' title='bbox 956 3073 1274 3146; x_wconf 86' lang='lat' dir='ltr'><strong>prophetico</strong></span> <span class='ocrx_word' id='word_1_248' title='bbox 1320 3072 1610 3128; x_wconf 90' lang='lat' dir='ltr'><strong>maledicto</strong></span> <span class='ocrx_word' id='word_1_249' title='bbox 1649 3070 1768 3127; x_wconf 89' lang='lat' dir='ltr'><strong>laus</strong></span> <span class='ocrx_word' id='word_1_250' title='bbox 1810 3071 2128 3144; x_wconf 78' lang='lat' dir='ltr'><strong>intelligitur</strong></span> 
     </span>
    </p>
   </div>
   <div class='ocr_carea' id='block_1_33' title="bbox 526 3160 2124 3233">
    <p class='ocr_par' dir='ltr' id='par_1_33' title="bbox 526 3160 2124 3233">
     <span class='ocr_line' id='line_1_33' title="bbox 526 3160 2124 3233; baseline -0.004 -10"><span class='ocrx_word' id='word_1_251' title='bbox 526 3165 894 3233; x_wconf 77' lang='lat' dir='ltr'><strong>humilitatis:</strong></span> <span class='ocrx_word' id='word_1_252' title='bbox 932 3180 1000 3222; x_wconf 79' lang='lat' dir='ltr'><strong>ex</strong></span> <span class='ocrx_word' id='word_1_253' title='bbox 1046 3163 1150 3220; x_wconf 90' lang='lat' dir='ltr'><strong>isto</strong></span> <span class='ocrx_word' id='word_1_254' title='bbox 1182 3163 1440 3219; x_wconf 68' lang='lat' dir='ltr'><strong>hazretico</strong></span> <span class='ocrx_word' id='word_1_255' title='bbox 1482 3161 1639 3233; x_wconf 89' lang='lat' dir='ltr'><strong>quasi</strong></span> <span class='ocrx_word' id='word_1_256' title='bbox 1681 3161 1890 3216; x_wconf 88' lang='lat' dir='ltr'><strong>honore</strong></span> <span class='ocrx_word' id='word_1_257' title='bbox 1917 3160 2124 3217; x_wconf 89' lang='lat' dir='ltr'><strong>crimen</strong></span> 
     </span>
    </p>
   </div>
   <div class='ocr_carea' id='block_1_34' title="bbox 2233 586 3844 669">
    <p class='ocr_par' dir='ltr' id='par_1_34' title="bbox 2233 586 3844 669">
     <span class='ocr_line' id='line_1_34' title="bbox 2233 586 3844 669; baseline 0.004 -27"><span class='ocrx_word' id='word_1_258' title='bbox 2233 586 2466 642; x_wconf 76' lang='lat' dir='ltr'><strong>ordinat.</strong></span> <span class='ocrx_word' id='word_1_259' title='bbox 2492 586 2626 644; x_wconf 90' lang='lat' dir='ltr'><strong>Cum</strong></span> <span class='ocrx_word' id='word_1_260' title='bbox 2654 589 2800 644; x_wconf 91' lang='lat' dir='ltr'><strong>enim</strong></span> <span class='ocrx_word' id='word_1_261' title='bbox 2828 596 3058 646; x_wconf 85' lang='lat' dir='ltr'><strong>testator</strong></span> <span class='ocrx_word' id='word_1_262' title='bbox 3078 598 3255 645; x_wconf 90' lang='lat' dir='ltr'><strong>mutet</strong></span> <span class='ocrx_word' id='word_1_263' title='bbox 3278 599 3693 669; x_wconf 74' lang='lat' dir='ltr'><strong>testamentum,</strong></span> <span class='ocrx_word' id='word_1_264' title='bbox 3721 611 3844 650; x_wconf 86' lang='lat' dir='ltr'><strong>non</strong></span> 
     </span>
    </p>
   </div>
   <div class='ocr_carea' id='block_1_35' title="bbox 2231 676 3846 740">
    <p class='ocr_par' dir='ltr' id='par_1_35' title="bbox 2231 676 3846 740">
     <span class='ocr_line' id='line_1_35' title="bbox 2231 676 3846 740; baseline 0.005 -8"><span class='ocrx_word' id='word_1_265' title='bbox 2231 676 2611 734; x_wconf 90' lang='lat' dir='ltr'><strong>conﬁrmatum</strong></span> <span class='ocrx_word' id='word_1_266' title='bbox 2652 688 2846 735; x_wconf 86' lang='lat' dir='ltr'><strong>mutat.</strong></span> <span class='ocrx_word' id='word_1_267' title='bbox 2885 680 3186 736; x_wconf 89' lang='lat' dir='ltr'><strong>Testatoris</strong></span> <span class='ocrx_word' id='word_1_268' title='bbox 3225 682 3371 738; x_wconf 90' lang='lat' dir='ltr'><strong>enim</strong></span> <span class='ocrx_word' id='word_1_269' title='bbox 3410 693 3591 739; x_wconf 90' lang='lat' dir='ltr'><strong>morte</strong></span> <span class='ocrx_word' id='word_1_270' title='bbox 3627 686 3846 740; x_wconf 84' lang='lat' dir='ltr'><strong>conﬁr-</strong></span> 
     </span>
    </p>
   </div>
   <div class='ocr_carea' id='block_1_36' title="bbox 2231 769 3845 837">
    <p class='ocr_par' dir='ltr' id='par_1_36' title="bbox 2231 769 3845 837">
     <span class='ocr_line' id='line_1_36' title="bbox 2231 769 3845 837; baseline 0.001 -11"><span class='ocrx_word' id='word_1_271' title='bbox 2231 777 2432 826; x_wconf 85' lang='lat' dir='ltr'><strong>matur.</strong></span> <span class='ocrx_word' id='word_1_272' title='bbox 2471 769 2625 837; x_wconf 90' lang='lat' dir='ltr'><strong>Quod</strong></span> <span class='ocrx_word' id='word_1_273' title='bbox 2655 779 2834 826; x_wconf 88' lang='lat' dir='ltr'><strong>autem</strong></span> <span class='ocrx_word' id='word_1_274' title='bbox 2870 786 3018 827; x_wconf 89' lang='lat' dir='ltr'><strong>mors</strong></span> <span class='ocrx_word' id='word_1_275' title='bbox 3045 773 3326 829; x_wconf 88' lang='lat' dir='ltr'><strong>testatoris</strong></span> <span class='ocrx_word' id='word_1_276' title='bbox 3357 773 3505 829; x_wconf 92' lang='lat' dir='ltr'><strong>valet</strong></span> <span class='ocrx_word' id='word_1_277' title='bbox 3529 775 3599 830; x_wconf 90' lang='lat' dir='ltr'><strong>ad</strong></span> <span class='ocrx_word' id='word_1_278' title='bbox 3624 777 3845 830; x_wconf 84' lang='lat' dir='ltr'><strong>conﬁr-</strong></span> 
     </span>
    </p>
   </div>
   <div class='ocr_carea' id='block_1_37' title="bbox 2229 863 3845 936">
    <p class='ocr_par' dir='ltr' id='par_1_37' title="bbox 2229 863 3845 936">
     <span class='ocr_line' id='line_1_37' title="bbox 2229 863 3845 936; baseline 0.003 -19"><span class='ocrx_word' id='word_1_279' title='bbox 2229 863 2486 918; x_wconf 90' lang='lat' dir='ltr'><strong>mandum</strong></span> <span class='ocrx_word' id='word_1_280' title='bbox 2514 871 2901 920; x_wconf 85' lang='lat' dir='ltr'><strong>testamentum</strong></span> <span class='ocrx_word' id='word_1_281' title='bbox 2930 863 3065 932; x_wconf 86' lang='lat' dir='ltr'><strong>ejus,</strong></span> <span class='ocrx_word' id='word_1_282' title='bbox 3096 865 3225 936; x_wconf 89' lang='lat' dir='ltr'><strong>quia</strong></span> <span class='ocrx_word' id='word_1_283' title='bbox 3251 866 3540 922; x_wconf 80' lang='lat' dir='ltr'><strong>consilium</strong></span> <span class='ocrx_word' id='word_1_284' title='bbox 3558 866 3679 936; x_wconf 85' lang='lat' dir='ltr'><strong>jam</strong></span> <span class='ocrx_word' id='word_1_285' title='bbox 3712 884 3845 922; x_wconf 84' lang='lat' dir='ltr'><strong>mu-</strong></span> 
     </span>
    </p>
   </div>
   <div class='ocr_carea' id='block_1_38' title="bbox 2232 955 3845 1028">
    <p class='ocr_par' dir='ltr' id='par_1_38' title="bbox 2232 955 3845 1028">
     <span class='ocr_line' id='line_1_38' title="bbox 2232 955 3845 1028; baseline 0.003 -18"><span class='ocrx_word' id='word_1_286' title='bbox 2232 963 2348 1010; x_wconf 91' lang='lat' dir='ltr'><strong>tare</strong></span> <span class='ocrx_word' id='word_1_287' title='bbox 2377 971 2484 1010; x_wconf 90' lang='lat' dir='ltr'><strong>non</strong></span> <span class='ocrx_word' id='word_1_288' title='bbox 2523 963 2726 1026; x_wconf 88' lang='lat' dir='ltr'><strong>potest,</strong></span> <span class='ocrx_word' id='word_1_289' title='bbox 2767 955 2872 1010; x_wconf 88' lang='lat' dir='ltr'><strong>hoc</strong></span> <span class='ocrx_word' id='word_1_290' title='bbox 2901 955 3420 1013; x_wconf 89' lang='lat' dir='ltr'><strong>incommutabilitas</strong></span> <span class='ocrx_word' id='word_1_291' title='bbox 3444 958 3845 1028; x_wconf 81' lang='lat' dir='ltr'><strong>promissionis</strong></span> 
     </span>
    </p>
   </div>
   <div class='ocr_carea' id='block_1_39' title="bbox 2228 1045 3840 1115">
    <p class='ocr_par' dir='ltr' id='par_1_39' title="bbox 2228 1045 3840 1115">
     <span class='ocr_line' id='line_1_39' title="bbox 2228 1045 3840 1115; baseline 0.002 -14"><span class='ocrx_word' id='word_1_292' title='bbox 2228 1045 2326 1101; x_wconf 92' lang='lat' dir='ltr'><strong>Dei</strong></span> <span class='ocrx_word' id='word_1_293' title='bbox 2375 1047 2518 1102; x_wconf 89' lang='lat' dir='ltr'><strong>valet</strong></span> <span class='ocrx_word' id='word_1_294' title='bbox 2561 1046 2630 1102; x_wconf 91' lang='lat' dir='ltr'><strong>ad</strong></span> <span class='ocrx_word' id='word_1_295' title='bbox 2675 1045 3105 1104; x_wconf 88' lang='lat' dir='ltr'><strong>conﬁrmandam</strong></span> <span class='ocrx_word' id='word_1_296' title='bbox 3146 1047 3524 1104; x_wconf 67' lang='lat' dir='ltr'><strong>hazreditatem</strong></span> <span class='ocrx_word' id='word_1_297' title='bbox 3563 1049 3840 1115; x_wconf 61' lang='lat' dir='ltr'><strong>Abt-aha,</strong></span> 
     </span>
    </p>
   </div>
   <div class='ocr_carea' id='block_1_40' title="bbox 2227 1136 3342 1210">
    <p class='ocr_par' dir='ltr' id='par_1_40' title="bbox 2227 1136 3342 1210">
     <span class='ocr_line' id='line_1_40' title="bbox 2227 1136 3342 1210; baseline 0.002 -16"><span class='ocrx_word' id='word_1_298' title='bbox 2227 1136 2384 1207; x_wconf 87' lang='lat' dir='ltr'><strong>cujus</strong></span> <span class='ocrx_word' id='word_1_299' title='bbox 2406 1137 2541 1194; x_wconf 87' lang='lat' dir='ltr'><strong>ﬁdes</strong></span> <span class='ocrx_word' id='word_1_300' title='bbox 2569 1139 2823 1209; x_wconf 87' lang='lat' dir='ltr'><strong>deputata</strong></span> <span class='ocrx_word' id='word_1_301' title='bbox 2851 1147 2938 1195; x_wconf 91' lang='lat' dir='ltr'><strong>est</strong></span> <span class='ocrx_word' id='word_1_302' title='bbox 2961 1140 3029 1195; x_wconf 89' lang='lat' dir='ltr'><strong>ad</strong></span> <span class='ocrx_word' id='word_1_303' title='bbox 3048 1139 3342 1210; x_wconf 85' lang='lat' dir='ltr'><strong>justitiam.</strong></span> 
     </span>
    </p>
   </div>
   <div class='ocr_carea' id='block_1_41' title="bbox 2298 1232 3842 1304">
    <p class='ocr_par' dir='ltr' id='par_1_41' title="bbox 2298 1232 3842 1304">
     <span class='ocr_line' id='line_1_41' title="bbox 2298 1232 3842 1304; baseline 0.003 -17"><span class='ocrx_word' id='word_1_304' title='bbox 2298 1232 2525 1288; x_wconf 65' lang='lat' dir='ltr'><strong>Abrahae</strong></span> <span class='ocrx_word' id='word_1_305' title='bbox 2567 1232 2722 1288; x_wconf 73' lang='lat' dir='ltr'><strong>dictce</strong></span> <span class='ocrx_word' id='word_1_306' title='bbox 2759 1242 2882 1288; x_wconf 86' lang='lat' dir='ltr'><strong>sunt</strong></span> <span class='ocrx_word' id='word_1_307' title='bbox 2919 1234 3317 1304; x_wconf 86' lang='lat' dir='ltr'><strong>promissiones,</strong></span> <span class='ocrx_word' id='word_1_308' title='bbox 3353 1244 3403 1289; x_wconf 89' lang='lat' dir='ltr'><strong>et</strong></span> <span class='ocrx_word' id='word_1_309' title='bbox 3442 1235 3655 1290; x_wconf 78' lang='lat' dir='ltr'><strong>semini.</strong></span> <span class='ocrx_word' id='word_1_310' title='bbox 3709 1234 3842 1291; x_wconf 77' lang='lat' dir='ltr'><strong>Non</strong></span> 
     </span>
    </p>
   </div>
   <div class='ocr_carea' id='block_1_42' title="bbox 2226 1325 3841 1400">
    <p class='ocr_par' dir='ltr' id='par_1_42' title="bbox 2226 1325 3841 1400">
     <span class='ocr_line' id='line_1_42' title="bbox 2226 1325 3841 1400; baseline 0.001 -19"><span class='ocrx_word' id='word_1_311' title='bbox 2226 1327 2378 1393; x_wconf 81' lang='lat' dir='ltr'><strong>dicit,</strong></span> <span class='ocrx_word' id='word_1_312' title='bbox 2407 1335 2459 1382; x_wconf 82' lang='lat' dir='ltr'><strong>et</strong></span> <span class='ocrx_word' id='word_1_313' title='bbox 2484 1325 2791 1392; x_wconf 75' lang='lat' dir='ltr'><strong>seminibus,</strong></span> <span class='ocrx_word' id='word_1_314' title='bbox 2820 1326 2974 1400; x_wconf 84' lang='lat' dir='ltr'><strong>quasi</strong></span> <span class='ocrx_word' id='word_1_315' title='bbox 3003 1325 3060 1382; x_wconf 87' lang='lat' dir='ltr'><strong>in</strong></span> <span class='ocrx_word' id='word_1_316' title='bbox 3084 1326 3287 1393; x_wconf 82' lang='lat' dir='ltr'><strong>multis,</strong></span> <span class='ocrx_word' id='word_1_317' title='bbox 3317 1327 3410 1382; x_wconf 88' lang='lat' dir='ltr'><strong>sed</strong></span> <span class='ocrx_word' id='word_1_318' title='bbox 3435 1328 3589 1399; x_wconf 84' lang='lat' dir='ltr'><strong>quasi</strong></span> <span class='ocrx_word' id='word_1_319' title='bbox 3613 1328 3674 1382; x_wconf 83' lang='lat' dir='ltr'><strong>in</strong></span> <span class='ocrx_word' id='word_1_320' title='bbox 3701 1344 3841 1393; x_wconf 66' lang='lat' dir='ltr'><strong>uno,</strong></span> 
     </span>
    </p>
   </div>
   <div class='ocr_carea' id='block_1_43' title="bbox 2225 1415 3842 1491">
    <p class='ocr_par' dir='ltr' id='par_1_43' title="bbox 2225 1415 3842 1491">
     <span class='ocr_line' id='line_1_43' title="bbox 2225 1415 3842 1491; baseline 0.001 -17"><span class='ocrx_word' id='word_1_321' title='bbox 2225 1427 2275 1474; x_wconf 91' lang='lat' dir='ltr'><strong>et</strong></span> <span class='ocrx_word' id='word_1_322' title='bbox 2303 1418 2491 1474; x_wconf 79' lang='lat' dir='ltr'><strong>semini</strong></span> <span class='ocrx_word' id='word_1_323' title='bbox 2519 1427 2632 1486; x_wconf 94' lang='lat' dir='ltr'><strong>tuo,</strong></span> <span class='ocrx_word' id='word_1_324' title='bbox 2660 1420 2749 1491; x_wconf 89' lang='lat' dir='ltr'><strong>qui</strong></span> <span class='ocrx_word' id='word_1_325' title='bbox 2771 1426 2848 1474; x_wconf 87' lang='lat' dir='ltr'><strong>est</strong></span> <span class='ocrx_word' id='word_1_326' title='bbox 2875 1415 3136 1474; x_wconf 74' lang='lat' dir='ltr'><strong>Christus.</strong></span> <span class='ocrx_word' id='word_1_327' title='bbox 3171 1418 3373 1474; x_wconf 88' lang='lat' dir='ltr'><strong>Semen</strong></span> <span class='ocrx_word' id='word_1_328' title='bbox 3397 1418 3679 1475; x_wconf 83' lang='lat' dir='ltr'><strong>Abraham</strong></span> <span class='ocrx_word' id='word_1_329' title='bbox 3699 1461 3717 1486; x_wconf 90' lang='lat'><strong>,</strong></span> <span class='ocrx_word' id='word_1_330' title='bbox 3752 1419 3842 1475; x_wconf 82' lang='lat' dir='ltr'><strong>cui</strong></span> 
     </span>
    </p>
   </div>
   <div class='ocr_carea' id='block_1_44' title="bbox 2227 1509 3840 1584">
    <p class='ocr_par' dir='ltr' id='par_1_44' title="bbox 2227 1509 3840 1584">
     <span class='ocr_line' id='line_1_44' title="bbox 2227 1509 3840 1584; baseline 0.002 -19"><span class='ocrx_word' id='word_1_331' title='bbox 2227 1509 2388 1566; x_wconf 80' lang='lat' dir='ltr'><strong>dictae</strong></span> <span class='ocrx_word' id='word_1_332' title='bbox 2415 1518 2544 1566; x_wconf 90' lang='lat' dir='ltr'><strong>sunt</strong></span> <span class='ocrx_word' id='word_1_333' title='bbox 2572 1511 2988 1582; x_wconf 91' lang='lat' dir='ltr'><strong>promissiones,</strong></span> <span class='ocrx_word' id='word_1_334' title='bbox 3024 1511 3303 1568; x_wconf 89' lang='lat' dir='ltr'><strong>Christum</strong></span> <span class='ocrx_word' id='word_1_335' title='bbox 3343 1513 3478 1569; x_wconf 91' lang='lat' dir='ltr'><strong>dicit</strong></span> <span class='ocrx_word' id='word_1_336' title='bbox 3507 1514 3840 1584; x_wconf 76' lang='lat' dir='ltr'><strong>Apostolus,</strong></span> 
     </span>
    </p>
   </div>
   <div class='ocr_carea' id='block_1_45' title="bbox 2225 1604 3838 1675">
    <p class='ocr_par' dir='ltr' id='par_1_45' title="bbox 2225 1604 3838 1675">
     <span class='ocr_line' id='line_1_45' title="bbox 2225 1604 3838 1675; baseline 0.001 -14"><span class='ocrx_word' id='word_1_337' title='bbox 2225 1605 2333 1662; x_wconf 89' lang='lat' dir='ltr'><strong>hoc</strong></span> <span class='ocrx_word' id='word_1_338' title='bbox 2359 1612 2462 1675; x_wconf 91' lang='lat' dir='ltr'><strong>est,</strong></span> <span class='ocrx_word' id='word_1_339' title='bbox 2491 1619 2682 1661; x_wconf 90' lang='lat' dir='ltr'><strong>omnes</strong></span> <span class='ocrx_word' id='word_1_340' title='bbox 2707 1604 3047 1662; x_wconf 89' lang='lat' dir='ltr'><strong>Christianos</strong></span> <span class='ocrx_word' id='word_1_341' title='bbox 3074 1605 3235 1662; x_wconf 88' lang='lat' dir='ltr'><strong>ﬁdem</strong></span> <span class='ocrx_word' id='word_1_342' title='bbox 3266 1605 3544 1662; x_wconf 85' lang='lat' dir='ltr'><strong>imitantes</strong></span> <span class='ocrx_word' id='word_1_343' title='bbox 3566 1606 3838 1662; x_wconf 69' lang='lat' dir='ltr'><strong>Abrahae.</strong></span> 
     </span>
    </p>
   </div>
   <div class='ocr_carea' id='block_1_46' title="bbox 2225 1693 3842 1770">
    <p class='ocr_par' dir='ltr' id='par_1_46' title="bbox 2225 1693 3842 1770">
     <span class='ocr_line' id='line_1_46' title="bbox 2225 1693 3842 1770; baseline 0.002 -20"><span class='ocrx_word' id='word_1_344' title='bbox 2225 1693 2373 1762; x_wconf 87' lang='lat' dir='ltr'><strong>Quos</strong></span> <span class='ocrx_word' id='word_1_345' title='bbox 2396 1696 2464 1752; x_wconf 88' lang='lat' dir='ltr'><strong>ad</strong></span> <span class='ocrx_word' id='word_1_346' title='bbox 2505 1696 2938 1768; x_wconf 75' lang='lat' dir='ltr'><strong>singularitatem</strong></span> <span class='ocrx_word' id='word_1_347' title='bbox 2969 1696 3167 1770; x_wconf 87' lang='lat' dir='ltr'><strong>redigit</strong></span> <span class='ocrx_word' id='word_1_348' title='bbox 3199 1698 3648 1763; x_wconf 90' lang='lat' dir='ltr'><strong>commendando,</strong></span> <span class='ocrx_word' id='word_1_349' title='bbox 3685 1700 3842 1767; x_wconf 89' lang='lat' dir='ltr'><strong>quod</strong></span> 
     </span>
    </p>
   </div>
   <div class='ocr_carea' id='block_1_47' title="bbox 2225 1787 3842 1857">
    <p class='ocr_par' dir='ltr' id='par_1_47' title="bbox 2225 1787 3842 1857">
     <span class='ocr_line' id='line_1_47' title="bbox 2225 1787 3842 1857; baseline -0.001 -13"><span class='ocrx_word' id='word_1_350' title='bbox 2225 1802 2336 1844; x_wconf 90' lang='lat' dir='ltr'><strong>non</strong></span> <span class='ocrx_word' id='word_1_351' title='bbox 2365 1787 2568 1844; x_wconf 89' lang='lat' dir='ltr'><strong>dictum</strong></span> <span class='ocrx_word' id='word_1_352' title='bbox 2603 1797 2686 1845; x_wconf 91' lang='lat' dir='ltr'><strong>est</strong></span> <span class='ocrx_word' id='word_1_353' title='bbox 2715 1797 2772 1845; x_wconf 88' lang='lat' dir='ltr'><strong>et</strong></span> <span class='ocrx_word' id='word_1_354' title='bbox 2797 1788 3118 1856; x_wconf 88' lang='lat' dir='ltr'><strong>seminibus,</strong></span> <span class='ocrx_word' id='word_1_355' title='bbox 3151 1790 3248 1846; x_wconf 93' lang='lat' dir='ltr'><strong>sed</strong></span> <span class='ocrx_word' id='word_1_356' title='bbox 3285 1791 3482 1846; x_wconf 89' lang='lat' dir='ltr'><strong>semini</strong></span> <span class='ocrx_word' id='word_1_357' title='bbox 3524 1798 3636 1846; x_wconf 87' lang='lat' dir='ltr'><strong>tuo.</strong></span> <span class='ocrx_word' id='word_1_358' title='bbox 3690 1789 3842 1857; x_wconf 85' lang='lat' dir='ltr'><strong>Quia</strong></span> 
     </span>
    </p>
   </div>
   <div class='ocr_carea' id='block_1_48' title="bbox 2226 1878 3844 1952">
    <p class='ocr_par' dir='ltr' id='par_1_48' title="bbox 2226 1878 3844 1952">
     <span class='ocr_line' id='line_1_48' title="bbox 2226 1878 3844 1952; baseline -0.001 -17"><span class='ocrx_word' id='word_1_359' title='bbox 2226 1895 2336 1935; x_wconf 92' lang='lat' dir='ltr'><strong>una</strong></span> <span class='ocrx_word' id='word_1_360' title='bbox 2364 1887 2450 1935; x_wconf 90' lang='lat' dir='ltr'><strong>est</strong></span> <span class='ocrx_word' id='word_1_361' title='bbox 2493 1878 2650 1946; x_wconf 90' lang='lat' dir='ltr'><strong>ﬁdes,</strong></span> <span class='ocrx_word' id='word_1_362' title='bbox 2696 1887 2754 1935; x_wconf 90' lang='lat' dir='ltr'><strong>et</strong></span> <span class='ocrx_word' id='word_1_363' title='bbox 2790 1895 2899 1935; x_wconf 91' lang='lat' dir='ltr'><strong>non</strong></span> <span class='ocrx_word' id='word_1_364' title='bbox 2929 1889 3158 1952; x_wconf 90' lang='lat' dir='ltr'><strong>possunt</strong></span> <span class='ocrx_word' id='word_1_365' title='bbox 3185 1880 3350 1936; x_wconf 90' lang='lat' dir='ltr'><strong>simul</strong></span> <span class='ocrx_word' id='word_1_366' title='bbox 3371 1879 3691 1950; x_wconf 85' lang='lat' dir='ltr'><strong>justiﬁcari,</strong></span> <span class='ocrx_word' id='word_1_367' title='bbox 3745 1878 3844 1950; x_wconf 85' lang='lat' dir='ltr'><strong>qui</strong></span> 
     </span>
    </p>
   </div>
   <div class='ocr_carea' id='block_1_49' title="bbox 2226 1969 3847 2041">
    <p class='ocr_par' dir='ltr' id='par_1_49' title="bbox 2226 1969 3847 2041">
     <span class='ocr_line' id='line_1_49' title="bbox 2226 1969 3847 2041; baseline 0.002 -17"><span class='ocrx_word' id='word_1_368' title='bbox 2226 1969 2416 2025; x_wconf 89' lang='lat' dir='ltr'><strong>vivunt</strong></span> <span class='ocrx_word' id='word_1_369' title='bbox 2457 1984 2526 2025; x_wconf 85' lang='lat' dir='ltr'><strong>ex</strong></span> <span class='ocrx_word' id='word_1_370' title='bbox 2565 1971 2822 2041; x_wconf 90' lang='lat' dir='ltr'><strong>operibus</strong></span> <span class='ocrx_word' id='word_1_371' title='bbox 2861 1971 3176 2039; x_wconf 86' lang='lat' dir='ltr'><strong>carnaliter,</strong></span> <span class='ocrx_word' id='word_1_372' title='bbox 3221 1985 3348 2027; x_wconf 89' lang='lat' dir='ltr'><strong>cum</strong></span> <span class='ocrx_word' id='word_1_373' title='bbox 3386 1971 3472 2027; x_wconf 91' lang='lat' dir='ltr'><strong>his</strong></span> <span class='ocrx_word' id='word_1_374' title='bbox 3506 1972 3597 2041; x_wconf 91' lang='lat' dir='ltr'><strong>qui</strong></span> <span class='ocrx_word' id='word_1_375' title='bbox 3631 1973 3847 2028; x_wconf 81' lang='lat' dir='ltr'><strong>vivunt</strong></span> 
     </span>
    </p>
   </div>
   <div class='ocr_carea' id='block_1_50' title="bbox 2226 2061 3843 2134">
    <p class='ocr_par' dir='ltr' id='par_1_50' title="bbox 2226 2061 3843 2134">
     <span class='ocr_line' id='line_1_50' title="bbox 2226 2061 3843 2134; baseline -0.001 -15"><span class='ocrx_word' id='word_1_376' title='bbox 2226 2076 2296 2119; x_wconf 86' lang='lat' dir='ltr'><strong>ex</strong></span> <span class='ocrx_word' id='word_1_377' title='bbox 2325 2061 2430 2118; x_wconf 92' lang='lat' dir='ltr'><strong>ﬁde</strong></span> <span class='ocrx_word' id='word_1_378' title='bbox 2467 2062 2806 2132; x_wconf 85' lang='lat' dir='ltr'><strong>spiritaliter.</strong></span> <span class='ocrx_word' id='word_1_379' title='bbox 2839 2063 3183 2120; x_wconf 78' lang='lat' dir='ltr'><strong>Vincibiliter</strong></span> <span class='ocrx_word' id='word_1_380' title='bbox 3218 2071 3403 2120; x_wconf 89' lang='lat' dir='ltr'><strong>autem</strong></span> <span class='ocrx_word' id='word_1_381' title='bbox 3439 2063 3586 2134; x_wconf 89' lang='lat' dir='ltr'><strong>quod</strong></span> <span class='ocrx_word' id='word_1_382' title='bbox 3623 2063 3843 2130; x_wconf 73' lang='lat' dir='ltr'><strong>infert,</strong></span> 
     </span>
    </p>
   </div>
   <div class='ocr_carea' id='block_1_51' title="bbox 2226 2153 3842 2226">
    <p class='ocr_par' dir='ltr' id='par_1_51' title="bbox 2226 2153 3842 2226">
     <span class='ocr_line' id='line_1_51' title="bbox 2226 2153 3842 2226; baseline 0.002 -18"><span class='ocrx_word' id='word_1_383' title='bbox 2226 2153 2315 2210; x_wconf 78' lang='lat' dir='ltr'><strong>lex</strong></span> <span class='ocrx_word' id='word_1_384' title='bbox 2338 2170 2448 2210; x_wconf 88' lang='lat' dir='ltr'><strong>non</strong></span> <span class='ocrx_word' id='word_1_385' title='bbox 2475 2163 2603 2209; x_wconf 89' lang='lat' dir='ltr'><strong>nata</strong></span> <span class='ocrx_word' id='word_1_386' title='bbox 2631 2164 2772 2220; x_wconf 90' lang='lat' dir='ltr'><strong>erat,</strong></span> <span class='ocrx_word' id='word_1_387' title='bbox 2804 2169 2906 2210; x_wconf 90' lang='lat' dir='ltr'><strong>nec</strong></span> <span class='ocrx_word' id='word_1_388' title='bbox 2926 2164 3112 2226; x_wconf 90' lang='lat' dir='ltr'><strong>posset</strong></span> <span class='ocrx_word' id='word_1_389' title='bbox 3129 2163 3254 2226; x_wconf 89' lang='lat' dir='ltr'><strong>post</strong></span> <span class='ocrx_word' id='word_1_390' title='bbox 3283 2165 3364 2212; x_wconf 92' lang='lat' dir='ltr'><strong>tot</strong></span> <span class='ocrx_word' id='word_1_391' title='bbox 3388 2171 3558 2210; x_wconf 88' lang='lat' dir='ltr'><strong>annos</strong></span> <span class='ocrx_word' id='word_1_392' title='bbox 3584 2155 3659 2209; x_wconf 89' lang='lat' dir='ltr'><strong>ita</strong></span> <span class='ocrx_word' id='word_1_393' title='bbox 3687 2155 3842 2222; x_wconf 84' lang='lat' dir='ltr'><strong>dari,</strong></span> 
     </span>
    </p>
   </div>
   <div class='ocr_carea' id='block_1_52' title="bbox 2225 2244 3843 2317">
    <p class='ocr_par' dir='ltr' id='par_1_52' title="bbox 2225 2244 3843 2317">
     <span class='ocr_line' id='line_1_52' title="bbox 2225 2244 3843 2317; baseline 0 -17"><span class='ocrx_word' id='word_1_394' title='bbox 2225 2254 2290 2301; x_wconf 90' lang='lat' dir='ltr'><strong>ut</strong></span> <span class='ocrx_word' id='word_1_395' title='bbox 2325 2247 2580 2316; x_wconf 85' lang='lat' dir='ltr'><strong>antiquas</strong></span> <span class='ocrx_word' id='word_1_396' title='bbox 2608 2245 2842 2301; x_wconf 67' lang='lat' dir='ltr'><strong>Abrahae</strong></span> <span class='ocrx_word' id='word_1_397' title='bbox 2869 2247 3263 2317; x_wconf 88' lang='lat' dir='ltr'><strong>promissiones</strong></span> <span class='ocrx_word' id='word_1_398' title='bbox 3291 2247 3475 2302; x_wconf 90' lang='lat' dir='ltr'><strong>irritas</strong></span> <span class='ocrx_word' id='word_1_399' title='bbox 3501 2245 3743 2300; x_wconf 82' lang='lat' dir='ltr'><strong>faceret.</strong></span> <span class='ocrx_word' id='word_1_400' title='bbox 3784 2244 3843 2301; x_wconf 87' lang='lat' dir='ltr'><strong>Si</strong></span> 
     </span>
    </p>
   </div>
   <div class='ocr_carea' id='block_1_53' title="bbox 2225 2335 3841 2410">
    <p class='ocr_par' dir='ltr' id='par_1_53' title="bbox 2225 2335 3841 2410">
     <span class='ocr_line' id='line_1_53' title="bbox 2225 2335 3841 2410; baseline 0.001 -18"><span class='ocrx_word' id='word_1_401' title='bbox 2225 2337 2373 2393; x_wconf 90' lang='lat' dir='ltr'><strong>enim</strong></span> <span class='ocrx_word' id='word_1_402' title='bbox 2396 2337 2483 2393; x_wconf 87' lang='lat' dir='ltr'><strong>lex</strong></span> <span class='ocrx_word' id='word_1_403' title='bbox 2505 2335 2797 2406; x_wconf 88' lang='lat' dir='ltr'><strong>justiﬁcat,</strong></span> <span class='ocrx_word' id='word_1_404' title='bbox 2820 2355 2929 2395; x_wconf 90' lang='lat' dir='ltr'><strong>non</strong></span> <span class='ocrx_word' id='word_1_405' title='bbox 2951 2349 3036 2396; x_wconf 92' lang='lat' dir='ltr'><strong>est</strong></span> <span class='ocrx_word' id='word_1_406' title='bbox 3051 2339 3385 2410; x_wconf 86' lang='lat' dir='ltr'><strong>justiﬁeatus</strong></span> <span class='ocrx_word' id='word_1_407' title='bbox 3406 2340 3713 2404; x_wconf 82' lang='lat' dir='ltr'><strong>Abraham,</strong></span> <span class='ocrx_word' id='word_1_408' title='bbox 3746 2341 3841 2409; x_wconf 89' lang='lat' dir='ltr'><strong>qui</strong></span> 
     </span>
    </p>
   </div>
   <div class='ocr_carea' id='block_1_54' title="bbox 2226 2429 3841 2504">
    <p class='ocr_par' dir='ltr' id='par_1_54' title="bbox 2226 2429 3841 2504">
     <span class='ocr_line' id='line_1_54' title="bbox 2226 2429 3841 2504; baseline 0.001 -19"><span class='ocrx_word' id='word_1_409' title='bbox 2226 2429 2456 2486; x_wconf 89' lang='lat' dir='ltr'><strong>multum</strong></span> <span class='ocrx_word' id='word_1_410' title='bbox 2488 2438 2615 2486; x_wconf 91' lang='lat' dir='ltr'><strong>ante</strong></span> <span class='ocrx_word' id='word_1_411' title='bbox 2639 2431 2815 2502; x_wconf 86' lang='lat' dir='ltr'><strong>legem</strong></span> <span class='ocrx_word' id='word_1_412' title='bbox 2845 2431 2968 2487; x_wconf 79' lang='lat' dir='ltr'><strong>fuit.</strong></span> <span class='ocrx_word' id='word_1_413' title='bbox 3001 2431 3154 2500; x_wconf 88' lang='lat' dir='ltr'><strong>Quod</strong></span> <span class='ocrx_word' id='word_1_414' title='bbox 3183 2433 3311 2504; x_wconf 92' lang='lat' dir='ltr'><strong>quia</strong></span> <span class='ocrx_word' id='word_1_415' title='bbox 3341 2433 3522 2488; x_wconf 91' lang='lat' dir='ltr'><strong>dicere</strong></span> <span class='ocrx_word' id='word_1_416' title='bbox 3546 2449 3657 2487; x_wconf 90' lang='lat' dir='ltr'><strong>non</strong></span> <span class='ocrx_word' id='word_1_417' title='bbox 3699 2448 3841 2502; x_wconf 84' lang='lat' dir='ltr'><strong>pos-</strong></span> 
     </span>
    </p>
   </div>
   <div class='ocr_carea' id='block_1_55' title="bbox 2225 2520 3840 2592">
    <p class='ocr_par' dir='ltr' id='par_1_55' title="bbox 2225 2520 3840 2592">
     <span class='ocr_line' id='line_1_55' title="bbox 2225 2520 3840 2592; baseline -0.001 -16"><span class='ocrx_word' id='word_1_418' title='bbox 2225 2529 2387 2587; x_wconf 89' lang='lat' dir='ltr'><strong>sunt,</strong></span> <span class='ocrx_word' id='word_1_419' title='bbox 2423 2529 2692 2592; x_wconf 89' lang='lat' dir='ltr'><strong>coguntur</strong></span> <span class='ocrx_word' id='word_1_420' title='bbox 2731 2521 2891 2577; x_wconf 80' lang='lat' dir='ltr'><strong>fateri</strong></span> <span class='ocrx_word' id='word_1_421' title='bbox 2931 2537 3039 2578; x_wconf 92' lang='lat' dir='ltr'><strong>non</strong></span> <span class='ocrx_word' id='word_1_422' title='bbox 3078 2522 3213 2591; x_wconf 87' lang='lat' dir='ltr'><strong>legis</strong></span> <span class='ocrx_word' id='word_1_423' title='bbox 3241 2523 3496 2592; x_wconf 89' lang='lat' dir='ltr'><strong>operibus</strong></span> <span class='ocrx_word' id='word_1_424' title='bbox 3528 2520 3840 2589; x_wconf 76' lang='lat' dir='ltr'><strong>iustiﬁcari</strong></span> 
     </span>
    </p>
   </div>
   <div class='ocr_carea' id='block_1_56' title="bbox 2226 2612 3837 2687">
    <p class='ocr_par' dir='ltr' id='par_1_56' title="bbox 2226 2612 3837 2687">
     <span class='ocr_line' id='line_1_56' title="bbox 2226 2612 3837 2687; baseline -0.001 -17"><span class='ocrx_word' id='word_1_425' title='bbox 2226 2612 2527 2680; x_wconf 90' lang='lat' dir='ltr'><strong>hominem,</strong></span> <span class='ocrx_word' id='word_1_426' title='bbox 2551 2615 2648 2670; x_wconf 91' lang='lat' dir='ltr'><strong>sed</strong></span> <span class='ocrx_word' id='word_1_427' title='bbox 2675 2614 2797 2672; x_wconf 88' lang='lat' dir='ltr'><strong>ﬁde.</strong></span> <span class='ocrx_word' id='word_1_428' title='bbox 2825 2613 2998 2671; x_wconf 89' lang='lat' dir='ltr'><strong>Simul</strong></span> <span class='ocrx_word' id='word_1_429' title='bbox 3021 2616 3184 2671; x_wconf 90' lang='lat' dir='ltr'><strong>etiam</strong></span> <span class='ocrx_word' id='word_1_430' title='bbox 3206 2631 3307 2671; x_wconf 91' lang='lat' dir='ltr'><strong>nos</strong></span> <span class='ocrx_word' id='word_1_431' title='bbox 3328 2616 3474 2687; x_wconf 89' lang='lat' dir='ltr'><strong>cogit</strong></span> <span class='ocrx_word' id='word_1_432' title='bbox 3494 2614 3837 2685; x_wconf 79' lang='lat' dir='ltr'><strong>intelligere,</strong></span> 
     </span>
    </p>
   </div>
   <div class='ocr_carea' id='block_1_57' title="bbox 2226 2707 3838 2780">
    <p class='ocr_par' dir='ltr' id='par_1_57' title="bbox 2226 2707 3838 2780">
     <span class='ocr_line' id='line_1_57' title="bbox 2226 2707 3838 2780; baseline -0.001 -16"><span class='ocrx_word' id='word_1_433' title='bbox 2226 2722 2418 2764; x_wconf 90' lang='lat' dir='ltr'><strong>omnes</strong></span> <span class='ocrx_word' id='word_1_434' title='bbox 2445 2707 2701 2779; x_wconf 88' lang='lat' dir='ltr'><strong>antiquos</strong></span> <span class='ocrx_word' id='word_1_435' title='bbox 2725 2717 2911 2779; x_wconf 88' lang='lat' dir='ltr'><strong>patres</strong></span> <span class='ocrx_word' id='word_1_436' title='bbox 2930 2750 2947 2775; x_wconf 98' lang='lat'><strong>,</strong></span> <span class='ocrx_word' id='word_1_437' title='bbox 2978 2709 3069 2779; x_wconf 90' lang='lat' dir='ltr'><strong>qui</strong></span> <span class='ocrx_word' id='word_1_438' title='bbox 3091 2707 3377 2780; x_wconf 88' lang='lat' dir='ltr'><strong>justiﬁcati</strong></span> <span class='ocrx_word' id='word_1_439' title='bbox 3408 2716 3564 2774; x_wconf 90' lang='lat' dir='ltr'><strong>sunt,</strong></span> <span class='ocrx_word' id='word_1_440' title='bbox 3598 2723 3666 2763; x_wconf 80' lang='lat' dir='ltr'><strong>ex</strong></span> <span class='ocrx_word' id='word_1_441' title='bbox 3706 2707 3838 2777; x_wconf 83' lang='lat' dir='ltr'><strong>ipsa</strong></span> 
     </span>
    </p>
   </div>
   <div class='ocr_carea' id='block_1_58' title="bbox 2227 2797 3836 2872">
    <p class='ocr_par' dir='ltr' id='par_1_58' title="bbox 2227 2797 3836 2872">
     <span class='ocr_line' id='line_1_58' title="bbox 2227 2797 3836 2872; baseline -0.001 -16"><span class='ocrx_word' id='word_1_442' title='bbox 2227 2799 2333 2856; x_wconf 91' lang='lat' dir='ltr'><strong>ﬁde</strong></span> <span class='ocrx_word' id='word_1_443' title='bbox 2369 2797 2719 2868; x_wconf 88' lang='lat' dir='ltr'><strong>justiﬁeatos.</strong></span> <span class='ocrx_word' id='word_1_444' title='bbox 2769 2799 2922 2868; x_wconf 89' lang='lat' dir='ltr'><strong>Quod</strong></span> <span class='ocrx_word' id='word_1_445' title='bbox 2961 2801 3107 2856; x_wconf 91' lang='lat' dir='ltr'><strong>enim</strong></span> <span class='ocrx_word' id='word_1_446' title='bbox 3137 2817 3238 2858; x_wconf 90' lang='lat' dir='ltr'><strong>nos</strong></span> <span class='ocrx_word' id='word_1_447' title='bbox 3265 2816 3334 2857; x_wconf 83' lang='lat' dir='ltr'><strong>ex</strong></span> <span class='ocrx_word' id='word_1_448' title='bbox 3373 2809 3526 2872; x_wconf 87' lang='lat' dir='ltr'><strong>parte</strong></span> <span class='ocrx_word' id='word_1_449' title='bbox 3563 2801 3836 2872; x_wconf 61' lang='lat' dir='ltr'><strong>praeteri-</strong></span> 
     </span>
    </p>
   </div>
   <div class='ocr_carea' id='block_1_59' title="bbox 2227 2890 3836 2963">
    <p class='ocr_par' dir='ltr' id='par_1_59' title="bbox 2227 2890 3836 2963">
     <span class='ocr_line' id='line_1_59' title="bbox 2227 2890 3836 2963; baseline 0 -17"><span class='ocrx_word' id='word_1_450' title='bbox 2227 2900 2366 2957; x_wconf 90' lang='lat' dir='ltr'><strong>tum,</strong></span> <span class='ocrx_word' id='word_1_451' title='bbox 2395 2890 2450 2946; x_wconf 93' lang='lat' dir='ltr'><strong>id</strong></span> <span class='ocrx_word' id='word_1_452' title='bbox 2475 2899 2582 2958; x_wconf 92' lang='lat' dir='ltr'><strong>est,</strong></span> <span class='ocrx_word' id='word_1_453' title='bbox 2608 2891 2846 2962; x_wconf 90' lang='lat' dir='ltr'><strong>primum</strong></span> <span class='ocrx_word' id='word_1_454' title='bbox 2871 2892 3159 2948; x_wconf 87' lang='lat' dir='ltr'><strong>adventum</strong></span> <span class='ocrx_word' id='word_1_455' title='bbox 3187 2892 3430 2957; x_wconf 87' lang='lat' dir='ltr'><strong>Domini,</strong></span> <span class='ocrx_word' id='word_1_456' title='bbox 3457 2907 3525 2949; x_wconf 84' lang='lat' dir='ltr'><strong>ex</strong></span> <span class='ocrx_word' id='word_1_457' title='bbox 3549 2899 3712 2963; x_wconf 86' lang='lat' dir='ltr'><strong>parte</strong></span> <span class='ocrx_word' id='word_1_458' title='bbox 3743 2892 3836 2946; x_wconf 79' lang='lat' dir='ltr'><strong>fu-</strong></span> 
     </span>
    </p>
   </div>
   <div class='ocr_carea' id='block_1_60' title="bbox 2227 2982 3839 3050">
    <p class='ocr_par' dir='ltr' id='par_1_60' title="bbox 2227 2982 3839 3050">
     <span class='ocr_line' id='line_1_60' title="bbox 2227 2982 3839 3050; baseline 0 -12"><span class='ocrx_word' id='word_1_459' title='bbox 2227 2991 2432 3049; x_wconf 90' lang='lat' dir='ltr'><strong>turum,</strong></span> <span class='ocrx_word' id='word_1_460' title='bbox 2457 2982 2509 3038; x_wconf 95' lang='lat' dir='ltr'><strong>id</strong></span> <span class='ocrx_word' id='word_1_461' title='bbox 2531 2990 2634 3050; x_wconf 91' lang='lat' dir='ltr'><strong>est,</strong></span> <span class='ocrx_word' id='word_1_462' title='bbox 2660 2983 2958 3040; x_wconf 88' lang='lat' dir='ltr'><strong>secundum</strong></span> <span class='ocrx_word' id='word_1_463' title='bbox 2981 2983 3271 3039; x_wconf 89' lang='lat' dir='ltr'><strong>adventum</strong></span> <span class='ocrx_word' id='word_1_464' title='bbox 3293 2983 3528 3049; x_wconf 89' lang='lat' dir='ltr'><strong>Domini,</strong></span> <span class='ocrx_word' id='word_1_465' title='bbox 3548 2983 3839 3039; x_wconf 86' lang='lat' dir='ltr'><strong>credendo</strong></span> 
     </span>
    </p>
   </div>
   <div class='ocr_carea' id='block_1_61' title="bbox 2227 3073 3840 3145">
    <p class='ocr_par' dir='ltr' id='par_1_61' title="bbox 2227 3073 3840 3145">
     <span class='ocr_line' id='line_1_61' title="bbox 2227 3073 3840 3145; baseline 0 -14"><span class='ocrx_word' id='word_1_466' title='bbox 2227 3073 2364 3131; x_wconf 90' lang='lat' dir='ltr'><strong>salvi</strong></span> <span class='ocrx_word' id='word_1_467' title='bbox 2395 3073 2716 3144; x_wconf 82' lang='lat' dir='ltr'><strong>eﬁiciemur,</strong></span> <span class='ocrx_word' id='word_1_468' title='bbox 2767 3075 2873 3130; x_wconf 91' lang='lat' dir='ltr'><strong>hoc</strong></span> <span class='ocrx_word' id='word_1_469' title='bbox 2899 3082 3072 3130; x_wconf 90' lang='lat' dir='ltr'><strong>totum</strong></span> <span class='ocrx_word' id='word_1_470' title='bbox 3105 3075 3235 3130; x_wconf 92' lang='lat' dir='ltr'><strong>illud</strong></span> <span class='ocrx_word' id='word_1_471' title='bbox 3265 3083 3370 3141; x_wconf 91' lang='lat' dir='ltr'><strong>est,</strong></span> <span class='ocrx_word' id='word_1_472' title='bbox 3404 3083 3700 3145; x_wconf 88' lang='lat' dir='ltr'><strong>utrumque</strong></span> <span class='ocrx_word' id='word_1_473' title='bbox 3734 3076 3840 3131; x_wconf 85' lang='lat' dir='ltr'><strong>ad-</strong></span> 
     </span>
    </p>
   </div>
   <div class='ocr_carea' id='block_1_62' title="bbox 2225 3163 3840 3236">
    <p class='ocr_par' dir='ltr' id='par_1_62' title="bbox 2225 3163 3840 3236">
     <span class='ocr_line' id='line_1_62' title="bbox 2225 3163 3840 3236; baseline 0.002 -17"><span class='ocrx_word' id='word_1_474' title='bbox 2225 3172 2450 3220; x_wconf 90' lang='lat' dir='ltr'><strong>ventum</strong></span> <span class='ocrx_word' id='word_1_475' title='bbox 2499 3163 2741 3220; x_wconf 79' lang='lat' dir='ltr'><strong>futurum</strong></span> <span class='ocrx_word' id='word_1_476' title='bbox 2791 3166 3088 3221; x_wconf 90' lang='lat' dir='ltr'><strong>credebant</strong></span> <span class='ocrx_word' id='word_1_477' title='bbox 3136 3165 3412 3222; x_wconf 87' lang='lat' dir='ltr'><strong>revelante</strong></span> <span class='ocrx_word' id='word_1_478' title='bbox 3459 3167 3562 3222; x_wconf 90' lang='lat' dir='ltr'><strong>sibi</strong></span> <span class='ocrx_word' id='word_1_479' title='bbox 3615 3165 3840 3236; x_wconf 85' lang='lat' dir='ltr'><strong>Spiritu</strong></span> 
     </span>
    </p>
   </div>
   <div class='ocr_carea' id='block_1_63' title="bbox 525 3231 3837 3327">
    <p class='ocr_par' dir='ltr' id='par_1_63' title="bbox 525 3231 3837 3327">
     <span class='ocr_line' id='line_1_63' title="bbox 525 3231 3837 3327; baseline -0.001 -15"><span class='ocrx_word' id='word_1_480' title='bbox 525 3255 782 3326; x_wconf 77' lang='lat' dir='ltr'><strong>obiicitur</strong></span> <span class='ocrx_word' id='word_1_481' title='bbox 810 3231 1081 3313; x_wconf 67' lang='lat' dir='ltr'><strong>falsitatis.</strong></span> <span class='ocrx_word' id='word_1_482' title='bbox 1128 3255 1187 3312; x_wconf 92' lang='lat' dir='ltr'><strong>Si</strong></span> <span class='ocrx_word' id='word_1_483' title='bbox 1211 3271 1340 3327; x_wconf 89' lang='lat' dir='ltr'><strong>ergo</strong></span> <span class='ocrx_word' id='word_1_484' title='bbox 1365 3231 1531 3327; x_wconf 78' lang='lat' dir='ltr'><strong>negas</strong></span> <span class='ocrx_word' id='word_1_485' title='bbox 1556 3253 1926 3320; x_wconf 90' lang='lat' dir='ltr'><strong>maledictum,</strong></span> <span class='ocrx_word' id='word_1_486' title='bbox 1959 3248 2124 3325; x_wconf 83' lang='lat' dir='ltr'><strong>negas</strong></span> <span class='ocrx_word' id='word_1_487' title='bbox 2151 3233 2196 3298; x_wconf 82' lang='lat' dir='ltr'>C</span> <span class='ocrx_word' id='word_1_488' title='bbox 2228 3263 2438 3322; x_wconf 89' lang='lat' dir='ltr'><strong>sancto,</strong></span> <span class='ocrx_word' id='word_1_489' title='bbox 2467 3263 2528 3310; x_wconf 91' lang='lat' dir='ltr'><strong>ut</strong></span> <span class='ocrx_word' id='word_1_490' title='bbox 2550 3254 2684 3311; x_wconf 91' lang='lat' dir='ltr'><strong>salvi</strong></span> <span class='ocrx_word' id='word_1_491' title='bbox 2709 3255 2922 3312; x_wconf 87' lang='lat' dir='ltr'><strong>ﬁerent.</strong></span> <span class='ocrx_word' id='word_1_492' title='bbox 2957 3255 3110 3312; x_wconf 89' lang='lat' dir='ltr'><strong>Unde</strong></span> <span class='ocrx_word' id='word_1_493' title='bbox 3134 3264 3219 3312; x_wconf 91' lang='lat' dir='ltr'><strong>est</strong></span> <span class='ocrx_word' id='word_1_494' title='bbox 3245 3257 3411 3313; x_wconf 87' lang='lat' dir='ltr'><strong>etiam</strong></span> <span class='ocrx_word' id='word_1_495' title='bbox 3436 3256 3566 3311; x_wconf 92' lang='lat' dir='ltr'><strong>illud</strong></span> <span class='ocrx_word' id='word_1_496' title='bbox 3596 3273 3610 3309; x_wconf 94' lang='lat'>:</span> <span class='ocrx_word' id='word_1_497' title='bbox 3646 3231 3837 3310; x_wconf 65' lang='lat' dir='ltr'><strong>Abra-</strong></span> 
     </span>
    </p>
   </div>
   <div class='ocr_carea' id='block_1_64' title="bbox 525 3344 3837 3420">
    <p class='ocr_par' dir='ltr' id='par_1_64' title="bbox 525 3344 3837 3420">
     <span class='ocr_line' id='line_1_64' title="bbox 525 3344 3837 3420; baseline -0 -16"><span class='ocrx_word' id='word_1_498' title='bbox 525 3358 584 3404; x_wconf 89' lang='lat' dir='ltr'><strong>et</strong></span> <span class='ocrx_word' id='word_1_499' title='bbox 623 3358 916 3404; x_wconf 91' lang='lat' dir='ltr'><strong>mortuum.</strong></span> <span class='ocrx_word' id='word_1_500' title='bbox 968 3347 1027 3403; x_wconf 91' lang='lat' dir='ltr'><strong>Si</strong></span> <span class='ocrx_word' id='word_1_501' title='bbox 1075 3363 1243 3418; x_wconf 89' lang='lat' dir='ltr'><strong>negas</strong></span> <span class='ocrx_word' id='word_1_502' title='bbox 1290 3355 1584 3413; x_wconf 89' lang='lat' dir='ltr'><strong>mortuum,</strong></span> <span class='ocrx_word' id='word_1_503' title='bbox 1623 3361 1729 3402; x_wconf 91' lang='lat' dir='ltr'><strong>non</strong></span> <span class='ocrx_word' id='word_1_504' title='bbox 1775 3344 1888 3416; x_wconf 88' lang='lat' dir='ltr'><strong>jam</strong></span> <span class='ocrx_word' id='word_1_505' title='bbox 1934 3355 2124 3402; x_wconf 89' lang='lat' dir='ltr'><strong>contra</strong></span> <span class='ocrx_word' id='word_1_506' title='bbox 2226 3348 2350 3402; x_wconf 83' lang='lat' dir='ltr'><strong>ham</strong></span> <span class='ocrx_word' id='word_1_507' title='bbox 2377 3347 2670 3418; x_wconf 86' lang='lat' dir='ltr'><strong>concupivit</strong></span> <span class='ocrx_word' id='word_1_508' title='bbox 2700 3346 2838 3402; x_wconf 87' lang='lat' dir='ltr'><strong>diem</strong></span> <span class='ocrx_word' id='word_1_509' title='bbox 2864 3363 3038 3402; x_wconf 89' lang='lat' dir='ltr'><strong>meum</strong></span> <span class='ocrx_word' id='word_1_510' title='bbox 3065 3346 3263 3414; x_wconf 84' lang='lat' dir='ltr'><strong>uidere,</strong></span> <span class='ocrx_word' id='word_1_511' title='bbox 3289 3357 3340 3403; x_wconf 90' lang='lat' dir='ltr'><strong>et</strong></span> <span class='ocrx_word' id='word_1_512' title='bbox 3359 3347 3508 3413; x_wconf 72' lang='lat' dir='ltr'><strong>vidit,</strong></span> <span class='ocrx_word' id='word_1_513' title='bbox 3535 3358 3584 3402; x_wconf 89' lang='lat' dir='ltr'><strong>et</strong></span> <span class='ocrx_word' id='word_1_514' title='bbox 3613 3350 3837 3420; x_wconf 65' lang='grc' dir='ltr'><strong>θαι-ἕης</strong></span> 
     </span>
    </p>
   </div>
   <div class='ocr_carea' id='block_1_65' title="bbox 531 3435 2687 3510">
    <p class='ocr_par' dir='ltr' id='par_1_65' title="bbox 531 3435 2687 3510">
     <span class='ocr_line' id='line_1_65' title="bbox 531 3435 2687 3510; baseline -0.001 -16"><span class='ocrx_word' id='word_1_515' title='bbox 531 3439 784 3510; x_wconf 84' lang='lat' dir='ltr'><strong>Moysen,</strong></span> <span class='ocrx_word' id='word_1_516' title='bbox 831 3439 927 3494; x_wconf 91' lang='lat' dir='ltr'><strong>sed</strong></span> <span class='ocrx_word' id='word_1_517' title='bbox 972 3447 1164 3494; x_wconf 90' lang='lat' dir='ltr'><strong>contra</strong></span> <span class='ocrx_word' id='word_1_518' title='bbox 1214 3437 1486 3508; x_wconf 90' lang='lat' dir='ltr'><strong>apostolos</strong></span> <span class='ocrx_word' id='word_1_519' title='bbox 1533 3437 1780 3493; x_wconf 88' lang='lat' dir='ltr'><strong>dimicas.</strong></span> <span class='ocrx_word' id='word_1_520' title='bbox 1837 3436 1896 3492; x_wconf 92' lang='lat' dir='ltr'><strong>Si</strong></span> <span class='ocrx_word' id='word_1_521' title='bbox 1945 3445 2125 3492; x_wconf 90' lang='lat' dir='ltr'><strong>autem</strong></span> <span class='ocrx_word' id='word_1_522' title='bbox 2225 3445 2302 3491; x_wconf 87' lang='lat' dir='ltr'><strong>est</strong></span> <span class='ocrx_word' id='word_1_523' title='bbox 2331 3435 2513 3508; x_wconf 82' lang='lat' dir='ltr'><strong>(Joan.</strong></span> <span class='ocrx_word' id='word_1_524' title='bbox 2545 3436 2687 3508; x_wconf 77' lang='lat' dir='ltr'><strong>vui).</strong></span> 
     </span>
    </p>
   </div>
   <div class='ocr_carea' id='block_1_66' title="bbox 529 3527 3833 3602">
    <p class='ocr_par' dir='ltr' id='par_1_66' title="bbox 529 3527 3833 3602">
     <span class='ocr_line' id='line_1_66' title="bbox 529 3527 3833 3602; baseline 0 -16"><span class='ocrx_word' id='word_1_525' title='bbox 529 3529 808 3586; x_wconf 88' lang='lat' dir='ltr'><strong>conﬁteris</strong></span> <span class='ocrx_word' id='word_1_526' title='bbox 862 3537 1137 3584; x_wconf 90' lang='lat' dir='ltr'><strong>mortuum</strong></span> <span class='ocrx_word' id='word_1_527' title='bbox 1164 3569 1179 3593; x_wconf 96' lang='lat'><strong>,</strong></span> <span class='ocrx_word' id='word_1_528' title='bbox 1237 3527 1496 3584; x_wconf 90' lang='lat' dir='ltr'><strong>conﬁtere</strong></span> <span class='ocrx_word' id='word_1_529' title='bbox 1547 3528 1854 3598; x_wconf 89' lang='lat' dir='ltr'><strong>suscepisse</strong></span> <span class='ocrx_word' id='word_1_530' title='bbox 1906 3543 2125 3598; x_wconf 71' lang='lat' dir='ltr'><strong>pmnam</strong></span> <span class='ocrx_word' id='word_1_531' title='bbox 2298 3527 2417 3584; x_wconf 88' lang='lat' dir='ltr'><strong>Hoc</strong></span> <span class='ocrx_word' id='word_1_532' title='bbox 2445 3539 2623 3584; x_wconf 88' lang='lat' dir='ltr'><strong>autem</strong></span> <span class='ocrx_word' id='word_1_533' title='bbox 2650 3531 2768 3584; x_wconf 87' lang='lat' dir='ltr'><strong>dico</strong></span> <span class='ocrx_word' id='word_1_534' title='bbox 2805 3538 3175 3586; x_wconf 81' lang='lat' dir='ltr'><strong>testamentum</strong></span> <span class='ocrx_word' id='word_1_535' title='bbox 3215 3531 3584 3602; x_wconf 78' lang='lat' dir='ltr'><strong>conﬁrmatum</strong></span> <span class='ocrx_word' id='word_1_536' title='bbox 3624 3549 3658 3585; x_wconf 90' lang='lat' dir='ltr'><strong>a</strong></span> <span class='ocrx_word' id='word_1_537' title='bbox 3686 3530 3833 3599; x_wconf 75' lang='lat' dir='ltr'><strong>D&#39;eo,</strong></span> 
     </span>
    </p>
   </div>
   <div class='ocr_carea' id='block_1_67' title="bbox 531 3616 3835 3696">
    <p class='ocr_par' dir='ltr' id='par_1_67' title="bbox 531 3616 3835 3696">
     <span class='ocr_line' id='line_1_67' title="bbox 531 3616 3835 3696; baseline 0.001 -20"><span class='ocrx_word' id='word_1_538' title='bbox 531 3621 741 3693; x_wconf 88' lang='lat' dir='ltr'><strong>peccati</strong></span> <span class='ocrx_word' id='word_1_539' title='bbox 767 3620 940 3675; x_wconf 90' lang='lat' dir='ltr'><strong>nostri</strong></span> <span class='ocrx_word' id='word_1_540' title='bbox 967 3618 1084 3674; x_wconf 91' lang='lat' dir='ltr'><strong>sine</strong></span> <span class='ocrx_word' id='word_1_541' title='bbox 1106 3625 1332 3690; x_wconf 88' lang='lat' dir='ltr'><strong>peccato</strong></span> <span class='ocrx_word' id='word_1_542' title='bbox 1365 3625 1575 3672; x_wconf 89' lang='lat' dir='ltr'><strong>nostro.</strong></span> <span class='ocrx_word' id='word_1_543' title='bbox 1602 3616 1723 3671; x_wconf 84' lang='lat' dir='ltr'><strong>Jam</strong></span> <span class='ocrx_word' id='word_1_544' title='bbox 1751 3631 1882 3672; x_wconf 92' lang='lat' dir='ltr'><strong>vero</strong></span> <span class='ocrx_word' id='word_1_545' title='bbox 1909 3617 2002 3672; x_wconf 92' lang='lat' dir='ltr'><strong>ubi</strong></span> <span class='ocrx_word' id='word_1_546' title='bbox 2030 3633 2126 3672; x_wconf 88' lang='lat' dir='ltr'><strong>au-</strong></span> <span class='ocrx_word' id='word_1_547' title='bbox 2225 3639 2343 3696; x_wconf 67' lang='lat' dir='ltr'><strong>qut:</strong></span> <span class='ocrx_word' id='word_1_548' title='bbox 2390 3631 2505 3694; x_wconf 89' lang='lat' dir='ltr'><strong>post</strong></span> <span class='ocrx_word' id='word_1_549' title='bbox 2551 3622 2959 3694; x_wconf 83' lang='lat' dir='ltr'><strong>quadringentos</strong></span> <span class='ocrx_word' id='word_1_550' title='bbox 2997 3633 3046 3678; x_wconf 87' lang='lat' dir='ltr'><strong>et</strong></span> <span class='ocrx_word' id='word_1_551' title='bbox 3091 3624 3308 3695; x_wconf 86' lang='lat' dir='ltr'><strong>triginta</strong></span> <span class='ocrx_word' id='word_1_552' title='bbox 3354 3641 3519 3678; x_wconf 87' lang='lat' dir='ltr'><strong>annos</strong></span> <span class='ocrx_word' id='word_1_553' title='bbox 3560 3624 3708 3693; x_wconf 76' lang='lat' dir='ltr'><strong>facta</strong></span> <span class='ocrx_word' id='word_1_554' title='bbox 3756 3633 3835 3678; x_wconf 83' lang='lat' dir='ltr'><strong>est</strong></span> 
     </span>
    </p>
   </div>
   <div class='ocr_carea' id='block_1_68' title="bbox 531 3707 3833 3787">
    <p class='ocr_par' dir='ltr' id='par_1_68' title="bbox 531 3707 3833 3787">
     <span class='ocr_line' id='line_1_68' title="bbox 531 3707 3833 3787; baseline 0 -18"><span class='ocrx_word' id='word_1_555' title='bbox 531 3713 616 3770; x_wconf 93' lang='lat' dir='ltr'><strong>dis</strong></span> <span class='ocrx_word' id='word_1_556' title='bbox 655 3727 876 3785; x_wconf 71' lang='lat' dir='ltr'><strong>ptenam</strong></span> <span class='ocrx_word' id='word_1_557' title='bbox 916 3710 1148 3783; x_wconf 88' lang='lat' dir='ltr'><strong>peccati,</strong></span> <span class='ocrx_word' id='word_1_558' title='bbox 1189 3716 1286 3764; x_wconf 89' lang='lat' dir='ltr'><strong>aut</strong></span> <span class='ocrx_word' id='word_1_559' title='bbox 1319 3721 1387 3763; x_wconf 85' lang='lat' dir='ltr'><strong>ex</strong></span> <span class='ocrx_word' id='word_1_560' title='bbox 1423 3707 1802 3764; x_wconf 90' lang='lat' dir='ltr'><strong>benedictione</strong></span> <span class='ocrx_word' id='word_1_561' title='bbox 1839 3708 1998 3763; x_wconf 90' lang='lat' dir='ltr'><strong>crede</strong></span> <span class='ocrx_word' id='word_1_562' title='bbox 2032 3723 2129 3764; x_wconf 86' lang='lat' dir='ltr'><strong>ve-</strong></span> <span class='ocrx_word' id='word_1_563' title='bbox 2225 3713 2330 3780; x_wconf 74' lang='lat' dir='ltr'><strong>lex,</strong></span> <span class='ocrx_word' id='word_1_564' title='bbox 2365 3730 2471 3770; x_wconf 88' lang='lat' dir='ltr'><strong>non</strong></span> <span class='ocrx_word' id='word_1_565' title='bbox 2495 3715 2707 3770; x_wconf 85' lang='lat' dir='ltr'><strong>irritum</strong></span> <span class='ocrx_word' id='word_1_566' title='bbox 2738 3715 2886 3785; x_wconf 78' lang='lat' dir='ltr'><strong>facit,</strong></span> <span class='ocrx_word' id='word_1_567' title='bbox 2915 3715 2986 3769; x_wconf 88' lang='lat' dir='ltr'><strong>ad</strong></span> <span class='ocrx_word' id='word_1_568' title='bbox 3012 3716 3373 3770; x_wconf 82' lang='lat' dir='ltr'><strong>evacuandam</strong></span> <span class='ocrx_word' id='word_1_569' title='bbox 3399 3715 3833 3787; x_wconf 70' lang='lat' dir='ltr'><strong>promissionem.</strong></span> 
     </span>
    </p>
   </div>
   <div class='ocr_carea' id='block_1_69' title="bbox 529 3800 3834 3880">
    <p class='ocr_par' dir='ltr' id='par_1_69' title="bbox 529 3800 3834 3880">
     <span class='ocr_line' id='line_1_69' title="bbox 529 3800 3834 3880; baseline 0.001 -18"><span class='ocrx_word' id='word_1_570' title='bbox 529 3807 804 3872; x_wconf 89' lang='lat' dir='ltr'><strong>nientem,</strong></span> <span class='ocrx_word' id='word_1_571' title='bbox 848 3812 941 3860; x_wconf 91' lang='lat' dir='ltr'><strong>aut</strong></span> <span class='ocrx_word' id='word_1_572' title='bbox 976 3819 1044 3860; x_wconf 89' lang='lat' dir='ltr'><strong>ex</strong></span> <span class='ocrx_word' id='word_1_573' title='bbox 1087 3801 1490 3859; x_wconf 90' lang='lat' dir='ltr'><strong>maledictione.</strong></span> <span class='ocrx_word' id='word_1_574' title='bbox 1543 3800 1602 3858; x_wconf 95' lang='lat' dir='ltr'><strong>Si</strong></span> <span class='ocrx_word' id='word_1_575' title='bbox 1641 3817 1708 3858; x_wconf 89' lang='lat' dir='ltr'><strong>ex</strong></span> <span class='ocrx_word' id='word_1_576' title='bbox 1747 3800 2126 3857; x_wconf 85' lang='lat' dir='ltr'><strong>benedictione</strong></span> <span class='ocrx_word' id='word_1_577' title='bbox 2224 3805 2470 3864; x_wconf 83' lang='lat' dir='ltr'><strong>Primum</strong></span> <span class='ocrx_word' id='word_1_578' title='bbox 2512 3816 2739 3880; x_wconf 80' lang='lat' dir='ltr'><strong>pmpter</strong></span> <span class='ocrx_word' id='word_1_579' title='bbox 2779 3808 3063 3880; x_wconf 87' lang='lat' dir='ltr'><strong>imperitos</strong></span> <span class='ocrx_word' id='word_1_580' title='bbox 3107 3808 3255 3880; x_wconf 92' lang='lat' dir='ltr'><strong>ipsos</strong></span> <span class='ocrx_word' id='word_1_581' title='bbox 3298 3824 3470 3865; x_wconf 91' lang='lat' dir='ltr'><strong>annos</strong></span> <span class='ocrx_word' id='word_1_582' title='bbox 3512 3809 3834 3864; x_wconf 83' lang='lat' dir='ltr'><strong>minutatim</strong></span> 
     </span>
    </p>
   </div>
   <div class='ocr_carea' id='block_1_70' title="bbox 529 3893 3834 3975">
    <p class='ocr_par' dir='ltr' id='par_1_70' title="bbox 529 3893 3834 3975">
     <span class='ocr_line' id='line_1_70' title="bbox 529 3893 3834 3975; baseline 0 -15"><span class='ocrx_word' id='word_1_583' title='bbox 529 3899 679 3955; x_wconf 65' lang='lat' dir='ltr'><strong>venit</strong></span> <span class='ocrx_word' id='word_1_584' title='bbox 725 3910 886 3969; x_wconf 67' lang='grc' dir='ltr'><strong>ρωηδ</strong></span> <span class='ocrx_word' id='word_1_585' title='bbox 933 3895 1141 3967; x_wconf 65' lang='grc' dir='ltr'><strong>Ρθεοθῑῖ</strong></span> <span class='ocrx_word' id='word_1_586' title='bbox 1168 3935 1184 3962; x_wconf 72' lang='grc' dir='ltr'><strong>ν</strong></span> <span class='ocrx_word' id='word_1_587' title='bbox 1231 3905 1357 3966; x_wconf 72' lang='grc' dir='ltr'><strong>οριει</strong></span> <span class='ocrx_word' id='word_1_588' title='bbox 1413 3908 1534 3951; x_wconf 72' lang='lat' dir='ltr'><strong>esse</strong></span> <span class='ocrx_word' id='word_1_589' title='bbox 1592 3908 1806 3965; x_wconf 61' lang='lat' dir='ltr'><strong>semper</strong></span> <span class='ocrx_word' id='word_1_590' title='bbox 1858 3893 1914 3948; x_wconf 74' lang='grc' dir='ltr'><strong>ίη</strong></span> <span class='ocrx_word' id='word_1_591' title='bbox 1963 3909 2124 3964; x_wconf 66' lang='lat' dir='ltr'><strong>W303</strong></span> <span class='ocrx_word' id='word_1_592' title='bbox 2223 3911 2390 3975; x_wconf 87' lang='lat' dir='ltr'><strong>atque</strong></span> <span class='ocrx_word' id='word_1_593' title='bbox 2433 3903 2708 3960; x_wconf 90' lang='lat' dir='ltr'><strong>subtiliter</strong></span> <span class='ocrx_word' id='word_1_594' title='bbox 2745 3903 3122 3959; x_wconf 88' lang='lat' dir='ltr'><strong>discutiamus.</strong></span> <span class='ocrx_word' id='word_1_595' title='bbox 3174 3903 3242 3959; x_wconf 87' lang='lat' dir='ltr'><strong>Et</strong></span> <span class='ocrx_word' id='word_1_596' title='bbox 3287 3912 3410 3975; x_wconf 93' lang='lat' dir='ltr'><strong>post</strong></span> <span class='ocrx_word' id='word_1_597' title='bbox 3450 3903 3579 3974; x_wconf 89' lang='lat' dir='ltr'><strong>quid</strong></span> <span class='ocrx_word' id='word_1_598' title='bbox 3626 3903 3834 3960; x_wconf 79' lang='lat' dir='ltr'><strong>exinde</strong></span> 
     </span>
    </p>
   </div>
   <div class='ocr_carea' id='block_1_71' title="bbox 527 3984 2127 4069">
    <p class='ocr_par' dir='ltr' id='par_1_71' title="bbox 527 3984 2127 4062">
     <span class='ocr_line' id='line_1_71' title="bbox 527 3984 2127 4062; baseline -0.004 -16"><span class='ocrx_word' id='word_1_599' title='bbox 527 3990 758 4062; x_wconf 87' lang='lat' dir='ltr'><strong>peccati.</strong></span> <span class='ocrx_word' id='word_1_600' title='bbox 811 3987 869 4044; x_wconf 89' lang='lat' dir='ltr'><strong>Si</strong></span> <span class='ocrx_word' id='word_1_601' title='bbox 913 3996 1096 4043; x_wconf 90' lang='lat' dir='ltr'><strong>autem</strong></span> <span class='ocrx_word' id='word_1_602' title='bbox 1138 3996 1296 4057; x_wconf 90' lang='lat' dir='ltr'><strong>optas</strong></span> <span class='ocrx_word' id='word_1_603' title='bbox 1345 3985 1472 4041; x_wconf 91' lang='lat' dir='ltr'><strong>inde</strong></span> <span class='ocrx_word' id='word_1_604' title='bbox 1518 3985 1772 4051; x_wconf 68' lang='lat' dir='ltr'><strong>liberari,</strong></span> <span class='ocrx_word' id='word_1_605' title='bbox 1820 3984 1980 4041; x_wconf 90' lang='lat' dir='ltr'><strong>crede</strong></span> <span class='ocrx_word' id='word_1_606' title='bbox 2027 4000 2127 4056; x_wconf 89' lang='lat' dir='ltr'><strong>per</strong></span> 
     </span>
    </p>
   </div>
   <div class='ocr_carea' id='block_1_72' title="bbox 2227 3984 3831 4069">
    <p class='ocr_par' dir='ltr' id='par_1_72' title="bbox 2227 3995 3831 4069">
     <span class='ocr_line' id='line_1_72' title="bbox 2227 3995 3831 4069; baseline -0.001 -14"><span class='ocrx_word' id='word_1_607' title='bbox 2227 3996 2570 4055; x_wconf 87' lang='lat' dir='ltr'><strong>sentiendum</strong></span> <span class='ocrx_word' id='word_1_608' title='bbox 2602 3996 2705 4062; x_wconf 89' lang='lat' dir='ltr'><strong>sit,</strong></span> <span class='ocrx_word' id='word_1_609' title='bbox 2748 4011 3102 4068; x_wconf 84' lang='lat' dir='ltr'><strong>exponemus.</strong></span> <span class='ocrx_word' id='word_1_610' title='bbox 3138 3995 3311 4069; x_wconf 89' lang='lat' dir='ltr'><strong>Igitur</strong></span> <span class='ocrx_word' id='word_1_611' title='bbox 3348 3996 3657 4064; x_wconf 85' lang='lat' dir='ltr'><strong>Abraham,</strong></span> <span class='ocrx_word' id='word_1_612' title='bbox 3697 4012 3831 4053; x_wconf 86' lang='lat' dir='ltr'><strong>cum</strong></span> 
     </span>
    </p>
   </div>
   <div class='ocr_carea' id='block_1_73' title="bbox 530 4077 3834 4161">
    <p class='ocr_par' dir='ltr' id='par_1_73' title="bbox 530 4077 3834 4161">
     <span class='ocr_line' id='line_1_73' title="bbox 530 4077 3834 4161; baseline 0.002 -24"><span class='ocrx_word' id='word_1_613' title='bbox 530 4081 727 4138; x_wconf 76' lang='lat' dir='ltr'><strong>divina:</strong></span> <span class='ocrx_word' id='word_1_614' title='bbox 760 4079 1041 4136; x_wconf 71' lang='lat' dir='ltr'><strong>sententiae</strong></span> <span class='ocrx_word' id='word_1_615' title='bbox 1070 4077 1340 4148; x_wconf 87' lang='lat' dir='ltr'><strong>justitiam</strong></span> <span class='ocrx_word' id='word_1_616' title='bbox 1369 4093 1437 4134; x_wconf 83' lang='lat' dir='ltr'><strong>ex</strong></span> <span class='ocrx_word' id='word_1_617' title='bbox 1472 4077 1854 4160; x_wconf 87' lang='lat' dir='ltr'><strong>maledictione</strong></span> <span class='ocrx_word' id='word_1_618' title='bbox 1887 4078 2122 4133; x_wconf 91' lang='lat' dir='ltr'><strong>venisse.</strong></span> <span class='ocrx_word' id='word_1_619' title='bbox 2225 4087 2565 4158; x_wconf 69' lang='lat' dir='ltr'><strong>septuaginta</strong></span> <span class='ocrx_word' id='word_1_620' title='bbox 2590 4087 2830 4156; x_wconf 88' lang='lat' dir='ltr'><strong>quinque</strong></span> <span class='ocrx_word' id='word_1_621' title='bbox 2859 4096 3006 4142; x_wconf 89' lang='lat' dir='ltr'><strong>esset</strong></span> <span class='ocrx_word' id='word_1_622' title='bbox 3033 4103 3322 4155; x_wconf 90' lang='lat' dir='ltr'><strong>annorum,</strong></span> <span class='ocrx_word' id='word_1_623' title='bbox 3348 4088 3589 4144; x_wconf 86' lang='lat' dir='ltr'><strong>divinum</strong></span> <span class='ocrx_word' id='word_1_624' title='bbox 3614 4091 3834 4161; x_wconf 82' lang='lat' dir='ltr'><strong>accepit</strong></span> 
     </span>
    </p>
   </div>
   <div class='ocr_carea' id='block_1_74' title="bbox 531 4169 3835 4250">
    <p class='ocr_par' dir='ltr' id='par_1_74' title="bbox 531 4169 3835 4250">
     <span class='ocr_line' id='line_1_74' title="bbox 531 4169 3835 4250; baseline 0.001 -23"><span class='ocrx_word' id='word_1_625' title='bbox 531 4169 803 4228; x_wconf 87' lang='lat' dir='ltr'><strong>Conﬁtere</strong></span> <span class='ocrx_word' id='word_1_626' title='bbox 853 4185 983 4241; x_wconf 89' lang='lat' dir='ltr'><strong>ergo</strong></span> <span class='ocrx_word' id='word_1_627' title='bbox 1035 4169 1381 4225; x_wconf 89' lang='lat' dir='ltr'><strong>maledictum</strong></span> <span class='ocrx_word' id='word_1_628' title='bbox 1431 4170 1735 4240; x_wconf 83' lang='lat' dir='ltr'><strong>suscepisse</strong></span> <span class='ocrx_word' id='word_1_629' title='bbox 1783 4184 1884 4239; x_wconf 92' lang='lat' dir='ltr'><strong>pro</strong></span> <span class='ocrx_word' id='word_1_630' title='bbox 1929 4169 2123 4235; x_wconf 92' lang='lat' dir='ltr'><strong>bonis,</strong></span> <span class='ocrx_word' id='word_1_631' title='bbox 2224 4178 2528 4244; x_wconf 69' lang='lat' dir='ltr'><strong>oraculum,</strong></span> <span class='ocrx_word' id='word_1_632' title='bbox 2568 4187 2629 4233; x_wconf 74' lang='lat' dir='ltr'><strong>ut</strong></span> <span class='ocrx_word' id='word_1_633' title='bbox 2679 4178 3031 4249; x_wconf 77' lang='lat' dir='ltr'><strong>egrederetur</strong></span> <span class='ocrx_word' id='word_1_634' title='bbox 3075 4179 3144 4236; x_wconf 83' lang='lat' dir='ltr'><strong>de</strong></span> <span class='ocrx_word' id='word_1_635' title='bbox 3185 4188 3329 4235; x_wconf 71' lang='lat' dir='ltr'><strong>terra</strong></span> <span class='ocrx_word' id='word_1_636' title='bbox 3376 4196 3476 4235; x_wconf 83' lang='lat' dir='ltr'><strong>sua</strong></span> <span class='ocrx_word' id='word_1_637' title='bbox 3511 4200 3523 4234; x_wconf 85' lang='lat'><strong>:</strong></span> <span class='ocrx_word' id='word_1_638' title='bbox 3565 4180 3656 4250; x_wconf 85' lang='lat' dir='ltr'><strong>qui</strong></span> <span class='ocrx_word' id='word_1_639' title='bbox 3695 4192 3835 4250; x_wconf 76' lang='lat' dir='ltr'><strong>post</strong></span> 
     </span>
    </p>
   </div>
   <div class='ocr_carea' id='block_1_75' title="bbox 530 4260 3834 4345">
    <p class='ocr_par' dir='ltr' id='par_1_75' title="bbox 530 4260 3834 4345">
     <span class='ocr_line' id='line_1_75' title="bbox 530 4260 3834 4345; baseline 0.001 -27"><span class='ocrx_word' id='word_1_640' title='bbox 530 4279 690 4335; x_wconf 86' lang='lat' dir='ltr'><strong>quem</strong></span> <span class='ocrx_word' id='word_1_641' title='bbox 719 4262 997 4319; x_wconf 89' lang='lat' dir='ltr'><strong>conﬁteris</strong></span> <span class='ocrx_word' id='word_1_642' title='bbox 1035 4272 1309 4318; x_wconf 88' lang='lat' dir='ltr'><strong>mortuum</strong></span> <span class='ocrx_word' id='word_1_643' title='bbox 1345 4277 1466 4318; x_wconf 91' lang='lat' dir='ltr'><strong>esse</strong></span> <span class='ocrx_word' id='word_1_644' title='bbox 1503 4277 1604 4333; x_wconf 90' lang='lat' dir='ltr'><strong>pro</strong></span> <span class='ocrx_word' id='word_1_645' title='bbox 1631 4261 1808 4317; x_wconf 88' lang='lat' dir='ltr'><strong>nobis.</strong></span> <span class='ocrx_word' id='word_1_646' title='bbox 1841 4260 1952 4318; x_wconf 85' lang='lat' dir='ltr'><strong>Nec</strong></span> <span class='ocrx_word' id='word_1_647' title='bbox 1978 4263 2126 4318; x_wconf 89' lang='lat' dir='ltr'><strong>aliud</strong></span> <span class='ocrx_word' id='word_1_648' title='bbox 2223 4273 2414 4345; x_wconf 63' lang='lat' dir='ltr'><strong>viginti</strong></span> <span class='ocrx_word' id='word_1_649' title='bbox 2453 4272 2695 4344; x_wconf 81' lang='lat' dir='ltr'><strong>quinque</strong></span> <span class='ocrx_word' id='word_1_650' title='bbox 2737 4271 2896 4326; x_wconf 76' lang='lat' dir='ltr'><strong>annis</strong></span> <span class='ocrx_word' id='word_1_651' title='bbox 2927 4270 3114 4342; x_wconf 75' lang='lat' dir='ltr'><strong>genuit</strong></span> <span class='ocrx_word' id='word_1_652' title='bbox 3145 4269 3316 4337; x_wconf 85' lang='lat' dir='ltr'><strong>Isaac,</strong></span> <span class='ocrx_word' id='word_1_653' title='bbox 3361 4271 3456 4340; x_wconf 88' lang='lat' dir='ltr'><strong>qui</strong></span> <span class='ocrx_word' id='word_1_654' title='bbox 3485 4278 3600 4325; x_wconf 86' lang='lat' dir='ltr'><strong>erat</strong></span> <span class='ocrx_word' id='word_1_655' title='bbox 3641 4286 3834 4327; x_wconf 80' lang='lat' dir='ltr'><strong>annus</strong></span> 
     </span>
    </p>
   </div>
   <div class='ocr_carea' id='block_1_76' title="bbox 530 4354 3832 4430">
    <p class='ocr_par' dir='ltr' id='par_1_76' title="bbox 530 4354 3832 4430">
     <span class='ocr_line' id='line_1_76' title="bbox 530 4354 3832 4430; baseline 0.001 -17"><span class='ocrx_word' id='word_1_656' title='bbox 530 4356 840 4429; x_wconf 90' lang='lat' dir='ltr'><strong>signiﬁcare</strong></span> <span class='ocrx_word' id='word_1_657' title='bbox 882 4355 1120 4411; x_wconf 91' lang='lat' dir='ltr'><strong>voluisse</strong></span> <span class='ocrx_word' id='word_1_658' title='bbox 1167 4354 1416 4426; x_wconf 84' lang='lat' dir='ltr'><strong>Moysen,</strong></span> <span class='ocrx_word' id='word_1_659' title='bbox 1464 4369 1587 4411; x_wconf 92' lang='lat' dir='ltr'><strong>cum</strong></span> <span class='ocrx_word' id='word_1_660' title='bbox 1633 4355 1837 4412; x_wconf 89' lang='lat' dir='ltr'><strong>diceret</strong></span> <span class='ocrx_word' id='word_1_661' title='bbox 1888 4373 1902 4410; x_wconf 90' lang='lat'><strong>:</strong></span> <span class='ocrx_word' id='word_1_662' title='bbox 1957 4355 2125 4412; x_wconf 78' lang='lat' dir='ltr'><strong>Malc—</strong></span> <span class='ocrx_word' id='word_1_663' title='bbox 2224 4365 2350 4420; x_wconf 65' lang='lat' dir='ltr'><strong>vita:</strong></span> <span class='ocrx_word' id='word_1_664' title='bbox 2376 4379 2488 4421; x_wconf 62' lang='lat' dir='ltr'><strong>suae</strong></span> <span class='ocrx_word' id='word_1_665' title='bbox 2515 4364 2862 4420; x_wconf 76' lang='lat' dir='ltr'><strong>centesimus.</strong></span> <span class='ocrx_word' id='word_1_666' title='bbox 2897 4363 2998 4430; x_wconf 87' lang='lat' dir='ltr'><strong>Qui</strong></span> <span class='ocrx_word' id='word_1_667' title='bbox 3025 4362 3175 4419; x_wconf 85' lang='lat' dir='ltr'><strong>Isaac</strong></span> <span class='ocrx_word' id='word_1_668' title='bbox 3206 4379 3350 4419; x_wconf 87' lang='lat' dir='ltr'><strong>anno</strong></span> <span class='ocrx_word' id='word_1_669' title='bbox 3373 4364 3503 4419; x_wconf 67' lang='lat' dir='ltr'><strong>vitae</strong></span> <span class='ocrx_word' id='word_1_670' title='bbox 3525 4379 3636 4418; x_wconf 64' lang='lat' dir='ltr'><strong>suae</strong></span> <span class='ocrx_word' id='word_1_671' title='bbox 3664 4378 3832 4418; x_wconf 81' lang='lat' dir='ltr'><strong>sexa-</strong></span> 
     </span>
    </p>
   </div>
   <div class='ocr_carea' id='block_1_77' title="bbox 530 4447 3826 4528">
    <p class='ocr_par' dir='ltr' id='par_1_77' title="bbox 530 4447 3826 4528">
     <span class='ocr_line' id='line_1_77' title="bbox 530 4447 3826 4528; baseline 0.002 -24"><span class='ocrx_word' id='word_1_672' title='bbox 530 4450 703 4505; x_wconf 83' lang='lat' dir='ltr'><strong>dictus</strong></span> <span class='ocrx_word' id='word_1_673' title='bbox 752 4449 920 4504; x_wconf 88' lang='lat' dir='ltr'><strong>omnis</strong></span> <span class='ocrx_word' id='word_1_674' title='bbox 945 4490 960 4516; x_wconf 94' lang='lat'><strong>,</strong></span> <span class='ocrx_word' id='word_1_675' title='bbox 1012 4449 1101 4521; x_wconf 88' lang='lat' dir='ltr'><strong>qui</strong></span> <span class='ocrx_word' id='word_1_676' title='bbox 1148 4448 1204 4504; x_wconf 89' lang='lat' dir='ltr'><strong>in</strong></span> <span class='ocrx_word' id='word_1_677' title='bbox 1251 4447 1392 4520; x_wconf 90' lang='lat' dir='ltr'><strong>ligno</strong></span> <span class='ocrx_word' id='word_1_678' title='bbox 1432 4449 1769 4521; x_wconf 85' lang='lat' dir='ltr'><strong>pependerit,</strong></span> <span class='ocrx_word' id='word_1_679' title='bbox 1825 4450 1931 4506; x_wconf 90' lang='lat' dir='ltr'><strong>nisi</strong></span> <span class='ocrx_word' id='word_1_680' title='bbox 1981 4466 2128 4506; x_wconf 89' lang='lat' dir='ltr'><strong>mor-</strong></span> <span class='ocrx_word' id='word_1_681' title='bbox 2227 4455 2434 4528; x_wconf 89' lang='lat' dir='ltr'><strong>gesimo</strong></span> <span class='ocrx_word' id='word_1_682' title='bbox 2474 4455 2660 4526; x_wconf 87' lang='lat' dir='ltr'><strong>genuit</strong></span> <span class='ocrx_word' id='word_1_683' title='bbox 2687 4451 2874 4518; x_wconf 86' lang='lat' dir='ltr'><strong>Jacob,</strong></span> <span class='ocrx_word' id='word_1_684' title='bbox 2901 4461 2957 4508; x_wconf 93' lang='lat' dir='ltr'><strong>et</strong></span> <span class='ocrx_word' id='word_1_685' title='bbox 2986 4452 3150 4509; x_wconf 88' lang='lat' dir='ltr'><strong>Esau.</strong></span> <span class='ocrx_word' id='word_1_686' title='bbox 3184 4453 3251 4510; x_wconf 87' lang='lat' dir='ltr'><strong>Hi</strong></span> <span class='ocrx_word' id='word_1_687' title='bbox 3279 4464 3407 4510; x_wconf 91' lang='lat' dir='ltr'><strong>sunt</strong></span> <span class='ocrx_word' id='word_1_688' title='bbox 3433 4455 3562 4510; x_wconf 90' lang='lat' dir='ltr'><strong>anni</strong></span> <span class='ocrx_word' id='word_1_689' title='bbox 3587 4470 3618 4510; x_wconf 88' lang='lat' dir='ltr'><strong>a</strong></span> <span class='ocrx_word' id='word_1_690' title='bbox 3644 4455 3826 4525; x_wconf 85' lang='lat' dir='ltr'><strong>prima</strong></span> 
     </span>
    </p>
   </div>
   <div class='ocr_carea' id='block_1_78' title="bbox 529 4542 3823 4653">
    <p class='ocr_par' dir='ltr' id='par_1_78' title="bbox 529 4542 3823 4653">
     <span class='ocr_line' id='line_1_78' title="bbox 529 4542 3823 4653; baseline 0.003 -59"><span class='ocrx_word' id='word_1_691' title='bbox 529 4543 668 4653; x_wconf 45' lang='lat' dir='ltr'><strong>talis]</strong></span> <span class='ocrx_word' id='word_1_692' title='bbox 704 4543 904 4653; x_wconf 63' lang='lat' dir='ltr'><strong>omnis:</strong></span> <span class='ocrx_word' id='word_1_693' title='bbox 952 4551 1010 4598; x_wconf 91' lang='lat' dir='ltr'><strong>et</strong></span> <span class='ocrx_word' id='word_1_694' title='bbox 1057 4542 1296 4645; x_wconf 76' lang='lat' dir='ltr'><strong>moriens</strong></span> <span class='ocrx_word' id='word_1_695' title='bbox 1329 4543 1514 4653; x_wconf 53' lang='lat' dir='ltr'><strong>pinnis</strong></span> <span class='ocrx_word' id='word_1_696' title='bbox 1537 4583 1552 4609; x_wconf 92' lang='lat'><strong>,</strong></span> <span class='ocrx_word' id='word_1_697' title='bbox 1599 4543 1695 4653; x_wconf 69' lang='lat' dir='ltr'><strong>qui</strong></span> <span class='ocrx_word' id='word_1_698' title='bbox 1841 4543 1984 4616; x_wconf 89' lang='lat' dir='ltr'><strong>ligno</strong></span> <span class='ocrx_word' id='word_1_699' title='bbox 2031 4560 2125 4615; x_wconf 85' lang='lat' dir='ltr'><strong>pe-</strong></span> <span class='ocrx_word' id='word_1_700' title='bbox 2147 4592 2201 4653; x_wconf 68' lang='grc' dir='ltr'>Β</span> <span class='ocrx_word' id='word_1_701' title='bbox 2226 4550 2458 4606; x_wconf 66' lang='lat' dir='ltr'><strong>Abrahae</strong></span> <span class='ocrx_word' id='word_1_702' title='bbox 2479 4548 2841 4620; x_wconf 89' lang='lat' dir='ltr'><strong>promissione</strong></span> <span class='ocrx_word' id='word_1_703' title='bbox 2864 4548 3140 4620; x_wconf 88' lang='lat' dir='ltr'><strong>octoginta</strong></span> <span class='ocrx_word' id='word_1_704' title='bbox 3171 4549 3430 4620; x_wconf 89' lang='lat' dir='ltr'><strong>quinque.</strong></span> <span class='ocrx_word' id='word_1_705' title='bbox 3461 4547 3706 4621; x_wconf 87' lang='lat' dir='ltr'><strong>Denique</strong></span> <span class='ocrx_word' id='word_1_706' title='bbox 3729 4547 3823 4604; x_wconf 78' lang='lat' dir='ltr'><strong>Ja-</strong></span> 
     </span>
    </p>
   </div>
   <div class='ocr_carea' id='block_1_79' title="bbox 527 4633 2120 4707">
    <p class='ocr_par' dir='ltr' id='par_1_79' title="bbox 527 4633 2120 4707">
     <span class='ocr_line' id='line_1_79' title="bbox 527 4633 2120 4707; baseline 0.002 -17"><span class='ocrx_word' id='word_1_707' title='bbox 527 4635 797 4707; x_wconf 86' lang='lat' dir='ltr'><strong>penderit.</strong></span> <span class='ocrx_word' id='word_1_708' title='bbox 855 4633 1074 4690; x_wconf 89' lang='lat' dir='ltr'><strong>Poterat</strong></span> <span class='ocrx_word' id='word_1_709' title='bbox 1125 4633 1270 4688; x_wconf 91' lang='lat' dir='ltr'><strong>enim</strong></span> <span class='ocrx_word' id='word_1_710' title='bbox 1321 4633 1542 4700; x_wconf 87' lang='lat' dir='ltr'><strong>dicere,</strong></span> <span class='ocrx_word' id='word_1_711' title='bbox 1591 4635 1911 4690; x_wconf 89' lang='lat' dir='ltr'><strong>maledictus</strong></span> <span class='ocrx_word' id='word_1_712' title='bbox 1943 4638 2120 4694; x_wconf 91' lang='lat' dir='ltr'><strong>omnis</strong></span> 
     </span>
    </p>
   </div>
   <div class='ocr_carea' id='block_1_80' title="bbox 531 4724 2120 4799">
    <p class='ocr_par' dir='ltr' id='par_1_80' title="bbox 531 4724 2120 4799">
     <span class='ocr_line' id='line_1_80' title="bbox 531 4724 2120 4799; baseline 0.003 -17"><span class='ocrx_word' id='word_1_713' title='bbox 531 4727 625 4799; x_wconf 91' lang='lat' dir='ltr'><strong>qui</strong></span> <span class='ocrx_word' id='word_1_714' title='bbox 667 4727 935 4794; x_wconf 88' lang='lat' dir='ltr'><strong>mortalis,</strong></span> <span class='ocrx_word' id='word_1_715' title='bbox 982 4734 1078 4781; x_wconf 93' lang='lat' dir='ltr'><strong>aut</strong></span> <span class='ocrx_word' id='word_1_716' title='bbox 1124 4724 1444 4781; x_wconf 89' lang='lat' dir='ltr'><strong>maledictus</strong></span> <span class='ocrx_word' id='word_1_717' title='bbox 1484 4727 1663 4782; x_wconf 91' lang='lat' dir='ltr'><strong>omnis</strong></span> <span class='ocrx_word' id='word_1_718' title='bbox 1703 4729 1963 4783; x_wconf 91' lang='lat' dir='ltr'><strong>moriens.</strong></span> <span class='ocrx_word' id='word_1_719' title='bbox 2012 4730 2120 4787; x_wconf 92' lang='lat' dir='ltr'><strong>Sed</strong></span> 
     </span>
    </p>
   </div>
   <div class='ocr_carea' id='block_1_81' title="bbox 531 4815 2120 4888">
    <p class='ocr_par' dir='ltr' id='par_1_81' title="bbox 531 4815 2120 4888">
     <span class='ocr_line' id='line_1_81' title="bbox 531 4815 2120 4888; baseline 0.003 -16"><span class='ocrx_word' id='word_1_720' title='bbox 531 4817 637 4873; x_wconf 92' lang='lat' dir='ltr'><strong>hoc</strong></span> <span class='ocrx_word' id='word_1_721' title='bbox 664 4825 750 4873; x_wconf 87' lang='lat' dir='ltr'><strong>est</strong></span> <span class='ocrx_word' id='word_1_722' title='bbox 776 4815 920 4888; x_wconf 89' lang='lat' dir='ltr'><strong>quod</strong></span> <span class='ocrx_word' id='word_1_723' title='bbox 949 4816 1146 4872; x_wconf 90' lang='lat' dir='ltr'><strong>asserit</strong></span> <span class='ocrx_word' id='word_1_724' title='bbox 1177 4816 1481 4887; x_wconf 88' lang='lat' dir='ltr'><strong>prophetia.</strong></span> <span class='ocrx_word' id='word_1_725' title='bbox 1520 4816 1654 4884; x_wconf 83' lang='lat' dir='ltr'><strong>Quia</strong></span> <span class='ocrx_word' id='word_1_726' title='bbox 1683 4819 1888 4875; x_wconf 89' lang='lat' dir='ltr'><strong>sciebat</strong></span> <span class='ocrx_word' id='word_1_727' title='bbox 1918 4820 2120 4878; x_wconf 90' lang='lat' dir='ltr'><strong>Christi</strong></span> 
     </span>
    </p>
   </div>
   <div class='ocr_carea' id='block_1_82' title="bbox 530 4909 2117 4980">
    <p class='ocr_par' dir='ltr' id='par_1_82' title="bbox 530 4909 2117 4980">
     <span class='ocr_line' id='line_1_82' title="bbox 530 4909 2117 4980; baseline 0.002 -16"><span class='ocrx_word' id='word_1_728' title='bbox 530 4918 765 4965; x_wconf 91' lang='lat' dir='ltr'><strong>mortem</strong></span> <span class='ocrx_word' id='word_1_729' title='bbox 813 4909 868 4964; x_wconf 90' lang='lat' dir='ltr'><strong>in</strong></span> <span class='ocrx_word' id='word_1_730' title='bbox 908 4923 1070 4964; x_wconf 89' lang='lat' dir='ltr'><strong>cruce</strong></span> <span class='ocrx_word' id='word_1_731' title='bbox 1108 4923 1422 4979; x_wconf 88' lang='lat' dir='ltr'><strong>pensuram,</strong></span> <span class='ocrx_word' id='word_1_732' title='bbox 1465 4916 1521 4963; x_wconf 91' lang='lat' dir='ltr'><strong>et</strong></span> <span class='ocrx_word' id='word_1_733' title='bbox 1562 4909 1772 4965; x_wconf 76' lang='lat' dir='ltr'><strong>futuros</strong></span> <span class='ocrx_word' id='word_1_734' title='bbox 1813 4911 2117 4980; x_wconf 63' lang='lat' dir='ltr'><strong>htereticos,</strong></span> 
     </span>
    </p>
   </div>
   <div class='ocr_carea' id='block_1_83' title="bbox 531 5001 2119 5076">
    <p class='ocr_par' dir='ltr' id='par_1_83' title="bbox 531 5001 2119 5076">
     <span class='ocr_line' id='line_1_83' title="bbox 531 5001 2119 5076; baseline 0.003 -20"><span class='ocrx_word' id='word_1_735' title='bbox 531 5003 625 5074; x_wconf 90' lang='lat' dir='ltr'><strong>qui</strong></span> <span class='ocrx_word' id='word_1_736' title='bbox 658 5003 901 5059; x_wconf 91' lang='lat' dir='ltr'><strong>dicerent</strong></span> <span class='ocrx_word' id='word_1_737' title='bbox 927 5020 940 5057; x_wconf 95' lang='lat'><strong>:</strong></span> <span class='ocrx_word' id='word_1_738' title='bbox 971 5001 1235 5073; x_wconf 90' lang='lat' dir='ltr'><strong>Pependit</strong></span> <span class='ocrx_word' id='word_1_739' title='bbox 1270 5001 1488 5071; x_wconf 90' lang='lat' dir='ltr'><strong>quidem</strong></span> <span class='ocrx_word' id='word_1_740' title='bbox 1526 5002 1580 5057; x_wconf 89' lang='lat' dir='ltr'><strong>in</strong></span> <span class='ocrx_word' id='word_1_741' title='bbox 1611 5001 1777 5074; x_wconf 91' lang='lat' dir='ltr'><strong>ligno,</strong></span> <span class='ocrx_word' id='word_1_742' title='bbox 1810 5003 1903 5059; x_wconf 90' lang='lat' dir='ltr'><strong>sed</strong></span> <span class='ocrx_word' id='word_1_743' title='bbox 1938 5006 2119 5076; x_wconf 89' lang='lat' dir='ltr'><strong>specie</strong></span> 
     </span>
    </p>
   </div>
   <div class='ocr_carea' id='block_1_84' title="bbox 531 5091 2121 5168">
    <p class='ocr_par' dir='ltr' id='par_1_84' title="bbox 531 5091 2121 5168">
     <span class='ocr_line' id='line_1_84' title="bbox 531 5091 2121 5168; baseline 0.003 -21"><span class='ocrx_word' id='word_1_744' title='bbox 531 5093 789 5164; x_wconf 90' lang='lat' dir='ltr'><strong>quadam,</strong></span> <span class='ocrx_word' id='word_1_745' title='bbox 812 5109 919 5149; x_wconf 91' lang='lat' dir='ltr'><strong>non</strong></span> <span class='ocrx_word' id='word_1_746' title='bbox 940 5101 1000 5148; x_wconf 92' lang='lat' dir='ltr'><strong>ut</strong></span> <span class='ocrx_word' id='word_1_747' title='bbox 1017 5108 1145 5150; x_wconf 89' lang='lat' dir='ltr'><strong>vere</strong></span> <span class='ocrx_word' id='word_1_748' title='bbox 1171 5101 1496 5149; x_wconf 90' lang='lat' dir='ltr'><strong>moreretur.</strong></span> <span class='ocrx_word' id='word_1_749' title='bbox 1522 5091 1818 5150; x_wconf 90' lang='lat' dir='ltr'><strong>Clamando</strong></span> <span class='ocrx_word' id='word_1_750' title='bbox 1847 5110 1976 5168; x_wconf 85' lang='lat' dir='ltr'><strong>ergo</strong></span> <span class='ocrx_word' id='word_1_751' title='bbox 2004 5111 2121 5152; x_wconf 88' lang='lat' dir='ltr'><strong>ma-</strong></span> 
     </span>
    </p>
   </div>
   <div class='ocr_carea' id='block_1_85' title="bbox 532 5184 2120 5259">
    <p class='ocr_par' dir='ltr' id='par_1_85' title="bbox 532 5184 2120 5259">
     <span class='ocr_line' id='line_1_85' title="bbox 532 5184 2120 5259; baseline 0.004 -19"><span class='ocrx_word' id='word_1_752' title='bbox 532 5184 785 5252; x_wconf 91' lang='lat' dir='ltr'><strong>ledictus,</strong></span> <span class='ocrx_word' id='word_1_753' title='bbox 829 5186 964 5242; x_wconf 90' lang='lat' dir='ltr'><strong>nihil</strong></span> <span class='ocrx_word' id='word_1_754' title='bbox 1005 5186 1149 5244; x_wconf 91' lang='lat' dir='ltr'><strong>aliud</strong></span> <span class='ocrx_word' id='word_1_755' title='bbox 1187 5186 1464 5253; x_wconf 90' lang='lat' dir='ltr'><strong>clamavit,</strong></span> <span class='ocrx_word' id='word_1_756' title='bbox 1510 5187 1614 5243; x_wconf 92' lang='lat' dir='ltr'><strong>nisi</strong></span> <span class='ocrx_word' id='word_1_757' title='bbox 1649 5188 1776 5259; x_wconf 90' lang='lat' dir='ltr'><strong>quia</strong></span> <span class='ocrx_word' id='word_1_758' title='bbox 1804 5204 1931 5245; x_wconf 87' lang='lat' dir='ltr'><strong>vere</strong></span> <span class='ocrx_word' id='word_1_759' title='bbox 1973 5206 2120 5246; x_wconf 88' lang='lat' dir='ltr'><strong>mor-</strong></span> 
     </span>
    </p>
   </div>
   <div class='ocr_carea' id='block_1_86' title="bbox 535 5279 2120 5354">
    <p class='ocr_par' dir='ltr' id='par_1_86' title="bbox 535 5279 2120 5354">
     <span class='ocr_line' id='line_1_86' title="bbox 535 5279 2120 5354; baseline 0.004 -21"><span class='ocrx_word' id='word_1_760' title='bbox 535 5285 680 5345; x_wconf 87' lang='lat' dir='ltr'><strong>tuus,</strong></span> <span class='ocrx_word' id='word_1_761' title='bbox 711 5279 890 5334; x_wconf 90' lang='lat' dir='ltr'><strong>sciens</strong></span> <span class='ocrx_word' id='word_1_762' title='bbox 918 5289 1146 5336; x_wconf 90' lang='lat' dir='ltr'><strong>mortem</strong></span> <span class='ocrx_word' id='word_1_763' title='bbox 1177 5280 1415 5337; x_wconf 89' lang='lat' dir='ltr'><strong>hominis</strong></span> <span class='ocrx_word' id='word_1_764' title='bbox 1447 5283 1772 5353; x_wconf 84' lang='lat' dir='ltr'><strong>peccatoris,</strong></span> <span class='ocrx_word' id='word_1_765' title='bbox 1798 5299 1961 5354; x_wconf 90' lang='lat' dir='ltr'><strong>quam</strong></span> <span class='ocrx_word' id='word_1_766' title='bbox 2002 5285 2120 5340; x_wconf 91' lang='lat' dir='ltr'><strong>sine</strong></span> 
     </span>
    </p>
   </div>
   <div class='ocr_carea' id='block_1_87' title="bbox 532 5369 2116 5444">
    <p class='ocr_par' dir='ltr' id='par_1_87' title="bbox 532 5369 2116 5444">
     <span class='ocr_line' id='line_1_87' title="bbox 532 5369 2116 5444; baseline 0.005 -21"><span class='ocrx_word' id='word_1_767' title='bbox 532 5377 756 5442; x_wconf 90' lang='lat' dir='ltr'><strong>peccato</strong></span> <span class='ocrx_word' id='word_1_768' title='bbox 799 5369 914 5441; x_wconf 89' lang='lat' dir='ltr'><strong>ipse</strong></span> <span class='ocrx_word' id='word_1_769' title='bbox 949 5372 1208 5444; x_wconf 92' lang='lat' dir='ltr'><strong>suscepit,</strong></span> <span class='ocrx_word' id='word_1_770' title='bbox 1241 5374 1309 5430; x_wconf 91' lang='lat' dir='ltr'><strong>de</strong></span> <span class='ocrx_word' id='word_1_771' title='bbox 1341 5373 1434 5430; x_wconf 92' lang='lat' dir='ltr'><strong>illo</strong></span> <span class='ocrx_word' id='word_1_772' title='bbox 1463 5375 1749 5431; x_wconf 89' lang='lat' dir='ltr'><strong>maledicto</strong></span> <span class='ocrx_word' id='word_1_773' title='bbox 1789 5377 2116 5444; x_wconf 83' lang='lat' dir='ltr'><strong>venientem,</strong></span> 
     </span>
    </p>
   </div>
   <div class='ocr_carea' id='block_1_88' title="bbox 531 5462 1972 5538">
    <p class='ocr_par' dir='ltr' id='par_1_88' title="bbox 531 5462 1972 5538">
     <span class='ocr_line' id='line_1_88' title="bbox 531 5462 1972 5538; baseline 0.004 -22"><span class='ocrx_word' id='word_1_774' title='bbox 531 5477 642 5536; x_wconf 89' lang='lat' dir='ltr'><strong>quo</strong></span> <span class='ocrx_word' id='word_1_775' title='bbox 667 5462 867 5518; x_wconf 89' lang='lat' dir='ltr'><strong>dictum</strong></span> <span class='ocrx_word' id='word_1_776' title='bbox 897 5472 982 5519; x_wconf 91' lang='lat' dir='ltr'><strong>est</strong></span> <span class='ocrx_word' id='word_1_777' title='bbox 1013 5483 1026 5519; x_wconf 90' lang='lat'><strong>:</strong></span> <span class='ocrx_word' id='word_1_778' title='bbox 1059 5463 1118 5520; x_wconf 91' lang='lat' dir='ltr'><strong>Si</strong></span> <span class='ocrx_word' id='word_1_779' title='bbox 1144 5467 1432 5538; x_wconf 85' lang='lat' dir='ltr'><strong>tetigeritis,</strong></span> <span class='ocrx_word' id='word_1_780' title='bbox 1465 5478 1631 5523; x_wconf 90' lang='lat' dir='ltr'><strong>morte</strong></span> <span class='ocrx_word' id='word_1_781' title='bbox 1655 5469 1972 5522; x_wconf 87' lang='lat' dir='ltr'><strong>moriemini.</strong></span> 
     </span>
    </p>
   </div>
   <div class='ocr_carea' id='block_1_89' title="bbox 605 5550 2119 5632">
    <p class='ocr_par' dir='ltr' id='par_1_89' title="bbox 605 5550 2119 5632">
     <span class='ocr_line' id='line_1_89' title="bbox 605 5550 2119 5632; baseline 0.005 -24"><span class='ocrx_word' id='word_1_782' title='bbox 605 5550 675 5608; x_wconf 85' lang='lat' dir='ltr'><strong>Ut</strong></span> <span class='ocrx_word' id='word_1_783' title='bbox 704 5551 1035 5625; x_wconf 85' lang='lat' dir='ltr'><strong>adoptionem</strong></span> <span class='ocrx_word' id='word_1_784' title='bbox 1077 5555 1293 5626; x_wconf 84' lang='lat' dir='ltr'><strong>spiritus</strong></span> <span class='ocrx_word' id='word_1_785' title='bbox 1335 5560 1655 5630; x_wconf 84' lang='lat' dir='ltr'><strong>accipiamus</strong></span> <span class='ocrx_word' id='word_1_786' title='bbox 1699 5577 1794 5632; x_wconf 87' lang='lat' dir='ltr'><strong>per</strong></span> <span class='ocrx_word' id='word_1_787' title='bbox 1832 5560 2010 5630; x_wconf 84' lang='lat' dir='ltr'><strong>ﬁdem.</strong></span> <span class='ocrx_word' id='word_1_788' title='bbox 2061 5559 2119 5616; x_wconf 88' lang='lat' dir='ltr'><strong>Id</strong></span> 
     </span>
    </p>
   </div>
   <div class='ocr_carea' id='block_1_90' title="bbox 529 5646 2118 5724">
    <p class='ocr_par' dir='ltr' id='par_1_90' title="bbox 529 5646 2118 5724">
     <span class='ocr_line' id='line_1_90' title="bbox 529 5646 2118 5724; baseline 0.003 -21"><span class='ocrx_word' id='word_1_789' title='bbox 529 5653 634 5712; x_wconf 85' lang='lat' dir='ltr'><strong>est,</strong></span> <span class='ocrx_word' id='word_1_790' title='bbox 662 5654 724 5702; x_wconf 91' lang='lat' dir='ltr'><strong>ut</strong></span> <span class='ocrx_word' id='word_1_791' title='bbox 750 5646 895 5717; x_wconf 90' lang='lat' dir='ltr'><strong>quod</strong></span> <span class='ocrx_word' id='word_1_792' title='bbox 924 5661 1031 5701; x_wconf 91' lang='lat' dir='ltr'><strong>non</strong></span> <span class='ocrx_word' id='word_1_793' title='bbox 1062 5647 1286 5703; x_wconf 88' lang='lat' dir='ltr'><strong>timetur</strong></span> <span class='ocrx_word' id='word_1_794' title='bbox 1314 5649 1368 5705; x_wconf 92' lang='lat' dir='ltr'><strong>in</strong></span> <span class='ocrx_word' id='word_1_795' title='bbox 1398 5666 1581 5718; x_wconf 89' lang='lat' dir='ltr'><strong>carne,</strong></span> <span class='ocrx_word' id='word_1_796' title='bbox 1615 5652 1708 5708; x_wconf 88' lang='lat' dir='ltr'><strong>sed</strong></span> <span class='ocrx_word' id='word_1_797' title='bbox 1739 5654 1883 5723; x_wconf 90' lang='lat' dir='ltr'><strong>quod</strong></span> <span class='ocrx_word' id='word_1_798' title='bbox 1922 5653 2118 5724; x_wconf 89' lang='lat' dir='ltr'><strong>spiritu</strong></span> 
     </span>
    </p>
   </div>
   <div class='ocr_carea' id='block_1_91' title="bbox 532 5737 1516 5810">
    <p class='ocr_par' dir='ltr' id='par_1_91' title="bbox 532 5737 1516 5810">
     <span class='ocr_line' id='line_1_91' title="bbox 532 5737 1516 5810; baseline 0.001 -13"><span class='ocrx_word' id='word_1_799' title='bbox 532 5738 793 5810; x_wconf 88' lang='lat' dir='ltr'><strong>diligitur,</strong></span> <span class='ocrx_word' id='word_1_800' title='bbox 826 5737 1115 5794; x_wconf 88' lang='lat' dir='ltr'><strong>credituris</strong></span> <span class='ocrx_word' id='word_1_801' title='bbox 1143 5743 1516 5798; x_wconf 87' lang='lat' dir='ltr'><strong>annuntietur.</strong></span> 
     </span>
    </p>
   </div>
   <div class='ocr_carea' id='block_1_92' title="bbox 606 5827 2148 5904">
    <p class='ocr_par' dir='ltr' id='par_1_92' title="bbox 606 5827 2148 5904">
     <span class='ocr_line' id='line_1_92' title="bbox 606 5827 2148 5904; baseline 0.001 -15"><span class='ocrx_word' id='word_1_802' title='bbox 606 5827 844 5902; x_wconf 79' lang='lat' dir='ltr'><strong>Fratres,</strong></span> <span class='ocrx_word' id='word_1_803' title='bbox 878 5832 1162 5888; x_wconf 83' lang='lat' dir='ltr'><strong>secundum</strong></span> <span class='ocrx_word' id='word_1_804' title='bbox 1201 5831 1463 5888; x_wconf 83' lang='lat' dir='ltr'><strong>hominem</strong></span> <span class='ocrx_word' id='word_1_805' title='bbox 1502 5835 1640 5904; x_wconf 84' lang='lat' dir='ltr'><strong>dico,</strong></span> <span class='ocrx_word' id='word_1_806' title='bbox 1680 5846 1853 5892; x_wconf 79' lang='lat' dir='ltr'><strong>tamen</strong></span> <span class='ocrx_word' id='word_1_807' title='bbox 1891 5834 2148 5892; x_wconf 70' lang='lat' dir='ltr'><strong>hominis-</strong></span> 
     </span>
    </p>
   </div>
   <div class='ocr_carea' id='block_1_93' title="bbox 2225 4639 3821 4714">
    <p class='ocr_par' dir='ltr' id='par_1_93' title="bbox 2225 4639 3821 4714">
     <span class='ocr_line' id='line_1_93' title="bbox 2225 4639 3821 4714; baseline 0 -16"><span class='ocrx_word' id='word_1_808' title='bbox 2225 4642 2327 4698; x_wconf 93' lang='lat' dir='ltr'><strong>cob</strong></span> <span class='ocrx_word' id='word_1_809' title='bbox 2350 4657 2494 4698; x_wconf 89' lang='lat' dir='ltr'><strong>anno</strong></span> <span class='ocrx_word' id='word_1_810' title='bbox 2515 4642 2640 4696; x_wconf 66' lang='lat' dir='ltr'><strong>vita:</strong></span> <span class='ocrx_word' id='word_1_811' title='bbox 2665 4657 2776 4697; x_wconf 69' lang='lat' dir='ltr'><strong>sua:</strong></span> <span class='ocrx_word' id='word_1_812' title='bbox 2803 4641 3155 4712; x_wconf 87' lang='lat' dir='ltr'><strong>nonagesimo</strong></span> <span class='ocrx_word' id='word_1_813' title='bbox 3179 4641 3358 4712; x_wconf 90' lang='lat' dir='ltr'><strong>primo</strong></span> <span class='ocrx_word' id='word_1_814' title='bbox 3387 4642 3576 4714; x_wconf 77' lang='lat' dir='ltr'><strong>genuit</strong></span> <span class='ocrx_word' id='word_1_815' title='bbox 3597 4639 3821 4712; x_wconf 83' lang='lat' dir='ltr'><strong>Joseph,</strong></span> 
     </span>
    </p>
   </div>
   <div class='ocr_carea' id='block_1_94' title="bbox 2225 4733 3822 4805">
    <p class='ocr_par' dir='ltr' id='par_1_94' title="bbox 2225 4733 3822 4805">
     <span class='ocr_line' id='line_1_94' title="bbox 2225 4733 3822 4805; baseline -0.001 -14"><span class='ocrx_word' id='word_1_816' title='bbox 2225 4741 2281 4791; x_wconf 91' lang='lat' dir='ltr'><strong>et</strong></span> <span class='ocrx_word' id='word_1_817' title='bbox 2309 4749 2452 4790; x_wconf 92' lang='lat' dir='ltr'><strong>anno</strong></span> <span class='ocrx_word' id='word_1_818' title='bbox 2479 4734 2604 4790; x_wconf 69' lang='lat' dir='ltr'><strong>vitae</strong></span> <span class='ocrx_word' id='word_1_819' title='bbox 2642 4749 2752 4790; x_wconf 75' lang='lat' dir='ltr'><strong>suae</strong></span> <span class='ocrx_word' id='word_1_820' title='bbox 2781 4733 3080 4790; x_wconf 90' lang='lat' dir='ltr'><strong>centesimo</strong></span> <span class='ocrx_word' id='word_1_821' title='bbox 3118 4734 3416 4800; x_wconf 90' lang='lat' dir='ltr'><strong>tricesimo,</strong></span> <span class='ocrx_word' id='word_1_822' title='bbox 3444 4733 3538 4805; x_wconf 87' lang='lat' dir='ltr'><strong>qui</strong></span> <span class='ocrx_word' id='word_1_823' title='bbox 3566 4744 3688 4790; x_wconf 87' lang='lat' dir='ltr'><strong>erat</strong></span> <span class='ocrx_word' id='word_1_824' title='bbox 3725 4750 3822 4789; x_wconf 89' lang='lat' dir='ltr'><strong>an-</strong></span> 
     </span>
    </p>
   </div>
   <div class='ocr_carea' id='block_1_95' title="bbox 2225 4823 3822 4906">
    <p class='ocr_par' dir='ltr' id='par_1_95' title="bbox 2225 4823 3822 4906">
     <span class='ocr_line' id='line_1_95' title="bbox 2225 4823 3822 4906; baseline 0.001 -26"><span class='ocrx_word' id='word_1_825' title='bbox 2225 4841 2329 4880; x_wconf 88' lang='lat' dir='ltr'><strong>nus</strong></span> <span class='ocrx_word' id='word_1_826' title='bbox 2374 4825 2498 4881; x_wconf 70' lang='lat' dir='ltr'><strong>vita:</strong></span> <span class='ocrx_word' id='word_1_827' title='bbox 2547 4823 2748 4906; x_wconf 73' lang='lat' dir='ltr'><strong>Joseph</strong></span> <span class='ocrx_word' id='word_1_828' title='bbox 2801 4826 3112 4882; x_wconf 88' lang='lat' dir='ltr'><strong>tricesimus</strong></span> <span class='ocrx_word' id='word_1_829' title='bbox 3169 4842 3377 4893; x_wconf 91' lang='lat' dir='ltr'><strong>nonus,</strong></span> <span class='ocrx_word' id='word_1_830' title='bbox 3433 4827 3718 4883; x_wconf 88' lang='lat' dir='ltr'><strong>descendit</strong></span> <span class='ocrx_word' id='word_1_831' title='bbox 3767 4826 3822 4881; x_wconf 93' lang='lat' dir='ltr'><strong>in</strong></span> 
     </span>
    </p>
   </div>
   <div class='ocr_carea' id='block_1_96' title="bbox 2225 4915 3824 4990">
    <p class='ocr_par' dir='ltr' id='par_1_96' title="bbox 2225 4915 3824 4990">
     <span class='ocr_line' id='line_1_96' title="bbox 2225 4915 3824 4990; baseline 0.003 -20"><span class='ocrx_word' id='word_1_832' title='bbox 2225 4915 2540 4990; x_wconf 65' lang='lat' dir='ltr'><strong>Egyptum.</strong></span> <span class='ocrx_word' id='word_1_833' title='bbox 2565 4917 2630 4972; x_wconf 85' lang='lat' dir='ltr'><strong>Hi</strong></span> <span class='ocrx_word' id='word_1_834' title='bbox 2656 4927 2781 4974; x_wconf 93' lang='lat' dir='ltr'><strong>sunt</strong></span> <span class='ocrx_word' id='word_1_835' title='bbox 2801 4919 2928 4974; x_wconf 90' lang='lat' dir='ltr'><strong>anni</strong></span> <span class='ocrx_word' id='word_1_836' title='bbox 2951 4935 2980 4974; x_wconf 92' lang='lat' dir='ltr'><strong>a</strong></span> <span class='ocrx_word' id='word_1_837' title='bbox 3004 4919 3181 4989; x_wconf 86' lang='lat' dir='ltr'><strong>prima</strong></span> <span class='ocrx_word' id='word_1_838' title='bbox 3202 4919 3568 4990; x_wconf 90' lang='lat' dir='ltr'><strong>promissione</strong></span> <span class='ocrx_word' id='word_1_839' title='bbox 3590 4919 3824 4974; x_wconf 64' lang='lat' dir='ltr'><strong>Abrabs</strong></span> 
     </span>
    </p>
   </div>
   <div class='ocr_carea' id='block_1_97' title="bbox 2225 5007 3822 5080">
    <p class='ocr_par' dir='ltr' id='par_1_97' title="bbox 2225 5007 3822 5080">
     <span class='ocr_line' id='line_1_97' title="bbox 2225 5007 3822 5080; baseline 0.002 -19"><span class='ocrx_word' id='word_1_840' title='bbox 2225 5007 2443 5062; x_wconf 91' lang='lat' dir='ltr'><strong>ducenti</strong></span> <span class='ocrx_word' id='word_1_841' title='bbox 2501 5008 2831 5078; x_wconf 88' lang='lat' dir='ltr'><strong>quindecim.</strong></span> <span class='ocrx_word' id='word_1_842' title='bbox 2896 5009 3317 5080; x_wconf 91' lang='lat' dir='ltr'><strong>Manseruntque</strong></span> <span class='ocrx_word' id='word_1_843' title='bbox 3379 5009 3474 5065; x_wconf 88' lang='lat' dir='ltr'><strong>ﬁlii</strong></span> <span class='ocrx_word' id='word_1_844' title='bbox 3535 5009 3707 5067; x_wconf 85' lang='lat' dir='ltr'><strong>Israel</strong></span> <span class='ocrx_word' id='word_1_845' title='bbox 3767 5011 3822 5065; x_wconf 92' lang='lat' dir='ltr'><strong>iu</strong></span> 
     </span>
    </p>
   </div>
   <div class='ocr_carea' id='block_1_98' title="bbox 2225 5095 3824 5172">
    <p class='ocr_par' dir='ltr' id='par_1_98' title="bbox 2225 5095 3824 5172">
     <span class='ocr_line' id='line_1_98' title="bbox 2225 5095 3824 5172; baseline 0.003 -20"><span class='ocrx_word' id='word_1_846' title='bbox 2225 5095 2482 5169; x_wconf 66' lang='lat' dir='ltr'><strong>Egypto,</strong></span> <span class='ocrx_word' id='word_1_847' title='bbox 2513 5108 2638 5169; x_wconf 92' lang='lat' dir='ltr'><strong>post</strong></span> <span class='ocrx_word' id='word_1_848' title='bbox 2664 5099 2947 5155; x_wconf 88' lang='lat' dir='ltr'><strong>introitum</strong></span> <span class='ocrx_word' id='word_1_849' title='bbox 2971 5098 3156 5165; x_wconf 84' lang='lat' dir='ltr'><strong>Jacob,</strong></span> <span class='ocrx_word' id='word_1_850' title='bbox 3187 5101 3347 5156; x_wconf 90' lang='lat' dir='ltr'><strong>annis</strong></span> <span class='ocrx_word' id='word_1_851' title='bbox 3377 5101 3627 5157; x_wconf 88' lang='lat' dir='ltr'><strong>ducentis</strong></span> <span class='ocrx_word' id='word_1_852' title='bbox 3661 5102 3824 5172; x_wconf 81' lang='lat' dir='ltr'><strong>quin-</strong></span> 
     </span>
    </p>
   </div>
   <div class='ocr_carea' id='block_1_99' title="bbox 2225 5188 3824 5263">
    <p class='ocr_par' dir='ltr' id='par_1_99' title="bbox 2225 5188 3824 5263">
     <span class='ocr_line' id='line_1_99' title="bbox 2225 5188 3824 5263; baseline 0.001 -19"><span class='ocrx_word' id='word_1_853' title='bbox 2225 5188 2420 5245; x_wconf 88' lang='lat' dir='ltr'><strong>decim.</strong></span> <span class='ocrx_word' id='word_1_854' title='bbox 2476 5189 2606 5246; x_wconf 90' lang='lat' dir='ltr'><strong>Post</strong></span> <span class='ocrx_word' id='word_1_855' title='bbox 2658 5198 2890 5246; x_wconf 88' lang='lat' dir='ltr'><strong>mortem</strong></span> <span class='ocrx_word' id='word_1_856' title='bbox 2937 5206 3068 5247; x_wconf 91' lang='lat' dir='ltr'><strong>vero</strong></span> <span class='ocrx_word' id='word_1_857' title='bbox 3116 5189 3321 5263; x_wconf 67' lang='lat' dir='ltr'><strong>Ioseph</strong></span> <span class='ocrx_word' id='word_1_858' title='bbox 3373 5207 3546 5248; x_wconf 90' lang='lat' dir='ltr'><strong>annos</strong></span> <span class='ocrx_word' id='word_1_859' title='bbox 3599 5203 3824 5247; x_wconf 78' lang='lat' dir='ltr'><strong>centum</strong></span> 
     </span>
    </p>
   </div>
   <div class='ocr_carea' id='block_1_100' title="bbox 2223 5281 3825 5356">
    <p class='ocr_par' dir='ltr' id='par_1_100' title="bbox 2223 5281 3825 5356">
     <span class='ocr_line' id='line_1_100' title="bbox 2223 5281 3825 5356; baseline 0.004 -22"><span class='ocrx_word' id='word_1_860' title='bbox 2223 5281 2580 5352; x_wconf 84' lang='lat' dir='ltr'><strong>quadraginta</strong></span> <span class='ocrx_word' id='word_1_861' title='bbox 2618 5292 2872 5352; x_wconf 90' lang='lat' dir='ltr'><strong>quatuor.</strong></span> <span class='ocrx_word' id='word_1_862' title='bbox 2902 5283 3050 5340; x_wconf 88' lang='lat' dir='ltr'><strong>Inter</strong></span> <span class='ocrx_word' id='word_1_863' title='bbox 3079 5293 3314 5340; x_wconf 89' lang='lat' dir='ltr'><strong>mortem</strong></span> <span class='ocrx_word' id='word_1_864' title='bbox 3347 5283 3548 5356; x_wconf 72' lang='lat' dir='ltr'><strong>Ioseph</strong></span> <span class='ocrx_word' id='word_1_865' title='bbox 3585 5293 3642 5342; x_wconf 85' lang='lat' dir='ltr'><strong>et</strong></span> <span class='ocrx_word' id='word_1_866' title='bbox 3681 5283 3825 5340; x_wconf 83' lang='lat' dir='ltr'><strong>nati-</strong></span> 
     </span>
    </p>
   </div>
   <div class='ocr_carea' id='block_1_101' title="bbox 2224 5371 3823 5448">
    <p class='ocr_par' dir='ltr' id='par_1_101' title="bbox 2224 5371 3823 5448">
     <span class='ocr_line' id='line_1_101' title="bbox 2224 5371 3823 5448; baseline 0.004 -22"><span class='ocrx_word' id='word_1_867' title='bbox 2224 5371 2449 5427; x_wconf 87' lang='lat' dir='ltr'><strong>vitatem</strong></span> <span class='ocrx_word' id='word_1_868' title='bbox 2494 5372 2663 5444; x_wconf 90' lang='lat' dir='ltr'><strong>Moysi</strong></span> <span class='ocrx_word' id='word_1_869' title='bbox 2708 5375 2928 5430; x_wconf 83' lang='lat' dir='ltr'><strong>fuerunt</strong></span> <span class='ocrx_word' id='word_1_870' title='bbox 2972 5377 3099 5432; x_wconf 88' lang='lat' dir='ltr'><strong>anni</strong></span> <span class='ocrx_word' id='word_1_871' title='bbox 3142 5377 3450 5447; x_wconf 80' lang='lat' dir='ltr'><strong>sexaginta,</strong></span> <span class='ocrx_word' id='word_1_872' title='bbox 3495 5376 3624 5448; x_wconf 88' lang='lat' dir='ltr'><strong>quia</strong></span> <span class='ocrx_word' id='word_1_873' title='bbox 3671 5385 3823 5432; x_wconf 86' lang='lat' dir='ltr'><strong>octo-</strong></span> 
     </span>
    </p>
   </div>
   <div class='ocr_carea' id='block_1_102' title="bbox 2224 5463 3820 5539">
    <p class='ocr_par' dir='ltr' id='par_1_102' title="bbox 2224 5463 3820 5539">
     <span class='ocr_line' id='line_1_102' title="bbox 2224 5463 3820 5539; baseline 0.002 -21"><span class='ocrx_word' id='word_1_874' title='bbox 2224 5463 2372 5535; x_wconf 91' lang='lat' dir='ltr'><strong>ginta</strong></span> <span class='ocrx_word' id='word_1_875' title='bbox 2421 5480 2688 5520; x_wconf 90' lang='lat' dir='ltr'><strong>annorum</strong></span> <span class='ocrx_word' id='word_1_876' title='bbox 2734 5476 2855 5522; x_wconf 91' lang='lat' dir='ltr'><strong>erat</strong></span> <span class='ocrx_word' id='word_1_877' title='bbox 2907 5466 3149 5539; x_wconf 83' lang='lat' dir='ltr'><strong>Moyses,</strong></span> <span class='ocrx_word' id='word_1_878' title='bbox 3197 5467 3417 5539; x_wconf 88' lang='lat' dir='ltr'><strong>quando</strong></span> <span class='ocrx_word' id='word_1_879' title='bbox 3466 5468 3722 5539; x_wconf 87' lang='lat' dir='ltr'><strong>apparuit</strong></span> <span class='ocrx_word' id='word_1_880' title='bbox 3768 5465 3820 5521; x_wconf 83' lang='lat' dir='ltr'><strong>ei</strong></span> 
     </span>
    </p>
   </div>
   <div class='ocr_carea' id='block_1_103' title="bbox 2223 5553 3821 5630">
    <p class='ocr_par' dir='ltr' id='par_1_103' title="bbox 2223 5553 3821 5630">
     <span class='ocr_line' id='line_1_103' title="bbox 2223 5553 3821 5630; baseline 0.004 -22"><span class='ocrx_word' id='word_1_881' title='bbox 2223 5553 2388 5617; x_wconf 89' lang='lat' dir='ltr'><strong>Deus,</strong></span> <span class='ocrx_word' id='word_1_882' title='bbox 2413 5563 2470 5610; x_wconf 89' lang='lat' dir='ltr'><strong>et</strong></span> <span class='ocrx_word' id='word_1_883' title='bbox 2496 5555 2646 5612; x_wconf 90' lang='lat' dir='ltr'><strong>misit</strong></span> <span class='ocrx_word' id='word_1_884' title='bbox 2680 5571 2804 5611; x_wconf 90' lang='lat' dir='ltr'><strong>eum</strong></span> <span class='ocrx_word' id='word_1_885' title='bbox 2839 5557 2908 5612; x_wconf 91' lang='lat' dir='ltr'><strong>ad</strong></span> <span class='ocrx_word' id='word_1_886' title='bbox 2937 5556 3298 5614; x_wconf 89' lang='lat' dir='ltr'><strong>Pharaonem.</strong></span> <span class='ocrx_word' id='word_1_887' title='bbox 3330 5557 3389 5614; x_wconf 89' lang='lat' dir='ltr'><strong>Si</strong></span> <span class='ocrx_word' id='word_1_888' title='bbox 3427 5561 3553 5630; x_wconf 87' lang='lat' dir='ltr'><strong>quis</strong></span> <span class='ocrx_word' id='word_1_889' title='bbox 3593 5559 3700 5616; x_wconf 85' lang='lat' dir='ltr'><strong>ista</strong></span> <span class='ocrx_word' id='word_1_890' title='bbox 3724 5559 3821 5614; x_wconf 82' lang='lat' dir='ltr'><strong>du-</strong></span> 
     </span>
    </p>
   </div>
   <div class='ocr_carea' id='block_1_104' title="bbox 2222 5650 3819 5718">
    <p class='ocr_par' dir='ltr' id='par_1_104' title="bbox 2222 5650 3819 5718">
     <span class='ocr_line' id='line_1_104' title="bbox 2222 5650 3819 5718; baseline 0.002 -12"><span class='ocrx_word' id='word_1_891' title='bbox 2222 5650 2388 5718; x_wconf 88' lang='lat' dir='ltr'><strong>bitat,</strong></span> <span class='ocrx_word' id='word_1_892' title='bbox 2422 5651 2508 5706; x_wconf 88' lang='lat' dir='ltr'><strong>vel</strong></span> <span class='ocrx_word' id='word_1_893' title='bbox 2537 5650 2838 5707; x_wconf 89' lang='lat' dir='ltr'><strong>calculandi</strong></span> <span class='ocrx_word' id='word_1_894' title='bbox 2887 5661 2945 5708; x_wconf 92' lang='lat' dir='ltr'><strong>et</strong></span> <span class='ocrx_word' id='word_1_895' title='bbox 2993 5654 3299 5712; x_wconf 88' lang='lat' dir='ltr'><strong>inveniendi</strong></span> <span class='ocrx_word' id='word_1_896' title='bbox 3338 5669 3612 5712; x_wconf 89' lang='lat' dir='ltr'><strong>summam</strong></span> <span class='ocrx_word' id='word_1_897' title='bbox 3647 5669 3819 5710; x_wconf 85' lang='lat' dir='ltr'><strong>anno-</strong></span> 
     </span>
    </p>
   </div>
   <div class='ocr_carea' id='block_1_105' title="bbox 2221 5744 3817 5814">
    <p class='ocr_par' dir='ltr' id='par_1_105' title="bbox 2221 5744 3817 5814">
     <span class='ocr_line' id='line_1_105' title="bbox 2221 5744 3817 5814; baseline 0.002 -15"><span class='ocrx_word' id='word_1_898' title='bbox 2221 5758 2342 5799; x_wconf 89' lang='lat' dir='ltr'><strong>rum</strong></span> <span class='ocrx_word' id='word_1_899' title='bbox 2384 5759 2492 5800; x_wconf 89' lang='lat' dir='ltr'><strong>non</strong></span> <span class='ocrx_word' id='word_1_900' title='bbox 2521 5744 2686 5800; x_wconf 89' lang='lat' dir='ltr'><strong>habet</strong></span> <span class='ocrx_word' id='word_1_901' title='bbox 2715 5745 3020 5814; x_wconf 91' lang='lat' dir='ltr'><strong>scientiam,</strong></span> <span class='ocrx_word' id='word_1_902' title='bbox 3073 5757 3256 5804; x_wconf 90' lang='lat' dir='ltr'><strong>sumat</strong></span> <span class='ocrx_word' id='word_1_903' title='bbox 3289 5764 3463 5806; x_wconf 90' lang='lat' dir='ltr'><strong>annos</strong></span> <span class='ocrx_word' id='word_1_904' title='bbox 3489 5749 3561 5806; x_wconf 85' lang='lat' dir='ltr'><strong>ab</strong></span> <span class='ocrx_word' id='word_1_905' title='bbox 3589 5749 3817 5804; x_wconf 85' lang='lat' dir='ltr'><strong>introitu</strong></span> 
     </span>
    </p>
   </div>
   <div class='ocr_carea' id='block_1_106' title="bbox 2221 5833 3815 5916">
    <p class='ocr_par' dir='ltr' id='par_1_106' title="bbox 2221 5833 3815 5916">
     <span class='ocr_line' id='line_1_106' title="bbox 2221 5833 3815 5916; baseline 0.003 -22"><span class='ocrx_word' id='word_1_906' title='bbox 2221 5833 2389 5894; x_wconf 67' lang='lat' dir='ltr'><strong>Iacob</strong></span> <span class='ocrx_word' id='word_1_907' title='bbox 2427 5835 2483 5896; x_wconf 88' lang='lat' dir='ltr'><strong>in</strong></span> <span class='ocrx_word' id='word_1_908' title='bbox 2529 5833 2854 5910; x_wconf 63' lang='lat' dir='ltr'><strong>Egyptum,</strong></span> <span class='ocrx_word' id='word_1_909' title='bbox 2897 5846 2954 5896; x_wconf 91' lang='lat' dir='ltr'><strong>et</strong></span> <span class='ocrx_word' id='word_1_910' title='bbox 2991 5839 3231 5898; x_wconf 86' lang='lat' dir='ltr'><strong>inveniet</strong></span> <span class='ocrx_word' id='word_1_911' title='bbox 3266 5856 3436 5916; x_wconf 88' lang='lat' dir='ltr'><strong>usque</strong></span> <span class='ocrx_word' id='word_1_912' title='bbox 3467 5841 3537 5900; x_wconf 86' lang='lat' dir='ltr'><strong>ad</strong></span> <span class='ocrx_word' id='word_1_913' title='bbox 3579 5849 3815 5898; x_wconf 75' lang='lat' dir='ltr'><strong>mortem</strong></span> 
     </span>
    </p>
   </div>
  </div>
