4056 6350
256 333 369 393 8'75

258 549 519 612 quatuor,
559 539 692 594 ﬁunt
724 550 941 595 centum
973 539 1197 612 triginta
1239 541 1497 610 quinque,
1532 541 1658 610 quia
1694 554 1853 594 sexa-

259 634 472 706 gesimo
507 639 703 703 quarto
731 646 876 685 anno
912 639 1034 702 post
1076 639 1306 685 mortem
1342 629 1542 701 Joseph
1582 630 1857 685 invenitur

261 733 428 780 natus
471 738 591 779 esse
630 722 865 793 Moyses.
908 721 1003 776 His
1041 720 1178 777 adde
1212 722 1484 791 octoginta
1524 736 1695 776 annos
1732 722 1856 776 vitm

263 813 458 886 Moysi,
486 814 615 885 quia
649 820 731 867 tot
761 827 1025 867 annorum
1058 820 1195 877 erat,
1221 813 1436 884 quando
1463 812 1662 867 missus
1683 821 1765 869 est
1787 811 1856 868 ad

262 907 625 964 Pharaonem.
665 899 779 961 Hos
820 903 957 960 adde
997 905 1063 960 ad
1104 913 1321 961 centum
1360 905 1581 977 triginta
1620 907 1855 976 quinque

261 999 579 1069 superiores
628 1010 835 1061 annos,
889 1002 945 1051 et
985 995 1121 1051 ﬁunt
1175 996 1391 1052 ducenti
1434 998 1759 1075 quindecim.
1810 997 1857 1052 Α

261 1091 443 1165 prima
463 1088 630 1160 igitur
658 1088 1021 1159 promissione
1041 1088 1273 1145 Abrahae
1292 1104 1462 1159 usque
1481 1090 1549 1145 ad
1573 1090 1856 1146 introitum

264 1180 436 1237 Iacob
468 1181 522 1236 in
554 1176 845 1251 Egyptum
871 1177 1088 1236 fuerunt
1121 1180 1249 1235 anni
1283 1180 1501 1236 ducenti
1526 1181 1852 1252 quindecim.

264 1272 341 1328 Et
361 1272 486 1327 inde
504 1286 675 1341 usque
698 1272 765 1325 ad
788 1272 1073 1326 transitum
1095 1268 1263 1327 maris
1285 1271 1478 1337 Rubri,
1493 1272 1618 1326 anni
1641 1271 1857 1327 ducenti

266 1360 601 1431 quindecim.
633 1359 795 1415 Fiunt
817 1360 872 1414 in
893 1374 1102 1423 summa
1128 1361 1506 1432 quadringenti
1529 1362 1767 1433 triginta.
1793 1360 1861 1417 Et

268 1454 378 1508 hoc
414 1460 519 1517 est,
563 1451 706 1521 quod
735 1451 812 1505 ait
844 1451 1132 1521 Apostolus
1176 1452 1280 1507 hoc
1323 1449 1462 1508 loco.
1513 1451 1633 1509 Non
1675 1460 1859 1507 autem

269 1543 397 1600 dico
430 1551 812 1599 testamentum
843 1542 1223 1599 conﬁrmatum
1247 1559 1277 1599 a
1306 1544 1440 1611 Deo,
1465 1561 1587 1615 ipsa:
1610 1544 1753 1602 facta
1777 1553 1862 1601 est

268 1644 399 1707 post
425 1636 849 1708 quadringentos
882 1643 938 1691 et
966 1635 1187 1707 triginta
1222 1651 1415 1691 annos.
1450 1634 1556 1692 Sed
1595 1637 1735 1693 dicet
1765 1637 1863 1692 ali-

269 1726 436 1797 quis:
462 1725 742 1793 Quomodo
766 1732 945 1796 potest
968 1724 1106 1792 ﬁeri,
1132 1733 1193 1780 ut
1219 1734 1326 1781 tam
1348 1741 1551 1797 paucos
1574 1725 1668 1782 ﬁlii
1697 1727 1862 1783 Israel

1197 332 1454 389 ENARR.
1495 330 1566 388 IN
1605 330 1823 389 EPIST.
1864 331 1928 388 D.
1968 331 2179 389 PAULl
2217 330 2311 390 AD
2346 332 2597 391 GALAT.
3420 345 3525 399 874

257 448 460 519 Ioseph
487 428 661 504 annos
690 447 1027 520 septuaginta
1060 463 1247 503 unum.
1280 447 1377 503 His
1402 448 1538 504 adde
1564 447 1841 518 sexaginta
1869 452 1919 510 Α
1943 463 2037 518 per
2081 447 2295 518 angelos
2336 449 2391 503 in
2439 466 2595 504 manu
2640 450 2942 507 mediatoris

2989 468 3006 505 :
3055 459 3309 513 mediator
3352 471 3528 517 autem

1957 538 2114 590 unius
2155 553 2257 592 non
2297 548 2391 604 est,
2426 538 2564 593 Deus
2594 549 2765 594 autem
2806 556 2940 597 unus
2967 555 3061 599 est.
3103 548 3241 616 Quia
3279 563 3534 609 manente

1958 629 2376 699 repromissione
2422 646 2542 701 quae
2586 630 2727 688 facta
2774 633 2951 692 fuerat
2990 638 3058 693 ad
3098 639 3395 711 Abraham,
3448 646 3534 702 lex

1954 727 2140 790 postea
2168 721 2292 775 data
2331 738 2430 792 per
2458 722 2674 795 Moysen
2704 725 2900 782 frustra
2930 730 3216 787 videbatur
3243 734 3409 802 illata,
3435 753 3539 793 cur

1958 812 2081 867 data
2125 812 2214 879 sit,
2242 814 2475 883 explicat
2506 834 2518 869 :
2549 826 2770 888 propter
2813 825 3289 894 transgressiones,
3337 829 3535 900 inquit.

1958 903 2086 959 Post
2113 902 2374 960 oﬁ‘ensam
2396 908 2541 961 enim
2570 909 2622 963 in
2646 925 2830 966 eremo
2867 914 3067 983 populi,
3100 923 3224 986 post
3254 917 3538 979 adoratum

1956 998 2202 1063 vitulum,
2225 1007 2281 1054 et
2303 1016 2549 1057 murmur
2565 1003 2619 1057 in
2642 1003 2951 1072 Dominum,
2974 1007 3059 1062 lex
3082 1014 3542 1082 transgressiones

1956 1091 2295 1161 prohibitura
2338 1095 2621 1150 successit.
2667 1095 3009 1167 Superbienti
3052 1116 3179 1172 ergo
3218 1103 3412 1175 populo
3452 1103 3541 1162 lex

1957 1182 2131 1252 posita
2173 1192 2274 1246 est,
2319 1192 2379 1239 ut
2418 1186 2674 1255 quoniam
2716 1189 2944 1258 gratiam
2984 1191 3263 1248 charitatis
3297 1195 3401 1250 nisi
3439 1196 3543 1251 hu-

1961 1272 2198 1329 miliatns
2219 1276 2465 1346 accipere
2496 1292 2600 1330 non
2622 1286 2803 1348 posset
2830 1298 2844 1332 :
2870 1288 2924 1335 et
2943 1282 3060 1336 sine
3080 1284 3181 1338 hac
3203 1287 3373 1356 gratia
3398 1288 3546 1342 nullo

1960 1364 2120 1420 modo
2159 1377 2427 1439 praecepta
2472 1370 2603 1441 legis
2643 1371 2924 1443 impleret,
2971 1380 3395 1449 transgressione
3436 1384 3541 1439 hu-

1960 1454 2280 1521 miliaretur,
2315 1466 2373 1512 ut
2392 1468 2659 1528 quaereret
2680 1462 2933 1531 gratiam,
2966 1480 3066 1519 nec
3100 1482 3158 1521 se
3192 1470 3304 1525 suis
3336 1472 3545 1529 meritis

1962 1545 2168 1601 salvum
2193 1546 2331 1615 fieri,
2360 1551 2504 1619 quod
2527 1554 2815 1622 superbum
2839 1564 2943 1620 est,
2964 1558 3301 1628 Opinaretur,
3324 1571 3384 1618 ut
3402 1576 3548 1621 esset

1963 1653 2069 1693 non
2093 1653 2189 1693 sua
2222 1646 2491 1710 potestate
2511 1651 2565 1698 et
2590 1643 2795 1699 viribus
2814 1645 3011 1716 justus,
3040 1648 3133 1704 sed
3161 1650 3214 1704 in
3241 1665 3404 1708 manu
3433 1670 3547 1711 me—

1962 1729 2189 1785 diatoris
2210 1729 2560 1801 justiﬁcantis
2585 1735 2828 1806 impium.
2863 1737 2968 1792 Per
2993 1740 3212 1809 angelos
3242 1754 3420 1799 autem
3447 1749 3549 1802 mi-

269 1819 332 1875 in
361 1826 506 1874 terra
544 1816 764 1890 ZEgypti
793 1819 1044 1874 steterint
1080 1833 1286 1885 annos,
1328 1834 1453 1874 cum
1489 1818 1862 1890 Scripturali-
1890 1827 1936 1886 Β
1964 1820 2193 1877 nistrata
2234 1830 2318 1879 est
2362 1816 2538 1879 omnis
2576 1826 2910 1896 dispensatio
2938 1828 3150 1888 Veteris
3191 1833 3545 1904 Testamenti,

267 1910 360 1965 bri
385 1908 657 1966 Geneseos
680 1921 885 1976 narret,
911 1911 1055 1981 quod
1076 1910 1275 1965 dixerit
1297 1909 1437 1964 Deus
1460 1910 1527 1965 ad
1547 1909 1855 1966 Abraham:

272 2000 421 2058 Scito
456 2017 804 2074 prtenascens,
836 2005 959 2075 quia
993 2005 1324 2075 peregrinum
1354 2003 1449 2058 erit
1496 2021 1671 2059 semen
1713 2014 1861 2059 tuum

269 2094 333 2147 in
358 2102 499 2148 terra
526 2110 627 2149 non
655 2110 772 2161 sua,
796 2104 845 2149 et
870 2095 1144 2165 subjicient
1174 2112 1260 2149 eos
1285 2096 1541 2162 servituti,
1572 2105 1620 2150 et
1647 2097 1862 2168 efﬁcient

271 2186 434 2241 annis
459 2187 852 2258 quadringentis
883 2183 1036 2259 (Gen.
1064 2186 1193 2259 xv)?
1220 2187 1337 2241 Non
1361 2188 1738 2259 itaque,‘quod
1764 2189 1860 2255 ait,

272 2276 335 2332 in
363 2277 677 2334 servitutem
713 2279 960 2351 redigens
999 2293 1114 2344 eos,
1147 2282 1212 2334 ad
1245 2280 1667 2351 quadringentos
1695 2296 1865 2335 annos

273 2370 623 2427 referendum
652 2380 754 2439 est,
786 2381 1041 2443 tanquam
1070 2388 1166 2444 per
1190 2382 1270 2429 tot
1295 2388 1465 2429 annos
1490 2373 1781 2429 habuerint
1809 2375 1865 2429 in

275 2463 575 2530 servitute,
608 2463 701 2519 sed
742 2464 1013 2521 referendi
1052 2473 1177 2521 sunt
1216 2465 1592 2537 quadringenti
1635 2466 1760 2521 anni
1797 2466 1866 2522 ad

272 2554 367 2622 id,
412 2554 556 2625 quod
591 2556 793 2612 dictum
822 2566 936 2625 est,
973 2558 1320 2628 peregrinum
1349 2560 1455 2614 erit
1490 2573 1673 2615 semen
1714 2567 1866 2614 tuum

274 2646 339 2701 in
377 2655 524 2703 terra
554 2665 661 2705 non
691 2664 809 2705 sua.
849 2649 985 2719 Quia
1022 2652 1135 2707 sive
1164 2652 1217 2706 in
1250 2660 1395 2707 terra
1423 2651 1710 2719 Chanaan,
1753 2651 1868 2707 sive

275 2738 337 2792 in
373 2736 610 2810 Egypto
648 2741 994 2812 peregrinum
1029 2752 1149 2799 erat
1176 2742 1305 2797 illud
1334 2757 1538 2810 semen,
1577 2754 1867 2814 antequam

278 2828 656 2885 haereditatem
682 2842 959 2888 sumerent
990 2834 1043 2888 in
1073 2842 1239 2898 terra,
1271 2846 1337 2888 ex
1366 2834 1722 2911 promissione
1749 2835 1868 2901 Dei,

276 2919 427 2989 quod
466 2917 671 2976 factum
714 2931 817 2989 est,
860 2932 1213 2993 posteaquam
1261 2939 1328 2979 ex
1372 2923 1609 2996 [Egypto
1657 2925 1870 2981 liberati

276 3020 444 3078 sunt,
486 3021 544 3068 ut
572 3029 671 3084 per
709 3015 944 3085 speciem
988 3016 1306 3083 locutionis,
1340 3032 1502 3085 quam
1532 3018 1873 3088 grammatici

278 3104 619 3175 hyperbaton
648 3115 878 3172 vocant,
908 3106 1111 3165 dictum
1142 3121 1263 3163 esse
1303 3106 1655 3176 intelligatur.
1695 3108 1764 3163 Et
1791 3117 1875 3163 est

1966 1920 2159 1983 agente
2190 1914 2244 1970 in
2274 1908 2353 1971 eis
2389 1915 2591 1987 Spiritu
2634 1929 2840 1985 saneto,
2872 1928 2927 1976 et
2954 1922 3071 1992 ipso
3101 1922 3275 1981 Verbo
3302 1929 3549 1984 veritatis

1964 2004 2201 2058 nondum
2232 2004 2533 2071 incarnato,
2569 2008 2660 2063 sed
2691 2026 2965 2081 nunquam
3008 2013 3076 2068 ab
3103 2014 3280 2084 aliqua
3307 2019 3548 2075 veridica

1965 2092 2434 2151 administratione
2461 2098 2747 2156 recedente
2776 2114 2790 2154 :
2832 2103 2955 2171 quia
2982 2117 3079 2172 per
3112 2106 3332 2176 angelos
3364 2108 3547 2181 dispo-

1966 2183 2068 2239 sita
2097 2195 2180 2239 est
2208 2185 2297 2240 illa
2330 2187 2659 2257 dispensatio
2698 2191 2854 2263 legis,
2890 2207 3011 2247 cum
3050 2193 3339 2265 aliquando
3370 2213 3548 2266 suam,

1965 2274 2256 2344 aliquando
2298 2278 2393 2333 Dei
2432 2294 2741 2348 personam,
2786 2283 2926 2339 sicut
2960 2286 3349 2355 prophetarum
3388 2290 3550 2344 etiam

1966 2382 2086 2422 mos
2111 2376 2214 2434 est,
2247 2378 2487 2441 agerent.
2517 2371 2725 2442 Perque
2755 2374 2903 2428 illam
2928 2374 3104 2447 legem
3130 2377 3346 2434 morbos
3371 2386 3555 2435 osten-

1968 2457 2217 2524 dentem,
2254 2476 2361 2516 non
2398 2459 2731 2518 auferentem
2766 2466 2927 2520 etiam
2958 2469 3421 2537 praevaricationis
3446 2471 3556 2526 cri-

1968 2547 2117 2603 mine
2141 2551 2375 2605 contrila
2419 2552 2673 2623 superbia
2713 2562 2815 2609 est.
2848 2555 3116 2627 Disposita
3148 2568 3228 2613 est
3270 2574 3367 2630 per
3394 2576 3555 2631 ange-

1970 2638 2070 2704 los,
2118 2640 2214 2695 sed
2238 2641 2291 2696 in
2328 2651 2596 2712 potestate
2630 2645 2966 2712 mediatoris,
2995 2658 3053 2703 ut
3083 2649 3195 2719 ipse
3238 2649 3495 2707 liberaret
3523 2667 3554 2706 a

1968 2734 2207 2804 peccatis
2233 2749 2330 2804 per
2360 2738 2847 2806 transgressionem
2877 2739 3009 2811 legis
3039 2751 3256 2798 coactos
3284 2743 3554 2810 conﬁteri,

1970 2836 2106 2893 opus
2135 2822 2239 2878 sibi
2270 2839 2390 2879 esse
2415 2826 2585 2895 gratia
2615 2835 2671 2882 et
2696 2828 3067 2885 misericordia
3100 2831 3337 2897 Domini,
3366 2841 3425 2888 ut
3453 2834 3556 2889 sibi

1970 2919 2193 2982 peccata
2230 2913 2650 2983 dimitterentur,
2682 2928 2738 2974 et
2778 2920 2831 2975 in
2859 2936 2997 2976 nova
3024 2923 3131 2977 vita
3160 2931 3258 2994 per
3281 2940 3402 2980 eum
3421 2966 3435 2991 ,
3462 2925 3560 2996 qui

1973 3014 2074 3072 pro
2100 3018 2160 3058 se
2191 3004 2509 3075 sanguinem
2546 3007 2804 3075 fudisset,
2835 3012 3316 3070 reconciliarentur
3341 3017 3467 3072 Deo.
3501 3019 3561 3074 In

1973 3091 2091 3147 istis
2118 3093 2262 3147 enim
2308 3105 2428 3151 erat
2468 3112 2566 3167 per
2611 3103 3095 3171 transgressionem
3140 3105 3273 3176 legis
3319 3107 3559 3164 confrin-

278 3210 477 3252 sensus
513 3196 600 3251 vel
636 3197 772 3252 ordo
804 3198 1092 3253 verborum
1125 3215 1138 3251 :
1175 3197 1407 3253 Sciendo
1440 3199 1604 3264 scias,
1633 3198 1759 3268 quia
1784 3213 1876 3269 pe-
1902 3217 1945 3279 ρ
1978 3185 2148 3279 εεηάξι
2191 3187 2464 3279 superbia,
2510 3189 2601 3258 (ἰυῖ
2632 3190 2927 3279 gloriantes
2964 3194 3029 3247 de
3066 3204 3221 3263 Dalre-
3258 3196 3559 3265 Abraham.

281 3288 564 3359 regrinum
589 3288 694 3343 erit
717 3304 902 3344 semen
929 3297 1080 3343 tttum
1111 3289 1164 3343 in
1192 3297 1340 3345 terra
1365 3305 1471 3344 non
1498 3304 1593 3344 sua
1623 3290 1874 3359 quadrin-

279 3378 465 3448 gentis
497 3379 672 3435 annis.
708 3378 841 3435 lllud
876 3387 1059 3435 autem
1097 3380 1474 3450 interpositum
1515 3381 1872 3452 intelligatur,

280 3468 427 3523 etin
467 3469 784 3525 servitutem
818 3471 1062 3541 redigent
1091 3486 1205 3536 eos,
1244 3480 1297 3527 et
1324 3473 1595 3528 nocebunt
1630 3472 1753 3538 illis,
1800 3472 1873 3528 ita

279 3568 349 3614 ut
376 3560 445 3616 ad
469 3561 895 3633 quadringentos
920 3578 1091 3618 annos
1118 3564 1221 3618 ista
1252 3564 1592 3635 interpositio
1619 3577 1725 3619 non
1754 3580 1877 3635 per-

282 3652 477 3708 tineat.
508 3653 567 3708 In
604 3662 847 3709 extrema
874 3655 1017 3711 enim
1050 3665 1208 3725 parte
1232 3670 1494 3712 annorum
1522 3672 1746 3712 summm
1777 3659 1878 3713 htt-

277 3741 397 3813 ius,
428 3745 529 3801 hoc
554 3753 668 3813 est,
705 3753 828 3817 post
866 3755 1097 3801 mortem
1125 3745 1322 3817 Joseph
1356 3745 1558 3803 factum
1585 3756 1669 3802 est
1689 3789 1702 3813 ,
1733 3757 1793 3803 ut
1821 3748 1877 3803 in

285 3838 528 3911 [Egypto
564 3839 794 3910 populus
836 3840 933 3895 Dei
974 3841 1166 3895 duram
1208 3850 1495 3912 perageret
1538 3844 1874 3898 servitutem.

285 3929 552 4000 Sequitur
576 3932 803 4002 quaestio
827 3932 959 3987 satis
985 3933 1312 3988 necessaria.
1343 3932 1403 3987 Si
1431 3935 1575 3988 enim
1606 3934 1742 3990 ﬁdes
1763 3934 1880 4003 jus—

285 4022 482 4088 tiﬁcat,
511 4032 568 4079 et
590 4024 803 4095 priores
837 4025 1034 4091 sancti,
1076 4026 1169 4095 qui
1206 4026 1346 4096 apud
1383 4027 1552 4081 Deum
1587 4025 1879 4096 justiﬁcali

286 4117 451 4176 sunt,
472 4127 568 4182 per
586 4114 754 4183 ipsam
770 4113 1052 4183 iustiﬁcati
1076 4123 1228 4181 sunt,
1255 4116 1383 4186 quid
1414 4132 1549 4187 opus
1568 4126 1685 4173 erat
1707 4119 1879 4196 legem

287 4201 451 4257 dari?
488 4203 727 4274 Simplex
766 4214 944 4263 autem
985 4220 1199 4274 sensus,
1224 4209 1318 4278 qui
1359 4211 1462 4265 hoc
1500 4211 1620 4266 loco
1658 4213 1880 4280 texitur,

1976 3274 2133 3344 quasi
2173 3278 2475 3333 naturalem
2523 3294 2581 3334 se
2619 3278 2903 3350 jactabant
2942 3284 3141 3341 habere
3178 3280 3468 3358 justitiam,
3506 3298 3565 3345 et

1975 3366 2170 3420 merita
2214 3382 2309 3422 sua
2340 3369 2394 3424 in
2434 3371 2847 3429 circumcisione
2876 3376 3087 3432 caeteris
3124 3379 3373 3448 gentibus
3411 3387 3562 3435 tanto

1975 3457 2355 3525 perniciosius,
2393 3471 2598 3530 quanto
2627 3466 2967 3533 arrogantius
2996 3466 3374 3536 prtefcrebant.
3420 3469 3563 3528 Gen-

1977 3555 2059 3603 tes
2083 3559 2262 3605 autem
2288 3551 2541 3608 facillime
2570 3556 2733 3611 etiam
2759 3557 2874 3613 sine
2895 3557 3201 3629 huiusmodi
3225 3562 3357 3635 legis
3385 3572 3565 3622 trans-

1976 3642 2256 3711 gressione
2294 3642 2730 3701 bumiliarentur.
2777 3647 3036 3706 Homines
3073 3653 3217 3707 enim
3258 3654 3461 3711 nullam
3495 3674 3565 3714 ex

1977 3734 2291 3803 parentibus
2315 3736 2580 3807 originem
2600 3736 2828 3806 justitize
2859 3756 2917 3795 se
2946 3743 3161 3797 trahere
3182 3745 3561 3813 prtevidentes,

1978 3823 2392 3879 simulacrorum
2428 3828 2594 3881 etiam
2628 3838 2816 3883 servos
2854 3829 3058 3885 invenit
3095 3834 3405 3905 evangelica
3445 3852 3567 3908 gra-

1981 3917 2072 3970 tia.
2107 3916 2223 3971 Non
2249 3918 2394 3973 enim
2425 3920 2566 3975 sicut
2596 3920 2716 3976 istis
2746 3919 2849 3977 dici
2889 3932 3133 3992 poterat,
3162 3942 3268 3981 non
3307 3926 3472 3983 fuisse
3503 3929 3567 3984 il-

1978 4008 2084 4063 lam
2126 4009 2394 4080 justitiam
2438 4023 2724 4081 parentum
2768 4029 2952 4069 eorum
3001 4016 3055 4071 in
3103 4018 3341 4074 colendis
3375 4020 3564 4086 idolis,

1977 4114 2143 4170 quam
2169 4115 2289 4156 esse
2316 4100 2724 4157 arbitrabantur
2762 4122 2775 4158 :
2815 4105 2889 4159 ita
2919 4106 3083 4162 etiam
3113 4106 3313 4166 Judmis
3338 4111 3442 4167 dici
3472 4128 3571 4184 po—

1984 4199 2143 4258 terat,
2168 4190 2360 4248 falsam
2380 4192 2542 4250 fuisse
2568 4194 2834 4265 justitiam
2857 4198 3029 4267 patris
3054 4199 3350 4258 Abraham.
3382 4204 3571 4276 itaque

291 4296 437 4351 hanc
466 4296 575 4351 vim
608 4298 790 4365 habet,
814 4308 875 4354 ut
897 4300 1114 4356 doceret
1143 4300 1450 4372 Apostolus,
1476 4316 1584 4359 non
1605 4320 1765 4374 posse
1787 4319 1871 4375 pet

1982 4280 2092 4340 illis
2115 4285 2348 4340 dicitur:
2376 4285 2560 4342 Facite
2585 4306 2707 4360 ergo
2735 4290 2965 4361 fructum
2990 4294 3204 4365 dignum
3233 4298 3565 4367 paenitentia,

290 4388 495 4459 legem,
537 4404 657 4462 quae
695 4400 885 4463 postea
926 4393 1050 4448 data
1093 4401 1204 4459 est,
1249 4395 1721 4464 repromissiones,
1764 4412 1885 4466 quae
1982 4384 2123 4429 etne
2150 4376 2389 4432 dixeritis
2419 4378 2586 4444 vobis,
2622 4390 2824 4450 patrem
2865 4383 3116 4440 habemus
3145 4386 3429 4442 Abraham.
3462 4388 3570 4444 Po-

289 4492 420 4539 ame
448 4484 605 4542 facta,
641 4493 767 4542 sunt
803 4486 872 4542 ad
898 4486 1203 4553 Abraham,
1234 4488 1437 4543 destrui
1458 4530 1472 4556 ν
1503 4498 1559 4544 ει
1584 4490 1883 4560 posteriora
1987 4473 2100 4560 tene
2138 4473 2215 4560 est
2243 4466 2380 4560 enim
2411 4467 2573 4534 Deus,
2601 4470 2665 4523 de
2708 4470 2970 4541 lapidibus
3008 4475 3122 4530 istis
3152 4478 3403 4534 suscitare
3431 4480 3571 4549 filios

291 4573 568 4642 prioribus
591 4576 968 4646 prmjudicare.
993 4576 1127 4632 Cum
1158 4554 1605 4647 repromissione;
1631 4580 1695 4634 ad
1717 4579 1886 4635 Abra_
1911 4584 1962 4644 Ι)
1990 4554 2252 4610 Abraham
2277 4556 2427 4629 (Luc.
2451 4560 2558 4630 tn).
2578 4560 2703 4616 Istis
2722 4573 2903 4619 autem
2927 4566 3159 4623 dicitur:
3188 4568 3411 4641 Propter
3431 4573 3571 4645 quod

294 4664 428 4719 ham
454 4675 580 4720 ante
605 4667 1028 4737 quadringentos
1050 4677 1105 4723 et
1135 4669 1353 4740 triginta
1383 4685 1554 4725 annos
1584 4671 1721 4726 datae
1755 4670 1883 4737 sint,

294 4756 444 4825 quod
468 4757 919 4813 benedicerentur
946 4759 1000 4812 in
1033 4759 1123 4815 illo
1151 4760 1420 4816 universa:
1443 4758 1728 4815 nationes:
1754 4760 1888 4833 legis

296 4854 481 4902 autem
524 4849 851 4914 observatio,
885 4849 1028 4919 quod
1051 4850 1141 4920 qui
1174 4849 1393 4907 fecisset
1420 4867 1557 4916 eam,
1592 4853 1798 4908 viveret
1832 4853 1887 4907 in

296 4953 396 5005 ea,
434 4948 559 5009 post
582 4942 1004 5013 quadringentos
1029 4951 1085 4997 et
1117 4940 1332 5013 triginta
1360 4959 1532 5000 annos
1572 4943 1738 5016 Moysi
1765 4947 1890 5001 data

298 5029 375 5084 sit
412 5030 468 5083 in
512 5039 698 5086 monte
740 5030 910 5085 Sinai.
956 5031 999 5086 E
1031 5034 1308 5088 contrario
1351 5034 1441 5089 hic
1479 5032 1585 5089 dici
1631 5042 1890 5107 poterat:

300 5118 447 5186 Quid
470 5133 599 5191 ergo
628 5135 848 5176 newsse
880 5120 1065 5188 fuerit,
1091 5122 1266 5194 legem
1291 5132 1412 5194 post
1440 5133 1650 5180 tantum
1684 5133 1893 5196 tempus

301 5210 743 5280 repromissionis
772 5210 910 5276 dari,
943 5226 1066 5266 cum
1107 5228 1175 5267 ex
1214 5214 1340 5267 data
1382 5214 1499 5285 lege
1539 5214 1773 5285 suspicio
1803 5212 1896 5269 de-

301 5310 528 5358 structa;
552 5302 857 5372 sponsionis
900 5303 1137 5372 potuerit
1162 5304 1365 5359 oboriri
1399 5324 1410 5358 :
1448 5314 1501 5360 et
1531 5312 1783 5359 manente
1813 5318 1892 5358 re-

300 5394 688 5465 promissione,
717 5409 822 5450 non
848 5393 1133 5465 profutura
1164 5394 1249 5449 lex
1280 5396 1405 5450 data
1432 5395 1535 5459 sit;
1566 5410 1729 5465 quam
1759 5410 1898 5466 prte-

302 5484 500 5541 videns
539 5484 831 5556 Apostolus
868 5488 1221 5557 quaestionem
1243 5526 1259 5552 ,
1303 5487 1373 5549 in.
1395 5488 1742 5557 sequentibus
1786 5488 1899 5559 ipse

307 5573 417 5627 sibi
436 5576 713 5646 proponit,
743 5585 798 5632 et
822 5578 1077 5648 explicat,
1108 5578 1297 5635 dicens

385 5659 527 5726 Quid
560 5666 722 5735 igitur
754 5666 881 5723 (ex?
904 5678 1115 5740 propter
1141 5671 1580 5742 transgressiones
1604 5668 1773 5743 posita
1801 5679 1896 5735 est,

310 5755 479 5811 donec
519 5757 711 5811 veniret
750 5774 944 5824 semen,
984 5763 1423 5834 euipromissum
1463 5775 1576 5820 erat
1607 5778 1623 5816 .'
1657 5764 1897 5819 ordinata

718 5871 991 5931 PATBOL.
1039 5873 1201 5936 CIV.

1988 4669 2241 4708 memores
2270 4658 2414 4721 estis,
2453 4658 2593 4728 quod
2613 4675 2723 4714 vvos
2763 4660 3046 4732 aliquando
3087 4674 3262 4734 gentes
3299 4665 3353 4721 in
3391 4683 3568 4731 carne,

1987 4745 2078 4818 qui
2107 4747 2341 4802 dicimini
2376 4751 2690 4821 prteputium
2720 4754 2784 4806 ab
2812 4769 2904 4819 ea,
2931 4770 3049 4825 quae
3076 4754 3271 4808 dicitur
3300 4756 3573 4813 circumci-

1991 4840 2069 4893 sio
2108 4840 2164 4893 in
2206 4854 2364 4895 carne
2406 4842 2730 4913 manufesta,
2765 4846 2853 4917 qui
2894 4847 3055 4901 eratis
3082 4846 3174 4900 illo
3207 4856 3435 4918 tempore
3461 4851 3574 4905 sine

1993 4930 2221 4996 Christo,
2247 4932 2464 4988 alienati
2492 4951 2525 4987 a
2552 4935 2795 4990 societate
2824 4935 3014 5003 Israel,
3044 4947 3094 4991 et
3117 4937 3374 5008 peregrini
3414 4949 3575 4995 testa-

1976 5032 2305 5087 mentorum,
2350 5024 2711 5093 promissionis
2747 5043 2886 5097 spem
2916 5044 3019 5082 non
3065 5029 3330 5094 habentes,
3374 5041 3422 5086 et
3463 5032 3576 5085 sine

1995 5114 2107 5169 Deo
2132 5115 2187 5168 in
2213 5115 2311 5168 hoc
2336 5116 2532 5169 mundo
2561 5115 2773 5188 (Ephes.
2807 5120 2886 5187 tl).
2935 5119 3176 5189 Denique
3202 5118 3308 5174 illic
3335 5120 3578 5177 inﬁdeles

1996 5205 2063 5262 de
2084 5206 2227 5262 oliva
2261 5221 2357 5260 sua
2395 5205 2585 5272 fracti,
2614 5208 2702 5261 hic
2730 5215 2910 5262 autent
2947 5208 3129 5263 ﬁdeles
3159 5207 3225 5264 de
3253 5209 3487 5267 oleastro
3520 5211 3576 5266 in

1999 5297 2139 5353 oliva
2166 5296 2382 5353 illorum
2418 5298 2604 5353 inserti
2634 5313 2754 5355 esse
2781 5308 3168 5355 monstrantur.
3206 5300 3418 5357 illorum
3447 5317 3579 5375 ergo

1999 5397 2119 5443 erat
2170 5389 2237 5444 de
2294 5388 2428 5458 legis
2484 5390 2911 5461 transgressione
2958 5394 3234 5446 atterenda
3288 5390 3577 5462 superbia.

2004 5482 2145 5536 sicut
2171 5481 2238 5537 ad
2263 5481 2557 5546 Romanos,
2587 5497 2706 5536 cum
2731 5480 3135 5552 Scripturarum
3159 5482 3339 5539 verbis
3362 5494 3582 5555 peccata

2005 5590 2189 5632 eorum
2221 5584 2600 5646 exaggerasset
2628 5594 2641 5628 :
2676 5572 2835 5630 Scitis
2870 5585 3041 5631 autem
3060 5618 3073 5640 ,
3104 5576 3303 5648 inquit,
3334 5578 3582 5649 quoniam

2004 5682 2324 5737 quiscunque
2366 5664 2451 5719 lea:
2470 5664 2618 5731 dicit,
2650 5665 2730 5719 his
2758 5667 2847 5737 qui
2890 5667 2943 5719 in
2993 5665 3101 5737 lege
3146 5674 3285 5731 sunt,
3331 5664 3581 5733 loquitur,

2006 5769 2062 5814 ut
2111 5773 2260 5812 omne
2309 5774 2366 5811 os
2409 5757 2724 5823 obstruatur,
2769 5767 2815 5812 et
2861 5776 2976 5813 reus
3007 5759 3108 5818 ,ﬁat
3153 5758 3319 5812 omnis
3358 5756 3583 5810 mundus

3070 5872 3146 5930 28
