4056 6350
641 303 748 361 Siti

1717 299 1988 358 CLAUDII
2025 296 2487 355 'l'AURINENSlS
2528 296 2829 354 EPISCOPI
3745 305 3821 361 επ

637 425 748 481 Deo
770 422 949 495 (Rom.
978 420 1267 492 nt)..ludaei
1293 420 1500 475 scilicet
1524 419 1592 474 de
1620 416 2044 488 transgressione
2063 414 2218 486 legis,
2249 414 2299 474 Α
2324 422 2457 477 erat,
2491 427 2555 467 ac
2583 412 2627 468 si
2670 421 2856 484 aperte
2894 411 3075 468 dicat:
3104 411 3221 468 1am
3262 425 3361 468 nos
3401 419 3571 469 reatus
3594 409 3709 487 legis
3743 434 3822 479 non

626 529 689 575 ,ει
710 524 897 589 gentes
921 515 988 571 de
1014 514 1292 584 impietate
1313 513 1428 569 sine
1447 513 1581 583 lege.
1612 511 1764 567 Unde
1789 518 1843 564 et
1871 509 2066 564 iterum
2095 509 2167 563 ait
2200 526 2213 563 :

636 610 903 668 Conclusit
929 610 1078 665 enim.
1097 607 1237 663 Deus
1263 607 1436 662 omnia
1462 608 1517 661 in
1544 605 1871 670 credulitate,
1899 616 1955 659 ut
1978 603 2220 658 omnibus

635 701 944 756 misereatur
974 696 1148 769 (Rom.
1182 695 1326 769 xm).
1532 714 1539 719 ε
1934 712 1939 716 η

705 794 816 849 Lex
841 809 961 864 ergo
990 792 1239 847 adversus
1260 790 1518 862 promissa
1547 789 1685 845 Dei?
1725 789 1891 845 Absit.
1948 784 2064 845 Non
2086 802 2219 860 ergo

634 883 719 938 lex
744 883 868 938 data
901 890 1008 947 est,
1037 888 1097 936 ut
1120 889 1402 952 peccatum
1436 880 1706 946 auferret,
1745 880 1838 936 sed
1878 887 1939 935 ut
1969 880 2070 937 sub
2094 895 2221 950 pec-

524 1032 539 1041 ,
633 984 758 1031 cato
788 975 970 1031 omnia
1011 973 1375 1031 concluderet.
1425 972 1537 1030 Lex
1569 973 1715 1029 enim
1742 972 2063 1029 ostendebat
2100 988 2220 1031 esse

631 1073 942 1136 peccatum,
991 1062 1134 1135 quod
1166 1062 1239 1117 illi
1272 1076 1375 1134 per
1403 1063 1845 1119 consuetudinem
1880 1062 2066 1119 cmca'ti
2095 1078 2221 1132 pos-

632 1165 755 1211 sent
799 1163 993 1227 putare
1023 1153 1329 1225 justitiam,
1379 1161 1443 1208 ut
1472 1155 1784 1210 hocvmodo
1827 1154 2092 1209 humiliati
2135 1142 2221 1210 eo?

633 1255 956 1319 gnoscerent
982 1261 1088 1301 non
1119 1245 1174 1300 in
1213 1261 1310 1301 sua
1334 1260 1498 1300 manu
1524 1260 1644 1302 esse
1667 1245 1894 1302 salutem
1923 1262 2097 1313 suam,
2123 1248 2219 1303 sed

633 1339 687 1394 in
722 1355 885 1395 manu
938 1338 1271 1393 mediatoris.
1312 1337 1471 1393 Absit
1493 1337 1700 1408 utique,
1728 1338 1855 1409 quia
1884 1354 1990 1393 non
2020 1347 2105 1394 est
2131 1338 2219 1394 lex

632 1431 851 1486 inimica
895 1429 1292 1502 promissionis,
1335 1429 1534 1500 quippe
1581 1445 1707 1484 cum
1748 1430 2034 1487 conﬁrmet
2073 1445 2215 1485 eam.

632 1520 768 1579 Nam
792 1521 998 1593 primus
1026 1516 1239 1593 Moyses
1268 1519 1440 1575 dixit:
1476 1517 1798 1589 Prophetam
1824 1520 1963 1575 vobis
1993 1521 2220 1575 suscita-

620 1614 703 1668 ‘oit
728 1613 871 1669 Deus
910 1612 974 1667 de
1003 1611 1260 1684 fratribus
1288 1611 1470 1667 uestris
1512 1611 1694 1684 (Deut.
1721 1629 1890 1680 xvm;
1922 1612 2037 1667 Act.
2069 1611 2215 1686 xm).

630 1704 745 1761 Hoc
775 1705 978 1761 dictum
1016 1706 1081 1761 de
1115 1702 1334 1760 Christo
1379 1703 1575 1760 Petrus
1612 1703 1888 1776 apostolus
1928 1706 2128 1777 probat
2161 1706 2217 1763 in

629 1795 854 1850 Actibus
881 1793 1265 1865 apostolorum.

704 1883 765 1940 Si
792 1884 928 1938 enim
954 1883 1082 1939 data
1108 1893 1240 1938 esset
1258 1882 1360 1948 lem,
1381 1899 1498 1955 qum
1518 1888 1687 1955 posset
1707 1881 1993 1953 vivi/icore,
2018 1902 2132 1940 uere
2150 1902 2219 1942 ea:

629 1976 739 2048 lege
761 1985 893 2031 esset
911 1975 1144 2046 justitia.
1184 1975 1289 2031 Sed
1317 1976 1571 2031 conclusit
1602 1975 1878 2047 Scriptura
1914 1978 2090 2032 omnia
2122 1979 2217 2033 sub

626 2076 862 2137 peccato,
918 2076 972 2121 ut
1017 2068 1297 2138 promissio
1343 2084 1408 2120 ex
1446 2067 1553 2137 [ide
1599 2065 1732 2121 Jcsu
1776 2064 1971 2122 Christi
2002 2068 2219 2124 daretur

627 2157 977 2212 credentibus.
1011 2154 1172 2211 Prius
1204 2168 1376 2212 autent
1403 2174 1562 2228 quant
1591 2159 1784 2213 ueniret
1809 2157 1962 2226 fides,
1985 2159 2082 2213 sub
2109 2160 2218 2231 lege

631 2248 1075 2312 custodiebamur,
1105 2247 1339 2302 conclusi
1370 2250 1424 2303 in
1445 2266 1559 2303 eam
1580 2249 1764 2319 fidem,
1794 2267 1912 2321 quae
1940 2250 2218 2308 rerelanda

627 2347 762 2390 erat.
805 2334 962 2391 Sicut
992 2336 1259 2392 mediator
1294 2337 1388 2392 Dei
1420 2347 1475 2394 et
1515 2339 1797 2394 hominum
1830 2340 1969 2395 inter
1996 2342 2217 2398 dantem

626 2435 682 2481 et
707 2427 1062 2498 accipientem
1091 2427 1265 2499 legem
1293 2428 1504 2484 medius
1535 2429 1639 2484 fuit
1657 2471 1671 2493 ,
1700 2431 1781 2487 sic
1813 2430 1900 2487 lex
1934 2433 2072 2502 ipsa,
2097 2448 2218 2503 qua:

623 2529 748 2591 post
773 2520 1250 2590 repromissionem
1286 2524 1412 2577 data
1437 2530 1540 2588 est,
1570 2523 1712 2578 inter
1738 2524 2216 2593 repromissionem

623 2618 681 2666 et
725 2609 1136 2682 completionem
1186 2609 1306 2680 ejus
1359 2612 1538 2668 media
1587 2612 1877 2683 subrepsit.
1933 2612 2062 2682 Quae
2110 2630 2217 2671 non

622 2703 829 2759 idcirco
857 2702 1175 2757 arbitranda
1200 2712 1287 2757 est
1310 2703 1723 2773 promissionem
1744 2705 2054 2771 excludere,
2089 2706 2215 2775 quia

623 2803 810 2865 postea
842 2792 1132 2850 subsecuta
1157 2808 1278 2848 eam
1296 2834 1309 2856 ,
1344 2809 1465 2864 quae
1487 2795 1641 2865 prius
1670 2794 1771 2849 fuit
1796 2796 2012 2852 videtur
2031 2797 2213 2853 abole—

624 2900 686 2939 re
714 2902 726 2937 :
758 2885 853 2940 sed
881 2899 947 2939 ex
973 2899 1061 2949 eo,
1094 2884 1236 2954 quod
1288 2901 1395 2940 non
1435 2888 1612 2957 potuit
1661 2888 1941 2945 viviﬁcare
1963 2930 1977 2955 ,
2021 2906 2122 2947 nec
2162 2891 2216 2946 id

624 2974 891 3051 tribuere,
920 2975 1066 3046 quod
1108 2975 1460 3045 repromissio
1486 2977 1660 3047 prima
1689 2978 1928 3049 pollicita
1957 2988 2070 3046 εει,
2102 2997 2209 3036 ma-

629 3064 888 3122 nifestum
917 3074 1003 3121 est
1032 3066 1085 3121 in
1116 3066 1417 3122 custodiam
1458 3083 1579 3124 eam
1609 3070 2063 3140 repromissionis,
2107 3087 2213 3129 non

2323 505 2563 575 obligat,
2600 503 2717 573 jam
2760 519 2859 577 per
2892 503 3122 576 gratiam
3151 504 3428 559 liberatos.
3476 502 3690 575 Namque
3710 522 3820 567 aute-

2323 610 2485 665 quam
2518 594 2818 667 spiritalem
2848 593 3077 665 gratiam
3107 594 3376 649 humiliati
3404 594 3743 667 reciperemus,
3763 601 3819 657 ni-

2322 686 2400 744 hil
2431 688 2534 742 nisi
2570 686 2934 743 mortilicahat
2974 701 3073 741 nos
3112 686 3289 740 littera
3314 726 3328 749 ,
3373 683 3562 753 jubens
3601 689 3719 757 quod
3746 706 3820 746 non

2318 783 2633 849 poteramus
2658 776 2902 847 implere.
2950 774 3102 831 Unde
3142 776 3312 830 dicit:
3354 774 3544 831 Littera
3581 777 3696 831 enim
3721 780 3818 835 octi-

2320 868 2442 923 dit:
2484 869 2704 939 spiritus
2746 878 2925 923 autem
2966 867 3187 938 rivi/ient
3237 867 3289 939 (I
3315 865 3436 923 Cor.
3461 868 3560 938 ιιι).
3604 868 3819 927 Conclusio

2321 958 2466 1014 enim
2507 974 2696 1014 eorum
2737 966 2860 1014 erat
2905 966 3114 1013 tantum
3146 958 3311 1013 timor
3332 957 3487 1013 unius
3518 957 3631 1024 Dei,
3656 961 3818 1031 etquod

2319 1051 2768 1121 prtevaricatores
2794 1050 2965 1123 ipsius
2992 1051 3126 1122 legis
3152 1051 3356 1107 inventi
3383 1058 3521 1116 sunt,
3547 1067 3639 1109 non
3663 1056 3717 1108 ad
3733 1069 3817 1125 per-

2320 1142 2549 1210 niciem,
2570 1145 2665 1200 sed
2689 1142 2756 1197 ad
2777 1142 3064 1198 utilitatem
3087 1142 3258 1198 valuit
3283 1143 3383 1209 eis,
3420 1141 3508 1213 qui
3529 1143 3813 1199 crediderunt.

2319 1232 2568 1305 Cognitio
2593 1234 2739 1289 enim
2762 1234 2986 1305 majoris
3010 1234 3371 1306 aegritudinis,
3398 1242 3451 1290 et
3473 1233 3724 1290 desiderari
3741 1251 3816 1291 tue-

2319 1327 2500 1383 dicum
2551 1329 2928 1384 vehementius
2971 1326 3137 1395 fecit,
3189 1336 3247 1384 et
3287 1328 3431 1402 diligi
3466 1328 3721 1385 ardentius.
3748 1327 3814 1387 Cui

2317 1419 2463 1475 enim
2482 1418 2779 1491 plurimum
2809 1419 3123 1487 dimittitur,
3150 1420 3443 1492 plurimum
3466 1420 3641 1491 diligit.

2391 1509 2581 1581 Itaque
2606 1509 2692 1564 lea:
2718 1509 3039 1582 pwdagogus
3084 1521 3264 1565 noster
3295 1510 3394 1582 fuit
3431 1513 3483 1566 in
3510 1509 3689 1566 Christo
3708 1511 3812 1579 less,

2318 1610 2376 1656 ut
2400 1618 2465 1657 ea:
2490 1602 2597 1672 [ide
2614 1602 2991 1674 justiﬁcemur.
3053 1602 3119 1656 At
3163 1602 3255 1657 ubi
3289 1603 3421 1657 venit
3449 1601 3602 1671 ﬁdes,
3623 1603 3717 1673 jam
3743 1621 3811 1658 sos

2319 1692 2415 1747 sub
2439 1693 2724 1764 pa'dagogo
2748 1709 2954 1748 sumus.
2996 1690 3193 1750 Omnes
3218 1694 3358 1748 enim
3389 1690 3512 1747 Filii
3535 1692 3622 1748 Dei
3642 1694 3811 1765 estisper

2244 1776 2293 1838 B
2320 1784 2500 1855 ﬁdem,
2540 1802 2660 1856 qua:
2682 1794 2761 1839 est
2795 1785 2853 1840 in
2883 1783 3095 1839 Christo
3117 1784 3273 1840 Iesu.
3315 1784 3618 1854 Paadagogus
3634 1782 3810 1839 Grecam

2322 1885 2425 1932 est.
2469 1874 2838 1947 Paadagogus,
2882 1875 3265 1947 pedissequus.
3298 1870 3628 1946 Pmdagogum
3645 1873 3811 1928 erudito-

2323 1981 2461 2033 rem,
2492 1965 2577 2021 vel
2608 1966 2933 2022 nutritorem
2966 1980 3264 2036 puerorum
3289 1966 3525 2022 dicimus.
3566 1964 3808 2037 Ptedagogls

2321 2058 2523 2115 dicitur
2567 2059 2660 2130 qui
2701 2058 2943 2130 parvulis
2988 2060 3323 2130 assignatur,
3366 2058 3433 2113 ab
3464 2058 3658 2128 coquod
3674 2071 3809 2127 pueros

2320 2160 2464 2223 agat,
2495 2151 2550 2208 id
2576 2160 2680 2217 est,
2706 2152 2897 2217 ducat,
2938 2160 2994 2207 et
3013 2150 3386 2208 lascivientem
3408 2150 3620 2206 refrenat
3640 2156 3805 2211 atatem,

2320 2252 2380 2298 ut
2406 2259 2579 2314 prona
2609 2242 2663 2297 in
2685 2242 2816 2296 vitia
2846 2243 3012 2298 corda
3055 2249 3377 2307 teneantur,
3427 2240 3541 2295 dum
3568 2248 3712 2294 tenera
3729 2246 3804 2291 stu-

2320 2332 2425 2389 diis
2446 2333 2692 2389 eruditur
2721 2332 2970 2398 infantia,
2993 2340 3049 2386 et
3076 2332 3147 2386 ad
3179 2330 3409 2400 majores
3438 2327 3802 2401 philosophia,ac

2319 2429 2573 2500 regenda:
2608 2428 2918 2500 reipublica:
2956 2427 3278 2499 disciplinas
3306 2434 3446 2481 metu
3473 2438 3623 2496 pinna:
3642 2421 3801 2477 coercita

2318 2529 2675 2591 prmparetur.
2713 2520 2828 2576 Non
2863 2528 3042 2574 tamen
3079 2519 3404 2589 paedagogus
3435 2516 3658 2586 magister
3678 2522 3717 2568 et
3737 2526 3799 2581 pt—

2319 2620 2405 2669 ter
2427 2621 2532 2679 est,
2565 2628 2669 2669 nec
2708 2612 3082 2668 lucreditatem
3133 2619 3189 2667 ct
3233 2609 3504 2666 scientiam
3546 2603 3800 2678 pmdagogiis

2319 2703 2414 2775 qui
2450 2704 2718 2783 eruditur,
2748 2711 3058 2774 exspectat,
3091 2703 3189 2759 sed
3218 2702 3448 2757 alienum
3472 2697 3668 2755 custodit
3686 2694 3796 2748 lilium

2318 2796 2643 2867 paedagogus
2689 2796 2756 2851 ab
2781 2811 2866 2863 eo,
2918 2806 3210 2867 postquam
3262 2795 3351 2850 ille
3388 2793 3452 2848 ad
3488 2791 3797 2863 legitimumca-

2318 2884 2530 2953 pienda:
2570 2885 2907 2942 luereditatis
2947 2896 3165 2958 tempus
3205 2884 3514 2951 advenerit,
3555 2891 3794 2937 recessurus.

2319 2974 2562 3045 Denique
2586 2984 2641 3030 ct
2670 2992 2868 3034 nomen
2894 2979 3174 3050 paedagogi
3198 2978 3297 3034 hoc
3323 2978 3487 3048 ipsum
3513 2981 3671 3036 sonat,
3692 2976 3796 3024 etest

2317 3067 2677 3136 compositum
2701 3068 2770 3123 ab
2792 3085 2879 3134 eo,
2907 3071 3052 3142 quod
3077 3086 3280 3142 pueros
3310 3077 3452 3142 agat,
3475 3066 3522 3123 id
3540 3074 3624 3128 est.
3650 3062 3791 3116 ἀοαεπ

623 3156 680 3211 in
704 3157 1113 3229 subversionem
1139 3157 1342 3212 datam.
1397 3157 1453 3213 Si
1484 3159 1628 3214 enim
1655 3160 1781 3216 data
1809 3170 1953 3218 esset
1978 3163 2062 3218 lex
2088 3179 2210 3234 qum
2239 3162 2283 3225 C
2315 3155 2501 3227 Itaque
2522 3167 2578 3212 et
2598 3158 2768 3230 Moysi
2802 3160 2886 3217 lex
2915 3162 3115 3232 populo
3140 3160 3468 3224 lascivienli.
3503 3157 3561 3212 ad
3582 3156 3711 3210 ίιιδιπ
3725 3161 3793 3219 μ’

620 3254 807 3317 posset
834 3255 1093 3318 praestare
1122 3248 1287 3304 vitam
1308 3291 1324 3317 ,
1375 3258 1431 3305 et
1459 3250 1512 3305 id
1537 3251 1681 3322 quod
1709 3255 2059 3323 repromissio
2087 3271 2214 3327 spo-

618 3338 890 3406 ponderat
915 3339 1178 3394 exhibere
1197 3380 1213 3405 ,
1262 3355 1386 3396 vere
1413 3342 1705 3411 promissio
1732 3360 1831 3414 per
1854 3345 2026 3417 legem
2052 3356 2211 3417 puta-

622 3436 773 3482 retur
801 3428 1041 3484 exelusa.
1079 3428 1232 3486 Nune
1253 3439 1432 3485 autem
1464 3442 1689 3503 propter
1727 3437 2208 3508 transgressiones,

624 3526 682 3572 ut
707 3534 871 3591 supra
900 3518 1157 3585 diximus,
1179 3522 1354 3591 posita
1374 3562 1388 3587 ,
1435 3524 1607 3594 magis
1640 3540 1735 3581 eos
1758 3529 1935 3598 arguit
1962 3539 2211 3599 peccato-

616 3624 710 3666 res
737 3651 752 3676 ,
800 3609 997 3682 quibus
1028 3619 1152 3681 post
1192 3613 1667 3683 repromissionem
1697 3617 1752 3672 in
1785 3621 2107 3687 custodiam,
2130 3629 2206 3690 et,

618 3710 678 3755 ut
705 3701 779 3756 ita
800 3701 976 3756 dicam
996 3742 1011 3767 ,
1057 3703 1110 3757 in
1147 3718 1424 3759 carcerem
1447 3705 1573 3760 data
1603 3715 1685 3762 εει
1708 3726 1720 3761 :
1763 3717 1822 3763 ut
1846 3710 1972 3780 quia
1996 3726 2097 3781 per
2122 3728 2212 3768 ar-

614 3794 769 3849 bitrii
824 3794 1469 3853 libertatem-noluerunt
1522 3799 1839 3858 innocentes
1886 3814 2208 3875 exspectare

614 3885 942 3954 promissum
967 3926 982 3951 ,
1033 3885 1299 3956 legalibus
1321 3889 1554 3946 vinculis
1579 3894 1900 3961 praepediti,
1931 3904 1987 3952 et
2021 3897 2074 3953 in
2098 3913 2210 3956 ser-

612 3977 842 4032 vitutem
884 3978 1271 4035 mandatorum
1300 3982 1501 4040 redacti
1523 4024 1538 4050 ,
1588 3987 1995 4044 custodirentur
2027 3990 2082 4046 in
2112 3992 2209 4049 ade

611 4080 833 4124 ventum
854 4068 1047 4124 futurae
1074 4069 1132 4124 in
1153 4070 1375 4130 Christo
1396 4074 1540 4142 ﬁdei,
1570 4092 1691 4146 qua:
1719 4078 1883 4135 ﬁnem
1907 4084 2205 4152 repromis-

610 4160 783 4215 sionis
809 4159 1048 4218 afferret.
1073 4163 1351 4220 Justitiam
1371 4165 1514 4222 hanc
1536 4168 1689 4234 dicit,
1715 4185 1835 4239 quae
1863 4173 2007 4242 apud
2033 4173 2205 4230 Deum

612 4261 895 4322 reputatur
912 4252 1164 4323 justitia,
1214 4256 1270 4312 id
1299 4266 1419 4324 est,
1467 4259 1611 4325 ﬁdei,
1663 4263 1789 4332 quia
1811 4272 1865 4321 et
1891 4264 1977 4321 lex
2019 4266 2205 4323 habuit

602 4338 898 4412 justitiam,
936 4347 1033 4403 sed
1063 4347 1133 4402 ad
1154 4363 1417 4419 praesens,
1443 4366 1551 4408 non
1574 4367 1695 4423 quae
1712 4355 2041 4426 justlﬁcaret
2062 4361 2205 4431 apud

610 4433 824 4503 Deum,
861 4438 1142 4494 remittere
1186 4439 1331 4496 enim
1379 4453 1601 4512 peccata
1649 4461 1755 4503 non
1792 4449 2004 4519 potuit,
2044 4459 2106 4507 ut
2132 4451 2201 4507 de

2316 3246 2507 3319 dagogi
2546 3250 2839 3306 severioris
2868 3252 3113 3322 apposita
3144 3262 3230 3309 est
3276 3261 3336 3307 ut
3370 3249 3630 3306 custodiret
3654 3257 3736 3305 eost
3757 3244 3791 3292 6⁸

2315 3335 2511 3394 futura:
2556 3338 2681 3397 ﬁdei
2713 3352 3084 3413 praepararet,
3126 3360 3250 3415 quae
3296 3352 3561 3415 postquam
3592 3335 3727 3396 venit,
3756 3336 3790 3382 tl

2312 3420 2647 3488 credidimus
2678 3434 2729 3488 in
2759 3434 3059 3501 Christum,
3100 3436 3216 3506 jam
3244 3453 3349 3493 non
3378 3448 3549 3491 sumus
3572 3429 3651 3485 sub
3670 3422 3790 3495 patiar

2313 3536 2468 3593 gzgo.
2530 3521 2701 3578 Tutor
2728 3540 2758 3579 a
2790 3527 2947 3583 nobis
2977 3536 3308 3599 curatorque
3346 3524 3685 3583 discedunt.ct
3707 3510 3790 3582 ιοιί·

2312 3613 2504 3668 timum
2531 3616 2708 3671 aetatis
2735 3623 2947 3687 tempus
2975 3618 3230 3675 ineuntes
3264 3634 3386 3674 vere
3407 3616 3493 3672 Dei
3517 3612 3595 3668 lilii
3624 3604 3788 3664 nomina-

2312 3720 2474 3760 mur:
2503 3707 2591 3762 cui
2621 3724 2720 3763 nos
2750 3719 3004 3779 generat,
3051 3727 3162 3766 non
3197 3712 3282 3767 lex
3325 3708 3540 3771 abolita,
3576 3700 3651 3757 sed
3674 3703 3788 3752 Illi“cf

2311 3792 2480 3862 ﬁdes,
2513 3813 2635 3867 qua:
2676 3808 2759 3855 est
2804 3799 2859 3854 in
2905 3799 3123 3857 Christo
3154 3802 3304 3858 .lcsu.
3362 3798 3502 3869 Quod
3532 3795 3571 3850 si
3598 3788 3785 3862 quiSPos‘

2310 3898 2746 3963 cuttsutnmatum
2774 3894 2951 3947 astatis
2978 3909 3090 3950 sua:
3129 3904 3342 3967 tempus
3362 3935 3377 3959 ,
3412 3887 3592 3962 quandi
3610 3884 3694 3954 jam
3712 3877 3783 3967 btt-

2310 3991 2420 4042 rcs,
2446 3986 2501 4032 et
2530 3977 2667 4034 liber
2687 4020 2701 4047 ,
2745 3992 2800 4036 et
2847 3984 2989 4039 [ilius
3030 3962 3357 4056 appellatur,
3390 3979 3588 4039 voluerit
3616 3962 3783 4027 esseﬂlb

2308 4067 2628 4140 paedagogo,
2660 4072 2800 4128 sciat
2831 4090 2892 4130 se
2918 4090 3025 4131 non
3048 4091 3210 4146 posse
3234 4076 3432 4148 legibus
3453 4067 3624 4144 parvuli
3646 4062 3780 4114 vim

2311 4156 2415 4213 Ubi
2456 4160 2599 4215 enim
2643 4179 2787 4221 nunc
2816 4167 3075 4237 compleri
3111 4178 3293 4239 potest
3326 4168 3475 4231 illud,
3508 4162 3589 4216 Ter
3616 4158 3656 4209 in
3685 4159 3782 4204 assa

2307 4250 2581 4318 apparebit
2619 4270 2770 4309 omne
2811 4258 3167 4315 masculinum
3197 4272 3343 4316 tuum
3380 4260 3433 4314 in
3468 4256 3680 4321 conspectu
3697 4240 3780 4294 00-

2306 4337 2436 4391 miui
2460 4338 2560 4395 Dei
2584 4344 2663 4396 tui
2692 4343 2893 4415 (Exod.
2921 4350 3109 4422 xxxiv)
3131 4392 3147 4417 ,
3197 4352 3448 4408 subversa
3468 4338 3725 4402 Jerusnlem.
3743 4334 3780 4382 εί

2306 4431 2508 4502 templo
2536 4450 2706 4506 usque
2737 4439 2804 4494 ad
2827 4440 3040 4498 cineres
3064 4443 3363 4514 dissipato?
3401 4440 3489 4497 Ubi
3524 4425 3777 4514 salutaret“

614 4530 998 4599 peccatoribus
1026 4530 1234 4590 faceret
1254 4510 1470 4603 iustos;
1500 4539 1594 4594 sed
1620 4541 1689 4596 ad
1717 4510 1822 4598 hoc
1851 4544 1975 4600 data
1990 4510 2111 4613 Vest,
2140 4556 2199 4602 ut
2224 4516 2277 4576 D
2302 4539 2402 4594 Ρτο
2427 4537 2653 4595 Ρθθεείίο
2696 4529 2922 4586 “osum?
2968 4532 3069 4589 Ubi
3102 4510 3392 4590 Sim—“3W1”
3434 4524 3648 4613 decocuof
3677 4510 3775 4613 ho?

604 4627 821 4705 terrore
849 4631 994 4678 esset
1022 4638 1325 4694 provocans
1360 4626 1609 4685 homines
1656 4632 1725 4686 ad
1765 4633 1966 4689 bonam
2006 4636 2193 4704 vitam,

607 4707 972 4768 irreverentes
990 4714 1241 4784 puniens.
1283 4714 1516 4787 Ideoque
1540 4734 1647 4776 non
1677 4729 1762 4777 est
1791 4723 1917 4779 data
1943 4724 2053 4791 lex,
2074 4742 2197 4797 quae

604 4811 792 4871 posset
818 4804 1093 4861 viviﬁcare
1119 4846 1136 4874 ,
1184 4808 1280 4864 sed
1321 4810 1704 4869 condemnare.
1763 4814 1875 4872 Nec
1898 4833 2027 4874 vero
2049 4822 2200 4876 testi-

605 4896 863 4951 mandum
885 4937 901 4965 ,
957 4898 1297 4970 Scripturam
1328 4909 1604 4960 auctorem
1631 4921 1752 4964 esse
1779 4911 2021 4980 peccati,
2066 4912 2195 4982 quia

580 4988 789 5073 'omnia
815 4991 917 5047 sub
943 5002 1169 5062 peccato
1197 4996 1532 5053 conclusisse
1552 4999 1783 5068 dicatur,
1812 5019 1937 5060 cum
1970 5007 2196 5064 manda-

606 5086 742 5141 tum,
768 5083 911 5150 quod
940 5098 1009 5139 ex
1059 5099 1155 5142 ore
1181 5088 1514 5160 praecipitur,
1559 5092 1814 5149 ostendat
1840 5096 2054 5166 potius,
2106 5115 2197 5155 ar-

605 5180 843 5241 guatque
862 5185 1169 5246 peccatum,
1184 5195 1348 5249 quam
1376 5181 1450 5237 sit
1469 5197 1634 5238 causa
1656 5186 1885 5254 peccati.
1912 5186 2194 5255 Quomodo

604 5267 660 5313 et
680 5259 848 5330 judex
890 5279 996 5319 non
1042 5275 1127 5322 est
1172 5277 1363 5325 auctor
1403 5271 1646 5338 sceleris,
1682 5287 1918 5344 nequam
1942 5278 2192 5336 homines

604 5350 912 5419 vinciendo,
938 5357 1033 5411 sed
1062 5360 1336 5417 concludit
1365 5378 1493 5428 eos,
1523 5372 1579 5419 et
1616 5375 1875 5422 nocentes
1908 5371 2193 5427 sententia:

600 5453 716 5497 sum
739 5446 1061 5501 auctoritate
1083 5452 1398 5518 pronuntiat
1424 5493 1440 5520 ,
1488 5464 1550 5510 ut
1593 5455 1868 5514 debitores
1890 5471 2066 5531 paenae
2115 5462 2196 5517 itt-

602 5533 879 5606 dulgentia
901 5576 916 5601 ,
949 5547 1137 5608 postea
1163 5582 1178 5609 ,
1210 5544 1255 5598 si
1286 5545 1546 5611 voluerit,
1579 5549 1896 5619 principalis
1924 5551 2188 5609 absolvat.

600 5624 757 5692 Quod
782 5636 963 5683 autem
994 5631 1162 5698 dicit,
1203 5633 1525 5707 Priusquam
1551 5641 1744 5695 ueniret
1765 5642 1931 5711 ﬁdes,
1956 5645 2053 5699 sub
2083 5644 2194 5718 lege

602 5718 1047 5787 custodiebantur,
1076 5722 1305 5777 conclusi
1330 5725 1381 5778 in
1410 5742 1524 5781 eam
1549 5728 1732 5796 ﬁdem,
1757 5748 1877 5801 qum
1906 5734 2185 5792 ret'elmtda

2303 4625 2618 4675 caustorum
2642 4619 2867 4689 oblatio,
2897 4631 3135 4680 asternus
3166 4626 3324 4697 ignis,
3355 4620 3498 4678 altari
3524 4609 3693 4670 omnino

2300 4718 2511 4765 structo
2538 4709 2686 4784 (Leo.
2721 4729 2797 4779 IV,
2825 4729 2859 4767 v
2889 4723 2937 4769 et
2963 4716 3077 4786 v1)?
3123 4695 3311 4772 Noxiis
3342 4727 3463 4769 vero
3506 4718 3605 4778 qum
3635 4695 3770 4786 Ροίέηί

2300 4814 2461 4870 paena
2492 4779 2760 4867 discerni,
2807 4779 3090 4875 Scriptura
3116 4805 3361 4862 dicente:
3385 4779 3768 4881 Aulerctismillllm

2301 4890 2367 4945 de
2398 4890 2576 4948 medio
2603 4901 2844 4949 vestrum
2881 4894 3061 4967 (Deut.
3091 4898 3209 4969 xui)
3229 4938 3244 4963 ,
3277 4888 3596 4953 servientibus
3615 4877 3765 4969 luditis,

2296 4989 2350 5035 et
2393 4980 2654 5040 Romanis
2697 4960 3085 5057 regnantibus?
3128 4960 3303 5060 Atque
3346 4988 3414 5042 ila
3443 4984 3512 5045 ίίίν
3545 4960 3767 5060 "Nec?"

2298 5080 2476 5141 patre,
2507 5089 2608 5130 nec
2639 5076 2741 5132 sub
2765 5055 3058 5152 padagogo
3084 5055 3294 5145 vivant,
3327 5079 3445 5134 dum
3464 5081 3511 5129 et
3533 5068 3601 5124 lex
3621 5055 3762 5152 impleri

2297 5178 2405 5220 non
2443 5173 2625 5235 potest
2668 5147 2795 5239 post
2836 5147 3236 5229 successionem
3272 5168 3406 5232 ﬁdei,
3446 5173 3495 5220 et
3533 5156 3650 5219 ﬁdes.
3677 5147 3762 5200 ἀυ¹¹¹

2292 5256 2588 5330 paedagoga
2615 5258 2703 5315 lex
2731 5262 2996 5332 aperitur,
3028 5280 3136 5320 non
3172 5271 3394 5319 tenetur.

2370 5372 2682 5446 Quicunque
2705 5376 2844 5432 enim
2864 5378 2921 5432 itt
2947 5378 3156 5436 Christo
3176 5374 3416 5450 baptismi
3436 5368 3560 5431 estis,
3572 5354 3758 5450 CM“?

2292 5434 2562 5520 induistis.
2591 5434 2756 5534 ’ρυοά
2795 5479 2980 5526 autem
3011 5434 3258 5528 Christus
3296 5469 3365 5524 sit
3392 5434 3758 5545 ἰιιάιιωθιιωθξὲ

2296 5555 2496 5611 dolium
2522 5598 2536 5623 ,
2579 5574 2688 5614 non
2719 5561 2893 5617 solum
2935 5563 3004 5621 de
3031 5563 3277 5636 praesenti
3306 5561 3441 5622 loco,
3468 5537 3755 5636 vwlg.

2294 5647 2364 5702 de
2396 5648 2504 5704 alio
2524 5617 2939 5721 comprobatur,
3178 5617 3360 5710 eodem
3380 5617 3668 5721 cubum”:
3684 5617 3752 5721 ,μί

2293 5738 2437 5795 duite
2458 5756 2547 5797 vos
2570 5712 2852 5800 Dominum
2876 5712 3058 5804 losum
3079 5747 3332 5805 Christum
3355 5736 3513 5809 (llam.
3540 5718 3652 5790 ιιιι)ν
3670 5712 3753 5767 dum
