4056 6350
378 302 486 361 877

1292 306 1545 363 ENARB.
1588 306 1655 362 1N
1692 307 1908 364 EPIST.
1951 309 2017 363 D.
2055 307 2259 365 PAULI
2291 309 2387 365 AD
2422 310 2672 369 GALAT.

3514 325 3622 385 διε
3640 410 3643 415 _

374 421 761 484 immutantur,
808 416 1082 477 Christum
1113 417 1360 483 induunt,
1390 420 1607 489 quando
1637 421 1741 476 hoc
1763 419 1939 490 appelc
1974 423 2026 483 A
2052 419 2361 490 hominum,
2402 424 2497 479 sed
2523 425 2684 480 etiam
2712 434 2931 496 propter
2956 429 3372 495 conscientiam,
3418 442 3478 489 ut
3510 452 3618 493 non

373 511 574 574 lantur,
600 510 741 578 quod
758 510 1005 564 credunt.
1055 510 1112 564 Si
1138 509 1318 581 igitur,
1343 511 1434 580 qui
1461 511 1514 565 in
1536 511 1752 568 Christo
1773 510 1949 582 bapti-

372 603 482 657 zati
507 609 655 667 sunt,
681 601 955 656 Christum
988 601 1299 667 induerunt,
1332 600 1680 657 manifestum
1706 610 1793 657 est
1827 617 1946 668 eos,

369 692 467 764 qui
503 708 611 749 non
637 700 765 747 sunt
790 691 962 746 induti
985 690 1289 756 Christum,
1318 706 1425 746 non
1453 690 1621 746 fuisse
1647 693 1948 763 baptizatos

368 786 425 840 in
455 783 692 839 Christo.
753 784 907 849 Quod
933 794 1113 838 autem
1143 783 1282 842 ﬁlios
1305 784 1402 839 Dei
1442 784 1571 839 dicit
1609 799 1730 839 esse
1758 799 1947 839 omnes

367 893 467 949 per
512 877 671 932 ﬁdem
694 916 713 942 ,
762 890 868 945 qua
894 874 1184 930 induerunt
1210 874 1519 941 Christum,
1557 876 1863 945 quicunque
1889 876 1944 929 in

365 967 486 1038 ipso
514 964 772 1035 baptizati
819 972 967 1028 sunt,
1010 965 1077 1018 ad
1121 964 1225 1018 hoc
1270 963 1445 1029 valet,
1490 979 1558 1018 ne
1580 973 1771 1034 gentes
1799 964 1946 1022 dese

364 1058 739 1125 desperarent,
764 1052 889 1123 quia
912 1069 1017 1108 non
1046 1052 1489 1108 custodiebantur
1512 1055 1612 1109 sub
1631 1054 1941 1125 paedagogo,

364 1155 422 1201 et
445 1147 569 1202 ideo
605 1162 664 1202 se
689 1146 827 1203 ﬁlios
855 1163 961 1202 non
983 1156 1259 1218 putarent,
1292 1149 1385 1204 sed
1412 1164 1513 1219 per
1539 1148 1697 1204 ﬁdem
1722 1149 1947 1206 induen-

358 1237 439 1292 do
481 1238 756 1293 Christum
783 1279 799 1304 ,
844 1253 1032 1295 omnes
1068 1240 1159 1294 lilii
1202 1240 1374 1305 ﬁunt,
1425 1255 1532 1294 non
1569 1248 1762 1294 natura
1804 1240 1945 1296 sicut

363 1329 558 1383 unicus
589 1329 732 1385 ﬁlius
758 1370 772 1395 ,
823 1332 915 1400 qui
956 1332 1118 1386 etiam
1164 1332 1430 1402 sapientia
1482 1332 1576 1386 Dei
1617 1340 1701 1387 est
1726 1351 1740 1386 :
1767 1349 1947 1402 neque

360 1419 602 1490 potentia
641 1427 696 1474 et
722 1421 1097 1492 singularitate
1122 1421 1502 1493 susceptionis,
1546 1423 1614 1476 ad
1638 1422 1940 1477 habendam

359 1512 709 1578 naturaliter,
757 1522 814 1567 et
858 1513 1121 1582 agendam
1147 1529 1433 1584 personam
1461 1514 1759 1583 sapientiae,
1798 1514 1941 1569 sicut

358 1604 474 1673 ipse
500 1605 764 1659 mediator
789 1619 955 1660 unum
997 1620 1121 1660 cum
1150 1606 1267 1676 ipsa
1308 1605 1636 1674 suscipiente
1672 1605 1938 1675 sapientia

356 1696 478 1751 sine
504 1695 915 1767 interpositione
941 1697 1168 1768 alicujus
1212 1697 1524 1753 mediatoris
1550 1696 1808 1763 etl'cetus,
1842 1696 1936 1752 sed

2049 510 2298 566 simulate
2326 515 2480 582 quasi
2501 515 2567 569 ad
2595 515 2778 571 oculos
2802 517 3076 573 hominum
3107 520 3180 574 ita
3207 520 3491 592 faciamus,
3520 528 3619 585 sed

2048 616 2184 670 pura
2208 602 2511 661 dilectionis
2532 606 2859 662 conscientia
2882 617 3102 678 propter
3112 610 3300 679 Deum,
3317 616 3406 685 qui
3428 631 3619 674 omnes

2048 691 2293 749 homines
2318 694 2433 749 vult
2459 696 2776 752 salvos’ﬁsri
2793 739 2806 760 ,
2846 708 2900 753 ct
2924 701 2991 755 ad
3021 703 3346 771 agnitionem
3368 706 3618 763 veritatis

2046 782 2253 837 venire.
2288 783 2420 839 Illud
2443 793 2622 841 autem
2646 788 2788 856 quod
2814 788 2912 855 ait,
2943 789 3133 846 Omnes
3160 810 3246 853 vos
3282 811 3445 850 unum
3494 799 3618 853 estis

2044 872 2102 927 in
2123 872 2329 930 Christo
2352 876 2504 932 Iesu.
2530 878 2599 933 Et
2621 881 2826 935 addidit
2849 899 2862 935 :
2898 880 2959 937 Si
2998 893 3171 939 autem
3195 903 3284 941 vos
3302 905 3467 943 unum
3492 891 3616 946 estis

2044 962 2101 1015 in
2124 962 2332 1020 Christo
2355 966 2486 1021 Jesu
2509 984 2529 1022 :
2550 985 2671 1040 ergo
2698 970 2920 1026 Abrahae
2940 990 3112 1030 semen
3133 979 3278 1032 estis.
3313 977 3411 1035 llic
3437 988 3618 1038 osten-

2044 1052 2124 1108 dit
2146 1069 2311 1110 unum
2335 1072 2520 1113 semen
2549 1057 2854 1127 Christum,
2904 1080 3009 1118 non
3035 1075 3240 1121 tantum
3264 1068 3617 1128 me'diatorem

2044 1141 2448 1217 intelligendum
2478 1164 2600 1205 esse
2623 1188 2638 1217 ,
2676 1168 2863 1213 verum
2905 1156 3069 1221 etiam
3099 1157 3139 1211 E
3175 1157 3417 1227 clesiam,
3463 1148 3618 1231 cujus

2044 1234 2133 1291 ille
2163 1241 2405 1309 corporis
2435 1253 2596 1312 caput
2627 1251 2708 1299 est
2731 1282 2748 1311 ,
2800 1253 2858 1301 ut
2900 1262 3087 1303 omnes
3128 1249 3181 1303 in
3209 1249 3424 1307 Christo
3449 1270 3614 1310 unum

2041 1326 2169 1392 sint,
2215 1336 2271 1382 et
2309 1331 2527 1401 capiant
2566 1335 2860 1388 secundum
2887 1338 3299 1405 promissionem
3326 1334 3615 1399 haeredita-

2040 1430 2149 1479 tem
2173 1437 2271 1492 per
2298 1422 2484 1489 ﬁdem,
2513 1424 2567 1478 in
2592 1412 2699 1494 qua
2727 1424 2966 1483 inclusus
2990 1438 3139 1507 erat,
3156 1430 3207 1495 id
3232 1441 3334 1497 est,
3376 1434 3429 1488 in
3461 1436 3616 1507 cujus

2040 1513 2334 1569 adventum
2404 1522 2664 1585 tanquam
2722 1516 2824 1571 sub
2860 1506 3165 1592 paedagogo
3212 1506 3617 1597 custodiebatur

2038 1605 2266 1675 populus
2300 1621 2469 1675 usque
2511 1607 2581 1663 ad
2628 1609 2803 1663 aetatis
2851 1613 3346 1679 opportunitatem,
3405 1631 3509 1684 qua
3557 1617 3614 1672 in

2037 1694 2340 1753 libertatem
2386 1700 2610 1755 vocandi
2643 1709 2826 1767 erant,
2880 1704 2973 1771 qui
3008 1704 3061 1758 in
3093 1706 3280 1762 eodem
3302 1710 3498 1779 populo
3527 1726 3616 1767 se-

356 1789 455 1843 ﬁlii
485 1790 620 1843 ﬁunt
662 1788 1079 1859 participatione
1114 1789 1413 1859 sapientiae,
1468 1790 1523 1844 id
1564 1796 1678 1855 est,
1727 1799 1937 1860 praepa-
1963 1775 2010 1834 Β
2036 1788 2272 1842 cundum
2315 1789 2652 1858 propositum
2700 1782 2878 1845 vocati
2919 1802 3062 1859 sunt,
3106 1794 3157 1849 id
3183 1775 3407 1868 est,‘qu-i
3438 1799 3491 1853 in
3524 1800 3613 1855 illa

354 1889 516 1935 rante
556 1888 720 1950 atque
744 1889 1034 1950 praestante
1063 1882 1378 1937 mediatoris
1420 1881 1559 1949 ﬁde,
1609 1898 1771 1952 quam
1813 1883 1937 1940 ﬁdei

353 1974 582 2045 gratiam
606 1989 748 2027 nunc
777 1974 1152 2028 indumentum
1177 1984 1352 2038 vocat,
1390 1983 1451 2028 ut
1468 1974 1741 2030 Christum
1762 1975 1935 2031 induti

352 2072 502 2129 sunt,
534 2064 624 2133 qui
666 2064 721 2117 in
762 2079 885 2118 cum
917 2065 1284 2129 crediderunt,
1316 2073 1371 2119 et
1400 2065 1522 2119 ideo
1552 2065 1647 2120 ﬁlii
1671 2065 1791 2132 Dei,
1820 2066 1932 2121 fra-

351 2162 572 2225 tresque
601 2153 717 2224 ejus
743 2154 1054 2211 mediatoris
1080 2154 1255 2212 effecti
1284 2165 1428 2213 sunt.

426 2247 550 2301 Non
597 2258 671 2301 est
711 2246 958 2313 Judwus,
1005 2264 1169 2320 neque
1213 2245 1448 2315 Caecus,
1494 2265 1599 2305 non
1635 2261 1713 2306 est
1733 2268 1929 2318 servus,

349 2354 514 2409 neque
539 2338 689 2403 liber,
735 2354 839 2393 non
862 2347 939 2393 est
982 2338 1265 2403 masculus,
1295 2357 1461 2411 neque
1495 2341 1710 2410 femina.
1736 2341 1931 2399 Omnes

346 2431 486 2485 enim
513 2448 601 2485 vos
623 2446 786 2486 unum
809 2431 929 2487 estis
960 2431 1013 2485 in
1037 2429 1244 2487 Christo
1265 2432 1414 2487 Iesu.
1468 2432 1578 2489 Nec
1600 2432 1817 2490 Iudaeus
1851 2436 1932 2491 id-

346 2522 498 2577 circo
523 2522 716 2577 melior
754 2531 876 2588 est,
914 2524 1038 2594 quia
1061 2524 1416 2580 circumcisus
1442 2532 1554 2593 est,
1587 2542 1686 2582 nec
1715 2527 1929 2597 gentilis

346 2609 470 2665 ideo
499 2611 757 2675 deterior,
786 2611 911 2682 quia
937 2610 1258 2683 praeputium
1290 2613 1483 2680 habet,
1521 2615 1617 2671 sed
1636 2628 1733 2686 pro
1758 2616 1927 2686 quali-

345 2707 458 2757 tate
489 2703 633 2768 ﬁdei,
662 2704 745 2759 vel
774 2702 1011 2768 Judzeus,
1036 2704 1121 2759 vel
1140 2703 1361 2760 Crrecus
1387 2704 1600 2771 melior,
1632 2706 1747 2761 sive
1784 2707 1929 2763 dcte-

345 2792 476 2849 rior.
516 2794 717 2849 Servus
739 2808 953 2865 quoque
978 2804 1032 2849 et
1055 2794 1190 2850 liber
1211 2812 1317 2851 non
1339 2796 1644 2853 conditione
1671 2811 1928 2868 separan-

346 2893 454 2950 tur,
485 2886 581 2940 sed
607 2885 745 2951 ﬁde,
775 2886 900 2956 quia
924 2895 1103 2955 potest
1134 2894 1189 2942 et
1213 2903 1400 2943 servus
1433 2887 1606 2944 libero
1650 2904 1771 2943 esse
1818 2905 1928 2945 me-

341 2975 469 3042 lior,
510 2986 567 3031 et
609 2976 744 3032 liber
770 2991 983 3031 servum
1032 2977 1087 3031 in
1120 2977 1245 3034 ﬁdei
1280 2978 1538 3047 qualitate
1575 2987 1920 3049 praevertere.

344 3066 610 3123 Masculus
634 3068 882 3122 similiter
902 3077 961 3122 et
985 3067 1184 3122 femina
1210 3066 1525 3124 fortitudine
1553 3078 1609 3124 et
1643 3070 1925 3124 imbecilli-

2038 1891 2165 1932 area
2182 1870 2525 1935 Trumentum
2554 1880 2757 1937 inventi
2781 1894 2925 1940 sunt.

2048 2026 2051 2033 ,
2108 1964 2172 2021 Si
2194 1976 2368 2021 autem
2391 1984 2478 2023 vos
2502 1965 2719 2037 Christi,
2768 1989 2890 2043 ergo
2926 1971 3152 2030 Abralue
3186 1992 3357 2031 semen
3379 1960 3501 2032 estis
3527 1996 3611 2033 se-

2034 2061 2268 2115 cundum
2291 2061 2692 2131 promissionem
2718 2066 2969 2133 Inerades.
3020 2066 3200 2134 Quare
3224 2070 3611 2137 promissioues

2033 2153 2104 2208 ad
2122 2152 2396 2209 Abraham
2420 2163 2476 2210 et
2502 2170 2689 2212 semen
2709 2157 2824 2227 ejus
2846 2157 2999 2215 factae
3020 2170 3163 2225 sunt,
3187 2163 3326 2231 quod
3350 2172 3435 2220 est
3456 2164 3612 2221 Chri-

2033 2252 2151 2301 Stus
2174 2240 2350 2300 Jcsus.
2392 2242 2798 2316 Consequenter
2828 2248 2901 2312 hi,
2935 2249 3027 2318 qui
3052 2247 3251 2305 Christi
3285 2249 3399 2318 ﬁlii,
3432 2252 3610 2321 idest,

2035 2349 2220 2390 semen
2249 2333 2366 2403 ejus
2386 2344 2532 2402 sunt,
2566 2352 2751 2393 semen
2776 2354 2991 2410 quoque
3032 2342 3283 2396 dicuntur
3311 2341 3608 2413 Abraham,

2031 2426 2185 2497 cujus
2209 2437 2336 2483 sunt
2362 2444 2547 2485 semen
2583 2445 2651 2497 ex
2683 2432 2908 2489 semine.
2952 2433 3153 2489 Verum
3184 2438 3611 2510 quotiescunque

2031 2518 2291 2577 Dominus
2343 2529 2530 2577 noster
2582 2521 2741 2579 Jesus
2777 2539 2962 2581 semen
3000 2526 3234 2584 Abrahae
3275 2531 3616 2597 nominatur,

2028 2610 2383 2681 corporaliter
2406 2612 2746 2669 sentiendum
2773 2622 2884 2680 est,
2923 2617 3067 2685 quod
3092 2631 3159 2672 ex
3181 2614 3298 2686 ejus
3326 2619 3492 2690 stirpe
3515 2636 3609 2692 ge-

2025 2712 2268 2758 neretur.
2307 2702 2530 2770 Quoties
2556 2713 2737 2760 autem
2766 2721 2886 2773 nos,
2914 2708 3007 2779 qui
3038 2707 3333 2767 Salvatoris
3358 2726 3608 2773 sermone

2025 2803 2278 2867 suscepto
2302 2794 2629 2852 credidimus
2655 2797 2709 2851 in
2747 2812 2907 2866 cum,
2946 2806 3002 2853 et
3032 2800 3365 2861 nobilitatem
3392 2806 3607 2874 generis

2023 2884 2280 2950 Abrahae,
2305 2885 2374 2940 ad
2396 2900 2556 2955 quem
2586 2894 2673 2940 est
2712 2888 3000 2957 promissio
3042 2888 3203 2955 facta,
3245 2893 3604 2963 suscepimus,

2022 2976 2339 3047 spiritaliter
2368 2990 2554 3032 semen
2581 2975 2704 3032 ﬁdei
2734 2985 2789 3032 et
2812 2979 3209 3047 przedicationis
3238 2980 3489 3052 accipere
3517 2983 3607 3040 de-

2023 3067 2233 3123 bemus.
2256 3067 2459 3123 Deindc
2480 3068 2644 3122 etiam
2666 3067 2770 3124 hoc
2791 3059 3259 3139 considerandum,
3276 3072 3415 3143 quod
3431 3089 3608 3144 quan-

341 3162 451 3212 tate
477 3172 767 3226 corporum
803 3168 1144 3227 separantur.
1181 3159 1447 3215 Cancrum
1482 3158 1615 3214 fides
1650 3174 1749 3229 pro
1776 3175 1922 3215 men-
1947 3138 2005 3245 CI
2024 3156 2093 3211 do
2140 3157 2206 3212 de
2249 3158 2477 3213 Domino
2519 3158 2779 3228 loquitur,
2830 3161 2899 3215 ad
2923 3160 3198 3217 Abraham
3230 3138 3412 3219 autem
3446 3138 3605 3221 dictae

340 3249 412 3303 tis
434 3249 718 3305 devotione
753 3258 1047 3305 censetur:
1083 3258 1139 3305 et
1163 3265 1305 3320 smpe
1327 3251 1505 3316 venit,
1555 3260 1693 3306 utet
1728 3252 1924 3308 mulier

339 3338 459 3393 viro
501 3354 664 3394 causa
704 3340 896 3395 salutis
938 3340 1054 3406 ﬁat,
1079 3349 1135 3395 et
1164 3341 1445 3396 mulierem
1479 3341 1560 3396 vir
1582 3343 1633 3397 in
1666 3342 1923 3415 religione

338 3431 629 3501 praecedat.
671 3430 805 3486 Cum
835 3439 1014 3485 autem
1044 3432 1118 3486 ita
1147 3447 1208 3487 se
1233 3447 1322 3487 res
1357 3433 1583 3501 habeat,
1628 3444 1685 3489 et
1713 3443 1822 3489 tota
1848 3436 1925 3491 di-

336 3526 571 3580 versitas
613 3527 858 3597 generis,
905 3527 1261 3589 conditionis.
1312 3539 1368 3582 et
1404 3543 1690 3597 corporum
1718 3527 1921 3585 Christi

336 3616 700 3686 baptismate,
752 3626 808 3673 et
851 3617 1165 3679 indumento
1203 3620 1345 3676 illius
1385 3623 1683 3677 auferatur.
1720 3620 1920 3677 Omnes

335 3722 508 3762 unum
535 3724 721 3764 sumus
762 3710 815 3763 in
856 3709 1076 3769 .Christo
1105 3709 1234 3766 Jesu
1252 3752 1268 3777 ,
1295 3722 1359 3767 ut
1383 3713 1651 3781 quomodo
1675 3712 1837 3767 Pater
1866 3722 1923 3769 et

337 3798 510 3855 Filius
539 3799 592 3854 in
632 3816 692 3856 se
716 3815 885 3856 unum
921 3812 1078 3867 sunt,
1106 3801 1181 3857 ita
1211 3812 1266 3858 et
1289 3818 1388 3857 nos
1416 3803 1469 3857 in
1494 3804 1625 3875 ipsis
1654 3819 1820 3857 unum
1847 3804 1921 3859 si-

336 3908 482 3947 mus.
522 3890 635 3947 Etsi
662 3893 765 3947 hoc
788 3892 920 3948 facit
948 3893 1103 3959 ﬁdes,
1131 3909 1231 3964 per
1250 3910 1412 3965 quam
1436 3894 1490 3948 in
1518 3895 1619 3948 hac
1648 3894 1757 3948 vita
1778 3892 1921 3963 iuste

338 3981 667 4049 ambulatur,
718 3993 923 4053 quanto
946 3982 1270 4054 perfectius,
1319 3994 1481 4054 atque
1510 3985 1838 4041 cumulatius
1864 3984 1919 4041 id

337 4070 549 4140 species
576 4072 691 4142 ipsa
714 4073 925 4129 factura
952 4082 1064 4140 est,
1096 4088 1221 4130 cum
1252 4074 1554 4131 videbimus
1578 4075 1716 4132 facie
1741 4077 1806 4130 ad
1834 4076 1915 4131 fa-

334 4164 513 4219 ciem?
545 4165 680 4220 Nam
714 4182 856 4223 nunc
882 4169 1132 4238 quamvis
1160 4168 1430 4239 primitias
1454 4170 1679 4239 spiritus
1711 4169 1917 4225 haben-

333 4262 441 4321 tes,
468 4256 560 4326 qui
588 4257 698 4312 vita
722 4265 805 4313 est
830 4270 1049 4329 pmpter
1073 4259 1393 4330 injustitiam
1420 4259 1563 4326 ﬁdei,
1589 4268 1767 4315 tamen
1790 4260 1917 4329 quia

333 4344 513 4400 adhuc
545 4356 818 4402 mortuum
844 4355 928 4403 est
957 4363 1155 4419 corpus
1190 4357 1411 4419 propter
1436 4358 1740 4419 peccatum,
1773 4349 1919 4406 dill'e-

332 4437 510 4490 rentia
536 4436 661 4503 ista,
692 4438 777 4494 vel
801 4440 1072 4510 gentium,
1109 4438 1194 4494 vel
1218 4440 1575 4505 conditionis,
1603 4441 1690 4496 vel
1729 4456 1912 4508 sexus,

2019 3256 2147 3305 sunt
2167 3249 2554 3319 promissiones
2585 3258 2640 3305 et
2665 3250 2856 3306 semini
2881 3250 3024 3319 ejus,
3050 3253 3151 3309 hoc
3176 3264 3283 3320 est,
3310 3254 3364 3310 in
3386 3254 3605 3312 Christo

2018 3339 2169 3407 Jcsu,
2204 3341 2655 3411 repromissiones
2678 3341 2946 3412 pluraliter
2983 3354 3167 3414 ponat.
3220 3346 3445 3414 Quando
3474 3363 3605 3403 vero

2022 3431 2087 3485 de
2113 3431 2216 3497 his,
2248 3430 2338 3502 qui
2363 3446 2461 3502 per
2490 3430 2765 3487 Christum
2790 3448 2974 3488 semen
2999 3443 3122 3489 sunt
3142 3433 3394 3503 Abrahze,
3420 3436 3606 3509 singu-

2019 3523 2208 3578 lariter
2237 3524 2585 3595 repromissio
2614 3533 2973 3595 nuncupetur,
3003 3527 3137 3581 utin
3170 3524 3421 3597 prmsenti
3447 3528 3598 3583 loco:

2019 3614 2163 3685 Ergo
2200 3614 2426 3675 Abralue
2478 3631 2650 3670 semen
2710 3617 2833 3671 estis
2874 3617 3157 3671 secundant
3205 3619 3603 3688 promissionem

2019 3706 2286 3773 hwredes,
2343 3707 2543 3763 decens
2590 3708 2787 3778 quippe
2828 3716 2948 3762 erat
2973 3747 2987 3771 ,
3039 3716 3098 3761 ut
3131 3707 3273 3776 quod
3306 3706 3359 3761 in
3386 3707 3603 3765 Christo

2019 3813 2129 3853 uno
2169 3797 2453 3867 pluraliter
2498 3798 2806 3862 dicebatur,
2861 3796 2917 3850 id
2961 3796 3016 3850 in
3056 3796 3241 3851 multis
3292 3798 3600 3854 hominibus

2012 3889 2369 3960 singulariter
2402 3897 2718 3959 poneretur.

2438 3976 2503 4031 lN
2551 3976 2779 4032 CAPUT
2816 3975 3178 4044 QUARTUM.

2090 4067 2220 4122 Dico
2248 4077 2443 4133 autem,
2469 4077 2664 4139 quanto
2686 4077 2913 4138 tempore
2934 4069 3099 4121 Intres
3118 4066 3365 4139 parvulus
3393 4079 3489 4136 est,
3515 4071 3598 4124 ni-

2004 4160 2097 4215 .Iu'l
2116 4161 2292 4231 differt
2313 4180 2345 4215 a
2370 4178 2536 4224 servo,
2566 4177 2688 4216 cum
2710 4162 2777 4215 sit
2800 4161 3043 4216 dominus
3072 4163 3339 4230 omnium;
3385 4164 3475 4218 sed
3500 4164 3596 4219 sub

2019 4254 2277 4308 tutoribus
2313 4262 2361 4308 et
2384 4253 2651 4308 actoribus
2682 4262 2786 4319 est,
2822 4269 2983 4324 usque
3008 4254 3078 4307 ad
3100 4254 3418 4325 pra'ﬁnitum
3465 4265 3595 4308 tem-

2002 4363 2115 4417 pus
2157 4355 2382 4416 apatre.
2451 4344 2620 4400 Recte
2663 4344 2717 4400 hi
2763 4344 2863 4399 sub
2922 4340 3190 4399 tutoribus
3229 4350 3282 4398 et
3322 4344 3598 4399 actoribus

2020 4453 2140 4494 esse
2181 4438 2456 4504 dicuntur,
2495 4437 2587 4508 qui
2621 4437 2882 4493 habentes
2916 4436 3166 4506 spiritum
3194 4436 3420 4500 timoris,
3463 4451 3594 4491 ncc-

328 4522 440 4594 iam
460 4488 677 4597 quidem
705 4488 885 4605 ablact’ta
915 4538 999 4586 est
1021 4488 1090 4585 ab
1114 4531 1321 4585 unitate
1347 4529 1492 4595 ﬁdei,
1521 4488 1616 4586 sed
1644 4539 1827 4586 manet
1856 4488 1912 4586 iri
1938 4488 1995 4552 Β
2020 4530 2148 4585 dum
2207 4488 2529 4585 meruerim:
2574 4529 2821 4598 spiritum
2878 4526 3145 4582 libertatis
3193 4532 3249 4581 et
3296 4524 3599 4595 adoptionis

331 4620 748 4675 conversatione
795 4622 1051 4688 mortali,
1097 4621 1321 4693 ejusque
1364 4623 1608 4678 ordinem
1654 4624 1708 4678 in
1755 4624 1912 4695 hujus

318 4704 459 4763 "vitae
482 4709 673 4766 itinere
700 4714 1023 4767 servandum
1047 4727 1186 4779 esse,
1213 4722 1268 4767 et
1296 4712 1525 4783 apostoli
1573 4714 1910 4785 prtecipiunt,

330 4799 425 4869 qui
449 4800 614 4855 etiam
638 4803 854 4874 regulas
878 4803 1264 4858 saluberrimas
1290 4805 1527 4869 tradunt,
1561 4806 1912 4875 quemadmo-

232 4890 241 4899 ’
330 4892 459 4947 dum
486 4886 671 4947 secum
711 4894 929 4959 vivant,
964 4902 1022 4948 et
1048 4910 1149 4965 pro
1173 4894 1477 4950 differentia
1505 4895 1704 4966 gentis,
1740 4892 1911 4953 Judaei

329 4994 388 5039 et
410 4983 618 5055 Graeci;
657 4996 714 5043 et
753 5005 853 5060 pro
874 4988 1177 5043 diﬁ'erentia
1224 4986 1580 5052 conditionis,
1628 4987 1828 5042 domini
1860 4996 1916 5044 et

332 5077 511 5144 servi;
563 5087 619 5133 et
645 5094 746 5150 pro
769 5079 1072 5135 differentia
1103 5093 1287 5143 sexus,
1310 5076 1410 5132 viri
1435 5085 1490 5131 et
1513 5077 1726 5143 uxoris,
1761 5078 1846 5133 vel
1867 5080 1913 5136 si

329 5182 439 5237 qua
481 5169 610 5223 talia
638 5176 830 5224 caatera
860 5176 1156 5223 occurrunt
1184 5186 1199 5221 :
1226 5175 1281 5221 et
1310 5167 1424 5236 ipse
1448 5166 1600 5235 prior
1628 5165 1911 5236 Dominus,

331 5259 425 5328 qui
449 5260 564 5314 ait:
597 5260 815 5315 Reddite
857 5259 1059 5314 Cirsari
1102 5277 1219 5331 quae
1265 5258 1492 5314 Cwsaris
1535 5268 1692 5323 sunt,
1726 5270 1774 5313 et
1803 5260 1913 5317 Deo

328 5367 448 5422 qua:
472 5351 570 5405 Dei
595 5362 716 5406 sunt
770 5350 986 5424 (Matth.
1030 5352 1190 5423 xm).
1236 5350 1355 5405 Alia
1399 5357 1525 5404 sunt
1564 5351 1747 5416 enim,
1790 5367 1911 5421 qua:

332 5456 612 5499 servamus
645 5444 699 5498 in
726 5445 936 5501 unitate
964 5443 1089 5498 ﬁdei
1116 5443 1234 5497 sine
1264 5441 1370 5495 ulla
1396 5440 1688 5506 distantia,
1725 5452 1782 5498 et
1806 5445 1911 5500 alia

332 5533 389 5586 in
420 5535 610 5589 ordine
629 5536 754 5590 vita:
792 5536 972 5605 hujus,
998 5543 1258 5604 tanquam
1283 5533 1336 5587 in
1368 5532 1475 5597 via,
1501 5546 1569 5586 ne
1596 5548 1792 5589 nomen
1817 5537 1911 5592 Dei

333 5629 391 5675 et
424 5622 669 5680 doctrina
711 5625 1008 5681 Salvatoris
1055 5624 1225 5680 nostri
1255 5622 1679 5693 blasphemetur,
1725 5628 1911 5683 ethoc

335 5728 444 5769 non
486 5714 658 5770 solum
687 5727 906 5786 propter
934 5719 1099 5785 iram,
1148 5723 1208 5772 ut
1241 5715 1557 5789 effugiamus
1584 5719 1913 5778 offensiones

1996 4621 2286 4691 -accipcre.
2342 4618 2500 4675 Aitas
2525 4619 2670 4674 enim
2691 4618 2933 4674 infantia:
2960 4617 3028 4672 ad
3067 4625 3288 4687 peccata
3322 4615 3593 4682 formidat,

2017 4713 2370 4782 ptedagogum
2413 4711 2638 4776 metuit,
2688 4726 2794 4765 non
2838 4708 3060 4766 conﬁdit
3101 4724 3221 4763 esse
3255 4723 3314 4764 se
3347 4708 3593 4793 liberam.

2018 4802 2171 4858 Licet
2195 4819 2291 4873 per
2317 4811 2568 4858 naturam
2591 4802 2840 4858 dominus
2862 4802 2949 4866 sit,
2978 4808 3032 4856 et
3065 4802 3360 4857 secundum
3385 4809 3596 4856 utram-

1992 4909 2127 4967 .que
2163 4895 2571 4968 intelligentiam
2618 4910 2725 4965 qua
2764 4904 2969 4951 tutores
3015 4901 3073 4950 et
3109 4902 3321 4950 actores
3364 4892 3448 4948 vel
3474 4908 3595 4964 pro-

1993 4990 2205 5060 .phetas
2227 4989 2310 5043 vel
2337 4987 2555 5058 angelos
2594 4987 2863 5053 diximus,
2911 4985 3168 5058 parvulus
3210 4986 3313 5042 iste
3352 4994 3459 5040 tam
3501 4986 3593 5042 ditt

2015 5080 2116 5135 sub
2162 5078 2435 5133 actoribus
2472 5083 2594 5144 est,
2648 5076 2818 5133 donec
2864 5076 3163 5147 legitimum
3209 5075 3436 5146 perfecti
3487 5076 3591 5132 viri

1990 5222 1993 5229 .
2015 5180 2230 5240 tempus
2252 5170 2574 5241 impleverit.
2610 5168 2935 5239 Legitimum
2957 5176 3136 5231 autem
3162 5177 3371 5241 tempus
3397 5185 3591 5226 secun-

1984 5266 2143 5321 .dum
2180 5266 2547 5321 Romanorum
2596 5263 2767 5334 legem
2807 5261 2995 5333 viginti
3036 5261 3276 5333 quinque
3320 5276 3588 5318 annorum

2004 5355 2193 5427 spatio
2218 5354 2557 5409 terminatur.
2600 5351 2679 5406 ita
2714 5349 2786 5406 ad
2816 5350 3034 5406 humani
3062 5351 3276 5422 generis
3299 5350 3590 5424 perfectio-

2014 5462 2137 5511 nem
2160 5446 2365 5501 Christi
2392 5444 2743 5515 reputabatur
2767 5444 3046 5498 adventus.
3086 5442 3279 5499 Statim
3312 5453 3369 5498 ut
3392 5442 3479 5498 ille
3499 5458 3589 5497 vc~

1986 5538 2155 5593 inerit
2181 5575 2195 5599 ,
2240 5543 2297 5588 et
2344 5549 2531 5591 omnes
2579 5534 2634 5588 in
2675 5534 2848 5589 virum
2892 5530 3189 5604 perfectum
3234 5532 3585 5606 creverimus,

2015 5630 2339 5700 pmdagogus
2370 5644 2401 5681 a
2430 5626 2585 5682 nobis
2620 5634 2871 5697 tutorque
2892 5615 3210 5705 discedunt“:
3258 5632 3382 5677 tunc
3407 5629 3591 5677 aucto-

2014 5722 2174 5777 ritate
2217 5716 2432 5773 Domini
2461 5756 2476 5785 ,
2523 5725 2578 5772 et
2614 5716 2943 5785 hzereditatis
2975 5715 3315 5788 possessione
3340 5711 3584 5784 perfrue-
