4056 6350
590 374 696 432 8‘19

1659 355 1935 412 CLAUDII
1975 348 2442 408 1AUR|NENSIS
2479 345 2783 403 EPISCOPI

3694 346 3774 402 880

591 505 745 552 mur,
800 485 852 541 in
903 499 1008 554 qua
1046 482 1197 552 prius
1232 476 1375 542 nati,
1425 470 1820 543 quodammodo
1842 469 2167 540 putabamur
2192 466 2243 525 Α
2269 475 2424 515 suum
2449 499 2463 523 ,
2502 458 2570 513 ad
2590 454 2929 511 liberandum
2960 468 3184 524 parvum
3225 452 3487 512 hzeredem
3509 456 3775 515 servientem

593 581 773 638 alieni.

662 674 750 730 Ita
775 682 822 729 et
847 686 938 727 ros
964 684 1081 724 cum
1100 681 1327 727 essemus
1351 660 1554 734 parvuli
1573 702 1587 726 ,
1607 658 1701 714 sub
1721 644 1985 713 elementis
2006 655 2075 707 hu
2074 653 2166 723 jus

593 766 777 826 mundi
820 777 1031 819 eramus
1079 748 1373 814 servientes.
1450 746 1629 823 Aliqui
1666 751 1934 807 elementa
1981 744 2167 801 mundi

594 862 765 929 legem
794 850 1216 923 interpretantur
1235 844 1424 918 Moysi,
1450 853 1503 898 et
1524 842 1736 912 eloquia
1758 838 2169 911 prOphetarum,

593 923 737 1022 quod
764 960 863 1017 per
886 940 1006 998 haec
1033 932 1185 1010 quasi
1217 935 1369 990 initia
1389 942 1444 988 et
1469 932 1691 988 exordia
1722 930 2045 989 litterarum,
2072 923 2168 979 Dei

596 1013 843 1096 timorem
869 1073 885 1099 ,
934 1029 1026 1102 qui
1063 1025 1340 1099 sapientia:
1372 1021 1697 1094 principium
1735 1027 1857 1083 est,
1906 1013 2170 1082 suscipia-

595 1145 736 1184 mus.
773 1124 1013 1193 Deuique
1032 1120 1098 1175 ad
1119 1132 1213 1174 eos
1240 1114 1332 1187 qui
1353 1115 1466 1185 jam
1492 1112 1751 1168 deberent
1777 1122 1896 1163 esse
1920 1102 2170 1176 perfecti,

596 1227 651 1275 et
687 1191 1207 1281 veritateineglecta
1237 1205 1414 1260 adhuc
1448 1200 1851 1273 disciplinarum
1889 1191 2170 1266 principiis

597 1306 946 1370 inhaerebant,
975 1298 1164 1357 scribit
1193 1297 1247 1352 in
1270 1293 1509 1365 Epistola
1548 1293 1615 1346 ad
1655 1289 1909 1344 Hebraeos
1940 1283 2172 1353 Aposto-

596 1402 680 1456 lus
705 1418 718 1454 :
748 1396 956 1452 Etenim
989 1408 1107 1448 cum
1132 1388 1383 1444 deberetis
1411 1401 1520 1440 esse
1540 1380 1777 1454 magistri
1805 1386 2015 1449 propter
2047 1384 2173 1429 tem-

597 1507 719 1565 pus,
768 1501 974 1543 rursum
1019 1496 1220 1537 necesse
1244 1478 1465 1542 habetis,
1511 1483 1568 1528 ut
1594 1470 1885 1527 doceamini
1919 1482 2037 1539 quae
2067 1466 2173 1519 sint

596 1555 849 1635 elementa
890 1571 1133 1646 principii
1173 1581 1471 1623 sermonum
1508 1562 1605 1617 Dei
1653 1560 1838 1633 (Hebr.
1863 1556 1938 1629 v).
1987 1555 2176 1610 Potest

598 1672 785 1739 igitur,
813 1674 875 1721 ut
900 1663 1149 1726 dicimus,
1199 1656 1369 1730 Moysi
1394 1655 1511 1721 lex,
1555 1662 1611 1709 et
1635 1651 1910 1723 propheta:
1940 1662 2038 1718 pro
2063 1645 2175 1701 ele-

605 1735 805 1819 mentis
829 1757 998 1827 accipi
1031 1755 1329 1809 litterarum
1354 1788 1371 1815 ,
1401 1746 1543 1818 quod
1581 1760 1679 1814 per
1705 1757 1798 1798 eas
1825 1739 2040 1812 syllabae
2055 1735 2176 1806 jun-

2267 568 2333 609 ex
2381 560 2536 621 parte
2570 549 2673 618 legi
2687 581 2706 613 -,
2758 557 3010 615 tanquam
3048 545 3388 616 pmdagogo:
3428 559 3492 600 ex
3532 556 3666 615 parte
3700 550 3779 607 ele-

2269 639 2468 696 mentis
2509 637 2669 707 hujus
2712 636 2934 701 mundi,
2998 644 3256 704 tanquam
3302 639 3706 705 procuratoribus
3739 650 3780 697 et

2269 729 2544 786 actoribus

2340 822 2405 876 At
2428 821 2516 874 ubi
2546 820 2678 875 venit
2705 816 2972 890 plenitudo
2997 825 3263 886 temporis,
3292 817 3432 871 misit
3455 817 3600 883 Deus,
3626 818 3778 889 inquit,

2270 909 2472 966 Filium
2499 926 2653 964 suum
2681 909 2881 978 factum
2921 923 2987 962 ex
3017 907 3257 970 muliere,
3283 907 3477 976 factum
3499 910 3586 963 sub
3607 910 3713 980 lege,
3741 924 3779 965 ut

2269 1018 2378 1065 eos,
2406 1001 2494 1073 qui
2516 1004 2610 1054 sub
2635 999 2745 1069 iege
2760 1007 2926 1061 erant,
2951 999 3242 1052 redimeret.
3260 997 3532 1055 Plenitudo
3556 1004 3778 1070 temporis,

2269 1103 2356 1149 est
2399 1092 2721 1163 completum
2770 1099 3003 1161 tempus,
3047 1092 3194 1161 quod
3244 1092 3559 1161 prmﬁnitum
3598 1093 3777 1149 fuerat:

2271 1183 2382 1237 Deo
2407 1181 2585 1265 Patre,
2620 1180 2838 1251 quando
2869 1181 3111 1237 mitteret
3140 1180 3334 1236 Filium
3371 1198 3541 1248 suum,
3560 1196 3611 1237 ut
3629 1199 3683 1238 ex
3700 1187 3778 1239 vir-

2270 1274 2394 1345 gine
2438 1271 2614 1329 factus
2662 1273 2817 1343 quasi
2869 1273 3033 1329 homo
3085 1282 3424 1338 nasceretur,
3461 1273 3712 1342 subjiciens
3739 1292 3779 1331 se

2271 1361 2377 1434 legi
2405 1375 2577 1432 usque
2624 1361 2693 1416 ad
2741 1370 2954 1433 tempus
2994 1363 3275 1430 baptismi,
3312 1370 3371 1417 ut
3416 1363 3622 1418 formam
3666 1365 3779 1420 daret

2272 1453 2543 1523 quomodo
2574 1460 2890 1521 peccatores
2933 1452 3125 1518 abluti,
3156 1460 3213 1508 et
3248 1468 3280 1521 a
3303 1453 3431 1524 jugo
3475 1453 3598 1524 legis
3633 1456 3777 1524 erepti,

2274 1544 2583 1617 dignatione
2610 1542 2706 1597 Dei
2746 1550 2930 1599 essent
2974 1542 3102 1608 lilii,
3143 1552 3199 1598 et
3249 1543 3635 1613 adoptarentur,
3678 1546 3778 1598 sicut

2272 1635 2621 1708 promiserat,
2648 1632 2915 1702 redempti
2953 1632 3219 1703 sanguine
3262 1632 3381 1686 Filii
3409 1633 3534 1702 ejus.
3564 1632 3777 1687 Mulierem

2274 1744 2374 1801 pro
2396 1727 2595 1784 femina
2628 1727 2827 1797 posuit,
2857 1740 3007 1781 more
3035 1724 3329 1780 locutionis
3351 1723 3678 1780 Hebraeorum.
3695 1722 3775 1776 Non

600 1858 796 1924 gantur
822 1854 879 1904 et
903 1806 1150 1909 numina,
1191 1849 1245 1897 et
1273 1852 1378 1895 non
1405 1846 1517 1893 tam
1551 1836 1634 1891 sui
1658 1848 1818 1904 quam
1844 1830 2069 1909 alterius
2098 1827 2176 1882 rei
2206 1806 2253 1866 Β
2279 1824 2425 1880 enim
2458 1823 2584 1893 quia
2602 1822 2671 1879 de
2698 1821 2807 1876 Eva
2833 1821 3036 1876 dictum
3066 1827 3174 1884 est,
3206 1817 3472 1872 Formavit
3503 1835 3602 1871 eam
3624 1819 3668 1871 in
3696 1836 3776 1871 mu-

602 1900 833 1995 ritilitate
880 1936 1195 1991 discantur:
1240 1938 1301 1985 ut
1355 1926 1620 1999 possimus
1658 1923 1956 1978 orationem
2002 1900 2179 1988 legere

603 2026 933 2093 contextam,
954 2018 1019 2080 in
1045 2038 1149 2096 qua
1176 2035 1368 2077 sensus
1398 2015 1596 2089 magis,
1633 2022 1687 2069 et
1707 2011 1839 2068 ordo
1867 2009 2176 2074 verborum,

602 2136 767 2194 quam
792 2119 1098 2173 litterarum
1124 2111 1388 2184 principia
1424 2107 1856 2164 considerantur.
1903 2100 2056 2169 Quod
2084 2113 2180 2154 au-

599 2191 710 2266 tem
733 2210 907 2281 legem
932 2217 986 2263 et
1006 2205 1299 2276 prophetas
1329 2203 1593 2257 elementa
1625 2197 1811 2252 mundi
1842 2191 2181 2263 interpretati

601 2316 821 2363 sumus,
865 2297 1099 2352 mundus
1139 2309 1241 2364 pro
1280 2294 1366 2348 bis
1397 2292 1488 2362 qui
1511 2291 1568 2345 in
1601 2287 1799 2343 mundo
1832 2292 1977 2350 sunt,
2008 2281 2180 2352 accipi

599 2389 761 2455 solet,
788 2389 981 2444 eodem
1024 2385 1193 2440 Paulo
1237 2384 1488 2439 dicente:
1516 2380 1658 2435 Deu‘s
1702 2386 1815 2432 erat
1854 2377 1909 2430 in
1948 2373 2178 2439 Christo,

603 2478 859 2533 mundum
884 2475 1230 2531 reconcilians
1252 2474 1351 2528 sibi
1373 2471 1459 2544 (II
1485 2469 1610 2526 Cor.
1639 2469 1717 2541 v).
1764 2468 1832 2523 Et
1860 2468 1914 2521 in
1937 2465 2182 2536 Evange-

603 2564 716 2626 lio:
751 2567 821 2624 Et
858 2568 1085 2622 mundus
1109 2582 1201 2637 per
1223 2582 1339 2620 eum
1381 2564 1552 2635 factus
1581 2570 1687 2627 est,
1723 2570 1771 2615 et
1804 2557 2030 2614 mundus
2063 2572 2182 2611 eum

603 2678 708 2716 non
730 2660 918 2730 recepit
947 2656 1128 2729 (Ioan.
1158 2656 1219 2728 ι).
1255 2653 1432 2722 Quaeri
1463 2660 1660 2725 potest,
1691 2648 1961 2721 quomodo
1985 2660 2180 2701 secun-

603 2752 731 2806 dum
760 2751 900 2806 hanc
941 2747 1347 2805 similitudinem
1388 2747 1487 2801 sub
1511 2742 1790 2800 elementis
1815 2739 1977 2810 hujus
1998 2736 2182 2792 mundi

603 2841 809 2897 fuerint
844 2839 1047 2905 Judaei,
1094 2855 1218 2894 cum
1260 2838 1365 2892 illis
1385 2852 1482 2907 per
1503 2835 1677 2907 legem
1708 2847 1871 2903 quam
1903 2837 2185 2900 acceperat

602 2949 745 2988 unus
764 2932 930 2998 Deus,
961 2932 1051 3001 qui
1076 2931 1204 2986 fecit
1228 2930 1424 2985 coelum
1447 2936 1503 2983 et
1530 2936 1729 2982 terram
1747 2924 2005 2979 colendus
2033 2935 2182 2975 com-

606 3030 974 3086 mendaretur.
1044 3028 1149 3083 Sed
1196 3033 1373 3098 potest
1409 3039 1528 3079 esse
1571 3020 1706 3076 alius
1750 3018 1930 3075 exitus
1964 3014 2183 3086 capituli

606 3119 800 3190 hujus:
833 3129 893 3176 ut
931 3136 1055 3176 cum
1098 3118 1346 3190 superius
1375 3117 1545 3188 legem
1580 3113 1929 3185 paedagogum
1967 3107 2179 3172 fecerit,

605 3214 705 3290 sub
731 3226 839 3283 quo
868 3221 988 3269 erat
1015 3210 1103 3265 ille
1137 3209 1364 3283 populus
1390 3206 1697 3263 Judteorum
1719 3246 1734 3272 ,
1759 3219 1904 3259 nunc
1928 3215 2186 3273 procura-

605 3316 752 3360 tores
793 3312 850 3360 et
880 3312 1091 3359 actores
1133 3304 1279 3358 dicat
1323 3302 1585 3357 elementa
1615 3298 1832 3364 mundi,
1874 3296 1972 3352 sub
1991 3293 2188 3365 quibus

605 3394 916 3450 serviebant
955 3410 971 3447 :
1018 3402 1079 3448 ut
1110 3393 1249 3448 filius
1296 3393 1385 3447 ille
1426 3390 1711 3461 parvulus,
1756 3389 1809 3445 id
1854 3396 1937 3442 est
1960 3385 2188 3457 populus

604 3493 827 3557 propter
850 3499 1015 3539 unam
1042 3484 1202 3539 fidem
1231 3485 1298 3538 ad
1324 3483 1561 3538 divinum
1601 3495 1785 3535 semen
1806 3477 2040 3533 Abrahae
2064 3491 2189 3546 per-

606 3578 808 3641 tinens,
835 3573 1087 3645 quoniam
1114 3580 1171 3629 et
1196 3575 1261 3629 de
1280 3571 1478 3628 Iudaeis
1504 3581 1559 3626 et
1587 3573 1653 3627 de
1687 3571 1934 3642 gentibus
1964 3582 2189 3639 congre-

607 3678 763 3741 gatus
786 3672 889 3735 est,
916 3666 1114 3738 partim
1139 3665 1302 3722 fuerit
1330 3665 1428 3720 sub
1459 3663 1748 3735 paedagogo
1776 3662 1913 3731 legis
1947 3669 2188 3730 tempore

602 3762 851 3833 pueritia:
870 3775 1001 3825 suae,
1026 3761 1079 3815 id
1100 3768 1201 3822 est,
1220 3774 1287 3815 ex
1310 3772 1372 3814 ea
1402 3765 1578 3828 parte,
1601 3771 1708 3825 qua
1736 3753 1804 3810 de
1833 3752 2035 3808 Iudaeis
2060 3767 2189 3808 con-

604 3860 855 3923 gregatus
904 3858 1022 3917 est,
1073 3848 1273 3920 partim
1320 3848 1420 3903 sub
1472 3843 1753 3901 clementis
1790 3842 1950 3912 hujus
1979 3842 2185 3907 mundi,

605 3944 802 4015 quibus
830 3951 1085 4013 tanquam
1114 3938 1563 4013 procuratoribus
1589 3943 1645 3992 et
1684 3934 1957 3990 actoribus
1985 3933 2189 3989 servie-

603 4034 719 4097 bat,
745 4046 813 4087 ει
839 4047 901 4087 ea
929 4039 1085 4101 parte
1114 4046 1219 4101 qua
1242 4029 1309 4084 de
1342 4028 1592 4098 gentibus
1613 4031 1971 4096 congregatus
1996 4030 2100 4088 est,
2128 4030 2188 4077 ut

606 4126 753 4198 quod
780 4124 972 4179 miscet
998 4121 1291 4193 Apostolus
1312 4133 1602 4190 personam
1630 4131 1802 4173 suam.
1833 4115 1949 4171 Non
1978 4115 2186 4180 dicens,

607 4219 742 4275 Cum
771 4215 966 4273 essetis
989 4213 1197 4286 parvuli
1223 4211 1324 4268 sub
1349 4209 1630 4265 elementis
1666 4206 1825 4276 hujus
1860 4205 2047 4261 mundi
2066 4219 2189 4260 era-

606 4312 679 4367 tis
702 4350 718 4377 ,
765 4308 861 4365 sed
889 4307 1074 4363 dicens
1099 4346 1115 4372 ,
1161 4303 1293 4359 Cum
1318 4317 1545 4358 essemus
1565 4298 1769 4371 parvuli
1794 4296 1889 4352 sub
1923 4294 2187 4350 elementis

604 4394 809 4458 mundi
831 4400 992 4471 hujus
1025 4414 1233 4453 eramus
1257 4395 1535 4451 servientes
1552 4434 1567 4461 ,
1595 4407 1702 4447 non
1728 4390 1998 4462 pertineat
2027 4387 2093 4443 ad
2115 4387 2189 4442 si-

605 4494 1008 4567 gnificationem
1041 4490 1346 4547 Judrcornm
1376 4504 1443 4545 ex
1476 4489 1671 4560 quibus
1696 4487 1894 4541 Paulus
1919 4485 2183 4555 originem
2208 4521 2262 4583 Β

606 4586 773 4651 ducit,
821 4585 916 4640 sed
952 4583 1124 4655 magis
1158 4580 1224 4636 ad
1269 4581 1541 4651 gentium,
1588 4579 1692 4633 hoc
1732 4577 1995 4633 duntaxat
2020 4575 2181 4631 loco:

592 4674 862 4747 quoniam
886 4682 939 4729 et
964 4687 1152 4730 eorum
1177 4684 1425 4742 persona:
1443 4670 1700 4724 decenter
1726 4681 1786 4722 se
1814 4673 1996 4736 potest
2023 4664 2189 4719 adue-

606 4779 776 4836 ctere,
799 4765 993 4839 quibus
1021 4766 1089 4821 ad
1112 4762 1592 4835 evangelizandum
1620 4760 1818 4815 missus
1847 4765 1950 4813 est.
2005 4756 2193 4812 Potest

606 4871 662 4917 et
687 4862 742 4916 in
777 4858 1057 4916 elementis
1093 4855 1280 4912 mundi
1303 4851 1616 4909 neomenias
1641 4847 1946 4921 significare
1981 4853 2037 4901 et
2069 4846 2193 4901 sab-

608 4950 814 5004 batum.
856 4946 1162 5002 Neomenite
1189 4944 1337 5000 enim
1361 4941 1476 4998 dies
1513 4948 1640 4996 sunt
1660 4939 1879 4994 lunares
1896 4976 1911 5002 ,
1938 4950 2074 5006 quos
2099 4935 2192 4991 ob-

608 5043 831 5093 servant
870 5032 1037 5091 .ludaei
1083 5051 1096 5088 :
1151 5032 1435 5088 sabbatum
1479 5044 1612 5083 vero
1656 5028 1775 5083 dies
1817 5024 2188 5097 requietionis.

608 5126 912 5196 Antequam
952 5126 1164 5181 veniret
1217 5139 1347 5194 ergo
1391 5119 1701 5192 promissio,
1732 5119 1785 5175 id
1821 5125 1934 5184 est,
1987 5117 2191 5172 donum

609 5220 799 5293 gratia:
825 5219 953 5284 Dei,
975 5226 1030 5274 et
1052 5216 1346 5289 purificaus
1362 5211 1692 5283 justitlcaret
1712 5210 2012 5273 credentes,
2036 5207 2192 5277 quasi

611 5309 911 5382 imperfecti
940 5317 995 5365 et
1024 5307 1233 5380 parvuli
1263 5321 1359 5377 per
1382 5306 1557 5375 legem
1588 5303 1682 5358 Dei
1719 5299 1947 5369 subjecti
1973 5312 2195 5352 eramus

611 5401 919 5467 conservis,
970 5400 1124 5472 quasi
1158 5396 1481 5470 paedagogis.
1550 5393 1800 5448 Libertas
1824 5390 1971 5446 enim
2005 5396 2192 5444 nostra

610 5491 847 5551 obnoxia
871 5499 987 5546 erat
1017 5506 1178 5545 causa
1208 5489 1437 5560 peccati.
1476 5483 1621 5541 Nihil
1656 5490 1835 5538 tamen
1869 5480 1937 5537 de
1961 5478 2194 5535 elemen-

614 5585 686 5639 tis
714 5582 1008 5654 sperabant
1032 5578 1225 5644 Judaei,
1255 5581 1396 5634 sicut
1426 5585 1480 5634 et
1506 5576 1697 5648 pagani
1724 5592 1737 5628 :
1771 5573 1866 5629 sed
1892 5578 2192 5627 creatorem

588 5677 786 5755 ~Deum
813 5672 1215 5727 venerabantur
1246 5660 1591 5724 increatura.
1650 5664 1853 5720 Deinde
1872 5662 1987 5732 jam
2013 5662 2145 5717 dicit
2177 5679 2189 5714 :

617 5763 877 5821 Veniente
902 5760 1237 5835 plenitudine
1269 5758 1546 5828 temporis,
1571 5758 1735 5811 Deum
1764 5754 1976 5810 misisse
1999 5753 2193 5808 Filium

2280 1916 2478 1981 lierem,
2507 1913 2621 1983 jam
2659 1916 2818 1983 paSsa
2850 1918 2970 1966 erat
3012 1908 3361 1964 concubitum
3397 1908 3513 1973 viri,
3547 1907 3665 1977 quod
3700 1923 3775 1962 non

2280 2009 2536 2066 scribitur
2554 2021 2736 2079 passa,
2766 2003 2871 2059 nisi
2897 2018 3020 2059 cum
3049 2000 3263 2056 dimissi
3284 2009 3459 2057 essent
3478 2000 3537 2055 de
3566 1999 3773 2070 paradiso.

2280 2100 2504 2156 Factum
2526 2107 2706 2153 autem
2737 2094 2892 2161 dixit,
2915 2098 3139 2163 propter
3160 2092 3540 2161 susceptionem
3562 2097 3773 2151 creatura,

2279 2195 2404 2265 quia
2427 2193 2518 2263 qui
2550 2197 2846 2246 nascuntur
2863 2202 2931 2243 ex
2970 2188 3211 2252 feminis,
3230 2201 3338 2241 non
3379 2192 3497 2239 tunc
3519 2198 3575 2236 ex
3600 2182 3686 2235 Deo
3705 2194 3773 2233 na-

2280 2295 2530 2353 scuntur,
2561 2286 2657 2342 sed
2687 2296 2870 2339 tamen
2898 2284 3041 2339 Deus
3068 2279 3361 2344 illos~fecit,
3380 2277 3531 2332 utsic
3548 2274 3670 2331 nasci
3689 2287 3777 2342 pos

2281 2389 2423 2445 sent,
2467 2387 2528 2434 ut
2552 2391 2767 2434 omnem
2795 2383 3127 2432 creaturam.
3154 2371 3378 2427 Factum
3423 2378 3579 2423 autem
3601 2364 3676 2420 sub
3698 2362 3774 2431 lege

2280 2473 2435 2536 dixit,
2466 2470 2592 2540 quia
2618 2476 2673 2524 et
2699 2467 3054 2524 circumcisus
3075 2472 3186 2530 est,
3207 2471 3263 2519 et
3291 2461 3459 2518 hostia
3485 2474 3573 2530 pro
3596 2456 3668 2513 illo
3683 2452 3774 2523 legi-

2282 2564 2412 2620 tima
2449 2562 2626 2617 oblata
2666 2568 2771 2616 est.
2804 2558 2914 2615 Nec
2958 2558 3161 2613 mirum
3215 2556 3262 2613 si
3290 2563 3345 2611 et
3388 2553 3472 2609 ille
3512 2551 3625 2621 legis
3656 2560 3772 2615 opera

2282 2655 2556 2722 sustinuit,
2587 2669 2652 2710 ex
2676 2653 2872 2724 quibus
2899 2667 2994 2708 eos
3026 2651 3303 2715 liberaret,
3335 2648 3421 2719 qui
3461 2647 3536 2701 eis
3571 2640 3774 2699 serviliter

2282 2748 2621 2803 tenebantur.
2660 2745 2765 2813 Qui
2810 2744 2974 2799 etiam
3018 2752 3252 2800 mortem
3296 2736 3552 2802 sustinuit,
3575 2743 3694 2788 utex
3727 2744 3771 2781 ea

2281 2839 2539 2895 liberaret
2565 2854 2677 2901 eos,
2700 2836 2793 2907 qui
2820 2835 3155 2891 mortalitate
3178 2831 3505 2889 tenebantur.

2355 2932 2426 2988 Ut
2466 2934 2816 3005 adoptionem,
2846 2932 3039 3003 inquit,
3079 2930 3318 2999 ﬁliorum
3352 2925 3644 2995 recipiamus.
3668 2914 3768 2970 Λύοο

2281 3024 2519 3094 ptioncm
2563 3032 2850 3093 propterea
2893 3021 3049 3086 dixit,
3094 3029 3162 3074 ut
3211 3017 3451 3093 distincte
3493 3009 3771 3077 intelligamus

2285 3115 2502 3169 unicum
2533 3113 2629 3169 Dei
2651 3113 2845 3168 Filium
2865 3130 2877 3166 :
2895 3126 2995 3167 nos
3015 3110 3165 3166 enim
3192 3106 3446 3165 beneﬁcio
3468 3111 3518 3160 et
3538 3095 3768 3170 dignatione

2290 3204 2675 3260 misericordia:
2718 3203 2835 3273 ejus
2875 3202 2968 3257 filii
3015 3200 3109 3256 Dei
3154 3215 3357 3256 sumus.
3398 3196 3486 3250 llle
3525 3199 3682 3246 natura
3714 3190 3769 3237 est

2291 3295 2455 3360 ﬁlius,
2495 3294 2584 3364 qui
2617 3295 2720 3349 hoc
2745 3305 2829 3349 est
2854 3293 3003 3365 quod.
3026 3300 3205 3362 pater.
3229 3290 3337 3346 Nec
3359 3286 3479 3344 dicit
3502 3280 3768 3351 accipiamus.

2289 3387 2383 3444 sed
2410 3388 2757 3458 recipiamus,
2792 3395 2851 3441 ut
2885 3385 3223 3456 signiﬁcaret
3250 3384 3351 3437 hoc
3379 3393 3472 3434 nos
3496 3371 3717 3429 admisisse
3734 3364 3767 3417 in

2288 3477 2483 3542 Adam,
2511 3455 2578 3532 ex
2610 3492 2719 3547 quo
2744 3455 3000 3531 mortales
3040 3490 3251 3530 sumus.
3284 3472 3393 3526 Hoc
3432 3480 3550 3536 ergo
3570 3458 3683 3532 quod
3703 3455 3767 3513 θὶιν

2289 3580 2345 3625 ut
2376 3586 2485 3634 eos,
2521 3568 2612 3640 qui
2641 3568 2737 3623 sub
2766 3568 2874 3636 lege
2900 3577 3072 3631 erant,
3100 3566 3390 3624 redimeret,
3433 3568 3484 3614 et
3508 3556 3567 3610 ad
3601 3551 3769 3640 liberan-

2289 3659 2416 3714 dum
2442 3634 2564 3714 eum
2594 3634 2850 3728 populum
2870 3657 3127 3727 pertinet,
3167 3657 3257 3725 qui
3287 3649 3524 3725 parvulus
3542 3641 3625 3699 sub
3642 3634 3768 3708 pw‘

2289 3765 2426 3822 gogo
2449 3750 2741 3806 serviebat.
2772 3749 2839 3802 Et
2873 3746 3107 3802 refertur
3130 3748 3203 3802 ad
3236 3747 3289 3801 id
3311 3741 3448 3814 quod
3470 3736 3608 3797 dixit,
3628 3730 3768 3822 {suum

2288 3812 2386 3895 sub
2429 3839 2557 3910 lege.
2587 3839 2720 3894 Illud
2747 3846 2928 3893 autem
2963 3836 3104 3906 quod
3132 3838 3231 3901 ait,
3262 3812 3646 3899 ut—adopllolwm
3672 3812 3768 3883 βίω·

2290 3947 2405 3984 rum
2429 3931 2757 4001 recipiamus,
2792 3927 3027 3984 refertur
3050 3927 3116 3982 ad
3140 3928 3198 3983 id
3223 3924 3364 3996 quod
3390 3918 3530 3981 dixit,
3550 3912 3703 3982 factum

2289 4022 2539 4086 muliere;
2587 4022 2717 4077 hinc
2763 4021 2911 4079 enim
2960 3985 3309 4089 adoptionem
3354 4008 3637 4079 recipimus,
3668 3985 3768 4063 (ιιιοά

2290 4113 2379 4167 ille
2422 4112 2615 4168 unicus
2642 4126 2750 4165 non
2779 4110 3100 4181 dedignatus
3135 4115 3224 4164 est
3267 4095 3674 4177 participationem
3689 4090 3768 4182 ἠξι-

2278 4209 2425 4257 tura:
2453 4212 2654 4256 nostrte
2677 4200 2855 4256 factus
2880 4179 2948 4256 ea
2977 4200 3207 4255 muliere
3231 4215 3244 4251 :
3266 4205 3327 4252 ut
3347 4208 3448 4249 non
3470 4185 3612 4243 solum
3633 4179 3767 4237 unus

2289 4293 2437 4347 nitus
2459 4299 2625 4356 esset,
2647 4291 2737 4346 ubi
2759 4291 2957 4346 fratres
2984 4306 3092 4345 non
3116 4290 3313 4354 habet,
3353 4282 3442 4340 sed
3467 4277 3601 4335 etiam
3617 4270 3762 4338 P"“’°'

2290 4385 2502 4455 genitus
2537 4399 2605 4439 ex
2640 4382 2823 4439 multis
2845 4381 3103 4438 fratribus
3126 4381 3286 4437 ﬁeret
3312 4395 3324 4432 :
3353 4376 3454 4431 duo
3491 4365 3611 4455 enim
3626 4361 3766 4455 Pi‘ll‘f’:

2292 4478 2420 4543 suit,
2443 4477 2640 4548 factum
2665 4493 2730 4533 ea:
2749 4475 2988 4540 muliere,
3018 4475 3215 4546 factum
3256 4470 3347 4527 sub
3372 4467 3490 4537 leg"
3511 4454 3599 4513 Sed
3618 4448 3766 4548 mum?

2291 4543 2481 4624 ordine
2508 4570 2803 4640 respondit,
2833 4566 2945 4636 jam
2973 4543 3121 4621 illum
3143 4564 3391 4636 populum
3416 4543 3765 4641 αάὶιιοῧθηῗκίῖῗι

2292 4664 2549 4736 parvulus
2584 4627 2686 4718 sub
2712 4627 3160 4732 procuratoribus
3180 4627 3237 4714 et
3268 4649 3522 4711 actoriblls
3548 4627 3763 4736 “ille?

2377 4763 2462 4811 est
2497 4721 2777 4809 elemenlis
2800 4752 2961 4823 hujus
2998 4751 3205 4815 mundi,
3238 4762 3304 4803 ne
3332 4734 3670 4813 reputarentsc
3692 4721 3764 4768 nt'"

2293 4860 2414 4902 esse
2434 4844 2592 4911 ﬁlios,
2611 4844 2738 4915 quia
2762 4859 2869 4899 non
2897 4850 3053 4898 erant
3071 4843 3171 4897 sub
3197 4839 3489 4912 paedagogo-

2365 4895 2827 5002 Quoniam-autem
2859 4934 2960 5005 ﬁlii
2987 4934 3087 4989 Dei
3110 4895 3252 4997 estis,
3280 4924 3473 4997 inquit,
3510 4906 3625 4967 Μίείι
3666 4895 3764 5005 Ἐξ

2367 4978 2627 5002 unum...
2653 4978 2827 4989 -..πη
2987 4978 3086 4989 ν-.
3110 4978 3252 4997 --πη
3281 4978 3359 4997 ---τ
3462 4978 3469 4983 ,

2292 5028 2535 5100 spiritum
2561 5024 2691 5081 Filii
2722 5027 2805 5080 sui
2831 4978 2887 5079 ih
2930 5025 3092 5080 corda
3133 5032 3302 5079 vestra
3335 5012 3627 5100 clamantem.

2290 5082 2459 5190 pater.
2482 5116 2597 5172 Duo
2613 5124 2739 5171 sunt
2752 5117 2939 5182 verba,
2954 5132 3074 5185 quae
3094 5113 3289 5186 posuit,
3305 5082 3759 5190 ηιροειετίθῗθξῗῗ

2292 5172 2600 5281 prstaretur
2623 5209 2878 5279 primum.
2910 5172 3046 5261 Nam
3083 5172 3187 5262 hoc
3211 5172 3293 5259 est
3315 5172 3461 5253 abba.

2295 5252 2581 5372 Eleganter
2600 5252 2781 5354 autem
2811 5298 3145 5368 intelligitur,
3168 5310 3270 5351 non
3290 5290 3475 5344 frustra
3493 5252 3759 5372 (DNS-2:

2294 5348 2521 5464 gnatum
2561 5393 2726 5447 verba
2763 5348 3012 5461 posuisse:
3056 5390 3199 5443 idem
3236 5348 3761 5464 signiﬁcandis.

2293 5439 3039 5552 ῗιηὶνενειιιιιῖοἱδῶιιῌῑᾷἶιί
3056 5439 3384 5574 vlg—N4?“
3405 5444 3688 5574 “fail:
3709 5439 3756 5574 3

2295 5585 2557 5639 unitatem
2594 5582 2718 5637 fidei
2756 5591 2982 5635 vocatus
3018 5587 3122 5644 est,
3152 5585 3211 5633 ut
3242 5570 3500 5665 Hebraea"?
3518 5543 3753 5665 ἘξιὛῶ

2294 5673 2524 5737 Iudaeos,
2555 5671 2802 5726 Graecum
2828 5670 2894 5723 ad
2921 5632 3121 5739 gentes,
3153 5685 3169 5722 :
3200 5632 3754 5757 utrium“?

2512 5725 2837 5833 significatio
2861 5725 3195 5831 advejnsdem
3230 5749 3351 5810 fidei
3365 5725 3644 5812 spitium"
