4056 6350
303 382 404 442 881

1251 380 1509 436 ENARR.
1550 379 1617 435 IN
1658 375 1880 434 EPIST.
1915 373 1980 429 D.
2023 373 2228 432 PAULI
2266 376 2357 430 AD
2393 376 2643 432 GALAT.

3452 370 3576 438 "882

304 507 474 556 tatem
516 497 807 571 pertineat.
848 495 984 552 Nam
1018 503 1073 551 et
1101 496 1169 551 ad
1214 495 1505 561 Romanos,
1555 493 1647 549 ubi
1692 488 1886 548 similis
1914 485 1965 549 A
1990 501 2089 542 nec
2111 497 2312 545 statum
2332 506 2363 545 a
2388 500 2540 562 patre
2563 501 2772 563 tempus
2794 493 3053 565 implevit,
3078 504 3136 551 ut
3159 497 3300 553 ﬁlius
3326 506 3382 553 et
3400 496 3575 554 heeres

307 592 537 665 quaestio
578 592 645 647 de
672 607 805 661 pace
843 590 896 645 in
940 590 1154 645 Christo
1199 586 1505 644 Judzeorum
1540 586 1886 659 gentiumque

308 693 595 751 tractatur,
628 684 730 740 hoc
760 682 928 739 dicit:
977 679 1100 736 Non
1143 680 1282 736 enim
1327 680 1600 752 accepistis
1642 679 1886 749 spiritum

305 778 573 834 seruitutis
615 778 800 832 iterum
848 776 904 829 in
948 775 1153 838 timore,
1195 772 1284 828 sed
1330 772 1601 844 accepistis
1646 770 1885 841 spiritum

306 868 605 940 adoptionis
635 866 899 937 ﬁliorum,
940 866 994 919 in
1041 881 1142 936 quo
1184 862 1510 927 clamamus,
1555 861 1701 916 Abba
1742 866 1890 931 pater

308 960 487 1032 (Rom.
506 959 644 1029 vm).
669 957 805 1014 Cum
830 971 959 1028 ergo
984 955 1207 1010 dixisset
1234 952 1521 1024 Apostolus
1538 994 1551 1014 ,
1578 951 1723 1006 Misit
1748 950 1888 1005 Deus

311 1051 512 1107 Filium
561 1068 715 1106 suum
756 1051 954 1122 factum
999 1066 1064 1103 ex
1106 1048 1344 1116 muliere,
1372 1048 1569 1119 factum
1610 1046 1704 1101 sub
1757 1044 1885 1115 lege,

307 1155 367 1199 ut
401 1161 487 1199 eos
522 1143 612 1216 qui
660 1142 755 1197 sub
783 1142 893 1213 lege
938 1149 1087 1196 erant
1130 1141 1436 1205 redimeret,
1466 1147 1524 1194 ut
1556 1138 1889 1209 adoptionem

306 1237 541 1309 ﬁliorum
569 1236 901 1308 recipiamus,
928 1234 1184 1299 restabat,
1216 1240 1277 1288 ut
1316 1233 1479 1287 etiam
1509 1238 1725 1300 gentes,
1770 1242 1890 1298 quae

309 1345 420 1385 non
449 1336 606 1384 erant
645 1328 744 1382 sub
782 1325 930 1398 lege,
963 1326 1030 1382 ad
1059 1325 1305 1381 eamdem
1335 1332 1513 1378 tamen
1547 1321 1891 1390 adoptionem

310 1420 547 1475 ﬁliorum
579 1420 849 1488 pertinere
876 1416 1204 1481 ostenderet,
1233 1414 1375 1485 quod
1404 1414 1470 1469 de
1511 1410 1683 1467 sancti
1719 1409 1893 1479 Spiri-

310 1521 402 1569 tus
443 1510 604 1574 dono,
637 1508 731 1578 qui
771 1506 1022 1562 omnibus
1066 1506 1224 1561 datus
1254 1512 1358 1571 est,
1409 1505 1582 1559 docet.
1631 1501 1785 1558 Unde
1833 1512 1893 1554 se

311 1603 477 1661 etiam
503 1601 699 1658 Petrus
745 1601 810 1656 de
841 1600 1113 1669 baptizato
1154 1597 1533 1653 incircumciso
1576 1592 1892 1650 centurione

311 1693 567 1751 Cornelio
587 1691 827 1749 defendit
851 1691 990 1761 apud
1019 1688 1253 1755 Judaeos,
1282 1689 1374 1759 qui
1417 1686 1781 1749 crediderant,
1806 1682 1893 1738 di-

311 1804 444 1845 cens
471 1806 484 1842 :
512 1785 630 1842 Non
660 1802 719 1842 se
756 1785 1215 1856 potuisse'aquam
1255 1797 1452 1853 negare
1495 1779 1600 1835 illis
1627 1776 1889 1849 (.4ct.1x).

1990 581 2247 650 appellari
2291 592 2474 653 queat,
2505 585 2604 640 sub
2642 586 2927 642 elementis
2961 601 3083 643 eum
3114 593 3320 657 mundi,
3352 590 3471 664 lege
3496 591 3577 648 vi-

1990 668 2185 725 delicet
2208 685 2330 727 esse
2375 672 2564 745 Moysi.
2604 674 2739 730 Cum
2784 684 2965 733 autem
3013 687 3137 750 post
3186 680 3493 739 libertatem
3517 691 3578 740 et

1990 761 2355 831 adoptionem,
2395 774 2450 820 et
2497 766 2872 824 lnereditatem
2916 768 3027 825 ﬁlio
3074 771 3311 827 debitam
3357 789 3575 831 rursum

1992 869 2241 911 reversus
2267 855 2429 913 fuerit
2449 860 2515 935 ad
2542 859 2735 930 legem,
2760 862 3075 919 circumcidi
3100 862 3304 931 volens,
3330 874 3387 920 et
3405 874 3574 921 totam

1984 942 2228 1000 ‘Judaica:
2249 950 2648 1018 superstitionis
2676 950 2912 1007 litteram
2934 955 3108 1025 sequi,
3126 963 3255 1011 tunc
3278 970 3399 1025 qua:
3425 957 3578 1026 prius

1989 1037 2039 1094 ei
2071 1039 2255 1093 numdi
2284 1048 2493 1096 tantum
2517 1042 2731 1099 fuerant
2764 1044 3062 1113 elementa,
3104 1046 3321 1104 inﬁrma
3358 1063 3576 1119 quoque

1990 1137 2045 1186 et
2081 1147 2249 1202 egena
2306 1134 2561 1190 dicuntur
2611 1138 2852 1193 exordia.
2884 1139 2943 1194 ln
2995 1148 3208 1197 tantum
3239 1142 3387 1198 enim
3440 1140 3578 1197 nihil
3668 1152 3673 1161 ‘

1991 1232 2217 1294 prosunt
2244 1226 2546 1283 cultoribus
2575 1230 2710 1296 suis,
2736 1239 2797 1285 ut
2824 1246 2891 1286 ne.
2928 1233 3032 1289 hoc
3054 1233 3274 1304 quidem
3302 1235 3384 1291 eis
3419 1236 3576 1291 exhi-

1990 1316 2121 1373 bere
2150 1317 2366 1373 valeant
2409 1320 2549 1403 quod
2587 1329 2713 1377 ante
2759 1324 3146 1394 prmstiterant,
3178 1325 3572 1401 Hierosolyma,

1993 1410 2214 1482 templo,
2260 1410 2528 1483 altarique
2572 1414 2883 1470 destructis.
2932 1416 3067 1473 illud
3115 1433 3247 1474 vero
3290 1420 3434 1490 quod
3479 1420 3579 1486 ait,

1992 1513 2355 1574 cognoscentes
2383 1504 2576 1569 Deum,
2624 1508 2793 1579 magis
2823 1518 2999 1563 autem
3026 1513 3221 1582 cogniti
3248 1513 3314 1567 ab
3339 1530 3422 1580 eo,
3446 1513 3579 1570 nihil

1992 1610 2092 1649 nos
2143 1611 2363 1652 movere
2416 1594 2597 1654 debet.
2634 1599 2978 1658 Manifestum
3024 1613 3111 1660 est
3146 1606 3294 1661 etiim
3333 1608 3577 1679 quandiu

1991 1701 2091 1756 per
2133 1686 2293 1742 ﬁdem
2324 1688 2693 1756 ambulamus,
2726 1708 2831 1747 non
2873 1708 2970 1763 per
3017 1697 3286 1766 speciem,
3335 1701 3578 1756 nondum

1997 1793 2096 1833 nos
2143 1779 2460 1850 cognovisse
2506 1780 2706 1849 Deum;
2741 1784 2835 1839 sed
2880 1799 2943 1840 ea
2976 1786 3082 1843 ﬁde
3106 1789 3346 1860 purgari,
3379 1799 3440 1845 ut
3482 1807 3580 1861 op-

315 1835 443 1845 ..ν---
473 1835 484 1842 .
515 1835 629 1842 υ--
660 1835 719 1842 --
760 1835 992 1856 τμη---
1021 1835 1214 1854 Ἴης--
1256 1835 1353 1853 ηρυ
1432 1835 1446 1837 ψ
1631 1835 1646 1849 .
1850 1835 1860 1847 ,
2209 1835 2238 1850 υ
2415 1835 2452 1836 η
2693 1835 2706 1849 ι
2742 1835 2835 1839 ---
2885 1835 2943 1840 τ-
2976 1835 3081 1843 --ην
3108 1835 3346 1860 rma“...
3381 1835 3440 1845 ι.-
3485 1835 3552 1861 νγ

311 1880 579 1950 Quoniam
608 1877 870 1950 Spiritum
896 1884 1145 1932 sanctum
1172 1875 1447 1945 accepisse
1478 1872 1769 1928 claruerat.
1804 1868 1896 1924 Sic
1922 1835 1970 1895 Β
1996 1876 2229 1937 portuno
2252 1877 2495 1941 tempore
2518 1886 2849 1943 cognoscere
2861 1876 3170 1945 valeamus;
3195 1880 3289 1936 sed
3311 1882 3356 1937 si
3381 1883 3433 1936 in
3466 1882 3581 1951 ipsa

310 1982 369 2029 et
393 1973 501 2039 hic,
522 1971 792 2043 quoniam,
818 1970 1011 2040 inquit,
1033 1967 1131 2054 ιὶῐὶὶ
1160 1967 1257 2023 Dei
1285 1967 1430 2031 estis,
1459 1964 1598 2018 misit
1626 1962 1766 2054 Deus
1792 1962 1898 2033 spi-

313 2060 474 2116 ritum
501 2058 633 2114 Filii
661 2059 744 2114 sui
766 2060 819 2113 in
842 2057 1003 2112 corda
1033 2052 1218 2121 uestra,
1247 2054 1581 2119 clamantem,
1628 2052 1773 2107 Abba
1800 2067 1896 2123 pa-

310 2163 411 2208 ter.
440 2151 644 2207 Deinde
671 2147 1111 2207 manifestissime
1147 2146 1384 2203 ostendit
1428 2146 1495 2201 de
1521 2146 1606 2201 his
1631 2144 1795 2201 etiam
1838 2158 1897 2198 se

310 2243 513 2311 dicere,
541 2241 634 2314 qui
668 2258 735 2298 ex
772 2242 1023 2314 gentibus
1053 2240 1122 2295 ad
1166 2239 1325 2296 ﬁdem
1348 2247 1610 2294 venerant
1660 2237 1728 2292 ad
1759 2250 1897 2306 quos

311 2337 475 2392 etiam
515 2335 800 2406 epistolam
836 2336 1049 2392 scribit.

382 2424 570 2497 Itaque
588 2425 707 2496 jam
731 2441 833 2480 non
853 2433 930 2480 est
955 2442 1154 2489 servus,
1178 2424 1268 2479 sed
1303 2423 1465 2493 ﬁlius.
1498 2423 1789 2486 Habentes,
1814 2421 1896 2475 in-

313 2517 450 2590 quit,
480 2519 727 2587 spiritum
763 2516 884 2574 Filii
915 2519 1045 2583 Dei,
1081 2519 1405 2575 clamantem
1450 2517 1507 2571 in
1547 2515 1702 2573 vobis
1743 2516 1895 2571 Abba

311 2619 489 2681 pater,
513 2624 619 2665 non
634 2609 777 2665 servi
804 2610 1045 2680 coepistis
1074 2625 1215 2675 esse,
1234 2608 1328 2665 sed
1356 2608 1453 2663 ﬁlii
1481 2608 1573 2680 qui
1602 2615 1728 2662 ante
1758 2607 1891 2660 nihil

312 2700 691 2757 dill'ercbatisa
713 2716 891 2767 servo,
907 2718 1029 2757 cum
1044 2702 1237 2758 essetis
1254 2709 1446 2755 natura
1476 2700 1691 2770 quidem
1714 2698 1896 2754 Domi-

311 2790 368 2845 ni
389 2832 404 2856 ,
442 2793 537 2846 sed
558 2792 660 2848 sub
690 2791 955 2847 tutoribus
979 2800 1032 2847 et
1053 2792 1327 2848 actoribus
1365 2791 1574 2862 parvuli
1598 2790 1891 2861 degebatis.

309 2880 431 2937 Non
452 2890 535 2938 est
557 2899 764 2950 servus,
788 2884 914 2954 quia
944 2884 1184 2939 sublatus
1198 2883 1264 2939 de
1287 2891 1553 2955 potestate
1569 2882 1702 2950 legis
1718 2881 1897 2937 socius

311 2968 489 3028 factus
519 2982 604 3029 est
635 2973 1030 3029 benedictionis
1057 2973 1260 3044 proprii
1292 2972 1386 3027 ﬁlii
1434 2973 1550 3027 Dei.
1592 2971 1705 3028 Hoc
1724 2981 1895 3028 totum

313 3063 445 3134 agit,
462 3073 682 3134 propter
708 3064 762 3120 id
790 3065 931 3134 quod
952 3063 1432 3135 dixerat,quandiu
1454 3062 1619 3117 [neres
1644 3062 1894 3133 parvulus

312 3162 414 3219 est,
443 3153 575 3209 nihil
606 3154 783 3224 differt
813 3174 844 3210 a
875 3173 1043 3210 servo.

391 3244 545 3311 Quod
573 3244 619 3301 si
643 3232 810 3316 ﬁlius,
844 3257 892 3302 et
920 3248 1086 3302 ha’rcs
1110 3265 1201 3317 per
1220 3246 1408 3302 Deum.
1434 3247 1491 3302 Id
1518 3256 1621 3311 est,
1660 3254 1781 3319 per‘
1802 3247 1898 3302 mi-

313 3337 668 3395 sericordiam
690 3337 820 3405 Dei,
852 3354 959 3394 non
983 3354 1081 3409 per
1110 3339 1523 3409 promissionem
1555 3348 1797 3410 patrum,
1831 3339 1897 3394 de

314 3431 513 3511 quibus
546 3430 863 3497 carnaliter,
890 3430 1032 3486 sicut
1061 3428 1252 3494 Judtei,
1300 3437 1458 3485 natus
1488 3446 1595 3485 non
1621 3438 1787 3492 esset,
1824 3436 1899 3484 ta-

313 3540 441 3584 men
475 3523 617 3580 ﬁlius
650 3521 879 3578 Abrahze
909 3522 1200 3578 secundum
1230 3521 1586 3578 imitationem
1619 3522 1763 3578 ﬁdei.
1791 3522 1898 3578 Cu-

307 3616 403 3695 jus
450 3616 573 3674 ﬁdei
623 3619 850 3690 gratiam
896 3634 994 3689 per
1045 3616 1472 3673 misericordiam
1523 3617 1733 3673 Domini
1780 3633 1896 3673 me-

314 3711 525 3768 ruistis.

389 3805 496 3862 Sed
523 3814 648 3860 tune
668 3804 876 3876 quidem
897 3804 1180 3859 nescientes
1214 3803 1404 3869 Deum,
1432 3802 1660 3858 servistis
1693 3803 1777 3868 iis,
1809 3803 1898 3873 qui

315 3906 511 3952 natura
546 3913 649 3950 non
669 3903 817 3950 erant
845 3894 942 3948 dii.
985 3893 1142 3949 Nunc
1171 3911 1288 3948 vero
1316 3902 1682 3964 cognoscentes
1707 3892 1894 3956 Deum,

314 3991 486 4061 magis
505 3999 679 4045 autem
707 3988 898 4060 cogniti
919 3987 981 4042 ab
1010 4005 1091 4053 eo,
1122 3985 1381 4058 quomodo
1419 3984 1775 4038 convertimini
1805 3984 1901 4037 ite—

318 4097 441 4134 rum
489 4080 557 4135 ad
599 4080 835 4149 inﬁrma,
864 4086 911 4132 et
954 4094 1115 4148 egena
1142 4075 1429 4140 elementa,
1475 4074 1662 4142 quibus
1692 4088 1899 4128 rursum

315 4173 511 4228 servire
533 4171 731 4227 vultis?
758 4171 1025 4239 Quoniam
1070 4169 1222 4238 prius
1248 4184 1346 4240 per
1383 4166 1749 4240 ignorantiam
1776 4180 1901 4235 pec-

316 4265 517 4323 cabant
539 4266 842 4321 servientes
866 4264 1045 4329 idolis,
1085 4261 1241 4317 facile
1265 4262 1368 4317 illis
1402 4264 1688 4320 remissum
1735 4262 1902 4334 signi-

317 4356 481 4423 ﬁcat,
521 4357 661 4414 sicut
709 4357 840 4412 dicit
878 4356 932 4410 in
981 4353 1175 4411 Genesi
1218 4354 1529 4411 Abimelech
1579 4355 1645 4410 ad
1690 4354 1896 4409 Deum:

316 4445 562 4511 Domine,
590 4462 733 4511 num,
760 4445 951 4515 inquit,
976 4454 1175 4515 gentem
1196 4445 1519 4515 ignorantem
1541 4443 1721 4515 perdes
1744 4441 1897 4514 (Gen.

1996 1960 2355 2030 correptione,
2388 1962 2497 2016 imo
2533 1971 2715 2019 autem
2746 1967 2949 2037 cogniti
2976 1984 3006 2022 a
3032 1969 3163 2036 Deo,
3193 1973 3411 2043 proprie
3440 1974 3584 2029 acci-

1992 2053 2161 2123 pitur,
2192 2054 2473 2123 putabitur
2502 2056 2645 2112 Deus
2686 2059 2839 2127 quasi
2867 2076 2933 2116 ex
2967 2069 3211 2132 tempore
3242 2063 3445 2133 aliquid
3486 2079 3583 2120 co-

1994 2161 2275 2216 gnoscere,
2305 2150 2451 2218 quod
2501 2158 2628 2205 ante
2676 2167 2785 2206 non
2818 2161 3060 2208 noverat.
3116 2154 3401 2211 Translata
3451 2171 3583 2227 ergo

1995 2237 2196 2292 dictum
2219 2246 2322 2301 est,
2355 2247 2415 2294 ut
2434 2240 2620 2296 oculos
2643 2240 2739 2296 Dei
2767 2244 3102 2315 accipiamus
3136 2247 3308 2316 ipsam
3337 2246 3585 2304 dilectio-

1994 2343 2119 2381 nem
2148 2326 2286 2397 ejus,
2319 2345 2481 2401 quam
2525 2333 2925 2389 commendavit
2969 2337 3236 2392 mittendo
3264 2354 3364 2409 pro
3402 2337 3584 2409 impiis

1994 2420 2349 2478 occidendum
2402 2423 2622 2479 unicum
2670 2425 2887 2481 Filium.
2936 2426 3029 2484 Sic
3065 2430 3210 2485 enim
3255 2431 3321 2486 de
3368 2431 3454 2488 his
3491 2433 3584 2503 qui

1995 2509 2295 2583 diliguntur
2318 2512 2501 2569 dicere
2528 2516 2766 2572 solemus
2790 2518 2936 2588 quod
2969 2528 3096 2576 ante
3129 2521 3315 2577 oculos
3342 2521 3584 2578 habean-

1994 2610 2105 2667 tur,
2130 2604 2232 2659 hoe
2261 2612 2346 2660 est
2380 2622 2511 2677 ergo
2545 2617 2967 2679 cognoscentes,
3001 2611 3110 2668 imo
3143 2613 3346 2684 cogniti
3388 2628 3420 2668 a
3450 2613 3581 2669 Deo.

1995 2692 2150 2760 Quod
2194 2704 2251 2751 et
2286 2695 2526 2754 Joannes
2553 2699 2725 2755 dicit:
2762 2700 2884 2756 Non
2927 2703 3067 2773 quod
3117 2720 3211 2760 nos
3244 2703 3586 2759 dilexerimus

1993 2788 2185 2854 Deum,
2211 2788 2302 2844 sed
2329 2792 2579 2862 quoniam
2607 2792 2718 2863 ipse
2750 2795 2898 2864 prior
2924 2794 3110 2849 dilexit
3133 2813 3227 2851 nos

2066 2880 2189 2935 Dies
2215 2881 2524 2947 observatis,
2553 2899 2777 2950 menses,
2808 2902 2995 2951 annos,
3043 2897 3091 2941 et
3119 2896 3376 2959 tempora.
3408 2887 3582 2943 Judaei

1995 2962 2142 3026 enim
2170 2972 2444 3028 serviliter
2472 2974 2767 3030 observant
2786 2975 2921 3039 dies,
2951 2983 3005 3031 et
3024 2991 3263 3043 menses,
3306 2986 3362 3034 et
3390 2993 3586 3044 annos,

1994 3071 2051 3119 et
2079 3073 2321 3133 tempora
2362 3063 2419 3118 in
2447 3064 2655 3120 carnali
2691 3065 3069 3122 observatione
3099 3067 3333 3133 sabbati,
3363 3076 3419 3123 et
3462 3080 3591 3122 neo-

1922 3190 1967 3253 C
1998 3156 2210 3223 menire,
2230 3165 2287 3211 et
2308 3171 2491 3212 mense
2512 3173 2796 3223 novorum,
2820 3168 2875 3212 et
2895 3160 3110 3230 septimi
3142 3161 3406 3231 cujusque
3432 3161 3586 3228 anni,

1999 3262 2160 3319 quem
2195 3257 2391 3303 vocant
2417 3248 2702 3325 sabbatum
2735 3249 3105 3305 sabbatorum;
3138 3249 3288 3319 Quae,
3326 3251 3586 3321 quoniam

1999 3347 2156 3394 erant
2183 3340 2389 3395 umbra:
2428 3338 2757 3408 futurorum,
2777 3341 2892 3413 jam
2930 3341 3254 3399 adveniente
3281 3342 3500 3407 Christo
3528 3345 3583 3417 in

1999 3436 2384 3506 superstitione
2409 3444 2788 3492 remanserunt
2814 3456 2827 3491 :
2859 3453 2985 3495 cum
3017 3446 3278 3509 tanquam
3324 3439 3587 3496 salutaria

1998 3526 2417 3582 observarentur
2436 3543 2491 3588 ,a
2520 3528 2889 3584 nescientibus
2914 3544 3023 3598 quo
3052 3529 3335 3587 referenda
3364 3530 3498 3592 sint,
3518 3538 3591 3607 ut

2000 3626 2257 3688 tanquam
2280 3619 2383 3675 hoc
2407 3617 2607 3674 dixerit
2632 3619 2923 3690 Apostolus
2954 3621 3206 3692 gentibus
3240 3640 3252 3676 :
3287 3620 3427 3688 Quid
3461 3637 3589 3692 pro-

1998 3708 2119 3762 dest
2161 3723 2258 3763 vos
2293 3707 2531 3763 evasisse
2574 3710 2892 3763 servitutem
2920 3724 3025 3778 qua
3066 3710 3418 3775 tenebamini,
3464 3724 3592 3765 cum

2000 3798 2276 3854 servirctis
2303 3799 2587 3854 elementis
2621 3799 2826 3865 mundi,
2877 3799 3094 3868 quando
3118 3814 3308 3854 rursus
3349 3797 3419 3854 ad
3450 3799 3582 3867 talia

2000 3886 2188 3942 reditis
2213 3927 2228 3953 ,
2280 3888 2486 3943 seducti
2526 3889 2595 3942 ab
2643 3889 2724 3943 eis
2761 3903 2853 3957 qui
2903 3888 3143 3954 nondum
3193 3898 3585 3962 cognoscentes

2000 3977 2412 4034 libertatis-sua:
2443 3990 2655 4051 tempus
2686 3980 2829 4035 inter
2876 3989 3074 4036 caetera
3101 3995 3265 4052 opera
3301 3982 3436 4060 legis
3462 4000 3585 4054 quas

2001 4069 2293 4125 carnaliter
2340 4071 2595 4142 sapiunt,
2658 4071 2824 4139 etiam
2883 4074 3217 4143 temporibus
3269 4075 3515 4143 serviunt
3566 4095 3581 4127 :

2001 4157 2197 4226 quibus
2241 4166 2298 4213 et
2343 4172 2441 4213 vos
2468 4174 2678 4224 rursus,
2722 4167 2783 4213 ut
2824 4166 3007 4227 antea,
3046 4161 3254 4218 servire
3294 4162 3477 4229 vultis,
3529 4172 3586 4220 et

2000 4247 2292 4303 observare
2314 4262 2436 4305 cum
2466 4250 2545 4305 eis
2567 4249 2702 4316 dies,
2720 4258 2777 4305 et
2794 4266 3031 4318 menses,
3055 4261 3111 4308 et
3135 4267 3305 4309 annos
3322 4295 3338 4321 ,
3370 4262 3426 4309 et
3452 4262 3590 4310 tem-

2001 4354 2164 4409 pora,
2193 4340 2389 4410 quibus
2412 4350 2469 4398 et
2495 4340 2816 4399 serviebatis
2843 4353 3133 4416 antequam
3163 4343 3380 4402 Ghristo
3401 4345 3589 4402 crede-

2004 4431 2169 4487 retis?

317 4536 450 4610 xx)?
480 4536 698 4592 Galatas
745 4552 979 4608 quoque,
1030 4552 1166 4607 quos
1199 4537 1268 4591 ab
1315 4536 1579 4592 idolorum
1632 4535 1779 4591 cultu
1831 4534 1897 4589 ad
1926 4560 1980 4621 ι)
2079 4545 2253 4602 Timeo
2282 4564 2403 4615 vos,
2450 4566 2513 4604 ne
2540 4548 2675 4620 forte
2700 4550 2813 4615 sine
2840 4568 3004 4607 causa
3034 4550 3380 4607 laboraverim
3414 4551 3472 4608 in
3500 4568 3590 4606 so-

319 4627 481 4683 ﬁdcm
518 4627 616 4683 Dei
665 4628 779 4683 veri
819 4628 1193 4694 transtulerat,
1230 4628 1696 4699 arguitquomodo
1740 4627 1900 4682 idolis

318 4720 608 4787 derelictis,
641 4722 732 4793 qui
758 4731 949 4777 natura
974 4738 1081 4777 non
1108 4730 1266 4777 erant
1288 4721 1362 4777 dii
1393 4741 1406 4776 :
1444 4721 1510 4776 Et
1536 4732 1901 4796 cognoscentes

319 4810 508 4875 Deum,
553 4813 720 4883 magis
760 4822 935 4866 autem
979 4812 1172 4883 cogniti
1218 4812 1283 4865 ab
1329 4828 1425 4882 eo,
1471 4811 1662 4881 spiritu
1687 4826 1902 4881 quoque

317 4892 625 4971 adoptionis
673 4910 916 4973 accepto,
950 4918 1164 4957 rursum
1207 4903 1363 4973 quasi
1413 4901 1651 4975 parvuli,
1706 4909 1761 4958 et
1804 4901 1904 4956 sub

318 4991 587 5047 tutoribus
629 4999 684 5047 et
707 4992 997 5065 paedagogo
1018 5008 1139 5050 esse
1172 4993 1472 5064 cupientes,
1504 4993 1571 5048 ad
1598 4992 1813 5052 inﬁrma
1850 5002 1905 5048 et

319 5079 667 5149 pauperrima
714 5091 1058 5137 revertantur
1108 5082 1415 5149 elementa,
1459 5098 1579 5153 qua:
1614 5095 1903 5154 propterea

320 5172 539 5228 inﬁrmo
566 5181 621 5228 et
647 5174 867 5245 pauperi
900 5188 1058 5230 sensu
1087 5174 1284 5245 populo
1314 5176 1438 5230 data
1468 5182 1594 5230 sunt
1630 5175 1684 5229 in
1721 5176 1905 5229 deser-

319 5272 376 5318 to
397 5303 411 5329 ,
452 5264 578 5333 quia
607 5280 715 5321 non
742 5274 993 5336 poterant
1016 5267 1261 5337 accipere
1286 5275 1340 5323 et
1366 5270 1635 5322 sustinere
1674 5265 1900 5336 majora.

319 5352 521 5410 Eadem
549 5365 730 5411 autem
752 5356 1043 5423 elementa,
1073 5373 1193 5428 qum
1220 5373 1364 5414 nunc
1399 5358 1613 5413 inﬁrma
1643 5365 1703 5421 et,
1735 5374 1903 5438 egena

320 5445 630 5515 appellavit,
659 5448 905 5517 superius
942 5456 1152 5503 tantum
1190 5448 1377 5503 mundi
1406 5447 1671 5507 elementa
1700 5448 1901 5527 posuit.

320 5532 392 5590 Et
416 5536 507 5591 ubi
537 5536 804 5594 elementa
839 5539 1023 5594 mundi
1053 5538 1196 5594 dicta
1218 5547 1363 5604 sunt,
1389 5539 1462 5594 ibi
1494 5555 1601 5594 non
1631 5547 1715 5600 est
1759 5539 1907 5595 addi-

323 5637 439 5683 tum
464 5631 678 5688 inﬁrma
709 5642 764 5688 et
789 5650 979 5707 egena.
1026 5634 1126 5690 Hic
1164 5652 1400 5703 rursum,
1440 5636 1532 5695 ubi
1567 5636 1782 5693 inﬁrma
1813 5653 1906 5692 vo-

323 5726 447 5773 cata
477 5730 602 5775 sunt
630 5723 836 5791 mundi,
882 5734 939 5780 ut
980 5741 1141 5798 supra
1173 5728 1429 5797 diximus,
1461 5744 1657 5785 nomen
1700 5738 1786 5784 est
1829 5738 1908 5785 ta-

325 5810 511 5867 citum.
545 5810 683 5868 Puto
726 5816 909 5886 itaque
945 5820 1068 5889 quia
1104 5821 1340 5899 quandiu
1368 5822 1488 5894 quis
1517 5822 1772 5894 parvulus
1798 5830 1902 5892 est,

2003 4639 2101 4693 bis.
2133 4637 2279 4695 Satis
2301 4656 2432 4696 vero
2473 4648 2631 4699 caute
2654 4641 2796 4701 inter
2821 4642 3202 4703 auctoritatem
3247 4640 3489 4714 Apostoli
3534 4651 3590 4698 et

2003 4732 2178 4788 sancti
2216 4733 2455 4790 hominis
2484 4733 2764 4799 lenitatem
2808 4736 2981 4797 verba
3016 4736 3329 4791 moderatus
3370 4745 3475 4799 est,
3507 4736 3590 4791 in-

2004 4822 2183 4882 ferens
2210 4843 2223 4880 :
2252 4823 2428 4880 Timeo
2452 4842 2542 4882 vos
2561 4865 2577 4893 ,
2624 4844 2689 4883 ne
2715 4826 2850 4898 [orte
2889 4827 3003 4882 sine
3048 4843 3211 4881 causa
3241 4825 3590 4881 laboraverim

2001 4916 2057 4970 in
2087 4915 2246 4971 vobis.
2277 4915 2432 4973 Nune
2452 4925 2657 4987 (autem-
2676 4917 2866 4975 videns
2896 4933 2991 4974 eos
3020 4917 3193 4973 zelum
3239 4917 3335 4972 Dei
3364 4918 3587 4981 habere.

2004 5007 2100 5063 sed
2143 5023 2253 5063 non
2306 5010 2602 5071 secundum
2653 5008 2975 5074 scientiam,
3006 5023 3108 5064 nec
3152 5008 3371 5079 penitus
3398 5023 3591 5065 eorum

2005 5097 2315 5167 desperavit
2344 5098 2597 5167 salutem,
2641 5101 2735 5172 qui
2761 5101 2853 5173 pio
2877 5100 3093 5157 fuerant
3119 5116 3307 5159 errore
3354 5101 3591 5174 decepti,

2005 5204 2108 5252 nec
2135 5205 2350 5245 rursum
2376 5190 2787 5260 irreprebensos
2816 5192 3062 5262 reliquit,
3112 5207 3182 5249 ne
3218 5201 3275 5248 et
3301 5190 3434 5265 ipsis
3460 5206 3582 5263 per-

2006 5281 2289 5337 severandi
2329 5281 2384 5337 in
2415 5297 2637 5349 errore,
2681 5292 2737 5340 et
2784 5284 2999 5340 caneris
3025 5284 3366 5342 occasionem
3400 5284 3592 5341 simili-

2007 5383 2092 5431 ter
2130 5375 2394 5431 tribueret
2450 5377 2763 5433 enarrandi.
2815 5376 2992 5433 Timeo
3045 5386 3227 5434 autem
3273 5394 3363 5436 vos
3411 5378 3595 5450 posuit

2005 5479 2106 5534 pro
2123 5480 2189 5520 eo
2217 5465 2360 5536 quod
2386 5476 2494 5533 est,
2520 5466 2687 5523 timeo
2714 5467 2781 5524 de
2808 5468 2981 5524 vobis.
3022 5466 3151 5533 Sine
3188 5485 3353 5526 causa
3379 5469 3593 5526 laborat

2007 5556 2286 5625 magister,
2318 5572 2440 5611 cum
2487 5556 2603 5628 ipse
2628 5566 2890 5629 provocat
2916 5559 2986 5617 ad
3022 5558 3232 5629 majora
3275 5560 3590 5632 discipulos,

2007 5653 2063 5700 et
2106 5646 2181 5700 illi
2225 5655 2373 5703 retro
2424 5647 2558 5719 lapsi
2600 5649 2669 5705 ad
2719 5650 2930 5719 minora
2970 5657 3028 5706 et
3077 5650 3367 5708 humiliora
3416 5650 3595 5705 revol-

2008 5743 2226 5793 vuntur.

2080 5828 2260 5886 Estote
2305 5831 2438 5887 sicut
2468 5843 2513 5889 et
2563 5852 2675 5907 ego,
2705 5837 2829 5908 quia
2860 5845 2906 5893 et
2935 5852 3025 5909 ego
3072 5836 3207 5892 sicut
3240 5850 3326 5891 vos
3396 5833 3455 5890 Id
3504 5841 3589 5889 est
