4056 6350
509 353 620 413 885

1575 348 1856 409 CLAUDII
1894 349 2362 407 TAURINENSIS
2402 351 2709 412 EPISCOPI

3670 362 3769 421 88A

496 472 737 537 obsecro
754 484 870 534 vos,
900 465 1121 531 fratres,
1157 473 1219 521 ut
1243 462 1496 521 Judaicas
1521 464 1931 522 observationes
1959 476 2090 518 con—
2114 460 2168 523 Α
2189 461 2363 533 gelum
2390 463 2491 521 Dei
2514 466 2789 537 accepistis
2813 482 2919 533 me,
2967 468 3104 528 sicut
3143 467 3413 525 Christum
3439 468 3648 538 Iesum,
3673 471 3773 531 hoc

496 559 769 635 temnatis
798 558 1046 622 dierum,
1076 555 1374 622 mensium,
1421 563 1722 624 temporum
1743 594 1759 621 ,
1808 562 1971 624 atque
2001 569 2093 607 an-

507 668 725 718 norum,
747 666 868 722 quae
902 658 1029 705 sunt
1056 649 1261 708 umbra:
1287 646 1628 713 futurorum;
1666 663 1756 702 me
1777 645 2087 710 imitemini,

509 744 603 817 qui
629 744 747 799 sine
783 740 1004 814 querela
1034 740 1089 797 in
1116 738 1235 811 lege
1274 744 1524 793 versatus
1567 738 1752 793 omnia
1799 738 2093 793 arbitratus

405 820 413 826 ’
506 850 632 892 sum
654 834 811 904 quasi
836 839 1213 906 purgamenta,
1248 838 1410 899 atque
1455 827 1778 899 quisquilias
1798 868 1813 893 ,
1838 835 1901 883 ut
1926 827 2089 882 Chri-

506 938 656 986 stum
676 926 1075 984 lucrifacerem.
1093 924 1194 980 Fui
1228 925 1426 995 quippe
1446 932 1504 980 et
1530 938 1631 997 ego
1658 923 1801 979 sicut
1823 938 1921 978 vos
1947 936 2092 979 nunc

504 1021 662 1087 estis,
686 1035 811 1077 cum
855 1017 1062 1077 eisdem
1090 1016 1561 1072 observationibus
1586 1015 1811 1071 strictus
1842 1015 2088 1079 tenebar,

500 1120 561 1168 et
587 1110 889 1168 Ecclesium
935 1107 1158 1174 Christi,
1182 1108 1309 1178 quia
1339 1107 1442 1162 ista
1468 1121 1577 1162 non
1618 1104 1859 1172 faceret,
1900 1119 2090 1176 perse-

494 1197 682 1273 quens
724 1200 1092 1258 devastabam.
1132 1198 1237 1265 Qui
1289 1198 1480 1269 utique
1522 1213 1646 1256 cum
1683 1196 1902 1255 Iudaeus
1929 1205 2092 1252 natus

502 1295 609 1351 sim
661 1291 778 1363 jam
833 1292 937 1347 ista
990 1274 1247 1345 carnalia
1308 1287 1539 1359 spiritali
1591 1287 1659 1343 de
1701 1286 2090 1357 diiudicatione

504 1398 723 1454 respuo.
746 1382 949 1439 Deinde
984 1388 1286 1452 opportune
1330 1395 1396 1436 ac
1431 1379 1686 1435 decenter
1706 1378 1837 1434 facit
1874 1393 1969 1435 eos
2005 1392 2091 1434 re-

506 1476 687 1534 colere
712 1475 1035 1533 cbaritatem
1079 1488 1254 1547 suam,
1298 1487 1367 1527 ne
1401 1480 1660 1542 tanquam
1699 1471 1980 1533 inimicum
2024 1469 2090 1525 il-

503 1568 621 1625 lum
640 1568 915 1639 deputent.
949 1565 1066 1622 Hoc
1103 1563 1401 1631 dicit,dent
1422 1579 1646 1635 operam
1675 1564 1982 1635 corrigendi
2007 1578 2086 1629 se,

504 1662 633 1731 quia
658 1676 763 1716 non
789 1669 873 1718 est
901 1656 1250 1731 impossibile,
1274 1667 1334 1712 ut
1376 1656 1485 1715 sint
1510 1657 1651 1713 sicut
1679 1658 1796 1727 ipse
1814 1697 1829 1723 ,
1862 1657 1990 1727 quia
2034 1664 2092 1713 et

2191 556 2366 626 magis
2396 555 2578 612 laudat
2604 574 2663 611 ιιι
2707 557 2789 613 eis
2830 558 2956 628 quia
2984 561 3260 628 pressuris
3303 574 3411 614 non
3441 560 3778 622 deformatus

2191 654 2277 704 est
2308 649 2450 719 apud
2476 665 2595 719 eos,
2623 651 2719 706 sed
2751 653 3186 715 commendatus.
3214 653 3526 709 Scientibus
3555 669 3661 724 pro
3688 655 3775 715 his

2191 742 2420 795 credunt
2458 742 2573 816 pati
2615 742 2764 803 illum
2790 742 2977 797 exitia.
3019 730 3172 798 Sicut
3215 759 3349 815 ergo
3395 744 3651 815 angelum
3681 746 3777 804 Dei

2190 842 2520 902 exceperunt
2547 833 2886 904 Apostolum,
2932 835 3218 891 credentes
3265 835 3366 895 Dei
3413 837 3616 900 donum
3659 853 3779 907 esse

2190 922 2335 1001 quod
2367 922 2660 992 przedicat,
2705 924 2787 979 sic
2810 924 2861 985 ei
2888 924 3193 985 deterentes
3239 927 3397 997 quasi
3435 928 3650 983 auctori
3678 929 3779 984 Do-

2190 1012 2339 1071 mino
2362 1011 2490 1068 .lesu
2515 1013 2754 1071 Christo.
2773 1014 3023 1071 Ostendit
3049 1024 3104 1071 et
3132 1017 3324 1088 angelo
3352 1018 3634 1075 Christum
3660 1035 3780 1075 esse

2189 1102 2478 1173 majorem,
2508 1119 2671 1173 quem
2707 1105 3002 1165 secundum
3031 1104 3493 1176 dispensationem
3535 1108 3783 1177 corporis

2188 1194 2454 1250 minorem
2503 1196 2791 1251 Psalmista
2849 1204 3167 1252 cantaverat
3204 1196 3437 1253 dicens:
3494 1197 3780 1254 Hinorasti

2188 1303 2308 1341 eum
2329 1288 2488 1359 paulo
2510 1290 2685 1344 minus
2709 1290 2773 1344 ab
2806 1288 3040 1360 angelis;
3076 1297 3132 1344 et
3157 1297 3382 1344 tantum
3399 1305 3499 1344 sua
3526 1291 3693 1347 verba
3725 1293 3780 1346 in

2182 1378 2456 1449 principio
2475 1379 2708 1443 valuisse
2737 1380 3074 1435 demonstrat
3091 1387 3150 1433 ut
3174 1378 3351 1451 angeli
3374 1388 3706 1449 putarentur
3727 1388 3784 1436 et

2189 1466 2412 1524 Christi.
2452 1470 2513 1527 In
2550 1471 2872 1527 memoriam
2903 1477 3121 1527 revocat
3151 1470 3258 1525 illis
3294 1478 3508 1541 tempus
3562 1474 3783 1541 quando

2187 1564 2425 1638 primum
2452 1562 2762 1632 praedicavit
2794 1561 2901 1617 illis
2941 1561 3288 1632 Evangelium
3333 1560 3450 1617 Dei.
3479 1562 3604 1631 Ipso
3633 1563 3781 1617 enim

2191 1668 2431 1728 tempore
2454 1656 2667 1728 injuriis
2695 1658 2956 1727 agebatur
2986 1657 3302 1730 Apostolus,
3338 1666 3393 1714 et
3419 1658 3665 1715 caedibus
3699 1660 3785 1714 in—

504 1753 623 1824 ipse
672 1736 777 1810 hoc
817 1762 958 1820 erat,
988 1753 1043 1811 id
1068 1762 1180 1820 est,
1222 1753 1420 1819 homo,
1448 1753 1593 1822 quod
1630 1760 1685 1808 et
1707 1753 1786 1808 illi
1821 1771 1835 1808 :
1876 1761 1932 1809 ct
1965 1768 2089 1809 cum
2116 1820 2154 1824 _
2191 1749 2509 1804 ﬁrmabatur
2546 1748 2832 1803 :inﬁrmus
2858 1749 3003 1804 enim
3035 1750 3274 1815 videtur,
3308 1749 3403 1818 qui
3432 1749 3781 1812 humiliatur,

500 1820 697 1900 fuisset
741 1843 798 1903 in
831 1857 1016 1899 errore
1042 1857 1381 1917 persequens
1424 1820 1746 1912 Ecclesium,
1802 1852 2089 1915 correptus
2114 1820 2165 1889 Π
2191 1849 2249 1898 et
2280 1857 2389 1898 non
2420 1842 2626 1897 resistit
2672 1849 2899 1912 propter
2932 1843 3274 1913 evangelium
3324 1843 3440 1898 Dei.
3486 1842 3554 1899 Et
3583 1843 3639 1898 in
3676 1843 3784 1901 hoc

503 1934 772 1991 convertit
797 1949 874 2000 se,
907 1942 963 1989 et
994 1934 1128 1991 dicit
1157 1953 1170 1988 :

573 2024 821 2093 Fratres,
848 2028 1059 2083 obsecro
1085 2043 1198 2093 vos,
1226 2025 1360 2080 nihil
1400 2043 1482 2080 me
1510 2025 1742 2082 lwsistis.
1793 2027 1953 2083 Scitis
1990 2044 2087 2081 au-

502 2128 606 2175 tem
629 2118 754 2190 quia
799 2135 892 2189 per
933 2117 1294 2186 inﬁrmitatem
1331 2119 1505 2177 carnis
1550 2119 1901 2189 euangelizavi
1945 2120 2084 2174 vobis

489 2207 844 2280 jampridem,
863 2216 910 2263 et
933 2209 1269 2263 tentationem
1293 2219 1538 2274 uestram,
1567 2226 1684 2280 qua?
1710 2221 1820 2264 erat
1848 2211 1902 2264 in
1928 2228 2085 2266 carne

383 2315 399 2333 ·
501 2315 645 2365 mea,
674 2316 779 2354 non
799 2298 1087 2369 sprevistis,
1117 2315 1278 2369 neque
1309 2300 1577 2370 respuistis
1603 2315 1622 2354 :
1653 2300 1744 2355 sed
1772 2301 1905 2356 sicut
1933 2318 2087 2372 angee

501 2389 614 2445 ium
647 2390 744 2444 Dei
774 2390 1044 2460 excepistis
1076 2406 1177 2456 me,
1214 2392 1353 2446 sicut
1379 2389 1647 2447 Christum
1690 2393 1892 2449 Iesum.
1930 2394 2085 2453 Nunc

500 2478 694 2535 mitius
708 2479 819 2552 agit
839 2495 961 2535 cum
975 2479 1074 2548 eis,
1097 2487 1153 2536 et
1171 2481 1314 2537 bona
1337 2496 1526 2538 eorum
1546 2482 1735 2553 incipit
1754 2500 2083 2553 memorare,

498 2578 563 2626 ut
583 2578 708 2642 post
731 2585 956 2642 magnas
977 2571 1345 2643 correptiones
1371 2572 1513 2629 bona
1540 2589 1706 2645 opera
1732 2590 1828 2635 sua
1863 2576 2085 2632 audien-

496 2671 585 2720 tes
615 2671 1014 2730 recrearentur,
1056 2672 1112 2719 et
1154 2662 1282 2723 data
1323 2681 1490 2736 opera
1534 2665 1984 2733 rel'ormarentur,
2015 2684 2085 2725 ne

495 2753 966 2827 objurgationibus
1017 2757 1219 2813 diutius
1271 2758 1445 2828 pressi
1512 2760 1823 2830 asperiores
1885 2760 2084 2827 ﬁerent

495 2846 827 2902 exacerbati.
865 2846 934 2905 Et
978 2853 1061 2902 est
1086 2862 1283 2907 sensus,
1319 2865 1332 2905 :
1380 2846 1617 2917 Quando
1635 2849 1788 2904 vobis
1841 2850 2081 2921 primum

496 2936 837 3008 evangelium
874 2937 1210 3003 annuntiavi,
1228 2945 1283 2992 et
1304 2947 1527 3011 propter
1553 2939 1928 2995 inﬁrmitatem
1963 2956 2083 2996 car-

496 3026 586 3083 nis
612 3036 826 3094 vestrai,
864 3027 991 3097 quia
1015 3042 1122 3089 non
1148 3028 1409 3098 poteratis
1434 3036 1774 3085 sacramenta
1803 3031 2080 3101 suscipere

494 3114 722 3188 majora,
753 3118 1042 3190 praedicavi
1067 3120 1222 3181 vobis
1245 3122 1400 3201 quasi
1429 3122 1689 3192 parvulis,
1719 3130 1774 3179 et
1814 3123 2077 3195 meipsum

494 3210 770 3267 inﬁrmum
795 3227 914 3268 esse
958 3212 1233 3279 simulavi,
1264 3223 1325 3269 ut
1356 3230 1454 3271 vos
1496 3215 1742 3274 inﬁrmos
1790 3217 2077 3275 lucriface-

492 3316 612 3358 rem
644 3301 872 3359 {Nonne
894 3304 1047 3375 quasi
1071 3304 1315 3377 angelum
1339 3306 1438 3363 Dei
1462 3310 1762 3379 suscepistis
1796 3327 1898 3376 me,
1925 3312 2078 3383 quasi

494 3389 761 3446 Christum
791 3393 1018 3449 Iesum?
1061 3393 1197 3451 Cum
1246 3398 1411 3468 igitur
1438 3400 1493 3460 iu
1522 3400 1669 3465 nullo
1708 3417 1795 3456 me
1822 3402 1912 3459 illo
1942 3412 2079 3459 tem-

491 3494 626 3551 pore
653 3479 934 3547 laeseritis,
980 3490 1035 3538 et
1082 3499 1171 3539 me
1199 3486 1368 3541 vestri
1398 3503 1563 3543 causa
1606 3490 1863 3546 humilem
1915 3500 2078 3562 atque

429 3573 435 3580 '
494 3568 765 3639 deiectum
786 3569 1018 3627 similem
1045 3571 1139 3629 Dei
1164 3572 1304 3629 Filio
1327 3578 1666 3645 putaveritis,
1695 3581 1966 3649 quomodo
2010 3583 2077 3638 ad

492 3663 701 3741 majora
731 3680 827 3721 vos
852 3681 1154 3737 provocans
1179 3668 1348 3726 laidor
1375 3656 1585 3735 a'vobis
1610 3673 1885 3744 perdendo
1921 3674 2075 3729 labo-

482 3746 609 3809 rem
649 3770 850 3823 meum,
875 3767 930 3814 et
957 3759 1416 3830 dispensationem
1458 3763 1603 3819 illam
1627 3805 1642 3832 ,
1675 3780 1781 3834 qua
1811 3780 1898 3820 me
1950 3782 2078 3837 par-

489 3844 675 3915 vulum
704 3863 825 3905 esse
848 3849 1272 3916 simulaveram?
1296 3854 1355 3910 In
1383 3871 1449 3912 eo
1472 3857 1618 3913 enim
1648 3857 1789 3913 [redit
1834 3859 2074 3931 discipu-

488 3931 575 4025 ius
608 3937 947 4008 magistrum,
989 3941 1034 3996 si
1064 3956 1163 4012 per
1204 3943 1586 4016 negligentiam
1626 3962 1777 4005 suam
1804 3959 2074 4025 praecepta

487 4021 836 4097 laboremque
858 4030 974 4100 ejus
1005 4034 1233 4104 spernit.

559 4114 633 4170 Et
670 4121 1009 4187 tentationem
1057 4135 1282 4183 vestram
1318 4127 1376 4181 in
1405 4145 1562 4197 carne
1605 4148 1722 4186 mea
1774 4149 1881 4187 non
1921 4149 2069 4203 spre-

487 4210 656 4277 uistis,
693 4230 859 4286 neque
889 4218 1180 4288 respuistis.
1213 4220 1432 4276 Tentati
1460 4230 1587 4278 sunt
1625 4225 1769 4280 enim
1798 4241 1922 4280 cum
1949 4241 2072 4296 per—

487 4303 824 4367 secutionem
853 4314 1133 4376 pateretur
1157 4308 1470 4378 Apostolus,
1498 4320 1683 4369 utrum
1730 4315 1926 4371 timore
1978 4317 2073 4373 de-

486 4400 734 4449 sererent
753 4408 902 4463 eum,
922 4411 990 4451 an
1018 4398 1285 4463 cbaritate
1307 4401 1775 4471 amplecterentur.
1808 4405 1874 4459 Et
1894 4420 2072 4476 neque

2189 1932 2373 1991 laudat
2401 1930 2786 1991 conscientiam
2815 1947 3025 1998 eorum,
3056 1934 3182 2003 quia
3218 1950 3325 1989 non
3354 1943 3482 1990 sunt
3512 1935 3781 1990 abstracti

2186 2038 2218 2078 a
2259 2022 2382 2078 ﬁde.
2424 2022 2625 2092 lujuria
2654 2023 2797 2078 enim
2839 2022 3082 2094 Apostoli
3130 2024 3357 2079 tentatio
3401 2032 3524 2079 erat
3557 2023 3781 2079 Galata-

2186 2130 2329 2180 rum,
2358 2113 2414 2168 in
2446 2130 2552 2184 qua
2581 2113 2723 2168 ﬁrmi
2773 2112 2980 2177 inventi
3023 2120 3184 2178 sunt,
3228 2129 3337 2169 non
3365 2113 3680 2173 dubitantes
3710 2113 3781 2169 de

2185 2206 2312 2272 ﬁde,
2344 2213 2566 2276 possent
2591 2205 2735 2260 enim
2766 2204 3078 2265 scandalum
3101 2205 3251 2276 passi
3280 2205 3461 2271 dicere
3498 2224 3510 2260 :
3536 2204 3670 2272 Quae

2183 2297 2378 2359 virtus,
2427 2305 2522 2352 aut
2549 2312 2672 2367 spes
2701 2297 2755 2351 in
2794 2298 2899 2352 hac
2946 2296 3082 2363 fide,
3110 2298 3327 2368 quando
3371 2298 3628 2353 minister
3656 2299 3778 2367 ejus

2184 2388 2264 2444 sie
2293 2387 2643 2443 bumiliatnr?
2667 2386 2775 2443 Sed
2810 2387 2939 2457 quia
2958 2387 3071 2456 jam
3122 2389 3361 2444 animum
3404 2387 3609 2445 futuris
3651 2404 3776 2460 spe-

2183 2482 2285 2537 bus
2338 2480 2691 2535 infercierant
2720 2488 3016 2550 praesentes
3043 2480 3221 2535 exitus
3261 2495 3362 2551 pro
3410 2479 3619 2535 Christi
3669 2496 3774 2536 no-

2183 2571 2329 2627 mine
2360 2586 2466 2626 non
2495 2571 2970 2641 pertimescebant,
3003 2571 3137 2625 certi
3165 2571 3325 2626 fidem
3362 2580 3607 2626 nostram
3664 2588 3774 2628 non

2184 2661 2237 2716 in
2260 2661 2444 2727 terris,
2471 2661 2563 2717 sed
2599 2661 2652 2715 in
2678 2660 2834 2717 ctelis
2860 2661 3061 2718 habere
3091 2661 3429 2733 dignitatem,
3470 2669 3529 2716 et
3557 2676 3661 2732 pro
3685 2662 3779 2721 his

2182 2754 2627 2815 tribulationibus
2660 2768 2854 2825 magna
2881 2754 3100 2825 rependi
3124 2755 3364 2830 praemia.
3395 2752 3486 2809 Sic
3512 2756 3775 2811 ruborem

2182 2844 2289 2901 illis
2328 2844 2538 2908 incutit,
2571 2845 2699 2914 quia
2747 2852 2871 2915 post
2919 2846 3034 2900 hinc
3081 2844 3369 2902 laudabilia
3406 2845 3775 2901 circumventi

2182 2932 2420 3000 fuerant,
2445 2942 2504 2989 ut
2524 2934 2910 3007 vituperabiles
2938 2934 3271 3002 viderentur.

2257 3024 2356 3082 Ubi
2403 3036 2477 3082 est
2502 3043 2623 3097 ergo
2658 3027 2926 3082 beatitudo
2967 3029 3178 3083 uestra?
3218 3026 3595 3082 Testimonium
3626 3029 3771 3082 enim

2181 3117 2422 3190 perhibeo
2461 3117 2602 3174 vobis
2628 3158 2643 3183 ,
2690 3118 2817 3189 quia
2867 3118 2914 3172 si
2952 3118 3068 3187 ﬁeri
3107 3127 3299 3188 posset,
3350 3116 3531 3172 oculos
3572 3128 3775 3172 neruos

2182 3209 2545 3285 eruissetisgt
2587 3209 2862 3281 dedissetis
2909 3209 3058 3265 mihi.
3108 3209 3358 3275 Ostendit
3385 3217 3592 3280 quanta
3640 3222 3770 3262 eum

2180 3301 2446 3357 cbaritate
2470 3300 2831 3377 susceperint,
2858 3308 2913 3355 et
2935 3299 3203 3369 quomodo
3232 3308 3381 3355 totos
3419 3313 3477 3353 se
3518 3298 3642 3381 ejus
3671 3297 3773 3353 do-_

2177 3393 2365 3448 ctrina:
2406 3390 2727 3446 tradiderint
2764 3407 2776 3443 :
2815 3397 2876 3444 ut
2904 3404 3024 3459 quae
3067 3389 3391 3445 charissima
3416 3396 3543 3445 sunt
3569 3402 3771 3457 θοι-ρος

2178 3483 2256 3539 ris
2285 3483 2369 3538 sui
2395 3480 2641 3538 membra
2668 3480 2846 3537 eidem
2894 3481 3025 3537 dare
3047 3488 3308 3551 cuperent
3343 3494 3357 3533 :
3386 3479 3535 3549 quod
3561 3477 3649 3532 vel
3685 3477 3767 3532 sic

2176 3574 2489 3645 evangelico
2519 3573 2715 3639 lumini
2756 3572 2934 3637 vicem
2990 3571 3301 3636 redderent,
3333 3569 3376 3625 si
3404 3584 3506 3624 sua
3555 3568 3770 3626 lumina

2176 3667 2549 3724 tradidissent.
2578 3665 2858 3733 Quamvis,
2892 3664 3093 3741 inquit,
3116 3677 3215 3718 vos
3259 3677 3325 3717 eo
3352 3669 3623 3731 tempore,
3651 3674 3765 3729 quo

2174 3759 2509 3832 evangelium
2539 3757 2696 3827 juxta
2734 3772 2955 3813 carnem
2983 3754 3345 3827 susceperatis
3382 3753 3574 3807 beatos
3608 3750 3763 3805 dice-

2174 3866 2312 3918 rem,
2339 3851 2483 3920 quod
2511 3851 2566 3907 in
2610 3850 2780 3906 initiis
2831 3834 3163 3913 fervebatisi
3208 3856 3387 3912 tamen
3437 3856 3589 3900 nunc
3633 3858 3763 3914 quia

2172 3960 2282 4005 non
2318 3943 2475 3999 video
2501 3943 2731 3999 aediﬁcio
2778 3942 2990 3998 culmen
3035 3940 3370 4012 impositum,
3412 3946 3467 3995 et
3491 3953 3635 4009 pene
3666 3952 3763 3990 ne-

2171 4037 2464 4111 quidquam
2506 4035 2653 4111 jacta
2681 4034 3020 4099 fundamina,
3055 4020 3221 4105 cogor
3257 4034 3437 4095 dicere
3469 4049 3484 4087 :
3542 4031 3646 4087 Ubi
3675 4039 3761 4085 est

2173 4144 2300 4199 ergo
2343 4110 2618 4184 beatitudo
2672 4136 2894 4193 vestra,
2943 4141 3048 4197 qua
3090 4142 3189 4182 vos
3236 4126 3424 4187 beatos
3477 4122 3755 4191 arbitrans

2171 4226 2296 4277 ante
2322 4218 2641 4273 laudabam?
2665 4215 2805 4272 Vere
2834 4218 2978 4272 enim
2996 4217 3179 4287 etipse
3203 4215 3399 4280 fateor,
3412 4213 3539 4284 quia
3567 4212 3647 4266 sic
3665 4228 3759 4267 me

2170 4310 2326 4377 vobis
2347 4309 2571 4364 humilia
2608 4308 3017 4381 praedicantem,
3045 4309 3131 4364 vel
3176 4307 3638 4380 persecutionibus
3663 4302 3749 4358 af-

2168 4398 2430 4465 ﬁictatum
2470 4399 2524 4455 in
2573 4391 2840 4470 principio
2868 4398 3157 4466 dilexistis,
3204 4406 3264 4453 ut
3306 4398 3353 4454 si
3405 4397 3525 4452 ﬁeri
3569 4404 3755 4468 posset

486 4485 789 4555 sprevistis,
818 4487 1010 4559 inquit,
1044 4497 1300 4562 tanquam
1327 4494 1572 4552 inutilem
1618 4496 1776 4552 istam
1814 4499 2146 4579 tentatio-1)
2172 4493 2540 4565 (hyperbolice
2588 4501 2769 4549 autem
2811 4502 2938 4549 sunt
2976 4493 3290 4564 accipienda
3336 4510 3458 4565 quae
3486 4490 3750 4563 loquitur)

484 4591 634 4643 nem,
660 4591 837 4648 neque
871 4580 1177 4651 respuistis,
1215 4591 1274 4638 ut
1313 4599 1419 4640 non
1452 4585 1801 4656 susciperetis
1826 4603 2068 4643 commu-

482 4667 702 4724 nionem
745 4669 971 4739 periculi
1022 4673 1151 4728 mei.
1192 4671 1381 4730 Potest
1403 4674 1556 4731 locus
1592 4677 1695 4733 iste
1722 4684 1776 4732 et
1810 4677 1883 4733 ita
1925 4680 2068 4735 edis-

482 4758 589 4813 seri
624 4776 637 4812 :
671 4757 897 4827 Quando
919 4762 1045 4821 veni
1075 4763 1145 4818 ad
1171 4779 1287 4830 vos,
1327 4780 1436 4819 non
1464 4766 1585 4820 veni
1617 4767 1670 4821 in
1708 4783 1958 4823 sermone
1981 4786 2068 4825 sa-

481 4850 722 4917 pientiae,
750 4851 846 4908 sed
882 4853 1044 4910 homo
1071 4854 1297 4917 humilis
1323 4864 1485 4925 atque
1521 4866 1882 4928 contemptus,
1932 4860 2065 4915 nihil

481 4955 740 5012 magnum
778 4945 1024 5002 deferens
1066 4945 1171 5002 nisi
1215 4948 1555 5007 cruciﬁxum.
1610 4948 1745 5008 Cum
1773 4951 1941 5023 igitur
1979 4970 2067 5010 me

482 5033 745 5091 videretis
773 5036 827 5091 in
856 5053 1083 5108 corpore
1111 5038 1519 5097 inﬁrmitatibus
1542 5041 1774 5097 obnoxio
1801 5045 2065 5100 constitu-

481 5131 602 5179 tum
633 5138 799 5194 regna
843 5127 1084 5183 coelestia
1109 5130 1478 5199 pollicentem,
1506 5148 1613 5187 non
1658 5132 1931 5201 irrisistis,
1963 5152 2065 5191 nec

481 5213 795 5272 aestimastis
847 5218 1069 5289 dignum
1119 5234 1240 5276 esse
1294 5229 1624 5296 contemptu.
1680 5223 2065 5295 lntelligeliatis

484 5305 682 5379 quippe
718 5309 1078 5367 humilitatem
1125 5314 1306 5368 carnis
1345 5329 1504 5380 meae,
1546 5325 1601 5372 et
1647 5313 1816 5386 ipsius
1845 5318 2064 5375 habitus

479 5395 765 5463 vilitatem,
789 5399 858 5453 ad
883 5411 1120 5457 vestram
1167 5404 1518 5460 tentationem
1548 5405 1684 5460 ﬁeri.
1708 5405 1790 5460 An
1816 5407 2065 5470 videlicet

483 5490 906 5548 contemneretis
950 5506 1105 5559 eum,
1164 5494 1254 5565 qui
1291 5497 1358 5550 ab
1397 5496 1690 5553 incredulis
1739 5499 2063 5556 miserabilis

479 5580 811 5649 putabatttr?
856 5580 963 5636 Sed
1008 5596 1039 5638 e
1083 5594 1271 5640 contra
1322 5585 1472 5641 illum
1527 5587 1820 5655 humilem,
1865 5591 2057 5659 vilem,

482 5679 647 5742 atque
673 5681 1064 5744 contemptum,
1117 5677 1189 5731 ita
1239 5683 1299 5731 ut
1346 5678 1618 5747 angelum,
1653 5688 1708 5734 et
1748 5680 1869 5750 plus
1897 5697 2061 5750 quam

484 5762 732 5847 angelum
762 5765 1092 5836 suscepistis.
1116 5767 1283 5839 Quod
1310 5772 1487 5820 autem
1514 5769 1587 5822 ait
1626 5787 1637 5823 :
1671 5768 1776 5825 Sed
1804 5771 1935 5824 sicut
1965 5788 2061 5825 au-

2171 4586 2450 4642 eruissetis
2481 4586 2637 4652 vobis
2664 4587 2870 4653 oculos,
2894 4595 2950 4643 et
2980 4588 3135 4654 mihi,
3163 4597 3223 4645 ut
3244 4588 3485 4644 omnium
3511 4596 3755 4641 vestrum

2169 4674 2463 4731 luminibus
2478 4677 2598 4747 plus
2612 4691 2911 4743 cernerem,
2930 4679 3233 4741 dedissetis.
3250 4679 3531 4750 Optabatis
3558 4679 3756 4750 quippe

2168 4782 2266 4822 vos
2297 4782 2469 4822 caecos
2515 4784 2637 4824 esse
2666 4784 2763 4840 per
2809 4768 3132 4829 ineﬂ‘abilem
3168 4771 3224 4824 in
3270 4785 3359 4825 me
3386 4769 3711 4833 cbaritatem
3734 4810 3751 4835 ,

2168 4865 2230 4912 ut
2252 4857 2375 4929 plus
2407 4858 2461 4914 in
2488 4874 2610 4913 meo
2635 4846 2797 4921 cerde
2824 4860 3089 4935 evangelii
3117 4860 3293 4914 lumen
3320 4860 3578 4915 oriretur.
3594 4861 3752 4915 Emo—

2167 4946 2469 5002 Iumentum
2500 4964 2680 5003 meum
2713 4950 2910 5005 vestris
2938 4949 3152 5004 damnis
3183 4965 3432 5007 crescere
3461 4950 3749 5013 volebatis,

2167 5045 2223 5093 et
2245 5037 2348 5092 hoc
2374 5035 2464 5092 illo
2491 5045 2753 5107 tempore,
2780 5052 2887 5107 quo
2924 5038 3079 5093 vobis
3124 5039 3282 5108 quasi
3310 5038 3552 5121 parvulis
3589 5048 3749 5109 atque

2164 5128 2505 5192 lactentibus,
2537 5130 2649 5184 sive
2677 5138 2899 5199 propter
2924 5128 3295 5189 inﬁrmitatem
3324 5131 3506 5186 carnis
3531 5138 3744 5194 vestae,

2165 5236 2333 5295 parva
2376 5230 2432 5278 et
2482 5220 2708 5278 humilia
2758 5221 3166 5287 anuuntiabam,
3204 5222 3319 5279 sive
3361 5232 3589 5294 propter
3613 5236 3744 5277 meae

2164 5296 2344 5370 carnis
2396 5312 2623 5382 injurias
2675 5313 2927 5383 indignus
2978 5313 3204 5369 videbar
3250 5313 3376 5375 ﬁde.
3420 5314 3576 5370 Nunc
3618 5327 3747 5368 vero

2164 5404 2288 5476 quia
2324 5403 2393 5460 ab
2442 5404 2724 5459 clementis
2771 5412 2826 5459 et
2864 5403 3106 5475 syllabis,
3164 5413 3220 5460 et
3269 5404 3499 5459 lectione
3552 5402 3743 5473 puerili

2162 5495 2303 5564 οωρί
2332 5509 2430 5550 vos
2457 5486 2777 5562 ad'majora
2806 5493 2983 5549 studia
3010 5509 3330 5566 provocare,
3362 5502 3422 5548 ut
3459 5493 3629 5547 libros
3660 5501 3741 5546 te-

2161 5586 2339 5641 neatis
2360 5586 2415 5640 in
2442 5586 2714 5652 manibus,
2741 5593 2796 5640 et
2824 5594 2885 5639 ut
2911 5586 3069 5656 plena
3090 5584 3409 5641 eruditionis
3433 5592 3489 5638 et
3521 5597 3740 5637 sensum

2162 5681 2327 5735 verba
2358 5680 2599 5744 discatis,
2629 5678 3007 5747 recalcitratis,
3031 5676 3349 5742 irascimini,
3374 5675 3556 5747 gravis
3586 5672 3736 5727 vobis

2162 5769 2374 5825 videtur
2402 5783 2522 5824 esse
2543 5766 2805 5838 perfectio
2845 5768 3235 5833 doctrinarum,
3266 5775 3319 5822 et
3355 5766 3410 5821 in
3439 5771 3650 5821 tantum
3678 5760 3731 5815 iu
