4056 6350
282 354 392 414 885

1243 356 1495 413 manu.
1537 355 1603 411 IN
1642 350 1860 409 EPIST.
1898 351 1962 407 ι).
2003 350 2209 407 mou
2236 350 2329 406 AD
2367 334 2609 407 CA‘LAT.

3429 341 3535 405 886

281 473 424 530 alios
444 472 639 529 mutati
662 472 796 529 estis
819 472 1063 538 aﬂ’ectus,
1094 480 1154 528 ut
1182 487 1290 537 me,
1320 487 1479 541 quem
1507 470 1662 540 quasi
1687 480 1854 538 ange-
1885 464 1937 526 Α
1960 470 2019 517 ut
2043 464 2323 534 utriusque
2370 460 2700 518 anxietatem
2749 466 2803 515 et
2831 457 3089 529 pietatem
3121 458 3178 516 in
3211 474 3271 516 se
3294 459 3540 530 parentis

281 565 399 621 lum
429 573 486 620 et
509 565 783 622 Christum
832 565 1194 635 susceperatis
1212 605 1227 629 ,
1257 565 1345 619 cui
1385 562 1651 619 volebatis
1676 560 1861 615 oculos

284 656 523 723 uadere,
554 671 696 715 nunc
725 656 970 711 habeatis
992 655 1295 721 inimicum,
1317 655 1443 724 quia
1464 653 1619 709 vobis
1647 651 1860 723 plenam

282 748 549 802 annuntio
595 746 905 802 veritatem.
960 745 1247 816 Eleganter
1302 753 1483 803 autem
1536 742 1861 800 sententiam

283 838 619 904 terminavit,
647 839 835 896 dicens
862 857 875 893 :

356 930 500 1000 Ergo
521 932 767 986 inimicus
797 931 937 987 vobis
958 931 1130 1001 factus
1152 948 1267 986 sum
1290 932 1558 986 veritatem
1584 928 1761 984 dicens
1776 943 1864 983 vo-

282 1023 362 1077 bis
380 1024 406 1076 .9
423 1021 549 1078 Haec
570 1032 656 1079 est
676 1032 871 1078 natura
892 1024 1138 1079 veritatis
1156 1066 1171 1087 ,
1190 1038 1250 1079 ut
1271 1038 1392 1079 eam
1414 1022 1712 1078 inimicitiae
1731 1036 1857 1092 pro-

281 1119 599 1182 sequantur,
631 1112 774 1168 sicut
806 1127 906 1182 per
935 1113 1299 1169 adulationem
1331 1113 1651 1184 perniciosae
1678 1111 1867 1167 amiciv.

279 1202 372 1257 tite
397 1211 831 1273 consequuntur;
872 1201 1103 1257 libenter
1124 1203 1267 1258 enim
1288 1202 1430 1273 quod
1460 1201 1687 1257 delectat
1710 1199 1864 1256 audi-

280 1303 410 1346 tur:
441 1290 664 1347 oll‘endit
704 1307 864 1348 omne
894 1293 1038 1362 quod
1083 1293 1352 1349 nolumus.
1399 1291 1552 1347 Sicut
1580 1299 1636 1346 et
1661 1291 1713 1345 hi
1739 1290 1863 1346 dili-

279 1398 409 1454 gere
434 1392 712 1453 coeperant
735 1383 945 1439 sabbati
977 1384 1169 1449 otium,
1202 1393 1257 1439 et
1282 1384 1398 1438 dies
1427 1382 1711 1447 festorum,
1736 1395 1865 1451 epu-

280 1473 364 1530 las
388 1475 748 1546 praedicantes
772 1486 962 1530 contra
989 1474 1330 1544 Apostolum,
1361 1474 1451 1544 qui
1484 1487 1700 1529 omnem
1728 1487 1861 1528 con-

279 1567 566 1644 tinentiam
601 1582 701 1622 suo
726 1567 958 1623 docebat
987 1566 1254 1637 exemplo.

351 1655 703 1712 .Emulantur
742 1674 833 1715 vos
864 1674 969 1712 non
1012 1658 1155 1712 bene.
1189 1658 1246 1712 ld
1279 1664 1364 1713 est
1404 1655 1647 1711 invident
1672 1655 1824 1711 vobis
1846 1697 1861 1720 ,

278 1746 375 1817 qui
417 1760 515 1802 vos
553 1747 804 1803 carnales
833 1747 900 1803 de
930 1746 1261 1816 spiritalibus
1292 1746 1479 1802 volunt
1507 1748 1706 1803 facere.
1746 1745 1861 1800 lloc

1962 563 2277 626 agnoscant.
3566 614 3571 619 .

2033 645 2211 702 Donec
2238 647 2493 718 [armetur
2526 646 2761 701 Utristus
2794 645 2849 698 in
2878 644 3037 698 vobis.
3071 643 3357 699 Formatttr
3392 643 3540 700 enim

1960 736 2210 794 Christus
2237 739 2290 793 in
2316 754 2401 803 eo,
2428 738 2517 808 qui
2548 737 2777 792 formam
2800 735 3009 805 accepit
3029 734 3250 789 Christi.
3284 734 3540 791 Formam

1962 842 2144 887 autem
2188 831 2383 901 accipit
2425 831 2650 896 Christi,
2688 830 2778 901 qui
2826 828 3068 883 adhaeret
3111 826 3348 892 Christo,
3401 827 3538 884 dile-

1961 927 2143 979 ctione
2173 922 2423 993 spiritali.
2472 922 2551 976 Ex
2578 922 2682 977 hoc
2711 921 2857 977 enim
2889 920 2971 984 lit,
3000 927 3062 974 ut
3094 916 3211 987 ejus
3241 918 3540 975 imitatione

1962 1012 2034 1068 sit
2062 1014 2207 1083 quod
2239 1012 2348 1079 ille,
2378 1028 2637 1083 quantum
2669 1013 2838 1083 gradu
2876 1027 2975 1068 suo
3012 1012 3228 1066 sinitur.
3261 1011 3363 1079 Qui
3395 1012 3541 1067 enim

1961 1104 2095 1160 dicit
2118 1120 2181 1160 se
2210 1106 2262 1160 in
2287 1106 2507 1163 Christo
2535 1106 2633 1177 (ait
2659 1105 2917 1174 Joannes)
2948 1121 3188 1170 manere,
3217 1105 3378 1161 debet
3406 1119 3541 1176 quo—

1962 1195 2125 1251 modo
2148 1195 2238 1251 ille
2263 1195 2579 1259 ambulavit,
2612 1204 2666 1251 et
2694 1195 2808 1267 ipse
2833 1195 3130 1251 ambulare.
3164 1195 3270 1251 Sed
3298 1210 3423 1251 cum
3450 1197 3544 1251 ho;

1963 1286 2137 1340 mines
2183 1301 2213 1340 a
2253 1287 2519 1341 matribus
2553 1287 2947 1357 concipiuntur,
2990 1294 3051 1341 ut
3082 1286 3407 1353 formentur,
3428 1285 3541 1355 jam

1963 1379 2179 1435 formati
2230 1388 2413 1435 autem
2457 1381 2853 1453 parturiantur,
2900 1386 2961 1435 ut
3002 1386 3316 1446 nascantur,
3365 1386 3546 1451 potest

1964 1488 2183 1529 movere
2220 1475 2365 1544 quod
2400 1474 2605 1529 dictum
2649 1481 2753 1538 est,
2781 1489 2920 1545 quos
2949 1474 3145 1530 iterum
3176 1473 3424 1544 parturio
3449 1474 3544 1528 do-

1964 1580 2062 1620 nec
2098 1565 2343 1620 Christus
2382 1563 2645 1621 formetur
2686 1566 2740 1622 in
2771 1566 2942 1629 vobis,
2983 1565 3086 1620 nisi
3126 1563 3542 1636 parturitionem

1964 1655 2107 1711 hanc
2134 1670 2234 1725 pro
2264 1670 2520 1712 curarum
2559 1657 2851 1727 angoribus
2890 1656 3124 1725 positam
3160 1654 3543 1727 intelligamus,

1962 1744 2158 1813 quibus
2199 1759 2295 1800 eos
2339 1745 2651 1815 parturivit,
2705 1754 2767 1801 ut
2814 1752 3172 1800 nascerentur
3222 1745 3277 1800 in
3303 1744 3544 1801 Christo.

276 1844 365 1892 est
388 1837 711 1893 aemulantur
739 1853 846 1894 non
869 1838 1028 1903 bene,
1068 1838 1268 1893 invidia
1294 1836 1601 1893 Judazorum
1639 1836 1861 1892 subver-
1890 1816 1936 1875 Β
1964 1835 2032 1889 Et
2057 1836 2253 1889 iterum
2285 1836 2519 1906 parturit
2547 1844 2767 1908 propter
2797 1836 3037 1907 pericula
3071 1836 3404 1893 seductionis
3430 1836 3548 1906 qui-

277 1942 370 1981 sos
396 1941 489 1981 eos
515 1927 801 1999 signiﬁcat.
837 1927 1090 1983 Videntes
1112 1928 1256 1982 enim
1282 1929 1361 1983 sic
1380 1928 1499 1984 illos
1519 1929 1784 2000 proficere
1806 1931 1859 1985 in

277 2016 594 2088 Evangelio,
639 2026 693 2073 et
718 2025 923 2073 tantam
970 2019 1171 2076 habere
1195 2021 1517 2075 cbaritatem
1555 2022 1607 2075 in
1633 2021 1864 2090 Aposto-

275 2107 393 2162 tum
440 2108 494 2163 id
530 2116 782 2180 egerunt,
828 2119 1099 2179 quatenus
1145 2109 1265 2165 illos
1308 2111 1640 2181 deciperent.
1694 2111 1864 2166 Erant

274 2197 423 2254 enim
454 2197 587 2268 legis
626 2213 790 2256 causa
824 2197 1081 2269 Apostolo
1121 2199 1346 2266 inimici,
1395 2208 1455 2254 ut
1481 2209 1737 2255 manente
1764 2215 1861 2256 no-

273 2288 422 2347 mine
453 2287 774 2354 Salvatoris,
807 2288 1050 2346 facerent
1078 2306 1173 2347 eos
1199 2291 1440 2359 Judeos,
1474 2293 1772 2364 gaudentes
1806 2293 1861 2350 in

270 2380 556 2438 eversione
585 2397 795 2438 eorum.
823 2381 940 2438 Non
976 2384 1119 2438 enim
1145 2384 1512 2454 patiebantur,
1542 2391 1601 2438 ut
1630 2385 1862 2458 gratiam

270 2470 597 2547 promissam
630 2471 882 2526 audirent
926 2471 1322 2529 incircumcisis
1366 2472 1619 2539 gentibus
1654 2473 1858 2528 datam.

271 2563 401 2619 Ideo
447 2564 747 2620 imitatores
777 2581 904 2621 suos
946 2566 1065 2621 illos
1094 2566 1381 2621 voluerunt
1422 2566 1537 2623 fieri
1612 2576 1673 2622 ut
1710 2584 1863 2625 more

269 2666 462 2711 eorum
492 2655 1031 2711 circumciderentur.

342 2743 450 2800 Sed
472 2744 765 2813 excludere,
798 2745 989 2818 inquit,
1019 2764 1106 2802 vos
1148 2746 1326 2803 volunt
1353 2765 1375 2803 :
1401 2759 1457 2803 ut
1486 2749 1610 2804 illos
1648 2749 1862 2804 temule-

269 2834 565 2919 ntinitiloc
587 2846 694 2903 est,
742 2838 1047 2894 imitemini.
1078 2840 1379 2908 Quomodo,
1411 2842 1514 2897 nisi
1544 2850 1601 2897 ut
1630 2842 1861 2898 servitu-

271 2930 347 2985 tis
369 2928 501 3002 jugo
525 2932 895 2998 detineamini,
923 2934 1064 2989 sicut
1092 2934 1195 3005 ipsi
1222 2934 1566 2990 detinentur?
1593 2934 1862 3006 Loquitur

268 3022 456 3092 itaque
485 3022 710 3089 Calatis,
737 3024 828 3093 qui
858 3023 928 3079 ab
955 3026 1317 3081 assertoribus
1340 3025 1476 3098 legis
1512 3025 1719 3082 inducti
1747 3025 1863 3082 fue-

268 3120 416 3177 rant,
443 3121 502 3167 ut
525 3129 619 3169 eos
645 3113 1009 3181 imitarentur,
1038 3130 1162 3171 cum
1195 3115 1270 3171 illi
1300 3116 1481 3186 potius
1513 3114 1735 3171 Galatas
1759 3116 1855 3171 de-

266 3206 490 3261 buerint
518 3206 720 3260 imitari
747 3224 760 3260 :
796 3208 922 3276 quia
953 3207 1197 3262 naturale
1224 3216 1327 3274 est,
1361 3205 1626 3277 majorem
1653 3207 1721 3263 de
1750 3208 1855 3285 mi-

266 3300 410 3364 nori,
440 3315 545 3354 non
576 3300 839 3355 minorem
871 3300 987 3355 fieri
1020 3302 1087 3356 de
1122 3300 1345 3371 majore.

340 3390 546 3452 Bonum
592 3392 911 3447 a'mulemini
953 3394 1009 3448 in
1044 3393 1176 3450 bono
1220 3413 1441 3468 semper.
1490 3397 1547 3453 Id
1578 3407 1662 3455 est
1690 3399 1856 3459 nolite

269 3491 574 3542 assertores
623 3481 861 3539 Iudaicae
914 3486 1309 3543 observationis
1372 3488 1596 3556 imitari,
1648 3490 1743 3546 sed
1790 3506 1855 3546 ea

244 3574 391 3651 qua:
420 3576 561 3635 bona
590 3583 717 3631 sunt
748 3577 1056 3632 imitemini.
1089 3577 1369 3645 Quomodo
1413 3580 1559 3634 enim
1600 3580 1693 3651 qui
1720 3580 1856 3636 divi-

266 3667 396 3731 tias,
431 3666 750 3735 potentiam,
800 3667 1137 3737 dignitatem,
1183 3667 1411 3738 alicujus
1441 3670 1704 3736 imitatur,
1748 3687 1855 3726 non

263 3767 381 3814 tam
424 3758 595 3824 bona,
630 3773 794 3829 quam
830 3774 895 3813 ea
933 3774 1053 3830 quae
1093 3758 1344 3830 fugienda
1370 3768 1514 3826 sunt,
1539 3759 1851 3816 atmulatur:

265 3850 345 3905 ita
373 3860 428 3905 et
455 3867 553 3905 vos
599 3866 630 3906 e
677 3852 955 3906 contrario
992 3852 1195 3907 bonum
1224 3852 1550 3908 aemulemini
1582 3853 1637 3907 in
1676 3853 1851 3920 bono,

266 3942 445 4013 magis
478 3950 786 4012 qumrentcs
811 3942 1099 4014 spiritalia,
1130 3959 1291 4013 quam
1321 3943 1562 3998 carnalia
1610 3962 1621 3996 :
1658 3951 1716 3997 ut
1746 3959 1853 3997 non

265 4018 345 4087 illi
379 4048 476 4087 vos
497 4031 735 4101 Judaeos,
765 4035 860 4089 sed
885 4050 979 4089 vos
1010 4034 1132 4091 illos
1157 4035 1497 4091 Christianos
1520 4049 1639 4090 csse
1661 4035 1854 4090 docea-

265 4124 359 4184 tis.
397 4123 511 4181 Hoc
542 4136 720 4182 autem
749 4127 911 4182 facite
939 4143 1183 4198 semper,
1208 4137 1268 4184 ut
1291 4128 1658 4199 perseveranti
1684 4128 1853 4199 gradu

263 4214 334 4277 ad
372 4215 529 4270 tinem
556 4217 683 4273 boni
713 4219 894 4289 operis
917 4220 1201 4288 pervenire
1231 4220 1472 4292 possitis.
1503 4218 1856 4275 Emulemini

264 4306 534 4378 siquidem
556 4308 756 4363 bonum
785 4309 838 4365 in
866 4309 1028 4376 bono,
1061 4319 1120 4365 ut
1148 4312 1300 4382 prius
1329 4329 1452 4367 cum
1483 4314 1625 4385 apud
1650 4329 1747 4368 vos
1768 4329 1853 4370 cs-

263 4409 408 4462 sem,
426 4397 817 4471 quipostquam
840 4414 870 4452 a
899 4400 1052 4454 vobis
1078 4401 1305 4466 recessi,
1318 4402 1499 4456 omnia
1530 4418 1651 4474 qua:
1677 4403 1854 4459 credi-

1963 1925 2064 1980 bus
2091 1941 2186 1981 eos
2225 1927 2539 1983 conturbari
2568 1928 2735 1993 videt,
2785 1928 3088 1984 sollicitudo
3116 1937 3298 1985 autem
3340 1929 3453 1994 illa,
3490 1939 3548 1985 et

1963 2033 2091 2073 cura
2130 2018 2197 2073 de
2228 2018 2353 2084 illis,
2384 2019 2511 2089 quia
2554 2034 2613 2075 sc
2650 2019 3048 2093 quodammodo
3087 2022 3360 2091 parturire
3392 2022 3539 2087 dicit,

1962 2115 2073 2161 tam
2100 2108 2191 2162 diu
2213 2123 2333 2162 esse
2360 2108 2579 2179 poterit,
2609 2108 2780 2164 donec
2806 2110 3124 2180 perveniant
3151 2111 3206 2164 in
3234 2125 3545 2167 mensuram

1961 2197 2138 2255 atatis
2176 2195 2527 2268 plenitudinis
2552 2198 2779 2265 Christi,
2820 2209 2881 2255 ut
2915 2199 3029 2269 jam
3070 2214 3177 2256 non
3223 2212 3545 2258 moveantur

1961 2288 2108 2343 omni
2149 2298 2316 2345 vento
2349 2290 2631 2346 doctrinm.
2671 2290 2790 2347 Non
2824 2306 2955 2363 ergo
2984 2301 3206 2363 propter
3241 2292 3455 2348 initium
3490 2296 3545 2347 tto

1962 2377 2067 2445 dei,
2096 2380 2354 2449 quoniam
2386 2382 2501 2439 nati
2538 2390 2718 2449 erant,
2740 2383 2835 2439 sed
2869 2391 3091 2455 propter
3127 2384 3314 2450 robur,
3336 2392 3393 2439 et
3415 2400 3543 2455 per-

1963 2469 2252 2526 fectionem
2292 2472 2495 2528 dictum
2531 2481 2648 2539 est,
2691 2476 2863 2530 donec
2902 2473 3167 2533 formetur
3200 2473 3450 2531 Christus
3488 2476 3547 2530 in

1962 2560 2137 2616 vobis.
2180 2561 2308 2618 Sive
2343 2562 2521 2629 aliter,
2554 2563 2823 2619 formatur
2850 2563 3103 2620 Christus
3139 2564 3193 2619 in
3223 2565 3387 2621 corde
3427 2580 3549 2621 ere-

1962 2650 2237 2719 dentium,
2281 2669 2404 2708 cum
2447 2654 2629 2709 omnia
2683 2653 2790 2710 illis
2830 2663 3174 2711 sacramenta
3217 2656 3546 2726 panduntur,

1962 2753 2017 2797 et
2042 2759 2106 2798 ea
2131 2760 2251 2813 quae
2285 2745 2517 2800 obscura
2545 2745 2888 2811 videbantur,
2918 2746 3207 2817 perspicua
3242 2746 3398 2801 ﬁunt.

2049 2835 2240 2892 Vellem
2285 2838 2460 2892 autent
2506 2854 2616 2903 esse
2654 2837 2798 2909 apud
2845 2854 2964 2902 vos,
3027 2847 3077 2892 et
3117 2847 3325 2894 mutare
3372 2852 3547 2892 vacem

1964 2947 2155 2998 meam,
2182 2932 2435 3003 quoniam
2468 2930 2767 3002 confundor
2803 2930 2861 2985 in
2898 2930 3063 2985 vobis.
3108 2929 3251 2997 Quid
3281 2929 3428 2985 aliud
3463 2931 3545 2985 ine

1965 3021 2255 3094 telligatur,
2294 3023 2398 3077 nisi
2436 3022 2561 3092 quia
2602 3021 2798 3077 ﬁliolos
2841 3035 2969 3077 suos
3004 3035 3126 3076 esse
3164 3020 3395 3085 dixerat,
3419 3037 3546 3091 par-

1968 3129 2098 3169 cens
2135 3113 2237 3179 eis,
2282 3113 2514 3169 fortasse
2556 3128 2623 3168 ne
2668 3112 2940 3169 severiore
2985 3112 3356 3184 objurgatione
3397 3127 3546 3168 eomt

1964 3204 2097 3258 moti
2137 3203 2293 3260 facile
2328 3204 2381 3258 in
2410 3203 2491 3259 eis
2531 3203 2713 3257 odium
2754 3203 3136 3258 traduceretur
3182 3218 3212 3255 a
3241 3201 3543 3272 deceptori-

1957 3295 2061 3351 hus
2099 3294 2223 3359 illis,
2272 3295 2471 3366 quibus
2506 3293 2703 3349 absens
2748 3308 2855 3349 non
2896 3300 3079 3363 posset
3120 3294 3397 3359 resistere,
3430 3304 3541 3350 non

1956 3388 2135 3443 video.
2187 3386 2380 3442 Vellem
2406 3403 2550 3458 ergo,
2578 3403 2717 3442 nunc
2744 3386 2928 3443 adesse
2949 3386 3090 3456 apud
3119 3402 3229 3452 vos,
3259 3396 3309 3440 et
3334 3394 3542 3440 mutare

1958 3496 2128 3536 rocem
2161 3497 2356 3546 meam,
2388 3480 2443 3535 id
2475 3487 2576 3543 est,
2610 3493 2811 3550 negare
2844 3494 2941 3534 vos
2971 3478 3129 3545 filios,
3152 3479 3278 3549 quia
3316 3477 3543 3534 confulta

1956 3574 2056 3628 dor
2092 3571 2147 3627 in
2186 3572 2356 3628 vobis.
2404 3571 2572 3628 Malos
2602 3572 2748 3628 enim
2796 3571 2957 3637 filios,
2992 3588 3061 3626 ne
3110 3572 3178 3627 de
3216 3571 3301 3627 his
3344 3573 3545 3629 erube-
3627 3622 3633 3627 .

1955 3674 2131 3733 seant,
2153 3666 2318 3721 etiam
2348 3674 2603 3737 parentes
2634 3665 2891 3723 abdicare
2919 3666 3117 3731 solent,
3148 3666 3274 3736 quia
3304 3665 3545 3721 scribere

1956 3764 2108 3812 tanta
2146 3773 2254 3814 non
2305 3773 2551 3828 possum,
2597 3766 2801 3827 quanta
2849 3771 2945 3813 vos
2990 3757 3178 3812 audire
3223 3756 3537 3821 meremini;

1956 3850 2211 3919 quoniam
2243 3849 2470 3920 epistola
2506 3864 2612 3904 non
2650 3858 2830 3920 potest
2858 3864 3048 3904 vocem
3076 3847 3412 3920 objurgantis
3446 3863 3543 3903 ex-

1955 3939 2213 4009 primere.
2263 3938 2380 3994 Non
2414 3939 2559 3993 valet
2595 3940 2883 3994 irascentis
2924 3955 3181 3995 resonare
3224 3939 3539 4005 clamorem,

1956 4038 2014 4087 et
2042 4029 2282 4086 dolorem
2314 4030 2552 4101 pectoris
2583 4030 2828 4101 apicibus
2870 4032 3144 4101 explicare
3177 4049 3189 4084 :
3216 4031 3340 4101 quia
3367 4031 3539 4086 detri-

1956 4129 2198 4176 mentum
2256 4121 2645 4193 discipulorum
2693 4121 2942 4177 confusio
2978 4131 3031 4177 et
3066 4123 3416 4195 approbrium
3457 4133 3544 4179 est

1956 4210 2223 4282 magistri,
2268 4212 2410 4268 sicut
2448 4210 2728 4282 profectus
2765 4228 2955 4270 eorum
2999 4214 3169 4285 gloria
3207 4224 3294 4273 est
3332 4229 3541 4287 praece-

1954 4302 2147 4371 ptoris.
2181 4302 2543 4361 Coufunditur
2578 4318 2708 4378 ergo
2745 4304 2803 4360 in
2842 4305 2944 4372 eis,
2971 4306 3095 4375 quia
3120 4304 3234 4375 jam
3263 4306 3356 4361 lilii
3387 4305 3539 4371 facti,

1956 4394 2099 4448 servi
2128 4381 2252 4453 ease
2276 4394 2575 4452 desierant.

265 4485 455 4542 deram
496 4488 831 4559 perdidistis,
883 4488 950 4544 de
997 4490 1235 4547 statione
1260 4498 1411 4545 certa
1459 4501 1515 4546 et
1558 4493 1665 4548 fido
1692 4501 1849 4562 portu
1877 4520 1932 4582 Ι)
2029 4484 2198 4582 ρὶεὲιε
2236 4487 2395 4554 mihi,
2437 4489 2529 4559 qui
2572 4489 2667 4544 sub
2708 4488 2820 4561 lege
2857 4488 3013 4545 vultis
3051 4506 3190 4555 esse,
3230 4488 3393 4582 legem
3435 4504 3541 4547 tum

264 4593 483 4635 rursum
514 4579 568 4635 in
599 4579 766 4637 altum
800 4582 940 4636 unda
981 4582 1257 4637 relabente
1287 4584 1572 4638 subtracti.
1602 4583 1713 4640 Nec
1754 4585 1855 4639 mi-

268 4682 415 4734 rum,
450 4668 495 4722 si
549 4670 835 4728 recedente
862 4668 1154 4744 Apostolo,
1189 4686 1315 4726 vase
1360 4671 1659 4739 electionis,
1707 4682 1763 4728 et
1800 4673 1856 4729 in

261 4772 374 4838 quo
402 4759 653 4815 Christus
683 4761 941 4816 Dominus
970 4760 1314 4834 loquebatur,
1342 4762 1551 4819 Galatae
1578 4771 1707 4818 sunt
1730 4780 1851 4819 mu-

264 4847 365 4901 tati
401 4863 523 4902 cum
554 4849 716 4903 etiam
745 4865 885 4906 nunc
912 4866 1198 4906 cernamus
1223 4852 1277 4906 in
1307 4852 1564 4912 Ecclesiis
1590 4854 1645 4909 id
1675 4854 1851 4925 ipsum

262 4943 406 4998 ﬁeri.
446 4944 639 5000 V'olens
682 4946 847 5016 igitur
892 4946 1091 5003 Paulus
1135 4949 1423 5004 ostendere
1469 4950 1847 5022 magistrorum

260 5047 367 5103 pro
413 5033 689 5104 discipulis
736 5035 1183 5104 sollicitudinem,
1222 5055 1359 5109 quos
1399 5040 1675 5110 patiantur
1719 5041 1849 5100 alic-

262 5131 419 5190 ctus,
452 5142 519 5181 ne
558 5136 857 5182 sectatores
881 5129 963 5184 sui
989 5130 1242 5185 excidant
1264 5148 1295 5185 a
1319 5132 1512 5198 salute,
1544 5133 1621 5188 ait
1646 5152 1659 5186 :

330 5214 518 5270 Filioli
545 5216 669 5281 mei,
694 5234 824 5288 quos
852 5219 1040 5272 iterum
1066 5222 1326 5290 parturio.
1355 5221 1460 5277 Per
1492 5223 1844 5294 Evangelium

260 5307 321 5367 In
356 5307 531 5362 lucem
565 5308 842 5389 producti,
882 5315 937 5363 et
961 5324 1061 5380 per
1095 5310 1397 5366 doctrinam
1428 5313 1843 5381 geniti,,iterum

266 5414 354 5454 me
392 5398 633 5455 dolorem
672 5399 940 5455 sustinere
982 5397 1208 5467 fecistis,
1247 5403 1485 5457 ostendit
1532 5420 1631 5474 per
1673 5405 1850 5475 perni-

264 5488 493 5543 tentiam
533 5504 628 5544 eos
669 5506 830 5561 posse
864 5491 1097 5545 renasci.
1151 5491 1252 5564 Qui
1281 5495 1425 5548 enim
1464 5494 1517 5551 in
1562 5495 1670 5550 alio
1705 5495 1843 5563 loco,

262 5579 420 5651 quasi
446 5589 603 5651 pater
634 5582 845 5638 dixerat
878 5600 890 5635 :
934 5582 996 5639 Si
1021 5583 1194 5638 decem
1234 5584 1403 5640 millia
1439 5587 1847 5659 otedagogorum

262 5672 499 5727 habeatis
521 5674 577 5728 in
597 5670 828 5740 Christo,
857 5679 948 5730 sed
970 5693 1073 5731 non
1102 5675 1294 5732 multos
1314 5686 1488 5749 patres
1526 5679 1579 5752 (Ι
1600 5680 1723 5735 Cor.
1750 5687 1845 5752 tv),

264 5763 374 5835 iam
401 5778 508 5819 non
530 5766 680 5837 quasi
705 5774 880 5837 pater,
904 5768 997 5826 sed
1017 5776 1073 5825 ut
1088 5777 1259 5825 mater
1280 5770 1517 5842 loquitur
1541 5772 1596 5829 in
1610 5771 1845 5841 Christo,

1956 4577 2181 4649 audistis
2198 4580 2223 4632 ?
2252 4579 2557 4636 Notandum
2588 4582 2762 4654 legem
2788 4584 2878 4639 hic
2905 4584 3105 4639 dictam
3129 4596 3251 4640 esse
3264 4581 3539 4640 Geneseos

1956 4670 2261 4737 historiam,
2291 4689 2397 4728 non
2426 4683 2486 4729 ut
2508 4674 2670 4746 vulgo
2691 4676 2963 4731 aestimant
2986 4692 3108 4747 quae
3134 4675 3379 4735 facienda
3406 4678 3535 4743 sint,

1955 4776 2142 4831 quaeve
2165 4764 2407 4832 vitanda,
2439 4767 2534 4822 sed
2567 4776 2740 4823 totum
2776 4769 2921 4838 quod
2950 4771 3016 4825 de
3038 4768 3313 4825 Abraham
3339 4778 3396 4826 et
3422 4768 3539 4840 ejus

1955 4855 2217 4911 uxoribus
2266 4856 2562 4930 liberisque
2608 4862 2936 4925 contexitur,
2986 4862 3159 4934 legem
3190 4863 3532 4934 appellatam.

1955 4944 2211 5018 Legimus
2243 4958 2300 5004 et
2345 4950 2400 5005 in
2444 4951 2552 5006 alio
2594 4951 2715 5009 loco
2762 4954 3056 5023 prophetas
3102 4967 3316 5023 quoque
3360 4955 3534 5027 legem

1956 5038 2160 5092 vocari.
2208 5038 2375 5094 Audit
2420 5055 2552 5115 ergo
2600 5042 2794 5112 legem,
2846 5043 2936 5113 qui
2971 5044 3126 5115 juxta
3159 5044 3385 5102 Paulum
3428 5058 3537 5104 non

1954 5131 2319 5200 superficiem,
2362 5133 2458 5189 sed
2498 5132 2554 5187 in
2590 5132 2879 5188 medullam
2912 5135 3031 5206 ejus
3059 5135 3381 5207 introspicit.
3414 5137 3535 5195 Non

1955 5222 2104 5277 audit
2141 5222 2336 5297 legem,
2370 5224 2464 5294 qui
2500 5224 2693 5281 similis
2721 5224 2932 5282 Calatis
2963 5227 3293 5284 exteriorem
3320 5218 3533 5287 tantum

1953 5315 2212 5370 corticem
2241 5316 2504 5385 sequitur.

2019 5409 2287 5479 Scriptum
2328 5420 2403 5463 est
2437 5411 2596 5477 enim,
2621 5427 2871 5482 quamam
2915 5414 3183 5470 Abraham
3225 5415 3358 5472 duos
3388 5415 3533 5487 ﬁlios

1950 5498 2132 5552 habuit
2156 5513 2173 5550 :
2198 5515 2358 5554 unum
2383 5504 2447 5555 de
2476 5501 2692 5569 ancilla,
2721 5512 2771 5557 et
2797 5520 2961 5558 unum
2987 5506 3055 5560 de
3081 5504 3266 5562 libera.
3292 5506 3370 5563 De
3391 5507 3533 5563 duo~

1949 5592 2051 5647 bus
2097 5591 2223 5647 ﬁliis
2268 5592 2504 5648 Abrahae
2554 5594 2698 5666 quod
2750 5596 2920 5662 dicit,
2973 5595 3133 5654 facile
3190 5598 3531 5666 intelligitur.

1950 5682 2086 5738 Nam
2131 5696 2185 5739 et
2224 5684 2339 5756 ipse
2371 5687 2660 5745 Apostolus
2708 5688 3099 5762 interpretatur
3142 5694 3284 5749 hanc
3329 5691 3535 5763 allego~

1949 5770 2107 5831 riam.
2145 5775 2248 5832 Per
2278 5778 2376 5834 bos
2402 5779 2547 5835 enim
2575 5779 2711 5838 duos
2736 5780 2874 5839 filios
2900 5782 3178 5841 Abraham
3205 5784 3312 5839 duo
3349 5789 3525 5839 testa-
