4056 6350
542 293 645 350 887

1605 290 1880 350 CLAUDII
1919 288 2379 347 TAURINENSIS
2416 291 2720 351 EPISCOPI

3691 303 3793 364 888

538 416 725 468 menta
760 406 1062 477 signiﬁcata
1098 415 1244 466 sunt.
1300 405 1426 467 Post
1464 413 1693 470 mortem
1732 413 1917 471 autem
1940 403 2112 471 Sarae,
2140 406 2193 465 Α
2217 404 2645 477 expositionibus
2694 405 3013 479 delectatur.
3059 409 3287 478 Quando
3333 426 3462 469 vero
3509 415 3602 472 ad
3631 420 3798 476 subli-

538 518 677 574 quos
704 502 770 557 de
798 500 903 555 alia
947 515 1117 555 uxore
1161 500 1363 570 genuit,
1410 514 1517 554 non
1561 501 1834 570 pertinent
1865 501 1933 556 ad
1974 501 2115 561 hanc

538 592 1005 665 signiﬁcationem.
1043 591 1112 649 Et
1144 591 1266 646 ideo
1304 590 1459 645 multi
1502 590 1742 661 legentes
1773 590 2108 662 Apostolum,

536 684 734 741 librum
783 691 965 738 autem
1011 681 1283 738 Gencseos
1336 682 1679 751 ignorantes.
1726 691 1921 752 putant
1969 683 2114 740 solos

474 776 487 777 ί
537 775 674 833 duos
705 772 846 834 ﬁlios
875 774 1130 829 habuisse
1157 773 1455 828 Abraham.
1492 772 1603 830 Hos
1631 790 1762 846 ergo
1786 774 1929 830 solos
1965 790 2114 833 com-.-

535 876 807 924 memorat
828 867 1138 937 Apostolus,
1169 867 1294 938 quia
1328 867 1473 933 solos
1498 868 1675 929 adhuc
1702 868 1959 935 habebat,
1987 884 2112 925 cum

534 959 654 1016 hate
706 958 1180 1029 signiﬁcarentur,
1235 974 1356 1029 quae
1420 966 1815 1029 consequenter
1869 961 2109 1029 exponit.

535 1048 691 1117 Quod
726 1049 815 1103 ille
844 1046 912 1104 de
936 1048 1151 1113 ancilla,
1182 1064 1302 1119 qua:
1330 1048 1477 1120 Agar
1500 1050 1815 1116 vocabatur,
1843 1056 2001 1106 vetus
2032 1059 2113 1108 te-z

533 1147 865 1196 stamentum
903 1138 1188 1209 signiﬁcat,
1220 1139 1277 1194 id
1302 1148 1387 1195 est
1423 1140 1679 1210 populum
1720 1141 1919 1205 veteris
1948 1150 2112 1198 testas

448 1307 451 1310 ν
533 1230 730 1297 menti,
753 1237 972 1301 propter
992 1229 1180 1301 iugum
1214 1230 1411 1287 servile
1451 1231 1747 1287 carnalium
1778 1232 2112 1291 observatioo

532 1338 688 1389 num,
717 1330 771 1379 et
797 1322 1063 1394 promissa
1115 1332 1347 1391 terrena,
1401 1323 1597 1394 quibus
1644 1324 1860 1387 irretiti,
1890 1332 1946 1382 et
1990 1340 2112 1395 qua)

533 1417 904 1474 tantummodo
939 1424 1221 1487 sperantes
1251 1416 1318 1472 de
1344 1416 1477 1483 Deo,
1512 1432 1620 1473 non
1659 1417 2016 1474 admittuntur
2042 1419 2111 1475 ad

532 1509 905 1569 haereditatem
956 1508 1255 1580 spiritalem
1309 1508 1547 1569 celestis
1598 1509 1934 1579 patrimonii,
1990 1508 2109 1568 Non

533 1609 715 1657 autem
750 1600 945 1658 suiﬁcit
979 1602 1124 1671 quod
1161 1602 1227 1661 de
1259 1600 1428 1657 libera
1453 1616 1625 1656 uxore
1656 1608 1814 1657 natus
1842 1610 1927 1658 est
1957 1600 2110 1658 Isaac

532 1694 603 1750 ad
664 1692 1075 1766 signiﬁcandum
1120 1694 1372 1764 populum
1428 1693 1697 1749 baeredem
1746 1693 1873 1749 novi
1939 1703 2109 1750 testae.

529 1787 740 1843 menti:
780 1785 875 1842 sed
903 1785 1024 1856 plus
1056 1786 1147 1842 hic
1172 1786 1313 1840 valet
1349 1785 1494 1856 quod
1539 1785 1835 1841 secundum
1876 1787 2098 1856 promis-

529 1878 740 1937 sionem
768 1886 929 1936 natus
951 1885 1054 1934 est.
1085 1877 1179 1934 llle
1204 1886 1384 1933 autem
1408 1885 1464 1934 et
1493 1878 1561 1934 de
1585 1877 1805 1944 ancilla,
1830 1886 1886 1934 et
1912 1893 2111 1935 secun-

532 1972 661 2029 dum
695 1984 915 2031 carnem
943 1987 958 2022 ε
988 1967 1141 2025 Sicut
1179 1975 1233 2024 et
1257 1968 1513 2035 Cethura,
1541 1983 1705 2034 quam
1739 1977 1925 2039 postea
1956 1969 2110 2026 duxit

529 2061 830 2126 Abraham,
859 2076 966 2118 non
996 2062 1290 2119 secundum
1316 2059 1755 2132 promissionem,
1787 2059 1881 2115 sed
1919 2075 2111 2115 secum

532 2156 661 2212 dum
690 2169 911 2212 carnem
943 2153 1181 2223 suscepit
1210 2152 1369 2208 ﬁlios.
1419 2151 1570 2207 Isaac
1597 2150 1742 2206 enim
1787 2150 2110 2206 mirabiliter

528 2254 695 2302 natus
730 2254 815 2301 est
837 2261 937 2317 per
971 2244 1466 2316 repromissionem,
1509 2258 1632 2299 eum
1670 2243 1830 2298 ambo
1854 2250 2110 2314 parentes

530 2337 856 2393 senuissent.
918 2335 1071 2404 Quod
1118 2336 1165 2391 si
1207 2335 1331 2393 data
1377 2350 1475 2405 per
1523 2332 1842 2406 Apostolum
1888 2333 2106 2399 ﬁducia,

530 2440 637 2496 qua
686 2426 822 2481 duos
862 2425 983 2481 illos
1033 2425 1318 2495 allegorice
1379 2424 1722 2494 accipiendos
1767 2425 2111 2496 apertissime

528 2513 787 2579 ostendit,
815 2513 1048 2570 voluerit
1073 2513 1272 2583 aliquis
1289 2512 1455 2576 etiam
1481 2512 1730 2569 Cethurae
1756 2513 1896 2571 ﬁlios
1925 2514 1980 2569 in
2012 2514 2110 2569 ali-

527 2621 632 2677 qua
671 2621 855 2665 rerum
881 2606 1054 2678 ﬁgura
1091 2604 1399 2668 futurarum
1438 2605 1705 2676 inspicere
1739 2605 1877 2677 (Non
1903 2604 2106 2662 frustra

527 2698 596 2754 de
626 2697 824 2753 talibus
850 2698 1117 2769 personis,
1147 2696 1614 2761 administratione
1647 2695 1879 2766 Spiritus
1909 2698 2103 2762 sancti,

523 2789 643 2844 hate
669 2796 821 2860 gesta
856 2787 1160 2859 conscripta
1202 2789 1348 2857 sunt)
1388 2787 1627 2851 inveniet
1667 2786 1900 2851 fortasse
1935 2790 2109 2844 haere-

525 2893 617 2934 ses
655 2886 711 2932 et
746 2878 1039 2934 schismata
1071 2875 1402 2947 signiﬁcari:
1442 2877 1569 2947 quia
1626 2877 1663 2930 ii
1702 2876 1795 2931 ﬁlii
1828 2877 1896 2932 de
1935 2876 2106 2933 libera

526 2969 766 3040 quidem,
791 2969 931 3025 sicut
968 2968 1057 3024 isti
1087 2968 1155 3024 de
1179 2967 1422 3023 Ecclesia
1470 2969 1566 3025 sed
1593 2977 1769 3024 tamen
1808 2970 2106 3025 secundum

527 3072 749 3116 carnem
777 3061 887 3118 nati
916 3069 1060 3116 sunt.

601 3150 703 3207 Sed
740 3153 828 3224 qui
869 3152 934 3209 de
966 3150 1191 3219 ancilla,
1232 3153 1518 3209 secundum
1559 3170 1770 3208 carnem
1808 3163 1961 3209 natus
1991 3163 2100 3209 est:

530 3245 636 3311 Qui
663 3254 836 3300 autem
862 3244 927 3300 de
951 3243 1114 3302 libera
1134 3260 1225 3314 per
1250 3244 1723 3315 repromissionem.
1749 3245 1941 3302 Nimia:
1969 3246 2106 3302 ditii-

484 3340 485 3343 “
522 3334 745 3391 eultatis
776 3344 861 3391 est
897 3337 1268 3392 demonstrare
1304 3335 1454 3397 Isaac
1488 3344 1718 3402 tantum,
1749 3337 1838 3407 qui
1869 3336 1937 3393 de
1966 3336 2102 3394 Sara

524 3432 686 3480 natus
724 3434 826 3491 est,
866 3424 1034 3493 fuisse
1073 3427 1140 3482 de
1186 3428 1606 3497 repromissione
1647 3439 1959 3501 generatum
1993 3448 2006 3485 :
2048 3439 2103 3486 et

524 3530 636 3573 non
683 3516 847 3576 etiam
902 3515 1117 3582 Ismael,
1163 3519 1255 3587 qui
1299 3518 1365 3572 de
1408 3517 1554 3590 Agar
1603 3519 1794 3583 ancilla
1821 3528 1905 3575 est
1948 3529 2102 3576 ortus

527 3605 806 3677 Egyptian,
837 3604 1116 3676 Scriptura
1142 3607 1339 3677 quippe
1368 3607 1554 3674 refert,
1585 3608 1728 3680 quod
1763 3625 1884 3665 cum
1919 3626 2102 3680 perse-

527 3706 726 3768 quente
755 3697 911 3768 Sara,
935 3698 1080 3770 Agar
1122 3697 1229 3765 feta
1269 3697 1514 3771 fugisset,
1543 3708 1598 3756 et
1625 3701 1860 3757 venisset
1883 3703 1948 3756 ad
1979 3717 2100 3757 eam

522 3792 748 3864 angelus
784 3792 837 3861 in
881 3791 1096 3848 deserto
1115 3834 1130 3859 ,
1156 3801 1506 3864 moneretque
1538 3801 1601 3848 ut
1628 3792 1983 3861 subjiceretnr
2006 3792 2100 3850 do-

521 3885 685 3947 minae
712 3886 963 3958 potestati
985 3926 1000 3951 ,
1031 3885 1171 3941 idem
1217 3885 1332 3955 ipse
1360 3885 1581 3956 angelus
1617 3886 1779 3941 etiam
1809 3886 1924 3941 hazc
1952 3887 2098 3941 locu-

523 3988 613 4035 tus
637 3978 709 4034 sit
732 3996 743 4031 :
771 3977 826 4032 Μ
833 3978 1130 4051 ultiplicans
1158 3976 1515 4048 multiplicabo
1534 3993 1708 4032 semen
1733 3987 1902 4043 tuum,
1929 3987 1975 4041 et
1999 3995 2104 4043 non

521 4069 885 4129 numerabitur
916 4087 1024 4141 prta
1055 4068 1406 4124 multitudine.
1452 4068 1522 4123 Et
1554 4078 1739 4139 postea
1779 4068 1846 4124 de
1888 4068 2100 4125 lsmaeli

521 4163 669 4234 (qua:
718 4161 902 4231 utique
950 4160 1386 4231 repromissionis
1422 4159 1589 4216 verba
1623 4173 1782 4215 nemo
1807 4158 2098 4229 dubitaret)

521 4256 634 4314 Iste
656 4256 755 4313 erit
784 4255 1082 4312 rusticanus
1105 4254 1259 4317 homo
1284 4272 1302 4308 :
1334 4270 1519 4314 manus
1561 4254 1676 4323 ejus
1716 4269 1873 4323 super
1904 4269 2101 4318 omnes,

523 4358 572 4402 et
600 4364 788 4403 manus
809 4347 1038 4401 omnium
1063 4362 1219 4417 super
1237 4361 1357 4400 eum
1386 4354 1435 4399 et
1455 4355 1638 4407 contra
1661 4345 1850 4416 {aciem
1872 4344 2103 4399 omnium

2134 1753 2182 1812 B

2216 499 2389 557 miora
2433 502 2848 568 transcenderit,
2897 510 2955 556 et
2996 502 3170 576 legem
3213 504 3539 563 intellexerit
3582 511 3798 580 spirita-

2216 588 2344 661 lem,
2389 599 2516 647 tunc
2565 608 2690 659 eum
2740 594 2808 648 de
2856 595 3277 665 repromissione
3323 601 3621 668 generari:
3657 612 3713 658 et
3738 614 3798 661 ut

2216 680 2457 750 apertius
2503 681 2712 753 loquar,
2768 684 3009 753 quotidie
3058 701 3181 752 eos,
3227 687 3321 757 qui
3371 687 3581 748 faciunt
3632 706 3795 764 opera

2213 769 2468 840 Abrahze,
2496 773 2563 839 de
2590 775 2859 830 Abraham
2889 777 3069 831 nasci:
3101 792 3288 833 verum
3319 779 3441 837 illos
3465 782 3560 851 qui
3590 783 3796 841 habent

2213 861 2464 932 spiritum
2500 866 2779 923 servitutis
2816 866 3014 927 iterum
3044 869 3101 924 in
3137 869 3352 936 timore,
3383 887 3453 929 ex
3478 874 3683 930 ancilla
3711 892 3799 948 ge-

2214 954 2395 1006 nerari
2424 952 2702 1027 Egyptia,

2285 1044 2416 1109 Qua:
2445 1057 2565 1102 sunt
2598 1065 2693 1119 per
2719 1048 3023 1120 allegoriam
3057 1053 3219 1117 dicta.
3264 1055 3535 1127 Allegoria
3578 1062 3798 1129 proprie

2213 1132 2279 1195 de
2315 1143 2431 1191 arte
2456 1139 2809 1206 grammatica
2840 1149 2955 1205 est,
2995 1142 3098 1197 hoc
3128 1152 3211 1199 est
3238 1145 3384 1203 aliud
3429 1163 3495 1202 ex
3528 1149 3637 1204 alio
3662 1150 3797 1222 ﬁgu-

2211 1232 2412 1280 ratum.
2458 1227 2615 1283 Dedit
2655 1230 2896 1301 regulam
2924 1232 3215 1303 Apostolus
3243 1237 3514 1304 quomodo
3543 1238 3798 1311 allegori-

2212 1330 2339 1371 zare
2366 1316 2642 1374 debemus.
2671 1320 2892 1377 Scilicet
2919 1332 2979 1377 ut
3002 1332 3256 1380 manente
3276 1327 3505 1383 veritate
3531 1329 3795 1395 historia,

2211 1405 2416 1475 ﬁguras
2460 1408 2842 1482 intelligamus.
2890 1411 3028 1467 Nam
3073 1430 3196 1473 cum
3247 1415 3478 1474 dixisset
3516 1418 3795 1475 Abraham

2209 1516 2337 1556 vere
2386 1504 2522 1559 duas
2565 1520 2765 1561 uxores
2810 1506 2843 1560 b
2883 1506 3097 1573 buisse,
3133 1516 3325 1579 postea
3359 1510 3489 1581 quid
3532 1510 3619 1571 ιιω
3667 1512 3798 1583 ipsa:

2208 1592 2509 1664 ﬁgurarent
2539 1597 2792 1652 ostendit.
2834 1597 2901 1651 Et
2939 1598 3043 1653 hoc
3083 1598 3259 1668 ipsum
3299 1599 3455 1666 facit,
3481 1601 3576 1656 ubi
3613 1602 3795 1673 aliqua

2210 1693 2520 1743 sanctorum
2561 1687 2790 1743 honesta
2835 1687 2977 1744 facta
3025 1688 3357 1755 referuntur,
3398 1707 3507 1746 non
3550 1692 3643 1747 ubi
3670 1709 3791 1764 pec-

2211 1783 2332 1831 cata
2355 1777 2703 1835 damnantur.
2728 1778 2996 1836 Czeterum
3025 1781 3280 1836 derelicta
3307 1784 3567 1853 mysteria
3593 1783 3795 1851 dicere,

2210 1866 2379 1927 Deum
2407 1877 2501 1922 aut
2527 1868 2976 1945 impossibilitatis
3002 1878 3097 1925 aut
3120 1872 3440 1941 ignorantia:
3465 1882 3659 1929 notare
3685 1884 3792 1940 est,

2211 1957 2338 2028 quia
2380 1965 2471 2013 aut
2509 1958 2667 2012 aliter
2706 1969 3047 2016 sacramenta
3088 1976 3187 2016 sua
3216 1971 3520 2017 monstrare
3562 1979 3669 2018 non
3699 1979 3793 2033 po-

2211 2047 2394 2111 tuerit,
2442 2056 2535 2102 aut
2574 2049 2826 2105 nesciens
2863 2051 2970 2105 sibi
3018 2053 3349 2119 necessaria,
3388 2063 3619 2123 peccata
3664 2071 3795 2125 quoe

2213 2139 2459 2201 rumdam
2510 2148 2670 2196 antea
2699 2141 3023 2212 generaliter
3075 2144 3541 2203 condemnaverit.
3592 2145 3795 2202 Deinde

2209 2230 2295 2285 vel
2325 2236 2513 2300 postea
2548 2246 2611 2285 ea
2641 2246 2750 2286 non
2795 2233 3257 2301 reprehendisset,
3279 2242 3335 2287 et
3362 2234 3720 2299 vindicasset,
3748 2237 3795 2291 si

2210 2320 2297 2374 illa
2328 2331 2551 2391 propter
2588 2322 2845 2394 mysteria
2887 2338 2985 2381 sua
3012 2322 3128 2379 ﬁeri
3158 2323 3274 2395 ipse
3300 2323 3586 2381 voluisset.
3644 2325 3795 2382 Prata

2210 2419 2365 2483 cepta
2402 2427 2531 2489 vero
2558 2412 2775 2483 dillicile
2807 2414 3053 2474 invenies
3085 2415 3159 2469 ita
3190 2415 3571 2487 interpretata,
3605 2434 3677 2472 ne
3704 2432 3795 2473 eo-

2210 2519 2330 2558 rum
2356 2504 2606 2559 virtutem
2634 2519 2898 2559 evacuare
2922 2505 3218 2563 videretur.

2281 2594 2414 2649 Htec
2450 2596 2587 2649 enim
2626 2603 2748 2649 sunt
2784 2594 2887 2649 duo
2925 2604 3257 2655 testamenta.
3288 2595 3461 2653 Unum
3485 2600 3702 2669 quidem
3740 2600 3796 2656 in

2210 2696 2383 2742 monte
2411 2687 2567 2754 Sina,
2613 2689 2668 2743 in
2696 2688 2995 2743 servitutem
3035 2706 3306 2761 generatis,
3354 2710 3472 2764 qua:
3515 2703 3594 2748 est
3628 2696 3792 2766 Agar.

2210 2776 2341 2846 Sina
2367 2778 2504 2833 enim
2526 2796 2673 2833 mons
2700 2787 2777 2833 est
2802 2779 2859 2833 in
2880 2779 3099 2845 Arabia,
3124 2781 3215 2852 qui
3239 2783 3598 2837 conterminus
3617 2794 3693 2837 est
3722 2785 3793 2850 ei,

2208 2885 2325 2941 quae
2352 2886 2489 2926 nunc
2512 2878 2588 2923 est
2608 2868 2927 2934 Jerusalem,
2952 2880 2999 2922 et
3022 2882 3179 2925 servit
3200 2888 3318 2924 cum
3336 2871 3463 2941 [iliis
3489 2874 3623 2927 suis.
3653 2875 3794 2929 Pone

2211 2966 2531 3015 cunctorum
2566 2974 2728 3031 super
2768 2959 2871 3014 hoc
2912 2959 3030 3015 loco
3069 2960 3171 3015 ista
3220 2969 3305 3016 est
3344 2962 3683 3032 explanatio,
3731 2976 3789 3019 ut

2212 3049 2353 3121 Agar
2387 3037 2647 3107 ancillam.
2676 3050 3111 3123 interpretentur
3145 3052 3200 3106 in
3251 3052 3370 3124 lege
3412 3063 3469 3108 et
3512 3055 3567 3108 in
3598 3056 3790 3126 populo

2207 3138 2515 3196 Judzeorum
2546 3159 2567 3209 ε¹
2598 3139 2791 3207 Suram
2835 3126 3018 3197 autem
3052 3142 3276 3197 liberam
3314 3144 3368 3199 in
3398 3143 3647 3200 Ecclesia
3676 3162 3790 3216 que

2207 3218 2560 3303 de'gentibus
2601 3240 2928 3308 congregata
2967 3240 3070 3297 est,
3107 3248 3228 3302 qua:
3264 3241 3439 3288 mater
3477 3244 3787 3289 sanctorum

2208 3324 2300 3390 sit,
2330 3322 2495 3378 Paulo
2523 3323 2756 3391 dicente,
2795 3323 2926 3388 Qua:
2954 3333 3031 3377 est
3074 3335 3241 3386 mater
3264 3324 3497 3378 omnium
3530 3335 3782 3379 nostrum.

2207 3418 2334 3473 llaec
2362 3417 2452 3472 diu
2480 3431 2588 3471 non
2625 3416 2858 3486 peperit,
2898 3427 3189 3493 antequam
3215 3416 3463 3484 Christus
3491 3418 3558 3473 de
3583 3419 3788 3489 virgine

2207 3519 2522 3565 nasceretur
2541 3517 2596 3563 et
2625 3494 2827 3571 sterilis
2856 3507 2976 3574 fuit,
3002 3510 3231 3565 necdum
3259 3510 3401 3564 risus
3428 3510 3615 3575 mundi
3642 3511 3787 3565 Isaac

2205 3600 2275 3656 de
2323 3600 2495 3655 electo
2542 3608 2695 3669 patre
2757 3614 2879 3655 eum
2934 3615 3065 3654 voce
3116 3600 3426 3655 sublimium
3475 3601 3787 3671 dogmatum

2207 3691 2421 3762 agnitus
2445 3698 2583 3745 erat.
2615 3690 2890 3745 Resonare
2911 3689 2961 3747 si
2980 3690 3197 3758 quidem
3214 3690 3492 3755 Abraham
3523 3691 3579 3753 in
3606 3700 3789 3745 nostra

2203 3780 2385 3852 lingua
2409 3788 2563 3849 pater
2591 3779 2797 3833 electus
2825 3795 2947 3838 cum
2986 3769 3163 3834 senitu
3201 3779 3456 3835 refertur.
3497 3782 3651 3849 Agar
3692 3796 3786 3834 au-

2208 3880 2315 3927 tem
2344 3886 2465 3942 qua:
2497 3870 2883 3939 interpretatur
2919 3869 3186 3924 incolatus
3205 3910 3224 3936 ,
3261 3870 3376 3924 sive
3400 3872 3785 3941 peregrinatio,

2206 3964 2319 4019 sive
2365 3977 2537 4028 mora,
2564 3969 2787 4033 generat
2834 3959 3149 4025 lsmaelem,
3193 3959 3285 4030 qui
3339 3968 3553 4014 tantum
3604 3961 3791 4016 audiat

2205 4061 2496 4127 praecepta,
2532 4066 2633 4106 nec
2669 4051 2833 4115 faciat
2874 4065 2887 4102 :
2928 4050 3201 4105 hominem
3245 4050 3533 4115 rusticum,
3575 4052 3788 4122 8³1]ευί-

2205 4144 2438 4208 narium,
2468 4143 2683 4198 deserta
2726 4150 3047 4208 sectantem,
3077 4159 3198 4217 quae
3226 4143 3497 4197 universis
3530 4141 3790 4198 fratribus

2206 4235 2321 4290 suis
2365 4234 2431 4289 de
2476 4233 2645 4288 libera
2696 4235 2999 4304 proereatis
3048 4216 3302 4291 inimicus
3348 4234 3441 4301 sit,
3468 4244 3524 4288 et
3560 4234 3782 4288 adversa

2206 4329 2286 4384 eis
2322 4328 2501 4385 fronte
2531 4330 2813 4385 consistat.
2846 4329 2956 4384 Nec
2987 4344 3184 4384 mirum
3209 4337 3368 4384 vetus
3404 4337 3786 4392 testamentum

522 4441 753 4513 fratrum
794 4456 1012 4498 suorum
1050 4438 1324 4493 habitabit.
1378 4437 1485 4494 Sed
1526 4446 1581 4493 et
1614 4440 1719 4495 hoc
1751 4437 1855 4493 dici
1898 4443 2096 4506 potest,

2208 4421 2351 4490 quod
2401 4421 2454 4484 in
2494 4429 2678 4476 monte
2708 4419 2861 4486 Sina,
2892 4420 2986 4492 qui
3026 4429 3111 4475 est
3144 4419 3200 4479 in
3223 4418 3446 4483 Arabia,
3475 4426 3533 4472 et
3559 4417 3789 4474 conﬁnis

523 4529 593 4585 de
624 4528 849 4587 lsmaele
886 4536 1008 4599 post
1051 4537 1371 4599 conceptum
1414 4529 1533 4599 ejus
1569 4527 1654 4582 vel
1701 4527 1973 4599 angelum,
2016 4527 2101 4582 vel

523 4621 697 4679 Deum
740 4620 999 4678 locutum.
1049 4619 1126 4675 De
1163 4618 1316 4676 Isaac
1349 4634 1479 4675 vero
1521 4627 1809 4690 antequam
1856 4618 1911 4674 in
1951 4617 2101 4674 Sara:

523 4724 681 4773 utero
710 4715 1110 4785 conciperetur,
1140 4712 1313 4773 Deum
1345 4712 1510 4775 fuisse
1534 4713 1852 4783 pollicitum.
1886 4712 2096 4775 Ismael,

524 4806 709 4861 carnis
735 4804 876 4871 ﬁlius
901 4822 918 4857 ι
944 4803 1097 4872 Isaac
1138 4802 1264 4871 ﬁdei
1304 4800 1424 4858 fuit.
1472 4802 1627 4858 illum
1656 4802 1800 4859 enim
1826 4800 2101 4857 Abraham

524 4896 820 4952 secundum
864 4893 1138 4951 carnalem
1190 4893 1637 4950 consuetudinem
1669 4893 1897 4963 genuit:
1940 4892 2102 4946 istum

523 4993 716 5047 contra
748 4994 1000 5043 naturam
1038 4985 1299 5052 senilem,
1335 4999 1434 5055 per
1466 4984 1946 5055 repromissionem
1984 4997 2102 5038 cre-

525 5076 700 5133 dendo
741 5076 995 5147 suscepit.
1042 5074 1145 5143 Qui
1188 5082 1315 5131 sunt
1359 5075 1657 5133 secundum
1701 5090 1924 5143 carnem
1963 5075 2099 5141 nati,

523 5167 632 5227 nisi
657 5165 943 5225 dilectores
967 5168 1193 5231 mundi?
1220 5167 1323 5237 Qui
1350 5174 1475 5224 sunt
1500 5182 1599 5237 per
1627 5168 2099 5238 repromissionem

522 5261 659 5327 nati,
694 5260 799 5341 nisi
843 5269 1113 5318 amatores
1158 5261 1309 5333 regni
1358 5261 1641 5327 calorum,
1684 5261 1811 5330 quia
1861 5269 1916 5317 et
1966 5262 2102 5330 ipsis

521 5351 850 5425 promissum
876 5360 981 5418 est,
1012 5352 1381 5409 desiderantes
1424 5352 1590 5408 vitam
1622 5361 1901 5419 aeternam,
1931 5342 2101 5422 gratis

524 5442 764 5501 mlentes
805 5443 1010 5499 Deum?
1058 5443 1213 5500 Nunc
1263 5442 1479 5498 interim
1518 5443 1755 5501 breviter
1793 5443 1861 5498 ad
1906 5442 2101 5501 altiora

525 5536 852 5595 tendendum
890 5543 993 5603 est,
1024 5542 1084 5590 ut
1108 5535 1352 5592 dicamus
1388 5549 1825 5606 unumquemque
1854 5543 2101 5593 nostrum

524 5630 760 5704 primum
811 5644 920 5685 non
966 5626 1124 5700 juxta
1170 5626 1640 5698 repromissionem
1700 5626 1885 5692 nasci,
1936 5643 2098 5698 quam

526 5726 927 5798 Scripturarum
974 5724 1153 5780 verbis
1199 5722 1533 5792 simplicibus
1577 5722 1884 5786 instruitur,
1923 5721 2100 5777 adhuc

2204 4519 2289 4567 est
2315 4512 2363 4567 ei
2394 4527 2512 4585 qua:
2543 4528 2687 4567 nunc
2726 4521 2809 4567 est
2846 4510 3167 4577 Jerusalem,
3194 4511 3549 4567 constitutum
3577 4518 3665 4565 est
3711 4518 3787 4565 at-

2205 4616 2309 4673 que
2348 4603 2735 4672 conscriptum,
2769 4617 2875 4655 non
2914 4616 3035 4656 esse
3075 4610 3419 4672 perpetuum,
3452 4615 3578 4663 cum
3606 4607 3665 4654 et
3710 4600 3783 4653 in-

2204 4693 2412 4750 colatus
2445 4711 2474 4748 a
2503 4703 2758 4765 perpetua
2786 4694 3129 4763 possessione
3157 4694 3403 4750 diversus
3430 4693 3521 4754 sit,
3555 4700 3611 4747 et
3638 4690 3787 4755 Sinai

2204 4785 2405 4842 montis
2442 4799 2637 4839 nomen
2686 4783 3041 4840 tentationem
3082 4790 3261 4849 sonet,
3296 4790 3350 4838 et
3376 4781 3581 4845 Arabia
3618 4781 3783 4852 signi-

2203 4875 2331 4930 ﬁcet
2370 4889 2645 4930 occasum.

2274 4986 2381 5047 Illa
2410 4996 2608 5053 autem,
2633 4978 2749 5058 qua
2778 5004 2987 5042 sursum
3015 4996 3089 5041 est
3116 4985 3279 5040 libera
3302 4994 3398 5049 est,
3421 5002 3541 5055 qua:
3569 4993 3647 5039 est
3676 5000 3785 5038 ma—

2202 5092 2282 5136 te-r
2308 5091 2506 5136 nostra.
2540 5080 2663 5135 Ideo
2693 5079 2970 5135 cmlestem
2993 5077 3295 5133 Jerusalem
3322 5077 3460 5131 Sara
3492 5075 3784 5144 signiﬁcat,

2203 5193 2324 5248 quae
2350 5177 2441 5232 diu
2467 5177 2679 5231 deserta
2705 5182 2789 5231 est
2826 5190 2856 5228 a
2900 5173 3189 5229 concubitu
3224 5172 3328 5226 viri
3354 5180 3578 5241 propter
3604 5169 3783 5240 cogni—

2202 5276 2314 5327 tam
2357 5266 2722 5332 sterilitatem,
2747 5265 3002 5336 quoniam
3034 5263 3158 5319 novi
3194 5264 3503 5318 mstamenti
3534 5260 3781 5333 populus,

2203 5361 2450 5431 quamvis
2490 5361 2561 5416 sit
2591 5375 2785 5425 novus,
2819 5356 3223 5429 praedestinatio
3263 5352 3602 5422 tamen'ejus
3641 5351 3781 5422 apud

2205 5450 2392 5515 Deum,
2418 5457 2475 5506 et
2513 5450 2629 5520 ipsa
2656 5445 2953 5506 Jerusalem
2983 5446 3219 5509 ctelestis
3245 5446 3466 5515 antiqua
3494 5452 3599 5499 est.
3631 5442 3783 5499 Hanc

2202 5551 2477 5600 terrenam
2499 5539 2799 5598 Jerusalem
2825 5540 3002 5600 virum
3027 5538 3228 5593 habere
3252 5536 3403 5599 dicit,
3430 5535 3560 5605 quia
3584 5548 3778 5589 secun-

2202 5633 2327 5690 dum
2356 5647 2576 5689 carnem
2616 5637 2859 5702 generat.
2898 5629 3048 5688 Illam
3091 5638 3276 5693 autem
3315 5625 3596 5681 caelestem
3618 5622 3775 5680 Jeru-

2203 5721 2395 5787 salem,
2433 5737 2593 5792 quam
2628 5721 2757 5776 dicit
2806 5729 3034 5775 matrem
3078 5727 3342 5783 nostram,
3392 5714 3632 5777 sterilem
3676 5728 3767 5785 ap-
