4056 6350
226 370 341 428 889

1190 361 1445 418 ENARR.
1486 357 1554 415 ιΝ
1591 354 1814 414 EPIST.
1854 356 1920 414 D.
1958 356 2163 414 PAULI
2200 359 2293 414 AD
2330 359 2579 418 GALAT.

3397 361 3504 420 890

226 482 424 554 pellat,
453 480 582 551 quia
618 493 726 533 non
754 477 897 548 parit
930 473 1226 532 secundum
1260 488 1502 539 carnem,
1536 485 1639 526 nec
1666 469 1819 525 dolo-
1842 466 1898 528 A
1921 470 2110 526 ditabit
2140 472 2284 541 filius
2317 473 2527 530 ancillis
2554 492 2671 530 cum
2693 475 2807 546 filio
2846 492 2962 532 meo
2985 477 3163 533 Isaac.
3196 477 3350 547 Quod
3378 494 3501 537 cum

229 591 328 632 res
366 575 595 646 patitur,
633 571 738 626 hoc
784 578 868 624 est
900 584 1009 624 non
1052 567 1289 639 parturit
1320 583 1334 620 :
1362 572 1589 636 generat
1636 571 1820 618 autem

228 670 355 724 sine
378 667 630 738 passione
645 661 961 734 spiritaliter
978 659 1288 715 exclamans
1316 658 1371 712 in
1398 657 1660 712 laetitiam.
1692 654 1820 709 Haec

230 768 422 815 autem
446 754 770 820 Jerusalem,
799 768 922 824 qua:
962 752 1016 805 in
1053 748 1307 823 praesenti
1349 757 1457 813 est,
1487 746 1738 802 deorsum
1766 752 1822 799 et

229 852 455 918 humili,
486 850 782 919 inﬁmoque
805 849 926 903 loco
955 846 1192 901 dimersa
1217 852 1320 900 est.

308 944 575 1015 Scriptum
599 950 675 997 est
695 950 900 997 autem:
917 937 1139 1002 Lwtare,
1155 935 1369 1003 sterilis,
1386 950 1502 1008 qua:
1525 950 1629 989 non
1652 933 1820 1005 paris;

231 1051 449 1106 erumpe
493 1043 542 1088 et
589 1032 760 1087 clama
796 1048 914 1103 quae
951 1047 1054 1084 non
1087 1031 1339 1101 parturis,
1374 1030 1499 1100 quia
1536 1027 1689 1083 multi
1719 1025 1819 1094 ﬁlii

232 1129 456 1182 desertis
489 1126 657 1197 magis
690 1141 846 1196 quam
883 1125 997 1195 ejus
1033 1140 1151 1195 quas
1190 1122 1346 1177 habet
1390 1123 1579 1177 virum.
1631 1121 1821 1178 Virum

234 1219 429 1276 habuit
455 1232 725 1290 synagoga
754 1216 952 1287 legem,
982 1223 1036 1271 et
1072 1216 1229 1287 juxta
1253 1213 1423 1270 Anna:
1449 1229 1664 1285 quoque
1692 1230 1821 1285 pro-

233 1310 480 1381 phetiam
508 1348 525 1374 ,
571 1307 744 1364 fetosa
785 1308 1058 1376 quondam
1110 1310 1165 1362 in
1212 1306 1397 1363 liberis
1441 1306 1544 1362 fuit
1574 1325 1590 1364 :
1622 1307 1823 1363 sterilis

233 1416 369 1457 vero
414 1401 658 1456 Ecclesia
709 1398 829 1456 sine
870 1399 989 1454 viro
1029 1398 1267 1465 Christo,
1319 1399 1436 1454 sine
1482 1398 1592 1454 ullo
1634 1398 1822 1469 sponsi

235 1493 508 1552 sermonis
539 1490 773 1562 alloquio
805 1490 899 1546 diu
924 1490 1099 1562 jacuit
1146 1491 1204 1545 in
1252 1491 1489 1546 deserto.
1540 1488 1646 1545 Sed
1675 1498 1822 1561 post-

236 1599 406 1656 quam
434 1582 644 1653 accepit
681 1581 771 1636 illa
805 1581 1003 1636 librum
1038 1580 1248 1650 repudii
1289 1581 1343 1637 in
1370 1597 1565 1638 manus
1589 1597 1735 1649 suas,
1767 1592 1824 1638 et

234 1676 422 1732 omnia
454 1680 773 1729 ornamenta
802 1672 904 1728 viri
936 1673 991 1727 in
1027 1672 1154 1727 idoli
1188 1673 1349 1730 vertit
1378 1680 1627 1729 ornatum
1656 1693 1667 1727 :
1694 1681 1824 1729 tunc

235 1769 470 1824 maritus
515 1766 684 1838 priori
730 1764 942 1836 singulo
990 1772 1358 1835 putrescente,
1407 1765 1574 1820 alium
1627 1764 1824 1819 lumbis

236 1859 354 1915 suis
394 1858 656 1923 balteum,
700 1856 846 1912 aliud
883 1856 950 1913 de
977 1857 1226 1928 gentibus
1270 1857 1516 1912 lumbare
1559 1860 1819 1912 contexit.

238 1948 398 2007 Unde
426 1951 542 2005 haec
569 1949 756 2004 statim
783 1958 843 2004 ut
869 1949 985 2004 viro
1008 1950 1197 2020 juncta
1227 1949 1474 2021 concepit
1503 1956 1556 2005 et
1582 1950 1820 2021 peperit;

236 2047 296 2097 et
329 2041 385 2095 in
408 2039 545 2096 Isaia
568 2039 838 2096 exclamat
867 2038 1128 2095 Dominus
1154 2055 1253 2110 per
1276 2041 1597 2114 prophetam
1623 2058 1637 2094 :
1680 2040 1727 2105 si
1748 2050 1823 2094 est

236 2146 364 2201 gens
390 2139 515 2184 nata
547 2128 726 2195 simul,
743 2129 959 2199 quando
985 2145 1091 2184 una
1108 2130 1197 2184 die
1223 2129 1278 2183 in
1302 2129 1529 2184 Actibus
1554 2130 1824 2198 apostolo-

239 2237 387 2288 rum,
427 2222 534 2290 tria
576 2221 746 2276 millia
785 2229 839 2277 et
876 2222 1115 2293 quinque
1138 2222 1307 2277 millia
1333 2223 1612 2289 hominum
1643 2223 1820 2278 credi-

239 2314 440 2371 derunt
469 2312 608 2385 (Act.
637 2312 736 2383 vi).
774 2312 884 2368 Nec
904 2304 1042 2384 puto
1071 2328 1293 2369 necesse
1319 2329 1458 2379 esse,
1487 2314 1554 2373 de
1582 2314 1823 2369 multitu-

238 2406 367 2462 dine
392 2405 718 2475 Cltristiana,
747 2414 802 2461 et
831 2405 898 2460 de
923 2404 1229 2472 Iudaeorum
1252 2408 1527 2479 paucitate
1557 2409 1818 2475 dicamus,

240 2514 367 2554 cum
401 2497 458 2552 in
487 2505 602 2553 toto
637 2498 837 2552 mundo
876 2498 1058 2554 crucis
1094 2499 1289 2554 vexilla
1338 2500 1735 2568 resplendeant,
1767 2510 1824 2557 et

237 2590 332 2645 vix
378 2597 530 2645 ratus
558 2597 722 2659 atque
752 2588 1008 2646 notabilis
1041 2590 1098 2645 in
1134 2590 1361 2647 urbibus
1396 2590 1615 2647 Judzeus
1663 2607 1825 2664 appa-

238 2689 377 2741 teat.

322 2771 440 2828 Nos
483 2782 659 2828 autem
704 2773 894 2844 fratres
940 2774 1227 2829 secundum
1267 2773 1427 2830 Isaac
1459 2776 1821 2846 promissionis

236 2866 341 2936 ﬁlii
379 2884 580 2924 sumus.
618 2869 858 2926 Dicimus
898 2871 1083 2940 itaque
1108 2872 1425 2943 Apostolum
1458 2872 1580 2927 ideo
1607 2887 1702 2927 eos
1729 2886 1823 2942 ap-

236 2959 441 3030 pellare
469 2962 762 3017 secundum
791 2960 942 3018 Isaac
970 2961 1111 3018 ﬁlios
1138 2963 1535 3033 promissionis,
1560 2965 1684 3034 quia
1713 2979 1821 3020 non

237 3053 457 3122 penitus
495 3068 684 3109 eorum
709 3055 962 3123 desperet
994 3054 1255 3120 salutem;
1293 3063 1350 3111 et
1378 3071 1597 3111 rursum
1623 3070 1719 3110 eos
1752 3055 1821 3111 ad

1850 1810 1899 1870 Β

1920 562 2116 617 durum
2164 564 2342 620 visum
2379 565 2567 622 luisset
2592 565 2823 623 Abrahae
2853 567 3092 639 (semper
3120 572 3264 627 enim
3295 573 3500 643 primo-

1919 653 2120 724 genitis
2155 655 2360 725 majora
2385 656 2670 728 dabantur)
2698 672 2806 713 non
2843 657 3018 714 solum
3043 658 3320 716 lsmaelem
3354 663 3504 732 prio-

1921 742 2038 797 rein
2076 757 2200 799 esse
2237 744 2509 813 desinere,
2556 747 2651 802 sed
2698 763 2767 803 ne
2810 748 3075 818 aequalem
3111 750 3329 819 quidem
3376 768 3500 808 cum

1919 835 2131 892 minore
2177 835 2346 891 fratre
2388 837 2640 909 accipere
2676 839 2981 910 portionem
3023 857 3037 890 :
3072 839 3216 896 Deus
3244 842 3337 911 qui
3368 841 3502 898 libe-

1920 939 2038 978 ram
2082 924 2229 980 intus
2272 939 2394 982 esse
2437 934 2494 982 et
2539 926 2674 983 foris
2721 928 2917 998 expelli
2957 927 3175 984 volebat
3223 929 3499 998 ancillam,

1920 1013 2073 1070 Sara:
2120 1016 2286 1071 verba
2337 1017 2654 1084 conﬁrmat,
2706 1027 2762 1074 et
2813 1019 3055 1090 loquitur
3104 1021 3173 1075 ad
3221 1019 3497 1076 Abraham

1920 1103 2076 1176 (Gen.
2105 1105 2276 1177 xxii):
2309 1106 2427 1161 Non
2473 1107 2667 1162 durum
2704 1109 2775 1164 sit
2808 1124 2993 1165 coram
3038 1117 3116 1177 te,
3145 1110 3212 1166 de
3240 1125 3409 1182 puero
3448 1118 3505 1167 et

1920 1195 2160 1251 ancilla:
2205 1195 2400 1251 Omnia
2442 1214 2560 1266 qua:
2601 1199 2795 1254 dixerit
2839 1201 2933 1254 tibi
2959 1199 3119 1267 Sara,
3159 1201 3291 1255 audi
3328 1218 3501 1256 vocem

1919 1288 2057 1359 ejus,
2098 1289 2349 1359 quoniam
2384 1289 2441 1344 in
2467 1289 2626 1344 Isaac
2650 1290 2927 1345 vocabitur
2961 1292 3055 1346 tibi
3096 1308 3292 1346 semen.
3349 1290 3505 1348 Sicut

1919 1393 2047 1449 ergo
2091 1388 2220 1434 tunc
2262 1379 2434 1449 major
2477 1379 2649 1437 frater
2670 1382 2861 1437 lsmacl
2907 1382 3196 1439 iactantem
3242 1384 3420 1440 adhuc
3447 1394 3505 1439 et

1920 1472 2201 1542 parvulum
2228 1474 2657 1544 persequebatur
2701 1475 2872 1540 lsaac,
2904 1475 3337 1531 circumcisionis
3364 1490 3503 1546 pue-

1921 1567 2167 1636 rogativa
2211 1566 2315 1623 sibi
2359 1568 2721 1639 primogenita
2768 1568 3062 1625 vendicans
3096 1588 3109 1624 :
3148 1569 3220 1624 ita
3258 1578 3314 1625 et
3358 1584 3501 1625 nunc

1918 1650 2218 1710 Secundum
2261 1673 2483 1715 carnem
2526 1658 2718 1714 lsmael
2766 1659 3054 1715 adversum
3090 1660 3357 1716 minorem
3395 1658 3507 1714 fra-

1925 1756 2065 1803 trem
2094 1749 2162 1804 de
2195 1751 2444 1821 gentibus
2478 1751 2732 1823 populum
2765 1751 3133 1808 Christianum
3182 1753 3504 1820 sustollitur,
3554 1820 3563 1826 ι

1927 1843 2164 1910 inﬂatur,
2197 1845 2425 1915 erigitur

1998 1934 2187 2007 Itaque
2214 1935 2405 2005 fratres
2440 1953 2543 1992 non
2566 1956 2761 1995 sumus
2800 1939 3009 1996 ancilla:
3037 1940 3158 2009 ﬁlii,
3186 1941 3276 1997 sed
3305 1943 3499 2000 liberm.

1925 2027 2283 2109 Quantumvis
2326 2044 2385 2084 se
2433 2029 2693 2099 iniquitas
2748 2032 2991 2098 extollat,
3044 2033 3238 2087 ancilla
3293 2044 3397 2101 est,
3452 2042 3510 2088 et

1924 2119 2258 2188 subjicienda
2302 2129 2387 2175 est
2431 2123 2669 2189 sanctis,
2721 2124 3069 2193 quantumvis
3117 2141 3176 2182 se
3218 2126 3502 2191 extollant,

1922 2220 1977 2267 et
2021 2211 2159 2267 ﬁlios
2188 2212 2419 2269 Abrahae
2462 2228 2583 2269 esse
2627 2230 2686 2271 se
2727 2215 3004 2287 jactitent,
3037 2218 3273 2287 quandiu
3301 2219 3508 2275 ancillae

1923 2305 2019 2360 ﬁlii
2051 2305 2253 2361 fuerint
2282 2315 2338 2362 et
2365 2308 2657 2363 carnaliter
2692 2307 2866 2380 legem
2898 2309 3283 2375 intellexerint,
3315 2320 3369 2366 et
3405 2313 3507 2369 sub

1923 2399 2041 2469 ejus
2086 2390 2297 2455 terrore
2344 2400 2546 2456 redacti
2598 2402 2870 2458 serviliter
2917 2403 3175 2470 vixerint,
3227 2385 3507 2461 vobiscum

1922 2492 2297 2560 hmreditatem
2321 2492 2525 2548 habere
2552 2507 2660 2548 non
2683 2501 2958 2563 poterunt.
2991 2494 3109 2549 Non
3139 2510 3270 2567 ergo
3297 2482 3510 2554 debetis

1923 2585 2183 2643 derelicta
2227 2593 2401 2640 matre
2447 2593 2629 2640 nostra
2680 2586 2931 2641 ancillam
2976 2586 3163 2657 sequi,
3220 2601 3340 2656 quae
3383 2586 3510 2641 licet

1922 2677 2165 2749 ejusdem
2202 2678 2304 2731 viri
2350 2676 2513 2732 fuerit
2550 2693 2705 2743 uxor,
2751 2686 2931 2733 tamen
2983 2677 3051 2731 ad
3100 2684 3334 2746 tempus,
3377 2677 3507 2747 quia

1923 2767 2158 2824 nondum
2199 2774 2413 2837 poterat
2443 2766 2579 2825 Sara
2623 2781 2883 2837 generare
2913 2783 2925 2819 :
2958 2765 3012 2825 id
3040 2773 3123 2821 est
3151 2765 3389 2820 nondum
3431 2773 3510 2819 te-

1924 2869 2251 2919 stamentum
2281 2873 2479 2913 novum
2506 2857 2803 2912 revelatum
2832 2863 2968 2915 erat.

1999 2948 2118 3014 Qua
2162 2948 2402 3002 libertate
2436 2947 2675 3002 Christus
2719 2963 2813 3000 nos
2851 2945 3106 3000 liberavit.
3156 2944 3235 2999 Ea
3262 2945 3407 2999 enim
3444 2944 3510 2999 li-

1922 3042 2110 3097 bertas
2156 3057 2299 3097 nunc
2330 3042 2566 3096 maxime
2595 3041 2911 3111 apponenda
2938 3048 3021 3095 est
3048 3039 3323 3094 servitutis
3344 3038 3504 3110 jugo:

237 3143 514 3213 spiritum.
540 3160 648 3214 quo
674 3155 953 3216 cmperant
988 3146 1224 3203 aestimet
1251 3161 1586 3202 reversuros.
1634 3146 1820 3201 Fiant—
1844 3163 1894 3227 ε
1924 3150 2031 3205 quo
2067 3136 2120 3189 in
2147 3135 2402 3204 operibus
2422 3128 2574 3204 ’Ῑθὲῖε
2603 3132 2946 3197 ιθηοῦῖίηιιπ»
2990 3130 3082 3202 (ἰαί
3126 3131 3193 3185 ad
3224 3130 3508 3193 Circumci-

238 3251 348 3306 que
373 3234 468 3291 ﬁlii
494 3236 698 3303 liberae,
726 3237 818 3308 qui
843 3237 890 3293 si
915 3254 1081 3294 carne
1103 3237 1308 3294 fuerint
1336 3240 1698 3295 consummati
1724 3238 1821 3295 ﬁlii
1862 3224 1882 3227 V
1924 3225 2132 3287 sionem
2163 3224 2295 3283 ίεῑοε
2323 3224 2632 3278 trahebam-

238 3327 352 3383 sint
376 3328 603 3384 ancillze.

311 3417 419 3475 Sed
459 3422 719 3491 quomodo
763 3431 907 3490 tunc,
959 3425 1049 3497 qui
1088 3425 1374 3480 secundum
1413 3440 1623 3480 carnem
1668 3435 1823 3480 natus

239 3511 414 3581 fuerat
460 3512 863 3582 persequebatur
903 3529 1042 3579 eum,
1088 3514 1178 3585 qui
1225 3515 1513 3569 secundum
1543 3516 1820 3586 spiritum:

236 3603 318 3657 ita
342 3612 391 3656 et
417 3619 575 3658 nunc.
611 3603 718 3659 Sed
738 3605 865 3677 quid
891 3606 1019 3660 dicit
1042 3606 1360 3678 Scriptura?
1386 3608 1537 3677 Ejice
1572 3607 1822 3663 ancillam

235 3701 290 3748 et
306 3693 478 3764 filium
505 3695 644 3766 ejus.
673 3696 799 3751 Non
824 3698 961 3751 enim
984 3698 1152 3754 lateres
1177 3700 1275 3754 erit
1295 3699 1441 3769 filius
1470 3700 1680 3755 ancilla:
1702 3718 1823 3756 cum

233 3782 353 3854 ﬁlio
378 3800 492 3839 meo
513 3783 692 3839 Isaac.
716 3785 908 3857 Itaque
926 3786 1121 3857 fratres
1142 3804 1244 3842 non
1267 3805 1447 3843 sumus
1468 3788 1677 3843 ancilla:
1697 3788 1819 3857 ﬁlii,

235 3876 330 3936 sed
357 3876 569 3932 liberte:
592 3895 696 3951 qua
725 3878 964 3934 libertate
998 3894 1091 3936 nos
1133 3879 1375 3935 Christus
1401 3880 1660 3934 liberavit.
1701 3879 1822 3934 Non

233 3977 372 4039 puto
397 3968 636 4025 invenire
666 3985 766 4026 nos
792 3985 952 4041 posse
979 3972 1071 4028 ubi
1096 3972 1288 4028 lsmael
1315 3980 1633 4043 persecutus
1657 3970 1822 4026 fuerit

233 4056 432 4112 Isaac:
477 4059 571 4114 sed
604 4068 816 4115 tantum
850 4060 1003 4126 illud,
1037 4061 1181 4131 quod
1209 4076 1332 4117 cum
1360 4061 1505 4117 ﬁlius
1529 4060 1818 4132 Aigyptite,

233 4149 332 4219 qui
369 4148 540 4219 major
575 4157 706 4206 natu
745 4158 894 4217 erat,
933 4150 1142 4208 luderet
1178 4166 1302 4207 cum
1337 4152 1512 4217 lsaac,
1542 4152 1820 4223 indignata

234 4239 504 4307 sit'Sara,
549 4250 605 4298 et
652 4242 854 4298 dixerit
891 4242 1206 4300 Abraham:
1250 4244 1397 4315 Ejice
1442 4244 1714 4310 ancillam,
1764 4251 1822 4299 et

233 4333 408 4389 ﬁlium
429 4332 564 4403 ejus,
599 4350 711 4390 non
747 4335 893 4390 enim
922 4336 1263 4392 bzercditabit
1292 4335 1432 4391 ﬁlius
1457 4335 1667 4391 ancillae
1694 4350 1820 4391 cum

234 4426 350 4482 ﬁlio
384 4441 506 4481 meo
533 4426 685 4483 Isaac
724 4426 879 4499 (Gen.
911 4426 1049 4499 xxi).
1098 4427 1164 4482 Et
1189 4428 1375 4496 utique
1402 4425 1631 4497 simplex
1666 4425 1819 4480 lusus

2497 3311 2566 3368 ΙΝ
2603 3311 2830 3368 CAPUT
2866 3312 2932 3368 V.

1995 3405 2181 3473 State,
2242 3413 2292 3458 et
2332 3402 2492 3459 nolite
2532 3405 2721 3459 iterum
2755 3403 2888 3475 jugo
2927 3404 3194 3462 servitutis.
3232 3404 3508 3461 contineri.

1923 3497 2147 3566 Quando
2186 3497 2317 3555 dicit
2360 3504 2500 3551 state
2539 3496 2807 3573 signiﬁcat
2847 3510 2942 3551 eos
2985 3496 3222 3551 nondum
3266 3493 3511 3549 funditus

1922 3589 2183 3646 cecidisse
2232 3606 2245 3642 :
2296 3588 2497 3658 alioqui
2560 3587 2897 3645 commodius
2956 3586 3202 3653 diceret,
3279 3585 3505 3656 surgite.

1924 3682 2079 3751 Quod
2101 3697 2231 3738 vero
2260 3682 2357 3745 ait,
2387 3681 2547 3736 nolite
2580 3681 2770 3735 iterum
2786 3680 2920 3751 jugo
2950 3678 3214 3734 servitutis
3258 3675 3507 3741 detineri,

1923 3774 2130 3831 nullum
2180 3773 2326 3827 aliud
2374 3773 2461 3826 hic
2503 3771 2691 3842 jugum
2741 3771 2941 3825 rectius
2973 3783 3261 3838 possumus
3307 3764 3509 3821 intelli-

1922 3882 2071 3940 gere,
2099 3881 2207 3937 quo
2236 3881 2332 3920 eos
2378 3863 2610 3919 detineri
2660 3878 2770 3918 non
2796 3862 2932 3926 vult,
2977 3860 3084 3914 nisi
3131 3856 3507 3913 circumcisio-

1922 3973 2048 4013 nem
2076 3997 2092 4024 ,
2145 3963 2200 4012 et
2244 3963 2472 4010 caztcras
2518 3952 2926 4008 observationes
2972 3948 3246 4004 Judaicas.
3299 3946 3504 4003 Galatte

1922 4047 2090 4113 enim,
2137 4046 2229 4115 qui
2281 4045 2349 4100 ad
2390 4043 2543 4100 Pauli
2590 4042 2817 4113 apostoli
2863 4040 3302 4112 przedicationem
3350 4037 3507 4098 idolis

1923 4138 2196 4194 derelictis
2242 4135 2428 4192 statim
2484 4135 2553 4190 ad
2578 4119 2856 4205 Evangelii
2904 4129 3355 4186 transcenderant
3382 4141 3507 4199 gra-

1924 4232 2076 4298 tiam,
2119 4246 2229 4290 non
2277 4229 2692 4287 revertebantur
2735 4226 2800 4281 ad
2833 4226 2967 4298 legis
2994 4223 3231 4281 Judaicaz
3278 4221 3509 4279 servitu-

1923 4332 2058 4389 tem,
2087 4337 2251 4392 quam
2281 4335 2557 4391 nunquam
2580 4319 2733 4389 prius
2762 4325 3154 4391 cognoverant;
3189 4315 3283 4371 sed
3319 4312 3506 4368 volen—

1922 4421 2003 4468 tes
2028 4414 2317 4469 observare
2356 4419 2621 4484 tempora,
2654 4410 2973 4466 circumcidi
3003 4424 3190 4476 carne,
3219 4415 3275 4463 et
3301 4405 3507 4461 hostias

232 4516 383 4574 inter
430 4515 663 4571 infantes
712 4515 1030 4587 expulsione
1072 4524 1127 4570 et
1174 4515 1516 4570 abdicatione
1566 4514 1815 4585 indignus
1840 4511 1896 4573 D
1921 4507 2115 4563 oﬂ'erre
2144 4522 2454 4577 corporeas,
2482 4506 2879 4577 quodammodo
2919 4505 2974 4560 in
3007 4504 3227 4559 eosdem
3263 4506 3505 4556 reverte-

231 4612 339 4661 est.
385 4603 586 4660 Verum
625 4603 915 4675 Apostolus
956 4605 1111 4675 quasi
1142 4605 1403 4661 Hebraeus
1441 4620 1506 4659 ex
1553 4604 1816 4670 Hebraeis,

231 4705 293 4753 et
318 4695 387 4750 ad
410 4696 576 4766 pedes
612 4697 862 4769 magistri
888 4696 1200 4752 Gamalielis
1241 4696 1487 4763 edoctus,
1523 4697 1617 4769 qui
1647 4710 1819 4766 quon-

232 4785 361 4842 dam
388 4785 631 4842 furentes
657 4787 914 4841 adversus
939 4786 1226 4842 Dominum
1249 4784 1551 4843 Pliariszeos
1593 4784 1818 4846 consilio

230 4874 539 4934 refrenat-et
565 4891 633 4932 ex
656 4876 838 4931 verbis
863 4875 1013 4932 Sarae
1038 4876 1304 4931 dicentis:
1333 4874 1457 4929 Non
1488 4874 1625 4929 enim
1651 4873 1818 4927 luere-

231 4967 422 5022 ditabit
451 4968 596 5039 filius
626 4967 836 5023 ancilla:
877 4983 996 5023 cum
1032 4966 1144 5037 ﬁlio
1183 4984 1295 5022 meo
1336 4965 1516 5032 Isaac,
1548 4963 1817 5020 intellexit

231 5058 416 5117 lusum
455 5061 611 5117 illum
647 5060 947 5132 simplicem
990 5075 1098 5115 non
1142 5057 1309 5115 fuisse
1334 5076 1347 5112 :
1376 5060 1469 5129 qui
1507 5058 1814 5129 persecutio

232 5154 565 5211 nominatur.
622 5153 730 5209 Sed
779 5154 906 5223 quia
948 5152 1173 5208 forsitan
1209 5150 1404 5207 Ismael
1442 5151 1598 5220 quasi
1642 5147 1816 5217 major

231 5251 388 5311 natu,
424 5252 480 5298 et
518 5260 584 5301 eo
614 5253 854 5313 tempose
896 5242 1272 5305 circumcisus,
1308 5255 1415 5309 quo
1451 5239 1564 5309 jam
1601 5245 1816 5309 poterat

231 5340 558 5412 intelligere,
600 5349 656 5395 et
698 5339 898 5395 sentire
932 5336 1077 5408 quod
1107 5351 1301 5407 passus
1341 5344 1444 5402 est,
1474 5334 1577 5391 sibi
1609 5334 1815 5404 primo-

230 5434 418 5504 genita
463 5434 802 5497 vendicabat,
848 5430 1131 5503 Scriptura
1174 5429 1410 5502 jurgium
1462 5426 1811 5501 parvulorum

234 5526 413 5583 lusum
443 5526 677 5582 vocavit.
740 5525 888 5581 Unde
917 5532 972 5580 et
994 5508 1277 5579 Sara'hrec
1303 5523 1469 5578 verba
1509 5538 1614 5578 non
1646 5521 1814 5576 susti-

230 5631 398 5684 nens,
439 5626 496 5683 et
531 5617 921 5675 consuetudine
968 5614 1069 5672 sibi
1096 5613 1454 5687 primogenita
1479 5614 1815 5670 vendicantis

232 5709 446 5766 ancillae
475 5709 571 5764 ﬁlii
607 5724 635 5762 a
664 5724 828 5779 parva
853 5715 1013 5763 aetate
1039 5722 1144 5762 non
1170 5707 1405 5776 patiens,
1433 5705 1610 5776 erupit
1638 5704 1693 5759 in
1724 5720 1813 5760 vo-

233 5816 359 5862 cen.
387 5818 398 5854 :
429 5798 575 5869 Ejice
612 5797 858 5854 ancillam
893 5814 1007 5853 cum
1035 5796 1148 5868 ﬁlio
1182 5814 1298 5853 suo.
1340 5795 1459 5852 Non
1485 5796 1620 5852 enim
1650 5795 1812 5850 luere-

1918 4599 2120 4655 bantur
2156 4597 2334 4653 cultus
2361 4596 2559 4667 quibus
2600 4595 2655 4650 in
2686 4594 2989 4650 idololatria
3028 4601 3153 4647 ante
3182 4591 3500 4647 servierant.

1990 4688 2128 4743 Ecce
2157 4704 2249 4759 ego
2278 4683 2483 4741 Paulus
2519 4685 2637 4739 dico
2676 4684 2839 4742 vobis.
2880 4684 2993 4754 Ego
3021 4681 3219 4737 Paulus
3243 4679 3504 4734 audenter

1916 4784 2072 4839 vobis
2112 4783 2253 4847 dico,
2301 4781 2573 4837 neminem
2611 4778 3017 4851 pertimescens,
3072 4789 3180 4829 non
3225 4770 3504 4829 occultans

1918 4891 2115 4931 nomen
2138 4889 2341 4940 meum,
2366 4881 2427 4927 ut
2450 4871 2728 4927 audientes
2750 4885 2856 4923 non
2883 4874 2993 4921 tam
3016 4863 3169 4918 missi
3197 4877 3359 4932 quam
3378 4860 3503 4915 mit-

1918 4968 2082 5023 tentis
2127 4965 2450 5021 auctoritate
2485 4969 2824 5017 moveantur.
2875 4958 3153 5027 Tanquam
3193 4954 3238 5009 si
3275 4945 3525 5019 diceret,‘

1916 5061 2057 5116 Ecce
2086 5075 2171 5114 me
2191 5057 2500 5123 imitemini,
2530 5065 2591 5111 ut
2619 5071 2726 5111 non
2758 5053 3025 5118 timeatis;
3054 5058 3147 5106 aut
3174 5050 3229 5105 in
3256 5064 3344 5104 me
3367 5064 3499 5104 cau-

1916 5168 2033 5208 sam
2058 5149 2348 5215 relundite,
2375 5148 2421 5202 si
2445 5147 2666 5202 timetis.

1990 5242 2253 5309 Quoniam
2286 5240 2331 5294 si
2374 5234 2821 5292 circumciduntini
2845 5275 2860 5299 ,
2910 5231 3150 5287 Christus
3183 5230 3322 5286 vobis
3353 5219 3505 5284 nihil

1912 5335 2142 5407 prodest.
2180 5332 2459 5401 Quomodo
2486 5327 2761 5398 accepturi
2795 5341 2982 5382 sumus
3007 5325 3149 5395 quod
3175 5324 3272 5390 ait,
3304 5338 3371 5379 ne
3399 5321 3504 5376 ite-

1915 5441 2036 5483 rum
2063 5425 2342 5481 servitutis
2363 5424 2493 5494 jugo
2522 5416 2893 5481 detineamini,
2922 5431 3046 5472 cum
3066 5416 3133 5471 ad
3154 5430 3249 5472 eos
3272 5413 3499 5477 scribat,

1915 5519 2007 5590 qui
2028 5517 2196 5572 Judaei
2236 5530 2513 5585 nunquam
2541 5510 2799 5568 fuerant?
2836 5508 2973 5564 Nam
3012 5508 3118 5563 hoc
3145 5506 3257 5577 agit
3289 5505 3500 5574 utique,

1915 5624 1985 5665 ne
2010 5607 2487 5671 circumcidantur,
2537 5603 2631 5660 sed
2674 5602 2928 5659 nimirum
2962 5600 3053 5656 hic
3097 5597 3405 5654 declaratur
3443 5600 3503 5669 et

1916 5701 2272 5758 conﬁrmatur
2302 5700 2566 5756 sententia
2597 5697 2706 5761 illa,
2739 5695 2806 5751 de
2828 5710 2935 5765 qua
2967 5691 3215 5763 superius
3248 5689 3493 5756 disputa-

1913 5794 2107 5848 vimus.
2162 5789 2300 5859 Quid
2346 5789 2489 5845 enim
2538 5786 2680 5842 aliud
2724 5786 2826 5843 hoc
2871 5784 2991 5840 loco
3036 5780 3283 5853 gentibus
3324 5775 3489 5838 dicat,
