4056 6350
493 295 591 355 891
1549 282 1827 344 CLAUDII
1865 279 2340 339 TAURINENSIS
2379 276 2686 337 EPISCOI’I
2990 286 2997 301 '
3664 272 3791 330 892

491 426 597 468 nou
624 403 860 471 invenio,
892 403 996 461 nisi
1023 410 1085 461 ut
1116 401 1290 473 prosit
1317 400 1422 457 illis
1449 400 1591 470 quod
1622 415 1656 454 a
1694 398 1953 455 servitute
1981 411 2071 453 su-
2095 396 2150 455 A
2169 413 2277 452 non
2299 393 2541 465 ejusdem
2560 407 2682 449 esse
2708 388 2804 448 Dei
2836 389 3111 446 custodire
3142 387 3521 460 vellelegem,
3562 397 3633 445 et
3680 401 3794 443 eos

494 500 828 574 perstitiouis
862 513 974 554 suae
998 513 1102 567 per
1126 496 1285 551 fidem
1317 493 1518 549 Christi
1553 490 1768 547 liberati
1807 497 1974 547 sunt:
2005 503 2075 544 ne
2172 486 2269 555 qui
2306 485 2480 557 legem
2518 482 2847 574 custodiant,
2897 479 3295 574 derelinquere.
3339 479 3448 574 iiut
3484 479 3793 574 quomodo

494 568 690 650 iterum
747 590 889 646 servi
928 603 1055 644 esse
1098 586 1266 642 velint
1308 585 1409 640 sub
1459 582 1589 654 jugo
1633 580 2074 638 Observationum
2173 584 2398 648 propter
2413 573 2777 633 intermissam
2795 571 2969 643 legem
2990 586 3111 627 reos
3132 585 3227 626 eos
3250 568 3410 626 faciet
3431 570 3548 640 qui,
3569 571 3795 624 etiarn-

495 681 816 744 earnalium,
843 677 1096 760 quamvis
1119 676 1219 730 sub
1257 674 1373 743 lege
1417 672 1532 736 Dei,
1578 679 1758 726 tamen
1800 668 2077 724 carnalem
2175 668 2222 723 si
2248 666 2437 733 velint,
2467 665 2724 720 universa
2745 662 3015 743 complere
3048 677 3155 719 non
3192 661 3443 733 possint?
3478 661 3594 718 Nos
3637 676 3796 717 vero

496 772 748 843 populum
780 769 1049 825 serviliter
1070 757 1437 836 'alligantium.
1477 761 1753 817 Christum
1782 768 1965 814 autem
1993 757 2080 812 ni.

499 862 574 918 hil
597 864 676 917 eis
704 860 1045 930 profuturum
1070 873 1191 913 esse
1215 855 1346 911 dicit
1375 854 1422 908 si
1445 851 1904 911 circumciduntur
1935 867 1948 903 :
1981 847 2079 905 sed

500 952 592 1006 illo
613 950 795 1013 modo,
822 964 931 1018 quo
956 962 1050 1002 eos
1079 946 1171 1000 isti
1207 943 1461 999 volebant
1503 937 1836 1003 circumcidi,
1879 936 1933 990 id
1972 941 2077 1001 est,

500 1048 561 1094 ut
598 1040 651 1094 in
692 1040 873 1094 carnis
910 1034 1321 1093 circumcisione
1364 1036 1626 1100 ponerent
1673 1043 1823 1097 spem
1869 1025 2077 1081 salutis.

500 1128 620 1185 Non
647 1130 793 1184 enim
818 1127 1102 1183 Timotheo
1125 1139 1234 1180 non
1258 1120 1463 1194 profuit
1487 1119 1760 1183 Christus,
1787 1117 1911 1187 quia
1939 1114 2080 1169 Pau-

502 1218 592 1275 lus
609 1219 725 1288 ipse
750 1219 894 1272 illum
913 1216 1026 1292 jam
1054 1214 1420 1270 Christianum
1441 1211 1694 1281 juvenem
1723 1206 2080 1262 circumcidit.

502 1307 657 1365 Fecit
685 1317 862 1362 autem
903 1307 1009 1361 hoc.
1041 1311 1263 1376 propter
1296 1300 1613 1356 scandalum
1656 1311 1898 1361 suorum,
1949 1294 2085 1351 nihil

505 1397 769 1453 simulans
801 1395 1040 1460 omnino,
1083 1393 1178 1448 sed
1224 1408 1292 1447 ex
1331 1390 1421 1444 illa
1458 1387 1840 1451 indifferentia,
1869 1402 1975 1455 qua
2006 1385 2086 1440 di—

507 1487 584 1544 cit
611 1484 952 1541 circumcisio
974 1481 1108 1537 nihil
1149 1489 1251 1547 cst,
1290 1488 1344 1535 et
1386 1476 1708 1549 praeputium
1744 1475 1876 1530 nihil
1907 1470 2084 1543 cst‘(I

507 1573 631 1629 Cor.
657 1573 733 1643 7).
776 1572 921 1629 Nihil
948 1572 1092 1626 enim
1120 1570 1275 1625 obest
1307 1569 1407 1623 ista
1437 1566 1779 1622 circumcisio
1805 1565 1855 1619 ei
1884 1563 1977 1633 qui
2000 1576 2087 1617 sa-

508 1670 678 1725 lutem
715 1669 768 1723 in
804 1667 897 1721 illa
936 1682 1042 1721 non
1089 1679 1209 1721 esse
1247 1663 1438 1720 credit.
1490 1662 1641 1716 Tunc
1677 1659 1942 1729 siquidem
1978 1672 2086 1712 non

2177 758 2351 830 legem
2386 756 2539 826 sequi
2587 754 2905 826 spiritalem,
2939 768 3061 823 qua:
3098 752 3265 818 dicat,
3298 752 3424 807 Non
3464 752 3795 823 ὑψεηώ

2180 866 2236 907 os
2262 850 2375 906 bovi
2394 849 2661 904 triturauti
2685 847 2861 920 (Deut.
2886 845 3043 917 xxv);
3067 854 3122 901 et
3141 858 3264 902 cum
3286 845 3545 915 Apostolo
3564 846 3797 901 intelli-

2179 953 2327 1010 gere,
2358 935 2613 1007 Nunquid
2643 935 2707 990 de
2734 934 2893 989 bobus
2931 950 3058 988 cura
3105 942 3181 989 est
3221 933 3331 988 Deo
3353 934 3385 988 2η
3418 933 3508 988 sed
3548 942 3797 1005 propter

2180 1045 2275 1083 nos
2292 1028 2470 1099 utique
2491 1025 2614 1080 dicit
2647 1024 2819 1096 (Rom.
2858 1024 2966 1096 rx);
2999 1034 3054 1080 et
3083 1025 3372 1079 observare
3399 1024 3634 1079 sabbata
3688 1025 3790 1079 de—

2180 1118 2376 1183 licata;
2403 1131 2509 1171 non
2542 1123 2603 1169 ut
2624 1114 2731 1170 bos
2748 1125 2803 1170 et
2821 1115 3005 1170 asinus
3030 1122 3217 1170 noster
3242 1123 3297 1170 et
3323 1114 3446 1169 vilia
3470 1129 3687 1184 pecora
3716 1114 3795 1171 de

2184 1206 2378 1278 quibus
2413 1206 2672 1275 scriptum
2702 1211 2786 1259 est
2816 1223 2828 1258 :
2865 1202 3116 1261 Homines
3139 1204 3449 1275 et'jumenta
3477 1203 3666 1258 salvos
3687 1205 3789 1270 fa.

2184 1299 2312 1364 cies,
2332 1297 2557 1350 Domine
2576 1293 2750 1364 (Psal.
2781 1295 2968 1366 xxxv).
3010 1294 3267 1350 Homines
3292 1295 3583 1351 rationales
3608 1311 3793 1364 quos-

2186 1391 2396 1457 que,’et
2429 1384 2697 1455 spiritales
2726 1385 2893 1441 viros.
2932 1384 3202 1441 Animalia
3230 1399 3359 1440 vero
3385 1400 3479 1439 eos
3523 1387 3618 1456 qui
3661 1394 3793 1440 tar-

2186 1480 2353 1535 dioris
2377 1478 2575 1551 ingenii
2591 1486 2739 1545 sunt,
2761 1487 2819 1535 et
2844 1493 2878 1532 a
2903 1477 3238 1549 Spiritalihus
3266 1478 3333 1531 ad
3355 1478 3563 1547 agenda
3585 1477 3793 1534 Domi-

2185 1571 2241 1626 ni
2267 1568 2486 1626 sabbata
2508 1569 2844 1624 erudiuntur.
2885 1566 3001 1623 Nec
3022 1567 3353 1622 contrarium
3385 1583 3505 1622 esse
3536 1569 3591 1623 id
3626 1570 3795 1638 quod

2188 1675 2352 1730 supra
2384 1660 2645 1729 scriptum
2686 1666 2797 1724 est,
2821 1659 2867 1713 si
2891 1657 3365 1723 circumcidamini,
3400 1657 3647 1714 Christus
3694 1677 3796 1715 ro-

508 1758 731 1829 prodest
777 1755 1141 1819 circumcisio,
1192 1769 1312 1809 cum
1356 1752 1562 1822 aliquid
1608 1767 1705 1822 per
1746 1749 2091 1818 semetipsam
2119 1739 2166 1799 B
2194 1751 2270 1807 bis
2299 1750 2431 1805 nihil
2454 1751 2681 1822 prodest.
2717 1750 2786 1805 Et
2809 1749 2953 1805 quod
2972 1749 3241 1819 sequitur,
3273 1748 3547 1819 Testiﬁcor
3570 1768 3798 1805 omnem

506 1838 729 1921 putatur
749 1845 998 1900 utilitatis
1025 1844 1238 1899 alicrre.
1279 1842 1385 1900 Sed
1408 1842 1525 1897 illos
1554 1842 1697 1896 solos
1723 1842 1791 1896 ab
1811 1837 2090 1907 huiusmo-

512 1937 568 1994 di
603 1937 1070 1994 observationihus
1106 1953 1213 1991 non
1248 1935 1413 1993 fuisse
1446 1934 1830 2005 prohibendos,
1864 1948 2000 2003 quos
2028 1931 2089 1985 li-

511 2027 630 2095 des,
665 2028 786 2097 q'uze
822 2026 1056 2083 revelata
1096 2033 1199 2090 est,
1239 2026 1306 2080 iis
1348 2027 1462 2096 jam
1492 2025 1726 2079 imbutos
1771 2023 2087 2078 invenerat:

510 2127 573 2174 ut
593 2120 646 2175 in
672 2119 752 2174 eis
778 2119 890 2190 jam
921 2125 1390 2173 consunnnarctur
1427 2117 1541 2186 ipsa
1579 2115 1721 2174 actio
1748 2115 2090 2193 prophetica,

512 2225 650 2280 quos
689 2218 814 2263 ante
855 2209 924 2262 ad
969 2207 1332 2278 impletionem
1367 2206 1662 2276 prophetia:
1680 2206 1792 2276 jam
1824 2212 2090 2270 tenuerat,

512 2317 583 2356 ne
605 2300 648 2355 si
675 2302 818 2355 etab
840 2299 969 2370 ipsis
992 2307 1357 2353 removeretur
1373 2339 1387 2365 ,
1411 2298 1711 2368 improbata
1732 2295 1911 2367 potius
1929 2310 2092 2366 quam

515 2389 805 2444 terminata
833 2388 1124 2443 videretur.
1166 2387 1221 2443 Si
1263 2397 1441 2443 autem
1482 2394 1536 2442 et
1571 2387 1819 2458 gentibus
1849 2385 2094 2456 impone-

515 2486 688 2546 retur,
728 2487 822 2534 aut
865 2494 970 2535 non
1011 2477 1213 2533 Christi
1257 2476 1604 2546 promittendi
1647 2490 1811 2529 causa
1851 2473 2098 2529 instituta

517 2585 658 2636 esse,
679 2578 770 2625 aut
793 2571 968 2626 adhuc
987 2568 1258 2625 Christum
1281 2569 1594 2638 promittere
1612 2574 1915 2637 putaretur.
1938 2565 2099 2619 Prius

515 2661 701 2735 itaque
740 2664 966 2735 populus
1002 2663 1120 2728 Dei,
1160 2670 1447 2732 antequam
1485 2659 1732 2715 Christus
1759 2658 1989 2722 veniret,
2023 2655 2102 2712 le-

521 2772 644 2827 gem
669 2757 1066 2825 prophetasque
1099 2752 1412 2823 adimplere,
1458 2750 1546 2804 illa
1584 2749 1786 2813 omnia,
1816 2764 1938 2818 qua:
1974 2747 2102 2801 hinc

519 2845 928 2915 promittebant,
973 2844 1263 2897 observare
1298 2840 1629 2911 jubebantur
1668 2858 1682 2893 :
1721 2838 1859 2893 liber
1906 2838 1961 2891 in
1999 2836 2099 2903 eis,

522 2934 615 3002 qui
642 2934 756 2987 haec
781 2948 892 3001 quo
920 2932 1254 3002 pertinerent
1279 2930 1679 3000 intelligebant;
1711 2943 1900 2984 servus
1921 2934 2103 2982 autem

522 3025 579 3079 in
608 3024 709 3089 eis,
730 3024 821 3095 qui
848 3039 955 3079 non
977 3021 1363 3092 intelligebant.
1413 3021 1690 3077 Posterior
1716 3035 1846 3091 ergo
1876 3017 2103 3090 populus

521 3112 781 3168 accedens
802 3113 869 3168 ad
896 3112 1076 3177 ﬁdem,
1099 3111 1225 3183 quia
1242 3110 1355 3180 jam
1382 3109 1630 3166 Christus
1650 3110 1883 3173 venisse,
1911 3123 2101 3180 passus

523 3220 665 3271 esse,
702 3221 769 3261 ac
806 3205 1168 3260 resurrexisse
1203 3202 1620 3275 praedicabatur.
1664 3202 1716 3254 in
1760 3200 1847 3255 his
1889 3199 2107 3270 quidem

525 3297 857 3363 hominibus,
887 3311 1022 3365 quos
1044 3294 1158 3364 jam
1201 3294 1395 3349 talibus
1437 3291 1793 3347 sacramentis
1834 3290 2111 3345 institutos

507 3387 714 3444 eadem
739 3387 873 3442 ﬁdes
911 3387 1186 3441 invenerat
1214 3400 1314 3439 nec
1341 3383 1636 3455 cogebatur
1665 3382 1771 3436 ista
1796 3381 2106 3445 observare,

529 3496 633 3536 nec
664 3479 1071 3551 prohibebatur.
1113 3477 1173 3532 lu
1215 3477 1300 3532 his
1340 3472 1520 3530 autem
1556 3475 1649 3545 qui
1693 3473 1892 3528 talibus
1931 3472 2108 3537 vacui,

528 3570 678 3625 nulla
721 3569 954 3641 generis,
1000 3567 1145 3626 nulla
1182 3565 1620 3629 consuetudinis,
1658 3564 1745 3618 vel
1787 3560 2111 3631 congruenti

528 3660 856 3717 necessitate
883 3657 1077 3715 retenti
1104 3655 1467 3718 crediderant,
1494 3652 1660 3708 etiam
1699 3650 2108 3720 prohibebatur,

528 3757 591 3805 ut
614 3764 776 3818 super
801 3764 894 3804 eos
911 3747 1023 3817 jam
1050 3747 1310 3815 inciperet
1338 3757 1617 3815 apparere.
1655 3740 1746 3795 Illa
1777 3741 1957 3795 omnia
1982 3756 2111 3810 pro-

529 3849 651 3911 pter
692 3839 1117 3910 promittendum
1156 3836 1432 3892 Christum
1473 3833 1639 3889 fuisse
1684 3832 1930 3887 instituta
1959 3846 1975 3891 z
2002 3845 2111 3901 quo

529 3933 783 3987 veniente
814 3940 976 4000 atque
1001 3928 1116 3984 haec
1147 3928 1413 3999 promissa
1435 3924 1781 3995 adimplentc,
1805 3924 1920 3994 jam
1949 3937 2111 3993 oper-

532 4033 673 4080 teret
708 4038 925 4078 cessare
936 4062 945 4077 .

606 4133 880 4190 Contestor
912 4142 1087 4187 autem
1124 4148 1326 4187 omnem
1363 4129 1620 4184 hominem
1659 4125 2112 4181 circumcidentem

533 4242 608 4291 se,
635 4224 882 4295 quoniam
903 4222 1105 4277 debitor
1125 4232 1199 4276 est
1228 4221 1481 4275 universa:
1509 4219 1635 4290 legis
1660 4218 1934 4286 facienda.
1971 4217 2114 4272 Deus

536 4318 627 4388 qui
670 4315 1136 4371 circumcisionem
1179 4313 1355 4382 primo
1392 4311 1459 4365 ad
1495 4310 1791 4374 Abraham,
1823 4308 2016 4364 deinde
2044 4306 2112 4361 ad

2188 1840 2449 1896 hominem
2476 1839 2929 1895 circumcidentem
2953 1856 3029 1904 se,
3049 1841 3298 1911 quoniam
3329 1840 3531 1895 debitor
3557 1851 3632 1896 est
3662 1844 3793 1896 uni.

2188 1947 2347 1987 versa:
2375 1931 2500 2002 legis
2528 1929 2803 2000 faciendae.
2840 1929 2994 1997 Quod
3027 1931 3155 1986 ideo
3193 1930 3293 1995 ait,
3339 1939 3399 1985 ut
3442 1930 3526 1986 vel
3571 1940 3800 1987 terrore

2193 2026 2319 2080 tam‘
2345 2022 2821 2080 innumerabilium
2865 2023 3331 2088 Observationum,
3367 2038 3491 2093 quae
3539 2022 3597 2078 in
3643 2024 3799 2094 legis

2192 2114 2449 2185 operibus
2470 2113 2685 2183 scripta:
2707 2120 2852 2179 sunt,
2880 2128 2949 2169 ne
2972 2128 3160 2170 omnes
3181 2113 3404 2187 implere
3427 2124 3795 2184 cogerentur,

2194 2203 2336 2275 quod
2361 2217 2461 2259 nec
2486 2202 2588 2273 ipsi
2623 2201 2792 2259 Judtei
2815 2218 2914 2258 nec
2941 2211 3194 2273 parentes
3220 2218 3408 2257 eorum
3438 2203 3671 2272 implere
3695 2218 3802 2272 po-

2195 2300 2435 2359 tuerunt,
2477 2292 2619 2353 sicut
2652 2292 2847 2348 Petrus
2885 2293 2938 2348 in
2972 2286 3197 2348 Actibus
3226 2293 3594 2362 apostolorum
3634 2295 3799 2357 dicit,

2195 2381 2519 2439 Abstineant
2548 2396 2607 2439 se
2634 2380 2702 2437 ab
2732 2382 2817 2449 his
2852 2383 3049 2453 quibus
3086 2397 3181 2440 eos
3219 2382 3311 2439 isti
3347 2384 3646 2457 subjugare
3693 2401 3801 2441 cu-

2195 2473 2439 2548 piebant.

2275 2604 2530 2659 Evacuati
2552 2605 2674 2660 estis
2694 2623 2727 2660 a
2754 2605 2984 2672 Christo,
3010 2607 3101 2678 qui
3122 2609 3177 2662 in
3199 2606 3311 2680 lege
3327 2608 3737 2678 justi/immitti,
3767 2626 3803 2663 ι

2200 2695 2374 2766 gratia
2397 2695 2684 2751 cecidistis.
2725 2696 3003 2763 Quomodo
3043 2712 3206 2753 nemo
3244 2706 3434 2768 potest
3460 2699 3676 2761 duobus
3701 2700 3804 2755 do-

2201 2785 2365 2843 minis
2390 2788 2615 2852 servire,
2646 2787 2727 2843 sic
2745 2789 2992 2843 umbram
3023 2790 3228 2859 pariter
3250 2798 3307 2845 et
3336 2791 3646 2846 veritatem.
3660 2792 3802 2863 legis

2201 2875 2426 2947 implere
2453 2876 2663 2934 diliieile
2683 2887 2789 2937 est.
2831 2878 3032 2939 Umbra
3072 2882 3127 2936 in
3159 2880 3275 2950 lege
3300 2884 3478 2938 veteri
3504 2893 3590 2938 est
3619 2885 3805 2947 donec,

2203 2969 2375 3038 spiret
2397 2969 2531 3035 dies,
2558 2977 2617 3025 et
2641 2980 2995 3026 amoveantur
3012 2971 3239 3028 umbrae.
3287 2974 3507 3030 Veritas
3535 2975 3591 3029 in
3620 2975 3805 3029 Evan-

2128 3078 2175 3141 ρ
2204 3059 2342 3131 gelio
2373 3058 2597 3115 Christi.
2651 3057 2838 3116 Gratia
2857 3061 3002 3116 enim
3023 3072 3072 3116 et
3098 3063 3291 3118 veritas
3315 3079 3411 3134 per
3431 3064 3621 3118 Iesum
3644 3063 3805 3118 Cari-

2209 3162 2348 3207 stum
2367 3151 2523 3223 facta
2552 3161 2673 3206 sunt
2698 3151 2879 3224 (Joan.
2907 3151 2970 3224 ι).
3009 3152 3196 3212 Perdit
3214 3168 3345 3226 ergo
3371 3156 3609 3224 gratiam
3643 3154 3807 3211 Chri'a

2211 3244 2302 3309 sti,
2330 3252 2384 3298 et
2404 3243 2755 3314 Evangelium
2788 3244 2932 3313 quod
2971 3253 3220 3299 tenuerat
3243 3245 3446 3300 amittit
3468 3247 3564 3316 qui
3596 3247 3656 3301 in
3696 3246 3802 3301 sli-

2212 3347 2319 3402 qua
2366 3331 2746 3387 observatione
2786 3331 2921 3404 legis
2954 3348 3013 3388 sc
3045 3332 3333 3403 justiﬁcari
3365 3343 3547 3404 putat,
3581 3344 3641 3389 et
3675 3352 3804 3391 cum

2213 3419 2444 3490 gratiam
2491 3421 2752 3486 amiserit,
2799 3439 2829 3476 a
2876 3422 3078 3478 Christi
3111 3422 3219 3478 {ide
3257 3424 3591 3490 destruitur,
3641 3433 3699 3480 et
3745 3427 3806 3481 in

2211 3510 2331 3581 ejus
2360 3525 2522 3580 opere
2552 3511 2908 3580 conquiescit.
2961 3511 3131 3583 Magis
3158 3520 3337 3569 autem
3365 3514 3710 3584 intelligitur,
3742 3524 3805 3570 ut

2211 3600 2269 3656 id
2291 3602 2432 3671 quod
2458 3616 2620 3675 supra
2657 3602 2966 3676 specialiter
2990 3603 3056 3678 de
3078 3603 3493 3660 circumcisione
3530 3622 3804 3678 pracepe-

2212 3702 2299 3748 rat
2327 3693 2514 3749 dicens
2532 3673 2554 3748 V:
2587 3692 2649 3749 Si
2694 3673 3169 3763 circumcidamini,
3206 3696 3445 3754 Christus
3482 3673 3628 3756 vobis

2210 3786 2452 3858 prodest,
2493 3802 2636 3841 nunc
2676 3796 2783 3841 tota
2840 3787 2957 3859 lege
2992 3785 3315 3859 gener-aliter
3351 3792 3801 3861 comprehendat,

2214 3876 2350 3931 nihil
2379 3892 2475 3932 eos
2502 3877 2556 3931 in
2580 3875 2782 3932 Christi
2816 3892 2983 3950 opere
3019 3878 3304 3953 proficere,
3347 3882 3438 3950 qui
3468 3882 3526 3936 in
3554 3899 3799 3953 quacun-

2214 3983 2319 4039 que
2347 3968 2723 4025 observatione
2756 3982 2816 4024 se
2851 3969 3181 4025 crediderint
3212 3970 3591 4041 justiﬁeandos
3619 3972 3803 4028 dicen-

2214 4061 2322 4117 do:
2355 4058 2412 4116 Si
2442 4076 2569 4131 ergo
2598 4061 2652 4114 iu
2677 4060 2793 4130 lege
2828 4076 2980 4130 spem
3018 4062 3242 4134 ponitis,
3284 4062 3558 4118 inﬁrmam
3594 4064 3803 4123 Christi

2214 4154 2442 4225 gratiam
2466 4153 2741 4223 judicatis,
2767 4164 2825 4210 ct
2852 4155 2996 4225 quod
3024 4156 3194 4227 gratis
3215 4156 3329 4227 jam
3350 4158 3650 4227 accepistis,
3678 4168 3807 4212 tan-

2214 4257 2377 4312 quam
2403 4258 2509 4298 non
2539 4243 2822 4311 habentes,
2855 4246 3090 4317 propriis
3119 4246 3283 4302 vultis
3307 4245 3584 4302 laboribus
3623 4248 3806 4319 adipi—

2215 4333 2314 4387 sci.
2353 4332 2600 4389 Nondum
2637 4344 2817 4391 autem
2864 4344 2984 4392 erat
3021 4336 3245 4403 factum,
3269 4336 3365 4393 sed
3389 4337 3518 4409 quia
3549 4338 3805 4394 voluntas

535 4406 838 4504 Μ⁰,Ῡ⁸θ“
868 4403 1258 4504 '°S?P“§°°P"
1285 4418 1392 4504 "0P
1430 4398 2109 4504 50‘““_',F“ff=“"{?isi‘1"¢f“’
2135 4418 2189 4483 D
2215 4424 2419 4480 moveri
2471 4436 2727 4496 eruperat,
2768 4427 2843 4482 ita
2880 4427 3152 4504 plerisque
3188 4398 3325 4492 locis
3365 4398 3610 4500 ldquitur
3648 4430 3809 4503 quasi

537 4497 631 4552 sed
656 4504 712 4551 et
739 4494 841 4549 alia
869 4493 1037 4548 multa
1073 4490 1405 4548 observanda
1442 4490 1723 4545 constituit
1754 4506 1767 4543 :
1797 4488 1916 4543 dies
1947 4486 2114 4543 l‘estos

536 4584 923 4655 Hierosolymis
969 4582 1418 4655 frequentandos,
1465 4582 1762 4637 hostiarum
1800 4580 2117 4635 holocausta

537 4690 697 4731 mane
725 4690 938 4745 semper
958 4682 1014 4729 et
1038 4689 1280 4746 vespere,
1307 4673 1728 4727 immolationem
1767 4672 1819 4725 in
1856 4686 1965 4725 uno
1999 4679 2120 4726 tan-

540 4773 651 4821 tum
682 4764 821 4831 loco,
858 4765 1363 4836 quinquagesimum
1410 4761 1747 4817 remissionis
1792 4776 2016 4819 annum.
2064 4769 2120 4815 et

538 4862 754 4919 caetera,
777 4870 897 4923 quze
936 4853 1087 4908 facile
1117 4859 1202 4909 est
1235 4852 1300 4907 de
1338 4850 1632 4919 Seripturis
1674 4863 1967 4918 excerpere
2016 4848 2118 4902 sibi

539 4962 971 5016 unumquemque
996 4946 1270 5002 lectorem.
1309 4945 1495 5015 itaque
1531 4943 1936 4998 cohortabimur
1961 4943 2121 4998 Ebio-

538 5051 685 5100 trem,
714 5045 768 5090 et
787 5044 1079 5093 sectatores
1099 5036 1237 5106 ejus,
1263 5036 1355 5105 qui
1386 5043 1507 5107 post
1527 5035 1873 5104 Evangelium
1894 5036 2118 5092 creden-

542 5134 624 5181 tes
668 5126 722 5180 in
767 5126 980 5183 Christo
1013 5126 1477 5183 circumcidendos
1515 5133 1730 5196 putant,
1778 5133 1836 5180 ut
1873 5133 1966 5181 aut
2009 5126 2118 5180 cir-

541 5218 924 5273 cumcisionem
952 5219 1173 5283 iaciant,
1207 5226 1261 5272 et
1285 5225 1479 5273 caetera
1504 5234 1624 5289 qum
1654 5216 2038 5287 praecipiuntur
2065 5217 2118 5271 in

539 5308 687 5380 lege;
717 5319 808 5364 aut
828 5310 872 5365 si
901 5308 1236 5381 impossibile
1262 5317 1345 5366 est
1363 5319 1557 5365 cuncta
1580 5309 1720 5375 ﬁeri,
1743 5314 1919 5364 cesset
1936 5314 1992 5362 et
2014 5307 2120 5362 cir-

540 5402 820 5468 cumcisio,
852 5418 969 5472 qua:
1014 5402 1225 5458 caeteris
1255 5403 1407 5471 quasi
1451 5401 1659 5457 inutilis
1694 5386 1970 5473 prasmissa
2012 5405 2114 5454 est.

537 5487 692 5557 Quod
717 5491 761 5545 si
791 5491 1164 5560 responderint
1188 5489 1460 5558 possibilia
1490 5497 1699 5544 tantum
1727 5489 1921 5545 debere
1950 5504 2008 5545 se
2032 5488 2115 5543 fa-

538 5594 662 5636 cere
691 5580 818 5652 (non
847 5582 992 5636 enim
1024 5582 1191 5635 Deum
1226 5597 1289 5641 ea
1323 5596 1353 5634 a
1395 5583 1550 5638 nobis
1591 5583 1808 5654 exigere
1848 5599 1967 5652 qua:
2009 5586 2127 5638 non

540 5686 845 5751 possumus,
870 5673 962 5727 sed
1007 5687 1125 5740 qua:
1155 5686 1439 5741 possumus
1468 5673 1732 5743 implere),
1762 5676 2004 5731 dicemus
2036 5675 2115 5730 eis

2212 4514 2326 4589 jam
2350 4517 2556 4575 factum
2582 4520 2670 4576 sit.

2292 4676 2405 4732 Nos
2425 4678 2562 4732 enim
2592 4677 2778 4747 spiritu
2798 4694 2863 4732 ex
2883 4677 2987 4747 [ide
3008 4695 3149 4749 spem
3164 4678 3392 4748 justitia:
3416 4691 3804 4750 exspectamus.

2220 4768 2482 4841 Spiritum
2506 4770 2572 4823 ad
2603 4769 3002 4826 distinctionem
3030 4771 3226 4826 littera:
3248 4771 3443 4841 posuit.
3486 4770 3627 4843 Spes
3648 4772 3807 4842 justi-v

2221 4861 2309 4915 tim
2345 4859 2589 4917 Christus
2625 4860 3027 4932 intelligendus;
3059 4861 3184 4929 quia
3206 4860 3322 4931 ipse
3341 4868 3424 4915 est
3442 4862 3683 4927 veritas,
3707 4877 3803 4931 pa-

2220 4950 2431 5015 tientia,
2455 4965 2598 5021 spcs,
2619 4950 2851 5021 justitia,
2876 4966 3067 5006 omnes
3091 4951 3323 5007 virtutes
3347 4969 3361 5005 :
3385 4951 3543 5020 cujus
3584 4968 3686 5007 nos
3721 4967 3805 5007 εει

2219 5044 2453 5101 cundum
2492 5054 2870 5113 exspectamus
2908 5043 3195 5098 adventum
3225 5059 3332 5114 quo
3354 5042 3701 5112 iudicaturus
3724 5052 3807 5100 est

2220 5131 2421 5198 omnia,
2445 5142 2496 5185 et
2521 5129 2635 5199 jam
2682 5148 2789 5187 non
2826 5132 3106 5204 patientia,
3147 5133 3242 5215 sed
3276 5132 3489 5203 justitia
3518 5132 3809 5200 adfuturus

2218 5229 2280 5277 ut
2305 5223 2492 5277 reddat
2520 5221 2810 5291 unicuique
2835 5221 3130 5278 secundum
3160 5238 3327 5293 opera
3349 5238 3466 5277 sua.
3509 5222 3678 5296 Cujus
3698 5222 3807 5285 diel

2217 5312 2559 5381 praesentiam
2585 5310 2894 5381 Apostolus,
2917 5321 2973 5367 et
2989 5313 3079 5382 qui
3110 5312 3159 5367 ei
3197 5322 3325 5368 sunt
3365 5314 3571 5370 similes
3606 5330 3795 5384 exspe-

2220 5407 2429 5455 ctantes
2470 5400 2643 5465 aiunt,
2690 5400 2944 5454 Adveniet
2989 5418 3203 5470 regnum
3253 5411 3404 5457 tuum
3445 5402 3665 5476 (Matth.
3701 5404 3799 5473 IS).

2221 5489 2293 5546 Ut
2321 5504 2445 5545 cum
2472 5488 2640 5545 Filius
2660 5489 2771 5544 Deo
2800 5500 2854 5545 et
2881 5490 3027 5545 Patri
3055 5492 3339 5549 tradiderit
3363 5509 3616 5566 regnum,
3655 5504 3711 5549 et
3746 5495 3805 5557 in.

2220 5579 2478 5649 subjectis
2506 5580 2754 5635 omnibus
2794 5580 2955 5635 fuerit
2981 5590 3036 5637 et
3058 5582 3171 5653 ipse
3197 5583 3492 5654 subjectus.
3531 5582 3683 5642 Tune
3707 5600 3795 5640 ca-

2222 5680 2315 5744 put
2344 5671 2657 5742 subjiciatur
2681 5668 3077 5743 quodammodo
3108 5683 3161 5730 et
3195 5677 3430 5748 corpori,
3461 5687 3518 5733 et
3552 5678 3622 5735 sit
3660 5678 3797 5733 Deus
