4056 6350
177 373 298 431 893

1134 365 1385 423 ENARR.
1420 365 1490 422 IN
1526 364 1744 422 EPIST.
1781 364 1847 419 Β.
1888 360 2094 420 PAULI
2133 356 2223 416 AD
2258 360 2508 417 GALAT.

3262 316 3449 421 ’θυι

175 485 377 541 omnia
404 482 459 539 in
487 480 754 539 omnibus.
795 478 931 546 Quia
964 478 1056 550 qui
1093 492 1237 533 nunc
1265 485 1354 534 est
1383 490 1453 533 ex
1488 486 1644 549 parte
1677 480 1776 548 per
1800 486 1855 547 Α
1951 472 2056 539 Qui
2092 481 2267 527 autem
2301 471 2577 527 conturbat
2605 487 2714 537 vos,
2754 474 2985 542 portabit
3013 474 3296 544 judicium,
3339 477 3463 548 qui-

178 575 459 671 singulos‘
480 582 611 628 tunc
632 571 850 640 incipiet
872 578 1017 627 totus
1042 583 1161 626 esse
1186 583 1286 640 per
1308 576 1533 625 cunctos
1565 582 1583 622 :

269 687 415 744 Nam
443 687 499 740 in
521 682 728 739 Christo
749 678 878 735 Iesu
908 696 1070 751 neque
1099 678 1424 733 circumcisio
1455 675 1654 748 aliquid
1685 694 1775 731 va-

184 780 286 847 let,
313 794 473 850 neque
498 775 832 848 prtrputium,
863 772 956 826 sed
994 770 1149 841 ﬁdes,
1185 786 1302 841 qua:
1339 785 1431 840 per
1467 769 1774 822 charitatem

184 880 463 944 operatur.
504 868 599 922 liis
631 867 723 935 qui
754 866 807 919 in
835 863 1049 919 Christo
1076 860 1203 916 Jcsu
1232 859 1421 916 volunt
1440 857 1639 922 vivere,
1665 857 1776 910 vir-

187 972 344 1021 tutes
383 960 695 1032 appetenda:
732 963 887 1020 sunt,
938 955 1067 1009 vitia
1115 952 1384 1024 fugienda.
1429 949 1602 1003 Media
1644 962 1774 1003 vero

186 1070 316 1125 qum
353 1052 494 1107 inter
522 1049 749 1103 virtutes
776 1055 828 1101 et
854 1044 983 1101 vitia
1025 1053 1170 1109 sunt,
1214 1058 1315 1098 nec
1358 1040 1606 1111 fugienda
1650 1044 1777 1093 sunt

187 1161 299 1201 nec
328 1141 646 1214 appetenda,
672 1146 730 1193 ut
760 1135 1116 1198 circumcisio,
1149 1141 1204 1188 et
1228 1131 1569 1203 praeputium,
1601 1136 1655 1184 et
1676 1141 1776 1183 cae.

191 1249 317 1292 tera
352 1236 439 1291 his
467 1232 682 1289 similia.
720 1225 1059 1285 Circumcisio
1097 1225 1304 1296 quidem
1342 1222 1572 1295 prodest,
1616 1221 1661 1275 si
1702 1218 1772 1272 le-

188 1345 310 1401 gem
339 1325 636 1387 custodias;
659 1336 779 1391 quae
808 1319 1010 1373 idcirco
1037 1313 1182 1370 utilis
1213 1313 1313 1369 i'uit
1339 1313 1423 1368 his
1448 1312 1539 1382 qui
1572 1310 1625 1363 in
1656 1307 1773 1379 lege

186 1400 475 1482 vixerunt,
510 1431 617 1469 non
647 1414 771 1484 quia
796 1408 1102 1466 circumcisi
1129 1415 1305 1471 erant,
1333 1404 1427 1460 sed
1448 1403 1571 1474 quia
1600 1400 1775 1457 credi-

189 1521 248 1569 ta
275 1518 403 1567 sunt
428 1508 531 1564 illis
553 1505 763 1576 eloquia
788 1503 900 1567 Dei,
925 1517 1044 1571 qum
1067 1500 1122 1554 in
1150 1495 1311 1570 ope'ra
1332 1504 1609 1554 vertentes
1631 1510 1662 1549 a
1681 1510 1771 1549 sa-

188 1602 308 1658 lute
333 1597 572 1656 extranei
599 1610 705 1650 non
737 1593 972 1654 luerunt.
1014 1590 1095 1645 Ex
1124 1603 1190 1643 eo
1217 1587 1481 1657 siquidem
1511 1593 1769 1654 tempore,

186 1709 302 1766 quo
324 1688 669 1760 Evangelium
703 1686 756 1740 in
794 1690 905 1739 toto
940 1681 1071 1736 orbe
1100 1679 1347 1744 radiavit,
1382 1673 1646 1747 superﬂua
1689 1681 1775 1728 est

189 1782 624 1843 circumcisionis
650 1774 866 1848 injuria,
900 1791 1016 1844 quae
1051 1782 1198 1838 tunc,
1228 1781 1287 1826 ut
1322 1777 1515 1825 cartcra
1559 1778 1771 1839 quoque

189 1877 349 1948 legis,
372 1873 558 1935 valuit,
587 1868 800 1941 quando
822 1874 877 1922 et
901 1864 1301 1920 benedictiones
1328 1858 1573 1915 carnales
1598 1857 1770 1927 legem
1799 1859 1845 1919 B

190 1966 533 2024 servantibus
571 1961 986 2039 spondebantur.
1027 1957 1178 2024 Quod
1216 1955 1419 2010 scilicet
1464 1952 1508 2006 si
1554 1950 1772 2019 imples-

191 2065 316 2114 sent
358 2070 498 2120 eam,
539 2049 808 2107 benedicti
839 2056 1019 2105 essent
1061 2047 1113 2101 in
1151 2045 1387 2106 civitate,
1426 2040 1691 2097 benedicti
1718 2039 1772 2092 in

192 2165 345 2222 agro,
368 2148 524 2217 plena
549 2145 814 2201 haberent
837 2144 1052 2205 horrea,
1076 2146 1131 2193 et
1159 2136 1323 2193 multa
1355 2134 1458 2188 alia
1478 2148 1597 2203 quae
1621 2131 1673 2184 in
1694 2144 1775 2184 re-

189 2238 639 2319 promissionibus
681 2234 1023 2301 continentur
1045 2229 1248 2301 (Deut.,
1280 2222 1488 2295 xxvi").
1520 2221 1629 2277 Nos
1678 2235 1773 2275 au—

194 2314 305 2395 tem
334 2333 391 2393 in
424 2329 641 2387 Christo
677 2326 805 2382 Jesu
832 2325 1012 2379 valere
1049 2321 1295 2376 volmnus
1317 2359 1330 2383 ,
1362 2326 1417 2372 et
1453 2314 1769 2381 confortari,

194 2422 252 2487 id
290 2431 393 2487 est,
418 2422 474 2475 in
516 2435 645 2474 vera
678 2412 1108 2477 circumcisione,
1135 2417 1188 2464 et
1212 2425 1317 2463 non
1355 2405 1772 2462 circumcisione

196 2510 441 2569 Iudaica.
467 2509 647 2581 Neque
667 2507 801 2562 enim
842 2505 930 2576 qui
957 2504 1011 2557 in
1037 2511 1215 2576 aperto
1238 2495 1274 2552 Ι
1280 2498 1460 2552 udtcus
1490 2506 1583 2559 est,
1612 2511 1773 2565 neque

192 2602 474 2672 manifesta
500 2601 555 2655 in
584 2614 740 2652 carne
766 2592 1115 2656 circumcisio,
1151 2588 1240 2644 sed
1262 2591 1316 2643 in
1344 2586 1644 2642 abscondito
1672 2583 1773 2637 Ju-

195 2695 369 2765 dteus,
409 2700 463 2754 et
500 2687 826 2746 circumcisio
864 2685 1033 2740 cordis
1077 2685 1132 2737 in
1175 2683 1382 2753 spiritu,
1430 2696 1534 2734 non
1575 2679 1768 2732 littera.

192 2784 338 2841 Nihil
383 2783 563 2853 itaque
595 2778 815 2851 prodest
850 2777 903 2841 in
932 2775 1145 2839 Christo
1192 2771 1370 2829 carnis
1408 2768 1771 2832 circumcisio,

193 2878 292 2933 sed
328 2875 509 2931 cordis
538 2880 592 2928 et
622 2871 832 2927 aurium
873 2884 992 2941 quae
1030 2865 1209 2923 aufert
1252 2862 1380 2920 illud
1423 2860 1770 2934 Opprobrium

191 2967 525 3033 Judaebrum.

260 3055 563 3133 Currebatis
586 3074 729 3139 bene,
750 3071 865 3145 quis
892 3088 979 3127 vos
1005 3069 1271 3141 impedivit
1300 3065 1501 3122 ueritati
1527 3081 1629 3119 non
1659 3062 1773 3117 abeo

192 3170 344 3225 dire?
373 3167 575 3223 Sensus
601 3165 702 3219 iste
724 3170 823 3218 est.
865 3160 1000 3217 Cum
1022 3160 1186 3231 igitur
1215 3156 1526 3221 currerctis,
1557 3154 1769 3208 veritati

193 3260 371 3330 magis
392 3271 552 3328 quam
581 3252 901 3325 imaginibus
943 3251 1241 3307 servientes
1280 3263 1310 3302 a
1350 3262 1455 3317 quo
1494 3244 1771 3317 praepediti

192 3352 415 3417 doctore
438 3361 691 3419 perverso
711 3348 955 3404 umbram
977 3343 1111 3412 legis
1128 3338 1436 3415 sequimini,
1460 3346 1514 3392 ct
1535 3336 1775 3405 Evange-

195 3442 256 3511 lii
279 3439 580 3523 relinquitis
606 3434 931 3493 veritatem?

267 3547 552 3604 Persuasio
578 3548 691 3601 hac
725 3561 828 3600 non
868 3552 944 3598 est
968 3558 1033 3599 ex
1061 3557 1121 3596 eo
1156 3540 1246 3611 qui
1275 3537 1470 3594 vocavit
1506 3552 1612 3589 vos.
1645 3534 1772 3588 Per-

195 3642 508 3700 suasionem
527 3640 688 3699 istam
712 3652 820 3692 non
844 3634 981 3691 dicit
1006 3634 1097 3689 Dei
1137 3646 1279 3696 esse,
1315 3629 1411 3685 sed
1449 3641 1638 3682 eorum
1680 3623 1772 3693 qui

195 3734 326 3793 talia
348 3733 681 3788 asserebant.
739 3729 864 3785 Haec
898 3726 1043 3783 enim
1073 3724 1254 3782 suasio
1278 3720 1515 3777 carnalis
1541 3726 1644 3783 est,
1685 3717 1774 3772 ille

194 3832 379 3883 autem
405 3822 460 3876 in
488 3820 791 3875 libertatem
817 3815 1048 3872 vocavit.
1089 3813 1347 3869 ilortatur
1372 3825 1502 3879 ergo
1528 3823 1623 3862 eos
1661 3805 1777 3859 nul-

194 3915 310 3977 lum
349 3926 535 3967 eorum
580 3909 767 3963 audire
797 3906 1014 3971 debere,
1053 3904 1145 3974 qui
1169 3903 1238 3957 ad
1265 3900 1384 3956 illos
1406 3897 1691 3954 veniebant
1718 3904 1777 3948 ut

194 4005 304 4062 ista
339 4003 641 4060 suaderent.
684 3998 952 4054 Modicum
993 3998 1300 4066 fermentum
1350 4001 1512 4066 totgm
1546 4004 1775 4053 massam

194 4095 487 4165 corrumpit
535 4092 586 4165 (Ι
614 4090 736 4146 Cor.
766 4089 845 4161 v).
899 4086 977 4142 Ne
1015 4086 1136 4156 quis
1180 4084 1407 4147 diceret,
1447 4084 1556 4136 Cur
1588 4091 1777 4134 omnes

193 4186 451 4255 corripis,
478 4184 602 4240 dum
632 4197 739 4241 non
761 4193 950 4236 omnes
971 4175 1316 4233 erraverint?
1354 4171 1597 4243 praedicit
1633 4169 1775 4239 quod

192 4276 468 4341 modicum
495 4273 713 4329 malitiae
753 4270 1076 4343 fermentum
1115 4276 1282 4323 totam
1312 4265 1485 4336 possit
1511 4262 1765 4320 Ecclesiae

192 4380 435 4423 massam
454 4376 823 4432 corrumpere.
874 4357 1050 4415 Nolite
1074 4365 1267 4428 putare
1288 4370 1578 4425 paucorum
1606 4352 1777 4411 homi-

192 4469 349 4523 num,
378 4454 469 4524 qui
502 4454 569 4509 de
592 4450 774 4509 Judaca
800 4450 1077 4530 venientes
1110 4448 1254 4507 aliud
1291 4448 1503 4510 docent,
1554 4444 1777 4500 insidias

1870 579 2077 637 cunque
2099 573 2174 618 est
2210 562 2320 617 ille.
2359 562 2601 629 Occulte,
2645 563 2917 634 inquiunt,
2966 563 3188 621 Petrum
3228 566 3456 635 lacerat,

1872 656 1962 711 cui
1987 670 2150 726 supra
2174 655 2229 709 in
2252 654 2389 711 facie
2412 655 2672 711 restitisse
2697 669 2755 709 se
2777 656 2986 720 scribit,
3009 657 3151 725 quod
3172 673 3283 715 non
3304 670 3458 717 recto

1871 745 2009 815 pede
2035 746 2309 800 incederet
2329 747 2396 801 ad
2428 745 2699 817 Evangelii
2727 747 3032 812 veritatem,
3064 747 3160 803 sed
3185 765 3286 804 nec
3316 750 3458 807 Pan-

1873 834 1957 889 lus
1985 842 2097 888 tam
2119 835 2333 903 procaci
2376 835 2661 891 maledicto
2697 836 2765 891 de
2802 835 3061 892 Ecclesiae
3097 838 3343 908 principe
3368 840 3453 895 lo-

1873 932 2149 995 queretur,
2175 940 2276 981 nec
2301 925 2493 981 Petrus
2511 927 2705 997 dignus
2728 928 2821 997 qui
2846 927 3181 984 conturbata:
3203 930 3456 987 Ecclesiae

1874 1032 2000 1074 reus
2028 1018 2201 1073 ﬁeret.
2240 1018 2319 1072 Ex
2349 1033 2458 1089 quo
2483 1018 2852 1074 arbitrantium
2882 1028 2966 1075 est
2989 1020 3055 1075 de
3084 1020 3193 1075 alio
3217 1021 3451 1091 quodam

1873 1111 1999 1173 dici,
2030 1110 2121 1180 qui
2150 1116 2241 1165 aut
2264 1125 2385 1165 cum
2411 1109 2661 1179 apostolis
2689 1109 2884 1174 fuerat,
2925 1118 3019 1164 aut
3050 1109 3117 1165 de
3145 1110 3328 1166 Judma
3361 1124 3453 1167 ve-

1873 1208 2044 1262 nerat,
2093 1210 2185 1254 aut
2220 1214 2285 1253 ex
2318 1198 2605 1253 Pharisaiis
2644 1200 2969 1264 crediderat,
3019 1207 3112 1253 aut
3155 1209 3303 1257 certe
3337 1217 3454 1256 ma-

1874 1307 2010 1362 gnus
2036 1290 2108 1344 sit
2133 1290 2272 1359 apud
2296 1288 2517 1344 Galatas
2540 1290 2858 1355 aestimatus,
2889 1298 3154 1363 utportet
3185 1291 3449 1362 judicium

1873 1380 2127 1436 Ecclesia:
2168 1380 2522 1440 conturbatis.
2574 1380 2881 1448 quicunque
2923 1388 3009 1435 est
3058 1380 3167 1435 ille.
3226 1380 3454 1438 Turbati

1872 1484 2001 1540 ergo
2029 1469 2242 1525 fuerant
2268 1468 2471 1523 Galatas
2498 1470 2642 1522 inter
2681 1470 2932 1538 spiritum
2972 1478 3027 1523 et
3060 1468 3319 1536 litteram,
3348 1472 3456 1526 cir-

1871 1560 2277 1623 cumcisionem,
2321 1567 2373 1613 et
2418 1560 2783 1614 concisionem
2817 1559 3150 1616 Judaismum
3178 1562 3451 1617 occultum

1873 1660 1928 1705 et
1953 1649 2317 1716 manifestum,
2343 1652 2472 1721 quid
2495 1660 2717 1723 agerent
2737 1652 3066 1722 ignorantes.
3109 1653 3330 1708 Brevins
3360 1670 3457 1708 au—
3541 1662 3544 1666 λ

1873 1748 1981 1795 tem
2008 1749 2063 1795 et
2086 1741 2164 1795 sic
2193 1741 2362 1811 accipi
2389 1749 2569 1811 potest
2594 1759 2608 1794 :
2633 1740 2949 1810 Quicunque
2977 1749 3061 1795 est
3096 1741 3187 1795 ille
3226 1742 3318 1810 qui
3356 1758 3455 1798 vos

1874 1832 1940 1886 ad
1976 1831 2369 1886 Pharisrcorum
2407 1831 2709 1887 doctrinam
2753 1831 2942 1895 trahit,
2988 1839 3043 1887 et
3085 1831 3359 1886 desiderat
3398 1833 3454 1886 in

1873 1937 2037 1977 carne
2073 1922 2407 1987 circumcidi,
2444 1921 2690 1991 quamvis
2733 1922 2803 1975 sit
2845 1920 3122 1991 eloquens,
3156 1929 3210 1976 et
3240 1922 3294 1976 in
3321 1921 3459 1992 legis

1872 2011 2215 2068 ordinatione
2243 2026 2302 2065 se
2321 2009 2556 2080 jactitet,
2599 2010 2731 2064 nihil
2774 2011 3003 2080 amplius
3033 2009 3178 2077 dico,
3217 2012 3321 2067 nisi
3349 2012 3457 2068 hoc

1874 2103 2017 2171 quod
2051 2103 2217 2169 etiam
2243 2119 2341 2158 vos
2370 2103 2604 2157 abnuere
2630 2119 2735 2157 non
2759 2104 3008 2174 potestis,
3049 2103 3189 2172 quod
3218 2102 3458 2172 portabit

1872 2208 1970 2262 pro
1992 2193 2092 2248 hoc
2119 2209 2280 2263 opere
2299 2193 2581 2263 judicium,
2606 2201 2660 2247 et
2684 2201 3042 2261 consequetur
3060 2207 3159 2263 pro
3185 2206 3285 2247 suo
3306 2192 3459 2247 labob

1874 2300 1933 2339 re
1956 2287 2282 2340 mercedem.
2323 2284 2422 2352 Qui
2449 2285 2575 2339 (ium
2593 2284 2792 2339 vellent
2819 2284 2979 2340 istam
3001 2284 3316 2340 servitutem
3337 2299 3459 2353 peo-

1874 2377 2101 2432 suaderc
2145 2386 2199 2431 et
2244 2377 2489 2431 viderent
2528 2391 2623 2431 eos
2670 2374 2819 2429 Pauli
2859 2374 3088 2445 apostoli
3133 2373 3458 2429 auctoritate

1873 2469 2138 2532 revocari,
2173 2468 2415 2523 dicerent
2453 2468 2614 2522 etiam
2651 2468 2825 2538 ipsum
2871 2466 3093 2520 Paulum
3137 2465 3190 2520 id
3232 2464 3454 2529 sentire,

1873 2558 1967 2612 sed
1997 2573 2102 2611 non
2138 2558 2217 2612 eis
2239 2558 2396 2611 facile
2424 2556 2635 2626 aperire
2661 2555 2916 2622 voluisse,
2947 2554 3272 2610 sententiam
3298 2567 3453 2609 suam

1872 2659 2172 2721 Opportune
2203 2651 2451 2720 subjecit.
2866 2658 2867 2661 ‘

1945 2740 2055 2811 Ego
2092 2751 2288 2805 autem,
2322 2739 2531 2809 fratres,
2565 2740 2610 2794 si
2641 2739 3089 2794 circumcisionem
3111 2737 3284 2791 adhuc
3310 2753 3451 2807 pra!-

1873 2830 2012 2896 dico,
2044 2831 2170 2901 quid
2208 2830 2387 2883 adhuc
2413 2831 2821 2900 persecutionem
2856 2828 3075 2899 patior?
3110 2826 3362 2896 Legimus
3401 2826 3457 2883 in

1869 2921 2096 2977 Actibus
2122 2921 2508 2990 apostolorum,
2535 2927 2591 2975 et
2616 2920 2731 2989 ipse
2753 2934 2968 2988 quoque
3001 2916 3278 2987 apostolus
3315 2915 3460 2970 Pau-

1871 3010 1956 3067 lus
1982 3011 2035 3066 in
2069 3010 2325 3080 Epistolis
2354 3008 2467 3064 suis
2496 3023 2638 3078 saepe
2673 3016 3062 3063 commemorat
3094 3020 3154 3061 se
3190 3020 3222 3059 a
3255 3004 3457 3060 Iudaeis

1873 3102 2279 3174 persecutiones
2335 3099 2701 3155 creberrimas
2757 3097 3084 3153 sustinuisse
3105 3137 3121 3162 ,
3174 3103 3458 3165 propterea

1799 3209 1842 3270 ρ
1874 3194 2016 3264 quod
2042 3194 2260 3249 doceret
2278 3207 2372 3247 eos
2392 3191 2484 3260 qui
2507 3191 2575 3245 de
2595 3188 2847 3260 gentibus
2869 3187 3209 3242 crediderant
3229 3186 3283 3240 in
3304 3184 3460 3241 Chri—
3544 3232 3548 3241 .

1873 3292 1982 3349 sto,
2012 3298 2121 3338 non
2164 3282 2363 3337 debere
2406 3279 2741 3336 circumcidi.
2791 3276 2857 3332 lli
2894 3276 3082 3346 itaque
3128 3276 3218 3347 (de
3262 3275 3459 3345 quibus

1873 3390 2035 3445 supra
2056 3374 2155 3440 ait,
2179 3374 2284 3438 Qui
2309 3383 2481 3427 autem
2507 3371 2783 3427 conturbat
2806 3386 2893 3425 vos
2920 3368 3147 3439 portabit
3165 3367 3457 3438 judicium,

1871 3468 2168 3538 quicunque
2211 3473 2286 3518 est
2329 3460 2439 3534 ille)
2468 3471 2529 3517 ut
2555 3461 2868 3531 deciperent
2898 3459 3116 3514 Galatas
3151 3459 3318 3513 etiam
3355 3458 3461 3512 hoc

1872 3554 2141 3611 addebant
2165 3571 2178 3608 :
2202 3552 2318 3607 Non
2337 3551 2511 3607 solum
2534 3550 2731 3604 Petrus
2750 3557 2809 3602 et
2831 3547 3083 3609 Jacobus,
3116 3554 3171 3601 et
3198 3545 3456 3611 Joannes,

1872 3652 1928 3698 et
1957 3643 2141 3697 caeteri
2165 3642 2222 3696 in
2251 3640 2432 3696 Judzea
2459 3639 2685 3710 apostoli
2715 3637 3209 3701 circumcisionem,
3254 3644 3311 3690 et
3354 3635 3461 3690 alia

1872 3740 2138 3802 pracepta
2178 3731 2312 3803 legis
2352 3730 2665 3792 observant,
2708 3727 2803 3782 sed
2841 3727 2959 3797 ipse
2992 3740 3206 3795 quoque
3237 3724 3459 3789 Paulus,

1873 3825 1966 3892 qui
1992 3839 2089 3878 vos
2107 3823 2266 3877 aliter
2294 3821 2496 3885 docuit,
2525 3835 2690 3889 quam
2716 3833 2774 3873 se
2801 3819 2880 3872 rei
2906 3817 3105 3885 veritas
3134 3815 3316 3872 habet.
3362 3813 3459 3868 Ti-

1874 3916 2148 3969 motheum
2185 3911 2543 3974 circumcidit,
2581 3917 2637 3963 et
2673 3907 2873 3963 ludatis
2901 3906 3215 3975 frequenter
3241 3901 3461 3958 Judaeus

1874 4004 2052 4059 factus
2076 4010 2179 4067 est,
2204 4001 2439 4057 veritate
2460 4006 2704 4071 cogente,
2736 4008 2898 4067 quam
2929 3994 3237 4073 opinionem
3267 3993 3333 4047 de
3357 3991 3462 4047 Ga-

1874 4096 2108 4150 latarum
2149 4091 2424 4155 mentibus
2455 4089 2655 4152 Paulus
2692 4102 2836 4145 nunc
2875 4086 3062 4141 volens
3102 4083 3291 4139 tollere
3334 4083 3413 4138 ait
3444 4100 3458 4137 :

1876 4187 1990 4259 Ego
2023 4196 2220 4251 autem,
2251 4185 2459 4255 fratres,
2495 4183 2541 4241 si
2576 4181 3030 4236 circumcisionem
3057 4176 3307 4249 pra'dico,
3335 4175 3462 4247 quid

1876 4280 2052 4333 adhuc
2090 4276 2499 4348 persecutionem
2526 4273 2748 4345 patior?
2795 4272 2989 4336 Omne,
3036 4269 3232 4338 inquit,
3275 4268 3331 4321 in
3375 4280 3465 4321 me

1877 4370 2059 4425 odium
2084 4367 2412 4431 Iudaeorum,
2441 4373 2497 4420 et
2522 4379 2628 4434 qua
2657 4364 2942 4423 adversum
2974 4377 3061 4417 me
3090 4360 3275 4414 lurunt
3314 4358 3462 4413 insae
3558 4372 3559 4375 ‘

1879 4461 1988 4525 nia,
2008 4459 2091 4525 ‘ob
2117 4457 2249 4512 nihil
2272 4454 2416 4510 aliud
2450 4463 2550 4517 est,
2578 4454 2684 4509 nisi
2720 4452 2865 4522 quod
2912 4452 3079 4507 doceo
3126 4457 3314 4521 gentes
3352 4461 3462 4501 non

193 4520 636 4613 contemnendas,
663 4544 789 4614 quia
807 4527 1071 4603 modicum
1108 4540 1419 4610 fermentum
1445 4546 1612 4592 totam
1637 4552 1774 4589 mas-

1879 4520 2076 4606 debe.rc
2101 4546 2438 4611 circumcidi,
2481 4555 2537 4600 et
2574 4544 2713 4616 legis
2739 4520 2905 4599 onera
2946 4520 3240 4613 superﬂua,
3270 4548 3326 4594 et
3348 4539 3462 4609 jam

193 4654 313 4696 sant
335 4636 640 4708 corrumpit.
680 4634 813 4693 Item
832 4634 989 4690 aliter
1012 4633 1118 4691 hoc
1144 4632 1297 4696 dicit,
1322 4630 1450 4700 quia
1471 4629 1596 4683 licet
1615 4628 1773 4697 quip-

191 4732 345 4805 piam
393 4730 528 4802 legis
565 4728 921 4785 admiscentes
967 4725 1109 4789 ﬁdei,
1146 4724 1350 4781 violant
1384 4732 1564 4777 tamen
1591 4721 1773 4786 ﬁdem,

192 4837 268 4879 ne
302 4822 497 4877 habeat
518 4819 772 4883 fructum.
809 4827 903 4873 aut
923 4818 995 4875 sit
1016 4816 1382 4886 acceptabilis,
1413 4815 1516 4870 hoc
1541 4813 1663 4868 ideo
1682 4814 1779 4868 ad-

184 4913 344 4985 jecit,
368 4927 437 4967 ne
462 4911 602 4967 forte
625 4909 947 4965 incolumem
967 4923 1026 4965 se
1051 4914 1303 4980 putarent
1330 4906 1528 4985 habere
1548 4904 1777 4979 gratiam

192 4983 345 5069 ﬁdei,
372 5006 418 5059 si
445 5017 617 5074 pauca
644 5002 778 5072 legis
804 5000 1178 5057 observarent.

266 5096 385 5167 Ego
412 5068 619 5164 conﬁdo
648 5068 863 5152 in'uobis
884 5092 938 5147 in
962 5090 1205 5155 Domino,
1227 5089 1350 5158 quia
1372 5068 1501 5143 niltil
1522 5085 1670 5140 aliud
1691 5103 1778 5140 δα·-

193 5189 372 5260 pictis.
409 5186 703 5243 Providens
728 5184 893 5258 igitur
917 5181 1144 5257 spiritu,
1176 5179 1302 5248 quia
1339 5178 1472 5232 nihil
1509 5176 1653 5231 aliud
1688 5191 1778 5230 es-

193 5288 324 5336 sent
346 5277 636 5341 credituri,
665 5275 770 5330 nisi
797 5271 940 5344 quod
964 5285 1061 5349 per
1088 5268 1383 5338 Epistulam
1420 5267 1780 5330 docebantur,

193 5374 309 5429 ait:
337 5371 452 5443 Ego
478 5369 683 5439 conﬁdo
708 5370 768 5423 in
795 5366 934 5421 vobis
954 5365 1010 5428 in
1031 5363 1277 5426 Domino,
1306 5359 1444 5432 quod
1472 5358 1602 5412 nihil
1633 5356 1777 5415 aliud

192 5467 434 5537 capietis.
472 5462 606 5518 Nam
641 5471 696 5517 et
728 5459 930 5529 additio
974 5455 1239 5512 Dominici
1277 5452 1511 5507 nominis
1549 5451 1780 5520 idipsum

195 5557 493 5628 signiﬁcat.
530 5555 590 5610 Si
630 5554 773 5610 enim
810 5566 910 5622 per
943 5546 1309 5616 conjecturam
1328 5544 1438 5598 hoc
1462 5541 1782 5607 aestimabat,

1878 4640 2076 4696 abolita
2107 4637 2396 4693 custodire.
2439 4634 2572 4692 Cum
2600 4643 2780 4690 autem
2802 4633 3234 4705 persecutionem
3261 4629 3461 4700 patior,

1878 4730 2223 4787 manifestum
2264 4735 2349 4783 est
2381 4742 2468 4782 me
2503 4726 2977 4782 circumcisionem
3021 4737 3129 4777 non
3167 4718 3464 4790 praedicare

1877 4834 2040 4891 quam
2070 4819 2308 4873 destruo.
2351 4814 2470 4871 Non
2509 4815 2655 4870 enim
2689 4822 2801 4870 tam
2828 4811 3260 4883 persecutionem
3287 4807 3473 4878 patior.

1880 4924 1909 4962 a
1934 4907 2136 4963 Iudicis
2162 4907 2286 4976 quia
2308 4904 2541 4976 prmdico
2562 4900 2904 4965 cruciﬁxum,
2932 4907 2988 4954 et
3010 4898 3196 4953 Jesum
3226 4910 3348 4951 esse
3375 4894 3459 4949 di-

1838 4990 1944 5055 'co
1972 4998 2280 5064 Christum,
2321 5012 2481 5067 quem
2528 4996 2613 5049 lex
2658 5002 2713 5048 et
2750 4993 3026 5063 prophetae
3069 4988 3464 5060 praeuuntiavc—

1878 5098 2024 5157 runt,
2057 5104 2216 5159 quam
2256 5088 2379 5157 quia
2425 5087 2592 5141 doceo
2636 5085 2810 5156 legem
2855 5099 2975 5137 esse
3012 5079 3333 5151 completam
3358 5097 3369 5131 :
3397 5093 3462 5135 ac

1878 5198 1976 5253 per
2006 5181 2107 5236 hoc
2143 5179 2218 5233 illi
2259 5177 2461 5232 inimici
2497 5185 2622 5232 sunt
2649 5175 2828 5230 crucis
2855 5175 2991 5244 ejus,
3024 5172 3115 5243 qui
3150 5187 3247 5241 per
3285 5171 3460 5243 legem

1880 5271 2066 5325 dicunt
2087 5285 2205 5324 esse
2225 5267 2516 5337 justitiam,
2544 5282 2651 5321 non
2681 5280 2780 5336 per
2808 5263 3039 5334 gratiam
3070 5262 3213 5317 ﬁdei.

1955 5359 2167 5415 Utinam
2189 5370 2235 5414 et
2264 5356 2656 5422 abscinduntur,
2686 5355 2774 5426 qui
2798 5372 2887 5408 vos
2923 5354 3254 5408 conturbant.
3310 5349 3466 5418 Qua:-

1878 5451 2036 5514 ritur,
2062 5449 2329 5519 quomodo
2353 5447 2550 5502 Paulus
2577 5445 2872 5516 discipulus
2899 5446 3015 5516 ejus
3036 5444 3129 5516 qui
3171 5443 3323 5508 dicit,
3364 5440 3467 5495 Be-v

1882 5541 2103 5595 nedicite
2133 5537 2555 5593 maledicentibus
2595 5536 2730 5591 vobis
2782 5534 2934 5606 (Luc.
2977 5534 3091 5607 vr);
3143 5543 3197 5590 et
3243 5534 3357 5602 ipse
3386 5531 3471 5585 lo-

194 5621 450 5721 pdtuerat
477 5654 687 5702 tantum
716 5621 918 5709 dicere,
948 5641 1061 5712 Ego
1096 5638 1299 5707 conﬁdo
1336 5636 1392 5691 in
1430 5635 1591 5689 vobis.
1630 5634 1815 5690 Nunc‘
1884 5646 2076 5701 quens,
2107 5629 2405 5683 Benedicite
2433 5638 2481 5682 et
2511 5626 2668 5681 nolite
2696 5626 3006 5681 maledicere
3037 5625 3218 5699 (Rom.
3249 5621 3347 5693 xu)
3371 5636 3386 5686 ;
3413 5626 3471 5674 et

195 5712 381 5793 autem
418 5752 693 5808 apponens
732 5736 787 5789 in
832 5733 1079 5795 Domino,
1119 5729 1301 5785 divino
1348 5728 1579 5799 quodam
1617 5727 1786 5783 conﬁ—
1887 5722 1941 5776 in
1969 5721 2076 5775 alio
2100 5721 2238 5786 loco,
2279 5718 2459 5791 Neque
2482 5718 2724 5773 maledici
2758 5735 2974 5789 regnum
3003 5716 3099 5771 Dei
3128 5712 3469 5787 possidebunt

198 5829 336 5886 dens
361 5830 552 5907 spiritu
583 5826 725 5908 quod
757 5824 993 5883 futurum
1026 5828 1354 5894 cognoverat
1387 5818 1742 5890 prophetavit.

1887 5812 1941 5887 (l
1964 5813 2083 5869 Cor.
2115 5814 2225 5886 nt);
2261 5828 2399 5867 nunc
2421 5819 2475 5866 ct
2492 5809 2833 5865 maledixerit
2856 5810 2935 5866 eis
2957 5809 3048 5883 qui
3070 5804 3340 5867 Ecclesias
3361 5799 3469 5856 Ga-
