  <div class='ocr_page' id='page_1' title='image "/cluster/home/n/w/nwhite01/storage/ocr_20150623/104/hvd.32044015466824/477.png"; bbox 0 0 4056 6350; ppageno 0'>
   <div class='ocr_carea' id='block_1_1' title="bbox 594 309 702 367">
    <p class='ocr_par' dir='ltr' id='par_1_1' title="bbox 594 309 702 367">
     <span class='ocr_line' id='line_1_1' title="bbox 594 309 702 367; baseline 0 0"><span class='ocrx_word' id='word_1_1' title='bbox 594 309 702 367; x_wconf 64' lang='lat' dir='ltr'><strong>89b</strong></span> 
     </span>
    </p>
   </div>
   <div class='ocr_carea' id='block_1_2' title="bbox 1662 302 2784 365">
    <p class='ocr_par' dir='ltr' id='par_1_2' title="bbox 1662 302 2784 365">
     <span class='ocr_line' id='line_1_2' title="bbox 1662 302 2784 365; baseline -0.007 0"><span class='ocrx_word' id='word_1_2' title='bbox 1662 307 1938 365; x_wconf 79' lang='lat' dir='ltr'><strong>CLAUDII</strong></span> <span class='ocrx_word' id='word_1_3' title='bbox 1977 303 2443 363; x_wconf 69' lang='lat' dir='ltr'><strong>TAURINENSIS</strong></span> <span class='ocrx_word' id='word_1_4' title='bbox 2479 302 2784 360; x_wconf 83' lang='lat' dir='ltr'><strong>EPISCOPI</strong></span> 
     </span>
    </p>
   </div>
   <div class='ocr_carea' id='block_1_3' title="bbox 3779 298 3897 354">
    <p class='ocr_par' dir='ltr' id='par_1_3' title="bbox 3779 298 3897 354">
     <span class='ocr_line' id='line_1_3' title="bbox 3779 298 3897 354; baseline 0 0"><span class='ocrx_word' id='word_1_5' title='bbox 3779 298 3897 354; x_wconf 78' lang='lat'><strong>896</strong></span> 
     </span>
    </p>
   </div>
   <div class='ocr_carea' id='block_1_4' title="bbox 589 416 3893 494">
    <p class='ocr_par' dir='ltr' id='par_1_4' title="bbox 589 416 3893 494">
     <span class='ocr_line' id='line_1_4' title="bbox 589 416 3893 494; baseline -0.004 -12"><span class='ocrx_word' id='word_1_6' title='bbox 589 428 733 482; x_wconf 71' lang='lat' dir='ltr'><strong>latim</strong></span> <span class='ocrx_word' id='word_1_7' title='bbox 767 424 1183 491; x_wconf 91' lang='lat' dir='ltr'><strong>conturbabant,</strong></span> <span class='ocrx_word' id='word_1_8' title='bbox 1220 431 1277 479; x_wconf 90' lang='lat' dir='ltr'><strong>et</strong></span> <span class='ocrx_word' id='word_1_9' title='bbox 1303 439 1425 480; x_wconf 91' lang='lat' dir='ltr'><strong>cum</strong></span> <span class='ocrx_word' id='word_1_10' title='bbox 1450 426 1685 494; x_wconf 78' lang='lat' dir='ltr'><strong>optantis</strong></span> <span class='ocrx_word' id='word_1_11' title='bbox 1720 432 1847 480; x_wconf 90' lang='lat' dir='ltr'><strong>voto</strong></span> <span class='ocrx_word' id='word_1_12' title='bbox 1872 424 2165 479; x_wconf 86' lang='lat' dir='ltr'><strong>maledixe—</strong></span> <span class='ocrx_word' id='word_1_13' title='bbox 2191 422 2240 483; x_wconf 82' lang='grc' dir='ltr'>Α</span> <span class='ocrx_word' id='word_1_14' title='bbox 2270 427 2418 473; x_wconf 87' lang='lat' dir='ltr'><strong>tanta</strong></span> <span class='ocrx_word' id='word_1_15' title='bbox 2456 426 2557 484; x_wconf 90' lang='lat' dir='ltr'><strong>est,</strong></span> <span class='ocrx_word' id='word_1_16' title='bbox 2598 428 2658 473; x_wconf 93' lang='lat' dir='ltr'><strong>ut</strong></span> <span class='ocrx_word' id='word_1_17' title='bbox 2683 433 2880 474; x_wconf 87' lang='lat' dir='ltr'><strong>nomen</strong></span> <span class='ocrx_word' id='word_1_18' title='bbox 2911 434 2977 474; x_wconf 90' lang='lat' dir='ltr'><strong>eo</strong></span> <span class='ocrx_word' id='word_1_19' title='bbox 3017 433 3188 487; x_wconf 90' lang='lat' dir='ltr'><strong>usque</strong></span> <span class='ocrx_word' id='word_1_20' title='bbox 3208 416 3496 475; x_wconf 71' lang='lat' dir='ltr'><strong>extollatur</strong></span> <span class='ocrx_word' id='word_1_21' title='bbox 3542 428 3607 474; x_wconf 91' lang='lat' dir='ltr'><strong>ut</strong></span> <span class='ocrx_word' id='word_1_22' title='bbox 3655 425 3724 473; x_wconf 87' lang='lat' dir='ltr'><strong>et</strong></span> <span class='ocrx_word' id='word_1_23' title='bbox 3766 416 3893 488; x_wconf 80' lang='lat' dir='ltr'><strong>ipse</strong></span> 
     </span>
    </p>
   </div>
   <div class='ocr_carea' id='block_1_5' title="bbox 590 514 2159 587">
    <p class='ocr_par' dir='ltr' id='par_1_5' title="bbox 590 514 2159 587">
     <span class='ocr_line' id='line_1_5' title="bbox 590 514 2159 587; baseline -0.003 -16"><span class='ocrx_word' id='word_1_24' title='bbox 590 517 664 571; x_wconf 81' lang='lat' dir='ltr'><strong>rit</strong></span> <span class='ocrx_word' id='word_1_25' title='bbox 706 534 719 570; x_wconf 89' lang='lat'><strong>:</strong></span> <span class='ocrx_word' id='word_1_26' title='bbox 761 514 975 570; x_wconf 83' lang='lat' dir='ltr'><strong>Utinam</strong></span> <span class='ocrx_word' id='word_1_27' title='bbox 1030 525 1080 569; x_wconf 91' lang='lat' dir='ltr'><strong>et</strong></span> <span class='ocrx_word' id='word_1_28' title='bbox 1137 514 1512 569; x_wconf 71' lang='lat' dir='ltr'><strong>abscinduntur</strong></span> <span class='ocrx_word' id='word_1_29' title='bbox 1553 517 1643 587; x_wconf 87' lang='lat' dir='ltr'><strong>qui</strong></span> <span class='ocrx_word' id='word_1_30' title='bbox 1689 533 1775 570; x_wconf 77' lang='lat' dir='ltr'><strong>eos</strong></span> <span class='ocrx_word' id='word_1_31' title='bbox 1829 516 2159 570; x_wconf 76' lang='lat' dir='ltr'><strong>conturbant.</strong></span> 
     </span>
    </p>
   </div>
   <div class='ocr_carea' id='block_1_6' title="bbox 589 606 2167 677">
    <p class='ocr_par' dir='ltr' id='par_1_6' title="bbox 589 606 2167 677">
     <span class='ocr_line' id='line_1_6' title="bbox 589 606 2167 677; baseline -0.003 -12"><span class='ocrx_word' id='word_1_32' title='bbox 589 608 725 665; x_wconf 83' lang='lat' dir='ltr'><strong>Tam</strong></span> <span class='ocrx_word' id='word_1_33' title='bbox 753 610 897 665; x_wconf 90' lang='lat' dir='ltr'><strong>enim</strong></span> <span class='ocrx_word' id='word_1_34' title='bbox 940 606 1255 663; x_wconf 87' lang='lat' dir='ltr'><strong>detestanda</strong></span> <span class='ocrx_word' id='word_1_35' title='bbox 1284 607 1602 663; x_wconf 85' lang='lat' dir='ltr'><strong>abscisiouis</strong></span> <span class='ocrx_word' id='word_1_36' title='bbox 1646 616 1727 661; x_wconf 91' lang='lat' dir='ltr'><strong>est</strong></span> <span class='ocrx_word' id='word_1_37' title='bbox 1767 608 1970 677; x_wconf 87' lang='lat' dir='ltr'><strong>passio,</strong></span> <span class='ocrx_word' id='word_1_38' title='bbox 2005 616 2066 660; x_wconf 92' lang='lat' dir='ltr'><strong>ut</strong></span> <span class='ocrx_word' id='word_1_39' title='bbox 2111 615 2167 661; x_wconf 90' lang='lat' dir='ltr'><strong>et</strong></span> 
     </span>
    </p>
   </div>
   <div class='ocr_carea' id='block_1_7' title="bbox 589 697 2161 771">
    <p class='ocr_par' dir='ltr' id='par_1_7' title="bbox 589 697 2161 771">
     <span class='ocr_line' id='line_1_7' title="bbox 589 697 2161 771; baseline -0.003 -14"><span class='ocrx_word' id='word_1_40' title='bbox 589 701 685 771; x_wconf 89' lang='lat' dir='ltr'><strong>qui</strong></span> <span class='ocrx_word' id='word_1_41' title='bbox 710 701 913 755; x_wconf 87' lang='lat' dir='ltr'><strong>invitus</strong></span> <span class='ocrx_word' id='word_1_42' title='bbox 938 713 1058 753; x_wconf 90' lang='lat' dir='ltr'><strong>eam</strong></span> <span class='ocrx_word' id='word_1_43' title='bbox 1088 697 1349 763; x_wconf 85' lang='lat' dir='ltr'><strong>intulerit,</strong></span> <span class='ocrx_word' id='word_1_44' title='bbox 1378 698 1582 768; x_wconf 77' lang='lat' dir='ltr'><strong>legibus</strong></span> <span class='ocrx_word' id='word_1_45' title='bbox 1608 698 1836 767; x_wconf 84' lang='lat' dir='ltr'><strong>publicis</strong></span> <span class='ocrx_word' id='word_1_46' title='bbox 1858 700 2115 768; x_wconf 83' lang='lat' dir='ltr'><strong>puniatur</strong></span> <span class='ocrx_word' id='word_1_47' title='bbox 2148 716 2161 753; x_wconf 91' lang='lat'><strong>:</strong></span> 
     </span>
    </p>
   </div>
   <div class='ocr_carea' id='block_1_8' title="bbox 589 786 2167 858">
    <p class='ocr_par' dir='ltr' id='par_1_8' title="bbox 589 786 2167 858">
     <span class='ocr_line' id='line_1_8' title="bbox 589 786 2167 858; baseline -0.003 -13"><span class='ocrx_word' id='word_1_48' title='bbox 589 797 644 845; x_wconf 89' lang='lat' dir='ltr'><strong>et</strong></span> <span class='ocrx_word' id='word_1_49' title='bbox 682 789 774 858; x_wconf 85' lang='lat' dir='ltr'><strong>qui</strong></span> <span class='ocrx_word' id='word_1_50' title='bbox 819 787 1056 856; x_wconf 88' lang='lat' dir='ltr'><strong>seipsum</strong></span> <span class='ocrx_word' id='word_1_51' title='bbox 1102 786 1420 841; x_wconf 91' lang='lat' dir='ltr'><strong>castraverit</strong></span> <span class='ocrx_word' id='word_1_52' title='bbox 1457 787 1680 841; x_wconf 85' lang='lat' dir='ltr'><strong>insanus</strong></span> <span class='ocrx_word' id='word_1_53' title='bbox 1726 788 2016 849; x_wconf 89' lang='lat' dir='ltr'><strong>habeatur;</strong></span> <span class='ocrx_word' id='word_1_54' title='bbox 2058 801 2167 841; x_wconf 89' lang='lat' dir='ltr'><strong>non</strong></span> 
     </span>
    </p>
   </div>
   <div class='ocr_carea' id='block_1_9' title="bbox 590 876 2167 946">
    <p class='ocr_par' dir='ltr' id='par_1_9' title="bbox 590 876 2167 946">
     <span class='ocr_line' id='line_1_9' title="bbox 590 876 2167 946; baseline -0.001 -12"><span class='ocrx_word' id='word_1_55' title='bbox 590 886 819 944; x_wconf 87' lang='lat' dir='ltr'><strong>tantum,</strong></span> <span class='ocrx_word' id='word_1_56' title='bbox 849 877 1043 946; x_wconf 85' lang='lat' dir='ltr'><strong>inquit,</strong></span> <span class='ocrx_word' id='word_1_57' title='bbox 1074 876 1550 942; x_wconf 86' lang='lat' dir='ltr'><strong>circumciduntur,</strong></span> <span class='ocrx_word' id='word_1_58' title='bbox 1572 878 1666 933; x_wconf 89' lang='lat' dir='ltr'><strong>sed</strong></span> <span class='ocrx_word' id='word_1_59' title='bbox 1684 886 1739 931; x_wconf 90' lang='lat' dir='ltr'><strong>et</strong></span> <span class='ocrx_word' id='word_1_60' title='bbox 1759 877 2167 932; x_wconf 85' lang='lat' dir='ltr'><strong>abscinduntur.</strong></span> 
     </span>
    </p>
   </div>
   <div class='ocr_carea' id='block_1_10' title="bbox 593 966 2163 1036">
    <p class='ocr_par' dir='ltr' id='par_1_10' title="bbox 593 966 2163 1036">
     <span class='ocr_line' id='line_1_10' title="bbox 593 966 2163 1036; baseline 0.001 -16"><span class='ocrx_word' id='word_1_61' title='bbox 593 966 685 1020; x_wconf 87' lang='lat' dir='ltr'><strong>Sic</strong></span> <span class='ocrx_word' id='word_1_62' title='bbox 720 967 867 1021; x_wconf 88' lang='lat' dir='ltr'><strong>enim</strong></span> <span class='ocrx_word' id='word_1_63' title='bbox 904 966 1036 1021; x_wconf 87' lang='lat' dir='ltr'><strong>ﬁent</strong></span> <span class='ocrx_word' id='word_1_64' title='bbox 1074 967 1340 1035; x_wconf 89' lang='lat' dir='ltr'><strong>spadones</strong></span> <span class='ocrx_word' id='word_1_65' title='bbox 1372 974 1591 1036; x_wconf 82' lang='lat' dir='ltr'><strong>propter</strong></span> <span class='ocrx_word' id='word_1_66' title='bbox 1626 980 1847 1036; x_wconf 87' lang='lat' dir='ltr'><strong>regnum</strong></span> <span class='ocrx_word' id='word_1_67' title='bbox 1883 967 2163 1032; x_wconf 81' lang='lat' dir='ltr'><strong>caelorum,</strong></span> 
     </span>
    </p>
   </div>
   <div class='ocr_carea' id='block_1_11' title="bbox 591 1054 2168 1125">
    <p class='ocr_par' dir='ltr' id='par_1_11' title="bbox 591 1054 2168 1125">
     <span class='ocr_line' id='line_1_11' title="bbox 591 1054 2168 1125; baseline -0.002 -13"><span class='ocrx_word' id='word_1_68' title='bbox 591 1065 650 1112; x_wconf 91' lang='lat' dir='ltr'><strong>et</strong></span> <span class='ocrx_word' id='word_1_69' title='bbox 673 1055 907 1110; x_wconf 80' lang='lat' dir='ltr'><strong>carnalia</strong></span> <span class='ocrx_word' id='word_1_70' title='bbox 935 1056 1207 1111; x_wconf 85' lang='lat' dir='ltr'><strong>seminare</strong></span> <span class='ocrx_word' id='word_1_71' title='bbox 1232 1055 1534 1110; x_wconf 89' lang='lat' dir='ltr'><strong>cessabunt.</strong></span> <span class='ocrx_word' id='word_1_72' title='bbox 1591 1054 1816 1110; x_wconf 85' lang='lat' dir='ltr'><strong>Videbat</strong></span> <span class='ocrx_word' id='word_1_73' title='bbox 1850 1057 2047 1125; x_wconf 87' lang='lat' dir='ltr'><strong>quippe</strong></span> <span class='ocrx_word' id='word_1_74' title='bbox 2086 1064 2168 1110; x_wconf 90' lang='lat' dir='ltr'><strong>to-</strong></span> 
     </span>
    </p>
   </div>
   <div class='ocr_carea' id='block_1_12' title="bbox 593 1143 2166 1214">
    <p class='ocr_par' dir='ltr' id='par_1_12' title="bbox 593 1143 2166 1214">
     <span class='ocr_line' id='line_1_12' title="bbox 593 1143 2166 1214; baseline -0.001 -16"><span class='ocrx_word' id='word_1_75' title='bbox 593 1153 704 1199; x_wconf 88' lang='lat' dir='ltr'><strong>tam</strong></span> <span class='ocrx_word' id='word_1_76' title='bbox 728 1144 1078 1214; x_wconf 85' lang='lat' dir='ltr'><strong>provinciam,</strong></span> <span class='ocrx_word' id='word_1_77' title='bbox 1103 1158 1266 1213; x_wconf 90' lang='lat' dir='ltr'><strong>quam</strong></span> <span class='ocrx_word' id='word_1_78' title='bbox 1299 1143 1413 1212; x_wconf 87' lang='lat' dir='ltr'><strong>ipse</strong></span> <span class='ocrx_word' id='word_1_79' title='bbox 1443 1159 1541 1198; x_wconf 91' lang='lat' dir='ltr'><strong>suo</strong></span> <span class='ocrx_word' id='word_1_80' title='bbox 1578 1144 1837 1212; x_wconf 86' lang='lat' dir='ltr'><strong>sanguine</strong></span> <span class='ocrx_word' id='word_1_81' title='bbox 1869 1151 1924 1197; x_wconf 90' lang='lat' dir='ltr'><strong>et</strong></span> <span class='ocrx_word' id='word_1_82' title='bbox 1954 1145 2166 1212; x_wconf 85' lang='lat' dir='ltr'><strong>pericu-</strong></span> 
     </span>
    </p>
   </div>
   <div class='ocr_carea' id='block_1_13' title="bbox 593 1229 2166 1295">
    <p class='ocr_par' dir='ltr' id='par_1_13' title="bbox 593 1229 2166 1295">
     <span class='ocr_line' id='line_1_13' title="bbox 593 1229 2166 1295; baseline -0.002 -8"><span class='ocrx_word' id='word_1_83' title='bbox 593 1234 661 1288; x_wconf 91' lang='lat' dir='ltr'><strong>lis</strong></span> <span class='ocrx_word' id='word_1_84' title='bbox 696 1234 766 1287; x_wconf 88' lang='lat' dir='ltr'><strong>ab</strong></span> <span class='ocrx_word' id='word_1_85' title='bbox 802 1231 1105 1287; x_wconf 86' lang='lat' dir='ltr'><strong>idololatria</strong></span> <span class='ocrx_word' id='word_1_86' title='bbox 1132 1229 1201 1286; x_wconf 90' lang='lat' dir='ltr'><strong>ad</strong></span> <span class='ocrx_word' id='word_1_87' title='bbox 1230 1230 1431 1286; x_wconf 86' lang='lat' dir='ltr'><strong>Christi</strong></span> <span class='ocrx_word' id='word_1_88' title='bbox 1453 1231 1761 1285; x_wconf 75' lang='lat' dir='ltr'><strong>traduxerat</strong></span> <span class='ocrx_word' id='word_1_89' title='bbox 1784 1231 1963 1295; x_wconf 87' lang='lat' dir='ltr'><strong>ﬁdem,</strong></span> <span class='ocrx_word' id='word_1_90' title='bbox 1991 1232 2166 1285; x_wconf 88' lang='lat' dir='ltr'><strong>subita</strong></span> 
     </span>
    </p>
   </div>
   <div class='ocr_carea' id='block_1_14' title="bbox 593 1322 2168 1397">
    <p class='ocr_par' dir='ltr' id='par_1_14' title="bbox 593 1322 2168 1397">
     <span class='ocr_line' id='line_1_14' title="bbox 593 1322 2168 1397; baseline -0.001 -18"><span class='ocrx_word' id='word_1_91' title='bbox 593 1323 945 1397; x_wconf 84' lang='lat' dir='ltr'><strong>persuasione</strong></span> <span class='ocrx_word' id='word_1_92' title='bbox 973 1323 1262 1385; x_wconf 87' lang='lat' dir='ltr'><strong>turbatam,</strong></span> <span class='ocrx_word' id='word_1_93' title='bbox 1308 1330 1364 1376; x_wconf 92' lang='lat' dir='ltr'><strong>et</strong></span> <span class='ocrx_word' id='word_1_94' title='bbox 1408 1322 1593 1376; x_wconf 91' lang='lat' dir='ltr'><strong>dolore</strong></span> <span class='ocrx_word' id='word_1_95' title='bbox 1640 1322 1955 1392; x_wconf 85' lang='lat' dir='ltr'><strong>apostolico,</strong></span> <span class='ocrx_word' id='word_1_96' title='bbox 1985 1323 2168 1377; x_wconf 90' lang='lat' dir='ltr'><strong>dolore</strong></span> 
     </span>
    </p>
   </div>
   <div class='ocr_carea' id='block_1_15' title="bbox 591 1411 2167 1485">
    <p class='ocr_par' dir='ltr' id='par_1_15' title="bbox 591 1411 2167 1485">
     <span class='ocr_line' id='line_1_15' title="bbox 591 1411 2167 1485; baseline -0.003 -17"><span class='ocrx_word' id='word_1_97' title='bbox 591 1413 762 1485; x_wconf 87' lang='lat' dir='ltr'><strong>patris</strong></span> <span class='ocrx_word' id='word_1_98' title='bbox 780 1427 840 1467; x_wconf 90' lang='lat' dir='ltr'><strong>se</strong></span> <span class='ocrx_word' id='word_1_99' title='bbox 861 1420 1045 1467; x_wconf 89' lang='lat' dir='ltr'><strong>tenere</strong></span> <span class='ocrx_word' id='word_1_100' title='bbox 1067 1426 1172 1465; x_wconf 90' lang='lat' dir='ltr'><strong>non</strong></span> <span class='ocrx_word' id='word_1_101' title='bbox 1194 1420 1423 1481; x_wconf 86' lang='lat' dir='ltr'><strong>poterat.</strong></span> <span class='ocrx_word' id='word_1_102' title='bbox 1470 1411 1712 1465; x_wconf 81' lang='lat' dir='ltr'><strong>Mutabat</strong></span> <span class='ocrx_word' id='word_1_103' title='bbox 1737 1426 1946 1477; x_wconf 90' lang='lat' dir='ltr'><strong>vocem,</strong></span> <span class='ocrx_word' id='word_1_104' title='bbox 1974 1419 2030 1466; x_wconf 91' lang='lat' dir='ltr'><strong>et</strong></span> <span class='ocrx_word' id='word_1_105' title='bbox 2049 1411 2167 1481; x_wconf 58' lang='lat' dir='ltr'><strong>qui-</strong></span> 
     </span>
    </p>
   </div>
   <div class='ocr_carea' id='block_1_16' title="bbox 589 1500 2168 1570">
    <p class='ocr_par' dir='ltr' id='par_1_16' title="bbox 589 1500 2168 1570">
     <span class='ocr_line' id='line_1_16' title="bbox 589 1500 2168 1570; baseline -0.003 -11"><span class='ocrx_word' id='word_1_106' title='bbox 589 1504 694 1560; x_wconf 88' lang='lat' dir='ltr'><strong>bus</strong></span> <span class='ocrx_word' id='word_1_107' title='bbox 722 1501 991 1558; x_wconf 80' lang='lat' dir='ltr'><strong>blanditus</strong></span> <span class='ocrx_word' id='word_1_108' title='bbox 1021 1500 1196 1556; x_wconf 82' lang='lat' dir='ltr'><strong>fuerat</strong></span> <span class='ocrx_word' id='word_1_109' title='bbox 1223 1501 1578 1566; x_wconf 86' lang='lat' dir='ltr'><strong>irascebatur,</strong></span> <span class='ocrx_word' id='word_1_110' title='bbox 1604 1509 1663 1554; x_wconf 90' lang='lat' dir='ltr'><strong>ut</strong></span> <span class='ocrx_word' id='word_1_111' title='bbox 1688 1516 1826 1570; x_wconf 89' lang='lat' dir='ltr'><strong>quos</strong></span> <span class='ocrx_word' id='word_1_112' title='bbox 1852 1502 2168 1569; x_wconf 82' lang='lat' dir='ltr'><strong>nequiverat</strong></span> 
     </span>
    </p>
   </div>
   <div class='ocr_carea' id='block_1_17' title="bbox 591 1588 2170 1658">
    <p class='ocr_par' dir='ltr' id='par_1_17' title="bbox 591 1588 2170 1658">
     <span class='ocr_line' id='line_1_17' title="bbox 591 1588 2170 1658; baseline -0.001 -13"><span class='ocrx_word' id='word_1_113' title='bbox 591 1591 829 1655; x_wconf 88' lang='lat' dir='ltr'><strong>lenitate,</strong></span> <span class='ocrx_word' id='word_1_114' title='bbox 859 1590 1051 1645; x_wconf 89' lang='lat' dir='ltr'><strong>saltem</strong></span> <span class='ocrx_word' id='word_1_115' title='bbox 1085 1588 1457 1658; x_wconf 79' lang='lat' dir='ltr'><strong>objurgatione</strong></span> <span class='ocrx_word' id='word_1_116' title='bbox 1494 1589 1774 1643; x_wconf 85' lang='lat' dir='ltr'><strong>retineret.</strong></span> <span class='ocrx_word' id='word_1_117' title='bbox 1822 1589 2050 1656; x_wconf 85' lang='lat' dir='ltr'><strong>Quidam</strong></span> <span class='ocrx_word' id='word_1_118' title='bbox 2089 1590 2170 1643; x_wconf 90' lang='lat' dir='ltr'><strong>di-</strong></span> 
     </span>
    </p>
   </div>
   <div class='ocr_carea' id='block_1_18' title="bbox 595 1678 2167 1745">
    <p class='ocr_par' dir='ltr' id='par_1_18' title="bbox 595 1678 2167 1745">
     <span class='ocr_line' id='line_1_18' title="bbox 595 1678 2167 1745; baseline -0.001 -10"><span class='ocrx_word' id='word_1_119' title='bbox 595 1688 745 1745; x_wconf 88' lang='lat' dir='ltr'><strong>cunt,</strong></span> <span class='ocrx_word' id='word_1_120' title='bbox 774 1680 980 1734; x_wconf 90' lang='lat' dir='ltr'><strong>utinam</strong></span> <span class='ocrx_word' id='word_1_121' title='bbox 1009 1678 1394 1733; x_wconf 89' lang='lat' dir='ltr'><strong>abscinduntur</strong></span> <span class='ocrx_word' id='word_1_122' title='bbox 1420 1679 1487 1733; x_wconf 91' lang='lat' dir='ltr'><strong>ab</strong></span> <span class='ocrx_word' id='word_1_123' title='bbox 1524 1693 1732 1742; x_wconf 90' lang='lat' dir='ltr'><strong>errore,</strong></span> <span class='ocrx_word' id='word_1_124' title='bbox 1768 1690 1821 1733; x_wconf 89' lang='lat' dir='ltr'><strong>et</strong></span> <span class='ocrx_word' id='word_1_125' title='bbox 1861 1680 2167 1734; x_wconf 86' lang='lat' dir='ltr'><strong>inserantur</strong></span> 
     </span>
    </p>
   </div>
   <div class='ocr_carea' id='block_1_19' title="bbox 2268 509 3017 579">
    <p class='ocr_par' dir='ltr' id='par_1_19' title="bbox 2268 509 3017 579">
     <span class='ocr_line' id='line_1_19' title="bbox 2268 509 3017 579; baseline -0.003 -14"><span class='ocrx_word' id='word_1_126' title='bbox 2268 511 2411 565; x_wconf 90' lang='lat' dir='ltr'><strong>Deus</strong></span> <span class='ocrx_word' id='word_1_127' title='bbox 2440 510 2674 566; x_wconf 87' lang='lat' dir='ltr'><strong>eharitas</strong></span> <span class='ocrx_word' id='word_1_128' title='bbox 2701 509 3017 579; x_wconf 85' lang='lat' dir='ltr'><strong>appelletur.</strong></span> 
     </span>
    </p>
   </div>
   <div class='ocr_carea' id='block_1_20' title="bbox 2345 603 3880 675">
    <p class='ocr_par' dir='ltr' id='par_1_20' title="bbox 2345 603 3880 675">
     <span class='ocr_line' id='line_1_20' title="bbox 2345 603 3880 675; baseline 0.001 -18"><span class='ocrx_word' id='word_1_129' title='bbox 2345 604 2530 657; x_wconf 88' lang='lat' dir='ltr'><strong>Omnis</strong></span> <span class='ocrx_word' id='word_1_130' title='bbox 2551 605 2688 657; x_wconf 85' lang='lat' dir='ltr'><strong>enim</strong></span> <span class='ocrx_word' id='word_1_131' title='bbox 2712 603 2797 657; x_wconf 75' lang='lat' dir='ltr'><strong>lea:</strong></span> <span class='ocrx_word' id='word_1_132' title='bbox 2822 604 2876 657; x_wconf 90' lang='lat' dir='ltr'><strong>in</strong></span> <span class='ocrx_word' id='word_1_133' title='bbox 2899 620 3003 657; x_wconf 88' lang='lat' dir='ltr'><strong>uno</strong></span> <span class='ocrx_word' id='word_1_134' title='bbox 3022 620 3258 658; x_wconf 81' lang='lat' dir='ltr'><strong>sermone</strong></span> <span class='ocrx_word' id='word_1_135' title='bbox 3281 603 3583 675; x_wconf 78' lang='lat' dir='ltr'><strong>completur.</strong></span> <span class='ocrx_word' id='word_1_136' title='bbox 3618 603 3880 660; x_wconf 74' lang='lat' dir='ltr'><strong>Omnem</strong></span> 
     </span>
    </p>
   </div>
   <div class='ocr_carea' id='block_1_21' title="bbox 2268 693 3878 764">
    <p class='ocr_par' dir='ltr' id='par_1_21' title="bbox 2268 693 3878 764">
     <span class='ocr_line' id='line_1_21' title="bbox 2268 693 3878 764; baseline 0.001 -17"><span class='ocrx_word' id='word_1_137' title='bbox 2268 708 2397 764; x_wconf 90' lang='lat' dir='ltr'><strong>ergo</strong></span> <span class='ocrx_word' id='word_1_138' title='bbox 2425 693 2594 764; x_wconf 80' lang='lat' dir='ltr'><strong>legem</strong></span> <span class='ocrx_word' id='word_1_139' title='bbox 2622 708 2764 748; x_wconf 91' lang='lat' dir='ltr'><strong>nunc</strong></span> <span class='ocrx_word' id='word_1_140' title='bbox 2790 693 2921 748; x_wconf 90' lang='lat' dir='ltr'><strong>dicit</strong></span> <span class='ocrx_word' id='word_1_141' title='bbox 2947 709 3011 747; x_wconf 81' lang='lat' dir='ltr'><strong>ex</strong></span> <span class='ocrx_word' id='word_1_142' title='bbox 3044 693 3129 748; x_wconf 91' lang='lat' dir='ltr'><strong>his</strong></span> <span class='ocrx_word' id='word_1_143' title='bbox 3150 694 3403 763; x_wconf 89' lang='lat' dir='ltr'><strong>operibus</strong></span> <span class='ocrx_word' id='word_1_144' title='bbox 3423 709 3543 764; x_wconf 63' lang='lat' dir='ltr'><strong>quae</strong></span> <span class='ocrx_word' id='word_1_145' title='bbox 3572 695 3652 748; x_wconf 84' lang='lat' dir='ltr'><strong>ad</strong></span> <span class='ocrx_word' id='word_1_146' title='bbox 3691 694 3878 750; x_wconf 81' lang='lat' dir='ltr'><strong>bonos</strong></span> 
     </span>
    </p>
   </div>
   <div class='ocr_carea' id='block_1_22' title="bbox 2272 783 3875 853">
    <p class='ocr_par' dir='ltr' id='par_1_22' title="bbox 2272 783 3875 853">
     <span class='ocr_line' id='line_1_22' title="bbox 2272 783 3875 853; baseline 0.001 -15"><span class='ocrx_word' id='word_1_147' title='bbox 2272 800 2450 840; x_wconf 89' lang='lat' dir='ltr'><strong>mores</strong></span> <span class='ocrx_word' id='word_1_148' title='bbox 2473 784 2763 853; x_wconf 86' lang='lat' dir='ltr'><strong>pertinent,</strong></span> <span class='ocrx_word' id='word_1_149' title='bbox 2796 784 2922 852; x_wconf 89' lang='lat' dir='ltr'><strong>quia</strong></span> <span class='ocrx_word' id='word_1_150' title='bbox 2949 791 3005 837; x_wconf 90' lang='lat' dir='ltr'><strong>et</strong></span> <span class='ocrx_word' id='word_1_151' title='bbox 3027 783 3117 838; x_wconf 91' lang='lat' dir='ltr'><strong>illa</strong></span> <span class='ocrx_word' id='word_1_152' title='bbox 3143 798 3265 853; x_wconf 68' lang='lat' dir='ltr'><strong>quae</strong></span> <span class='ocrx_word' id='word_1_153' title='bbox 3291 793 3413 839; x_wconf 88' lang='lat' dir='ltr'><strong>sunt</strong></span> <span class='ocrx_word' id='word_1_154' title='bbox 3448 785 3499 839; x_wconf 89' lang='lat' dir='ltr'><strong>in</strong></span> <span class='ocrx_word' id='word_1_155' title='bbox 3533 800 3875 839; x_wconf 79' lang='lat' dir='ltr'><strong>sacramen-</strong></span> 
     </span>
    </p>
   </div>
   <div class='ocr_carea' id='block_1_23' title="bbox 2271 876 3875 947">
    <p class='ocr_par' dir='ltr' id='par_1_23' title="bbox 2271 876 3875 947">
     <span class='ocr_line' id='line_1_23' title="bbox 2271 876 3875 947; baseline 0.001 -15"><span class='ocrx_word' id='word_1_156' title='bbox 2271 878 2356 941; x_wconf 88' lang='lat' dir='ltr'><strong>tis,</strong></span> <span class='ocrx_word' id='word_1_157' title='bbox 2379 893 2502 933; x_wconf 91' lang='lat' dir='ltr'><strong>cum</strong></span> <span class='ocrx_word' id='word_1_158' title='bbox 2524 878 2661 933; x_wconf 89' lang='lat' dir='ltr'><strong>bene</strong></span> <span class='ocrx_word' id='word_1_159' title='bbox 2691 893 2721 930; x_wconf 89' lang='lat' dir='ltr'><strong>a</strong></span> <span class='ocrx_word' id='word_1_160' title='bbox 2752 876 2937 931; x_wconf 90' lang='lat' dir='ltr'><strong>liberis</strong></span> <span class='ocrx_word' id='word_1_161' title='bbox 2978 876 3366 947; x_wconf 88' lang='lat' dir='ltr'><strong>intelliguntur,</strong></span> <span class='ocrx_word' id='word_1_162' title='bbox 3408 892 3507 931; x_wconf 91' lang='lat' dir='ltr'><strong>nec</strong></span> <span class='ocrx_word' id='word_1_163' title='bbox 3550 876 3875 933; x_wconf 84' lang='lat' dir='ltr'><strong>carnaliter</strong></span> 
     </span>
    </p>
   </div>
   <div class='ocr_carea' id='block_1_24' title="bbox 2266 972 3873 1043">
    <p class='ocr_par' dir='ltr' id='par_1_24' title="bbox 2266 972 3873 1043">
     <span class='ocr_line' id='line_1_24' title="bbox 2266 972 3873 1043; baseline 0.001 -16"><span class='ocrx_word' id='word_1_164' title='bbox 2266 974 2621 1028; x_wconf 85' lang='lat' dir='ltr'><strong>observantur</strong></span> <span class='ocrx_word' id='word_1_165' title='bbox 2649 988 2679 1027; x_wconf 90' lang='lat' dir='ltr'><strong>a</strong></span> <span class='ocrx_word' id='word_1_166' title='bbox 2709 972 2896 1035; x_wconf 89' lang='lat' dir='ltr'><strong>servis,</strong></span> <span class='ocrx_word' id='word_1_167' title='bbox 2925 973 2994 1028; x_wconf 84' lang='lat' dir='ltr'><strong>ad</strong></span> <span class='ocrx_word' id='word_1_168' title='bbox 3012 972 3101 1026; x_wconf 90' lang='lat' dir='ltr'><strong>illa</strong></span> <span class='ocrx_word' id='word_1_169' title='bbox 3124 974 3230 1029; x_wconf 89' lang='lat' dir='ltr'><strong>duo</strong></span> <span class='ocrx_word' id='word_1_170' title='bbox 3249 983 3511 1043; x_wconf 68' lang='lat' dir='ltr'><strong>praecepta</strong></span> <span class='ocrx_word' id='word_1_171' title='bbox 3538 973 3873 1029; x_wconf 83' lang='lat' dir='ltr'><strong>referantur</strong></span> 
     </span>
    </p>
   </div>
   <div class='ocr_carea' id='block_1_25' title="bbox 2267 1064 3871 1134">
    <p class='ocr_par' dir='ltr' id='par_1_25' title="bbox 2267 1064 3871 1134">
     <span class='ocr_line' id='line_1_25' title="bbox 2267 1064 3871 1134; baseline 0 -14"><span class='ocrx_word' id='word_1_172' title='bbox 2267 1079 2487 1120; x_wconf 90' lang='lat' dir='ltr'><strong>necesse</strong></span> <span class='ocrx_word' id='word_1_173' title='bbox 2511 1074 2616 1131; x_wconf 91' lang='lat' dir='ltr'><strong>est,</strong></span> <span class='ocrx_word' id='word_1_174' title='bbox 2644 1064 2946 1120; x_wconf 89' lang='lat' dir='ltr'><strong>dilectionis</strong></span> <span class='ocrx_word' id='word_1_175' title='bbox 2966 1065 3063 1119; x_wconf 83' lang='lat' dir='ltr'><strong>Dei</strong></span> <span class='ocrx_word' id='word_1_176' title='bbox 3090 1072 3146 1119; x_wconf 90' lang='lat' dir='ltr'><strong>et</strong></span> <span class='ocrx_word' id='word_1_177' title='bbox 3169 1066 3419 1134; x_wconf 78' lang='lat' dir='ltr'><strong>proximi.</strong></span> <span class='ocrx_word' id='word_1_178' title='bbox 3468 1066 3647 1120; x_wconf 78' lang='lat' dir='ltr'><strong>Recte</strong></span> <span class='ocrx_word' id='word_1_179' title='bbox 3672 1065 3871 1134; x_wconf 84' lang='lat' dir='ltr'><strong>itaque</strong></span> 
     </span>
    </p>
   </div>
   <div class='ocr_carea' id='block_1_26' title="bbox 2266 1156 3863 1227">
    <p class='ocr_par' dir='ltr' id='par_1_26' title="bbox 2266 1156 3863 1227">
     <span class='ocr_line' id='line_1_26' title="bbox 2266 1156 3863 1227; baseline 0.001 -18"><span class='ocrx_word' id='word_1_180' title='bbox 2266 1157 2529 1227; x_wconf 89' lang='lat' dir='ltr'><strong>accipitur</strong></span> <span class='ocrx_word' id='word_1_181' title='bbox 2554 1156 2621 1211; x_wconf 87' lang='lat' dir='ltr'><strong>ad</strong></span> <span class='ocrx_word' id='word_1_182' title='bbox 2649 1157 2753 1211; x_wconf 90' lang='lat' dir='ltr'><strong>hoc</strong></span> <span class='ocrx_word' id='word_1_183' title='bbox 2778 1156 3067 1226; x_wconf 89' lang='lat' dir='ltr'><strong>pertinere,</strong></span> <span class='ocrx_word' id='word_1_184' title='bbox 3092 1158 3234 1226; x_wconf 88' lang='lat' dir='ltr'><strong>quod</strong></span> <span class='ocrx_word' id='word_1_185' title='bbox 3252 1157 3414 1211; x_wconf 87' lang='lat' dir='ltr'><strong>etiam</strong></span> <span class='ocrx_word' id='word_1_186' title='bbox 3436 1157 3714 1212; x_wconf 84' lang='lat' dir='ltr'><strong>Dominus</strong></span> <span class='ocrx_word' id='word_1_187' title='bbox 3742 1158 3826 1212; x_wconf 88' lang='lat' dir='ltr'><strong>ait</strong></span> <span class='ocrx_word' id='word_1_188' title='bbox 3849 1177 3863 1210; x_wconf 85' lang='lat'><strong>:</strong></span> 
     </span>
    </p>
   </div>
   <div class='ocr_carea' id='block_1_27' title="bbox 2271 1241 3868 1316">
    <p class='ocr_par' dir='ltr' id='par_1_27' title="bbox 2271 1241 3868 1316">
     <span class='ocr_line' id='line_1_27' title="bbox 2271 1241 3868 1316; baseline 0.003 -21"><span class='ocrx_word' id='word_1_189' title='bbox 2271 1241 2395 1297; x_wconf 88' lang='lat' dir='ltr'><strong>Non</strong></span> <span class='ocrx_word' id='word_1_190' title='bbox 2433 1245 2543 1298; x_wconf 81' lang='lat' dir='ltr'><strong>veni</strong></span> <span class='ocrx_word' id='word_1_191' title='bbox 2577 1242 2739 1314; x_wconf 83' lang='lat' dir='ltr'><strong>legem</strong></span> <span class='ocrx_word' id='word_1_192' title='bbox 2778 1244 2997 1309; x_wconf 83' lang='lat' dir='ltr'><strong>solvere,</strong></span> <span class='ocrx_word' id='word_1_193' title='bbox 3040 1246 3131 1299; x_wconf 85' lang='lat' dir='ltr'><strong>sed</strong></span> <span class='ocrx_word' id='word_1_194' title='bbox 3178 1244 3462 1316; x_wconf 81' lang='lat' dir='ltr'><strong>adimplere</strong></span> <span class='ocrx_word' id='word_1_195' title='bbox 3499 1246 3739 1315; x_wconf 73' lang='lat' dir='ltr'><strong>(Matth.</strong></span> <span class='ocrx_word' id='word_1_196' title='bbox 3776 1250 3868 1316; x_wconf 74' lang='lat' dir='ltr'><strong>v);</strong></span> 
     </span>
    </p>
   </div>
   <div class='ocr_carea' id='block_1_28' title="bbox 2269 1337 3870 1408">
    <p class='ocr_par' dir='ltr' id='par_1_28' title="bbox 2269 1337 3870 1408">
     <span class='ocr_line' id='line_1_28' title="bbox 2269 1337 3870 1408; baseline 0.002 -20"><span class='ocrx_word' id='word_1_197' title='bbox 2269 1337 2361 1406; x_wconf 90' lang='lat' dir='ltr'><strong>qui</strong></span> <span class='ocrx_word' id='word_1_198' title='bbox 2389 1345 2507 1389; x_wconf 91' lang='lat' dir='ltr'><strong>erat</strong></span> <span class='ocrx_word' id='word_1_199' title='bbox 2534 1337 2811 1393; x_wconf 90' lang='lat' dir='ltr'><strong>ablaturus</strong></span> <span class='ocrx_word' id='word_1_200' title='bbox 2833 1338 3081 1392; x_wconf 89' lang='lat' dir='ltr'><strong>timorem</strong></span> <span class='ocrx_word' id='word_1_201' title='bbox 3110 1338 3403 1402; x_wconf 88' lang='lat' dir='ltr'><strong>carnalem,</strong></span> <span class='ocrx_word' id='word_1_202' title='bbox 3431 1338 3753 1408; x_wconf 86' lang='lat' dir='ltr'><strong>spiritalem</strong></span> <span class='ocrx_word' id='word_1_203' title='bbox 3774 1356 3870 1392; x_wconf 90' lang='lat' dir='ltr'><strong>au-</strong></span> 
     </span>
    </p>
   </div>
   <div class='ocr_carea' id='block_1_29' title="bbox 2270 1426 3867 1499">
    <p class='ocr_par' dir='ltr' id='par_1_29' title="bbox 2270 1426 3867 1499">
     <span class='ocr_line' id='line_1_29' title="bbox 2270 1426 3867 1499; baseline 0.003 -21"><span class='ocrx_word' id='word_1_204' title='bbox 2270 1432 2376 1478; x_wconf 89' lang='lat' dir='ltr'><strong>tem</strong></span> <span class='ocrx_word' id='word_1_205' title='bbox 2396 1426 2713 1481; x_wconf 87' lang='lat' dir='ltr'><strong>cbaritatcm</strong></span> <span class='ocrx_word' id='word_1_206' title='bbox 2740 1428 2981 1489; x_wconf 88' lang='lat' dir='ltr'><strong>daturus,</strong></span> <span class='ocrx_word' id='word_1_207' title='bbox 3006 1442 3111 1497; x_wconf 89' lang='lat' dir='ltr'><strong>qua</strong></span> <span class='ocrx_word' id='word_1_208' title='bbox 3148 1428 3259 1483; x_wconf 89' lang='lat' dir='ltr'><strong>sola</strong></span> <span class='ocrx_word' id='word_1_209' title='bbox 3294 1427 3379 1483; x_wconf 90' lang='lat' dir='ltr'><strong>lex</strong></span> <span class='ocrx_word' id='word_1_210' title='bbox 3406 1428 3613 1497; x_wconf 87' lang='lat' dir='ltr'><strong>impleri</strong></span> <span class='ocrx_word' id='word_1_211' title='bbox 3650 1439 3867 1499; x_wconf 83' lang='lat' dir='ltr'><strong>potest.</strong></span> 
     </span>
    </p>
   </div>
   <div class='ocr_carea' id='block_1_30' title="bbox 2271 1512 3870 1590">
    <p class='ocr_par' dir='ltr' id='par_1_30' title="bbox 2271 1512 3870 1590">
     <span class='ocr_line' id='line_1_30' title="bbox 2271 1512 3870 1590; baseline 0.006 -24"><span class='ocrx_word' id='word_1_212' title='bbox 2271 1512 2554 1569; x_wconf 80' lang='lat' dir='ltr'><strong>Plenitudo</strong></span> <span class='ocrx_word' id='word_1_213' title='bbox 2597 1517 2734 1570; x_wconf 89' lang='lat' dir='ltr'><strong>enim</strong></span> <span class='ocrx_word' id='word_1_214' title='bbox 2778 1516 2905 1587; x_wconf 88' lang='lat' dir='ltr'><strong>legis</strong></span> <span class='ocrx_word' id='word_1_215' title='bbox 2951 1517 3179 1572; x_wconf 86' lang='lat' dir='ltr'><strong>charitas</strong></span> <span class='ocrx_word' id='word_1_216' title='bbox 3213 1516 3384 1590; x_wconf 81' lang='lat' dir='ltr'><strong>(Rom.</strong></span> <span class='ocrx_word' id='word_1_217' title='bbox 3427 1518 3569 1589; x_wconf 81' lang='lat' dir='ltr'><strong>xm).</strong></span> <span class='ocrx_word' id='word_1_218' title='bbox 3613 1520 3694 1573; x_wconf 82' lang='lat' dir='ltr'><strong>Et</strong></span> <span class='ocrx_word' id='word_1_219' title='bbox 3734 1535 3870 1589; x_wconf 82' lang='lat' dir='ltr'><strong>quo-</strong></span> 
     </span>
    </p>
   </div>
   <div class='ocr_carea' id='block_1_31' title="bbox 2270 1598 3864 1679">
    <p class='ocr_par' dir='ltr' id='par_1_31' title="bbox 2270 1598 3864 1679">
     <span class='ocr_line' id='line_1_31' title="bbox 2270 1598 3864 1679; baseline 0.004 -22"><span class='ocrx_word' id='word_1_220' title='bbox 2270 1604 2415 1657; x_wconf 84' lang='lat' dir='ltr'><strong>niam</strong></span> <span class='ocrx_word' id='word_1_221' title='bbox 2456 1604 2587 1660; x_wconf 89' lang='lat' dir='ltr'><strong>ﬁdes</strong></span> <span class='ocrx_word' id='word_1_222' title='bbox 2628 1606 2880 1675; x_wconf 88' lang='lat' dir='ltr'><strong>impetrat</strong></span> <span class='ocrx_word' id='word_1_223' title='bbox 2920 1606 3180 1676; x_wconf 84' lang='lat' dir='ltr'><strong>Spiritum</strong></span> <span class='ocrx_word' id='word_1_224' title='bbox 3227 1598 3491 1672; x_wconf 88' lang='lat' dir='ltr'><strong>sanctum,</strong></span> <span class='ocrx_word' id='word_1_225' title='bbox 3537 1624 3632 1677; x_wconf 87' lang='lat' dir='ltr'><strong>per</strong></span> <span class='ocrx_word' id='word_1_226' title='bbox 3688 1625 3864 1679; x_wconf 82' lang='lat' dir='ltr'><strong>quem</strong></span> 
     </span>
    </p>
   </div>
   <div class='ocr_carea' id='block_1_32' title="bbox 2270 1691 3869 1766">
    <p class='ocr_par' dir='ltr' id='par_1_32' title="bbox 2270 1691 3869 1766">
     <span class='ocr_line' id='line_1_32' title="bbox 2270 1691 3869 1766; baseline 0.006 -23"><span class='ocrx_word' id='word_1_227' title='bbox 2270 1691 2501 1746; x_wconf 88' lang='lat' dir='ltr'><strong>charitas</strong></span> <span class='ocrx_word' id='word_1_228' title='bbox 2548 1692 2646 1747; x_wconf 90' lang='lat' dir='ltr'><strong>Dei</strong></span> <span class='ocrx_word' id='word_1_229' title='bbox 2683 1694 2880 1763; x_wconf 72' lang='lat' dir='ltr'><strong>di/fusa</strong></span> <span class='ocrx_word' id='word_1_230' title='bbox 2913 1705 2987 1749; x_wconf 89' lang='lat' dir='ltr'><strong>est</strong></span> <span class='ocrx_word' id='word_1_231' title='bbox 3031 1695 3274 1750; x_wconf 82' lang='lat' dir='ltr'><strong>cordibus</strong></span> <span class='ocrx_word' id='word_1_232' title='bbox 3312 1697 3652 1766; x_wconf 85' lang='lat' dir='ltr'><strong>operantium</strong></span> <span class='ocrx_word' id='word_1_233' title='bbox 3699 1697 3869 1766; x_wconf 82' lang='lat' dir='ltr'><strong>justi-</strong></span> 
     </span>
    </p>
   </div>
   <div class='ocr_carea' id='block_1_33' title="bbox 595 1767 3870 1858">
    <p class='ocr_par' dir='ltr' id='par_1_33' title="bbox 595 1767 3870 1858">
     <span class='ocr_line' id='line_1_33' title="bbox 595 1767 3870 1858; baseline 0.005 -29"><span class='ocrx_word' id='word_1_234' title='bbox 595 1770 831 1824; x_wconf 73' lang='lat' dir='ltr'><strong>verilali.</strong></span> <span class='ocrx_word' id='word_1_235' title='bbox 881 1768 987 1858; x_wconf 67' lang='grc' dir='ltr'><strong>ΑΙῘὶ</strong></span> <span class='ocrx_word' id='word_1_236' title='bbox 1034 1768 1239 1858; x_wconf 47' lang='lat' dir='ltr'><strong>dicunt;</strong></span> <span class='ocrx_word' id='word_1_237' title='bbox 1287 1768 1331 1821; x_wconf 69' lang='lat' dir='ltr'><strong>Si</strong></span> <span class='ocrx_word' id='word_1_238' title='bbox 1375 1777 1568 1858; x_wconf 57' lang='grc' dir='ltr'><strong>Ρυῑειξιῐ</strong></span> <span class='ocrx_word' id='word_1_239' title='bbox 1600 1767 1702 1858; x_wconf 56' lang='lat' dir='ltr'><strong>sibi</strong></span> <span class='ocrx_word' id='word_1_240' title='bbox 1748 1772 1851 1822; x_wconf 75' lang='lat' dir='ltr'><strong>hoc</strong></span> <span class='ocrx_word' id='word_1_241' title='bbox 1889 1769 2165 1858; x_wconf 55' lang='grc' dir='ltr'><strong>Ρνοξιθξδθο</strong></span> <span class='ocrx_word' id='word_1_242' title='bbox 2195 1770 2242 1829; x_wconf 90' lang='grc' dir='ltr'><strong>Β</strong></span> <span class='ocrx_word' id='word_1_243' title='bbox 2270 1781 2420 1846; x_wconf 90' lang='lat' dir='ltr'><strong>tiam,</strong></span> <span class='ocrx_word' id='word_1_244' title='bbox 2452 1782 2598 1837; x_wconf 91' lang='lat' dir='ltr'><strong>nullo</strong></span> <span class='ocrx_word' id='word_1_245' title='bbox 2627 1784 2783 1839; x_wconf 89' lang='lat' dir='ltr'><strong>modo</strong></span> <span class='ocrx_word' id='word_1_246' title='bbox 2805 1786 3087 1855; x_wconf 81' lang='lat' dir='ltr'><strong>quisquam</strong></span> <span class='ocrx_word' id='word_1_247' title='bbox 3117 1796 3240 1841; x_wconf 89' lang='lat' dir='ltr'><strong>ante</strong></span> <span class='ocrx_word' id='word_1_248' title='bbox 3269 1786 3497 1858; x_wconf 77' lang='lat' dir='ltr'><strong>gratiam</strong></span> <span class='ocrx_word' id='word_1_249' title='bbox 3518 1786 3641 1841; x_wconf 87' lang='lat' dir='ltr'><strong>ﬁdei</strong></span> <span class='ocrx_word' id='word_1_250' title='bbox 3671 1789 3749 1844; x_wconf 83' lang='lat' dir='ltr'><strong>de</strong></span> <span class='ocrx_word' id='word_1_251' title='bbox 3774 1789 3870 1844; x_wconf 87' lang='lat' dir='ltr'><strong>bo-</strong></span> 
     </span>
    </p>
   </div>
   <div class='ocr_carea' id='block_1_34' title="bbox 594 1855 2169 1920">
    <p class='ocr_par' dir='ltr' id='par_1_34' title="bbox 594 1855 2169 1920">
     <span class='ocr_line' id='line_1_34' title="bbox 594 1855 2169 1920; baseline -0.004 -7"><span class='ocrx_word' id='word_1_252' title='bbox 594 1874 703 1913; x_wconf 88' lang='lat' dir='ltr'><strong>non</strong></span> <span class='ocrx_word' id='word_1_253' title='bbox 735 1857 909 1912; x_wconf 87' lang='lat' dir='ltr'><strong>solum</strong></span> <span class='ocrx_word' id='word_1_254' title='bbox 938 1856 1414 1920; x_wconf 85' lang='lat' dir='ltr'><strong>circumciduntur,</strong></span> <span class='ocrx_word' id='word_1_255' title='bbox 1439 1855 1531 1910; x_wconf 87' lang='lat' dir='ltr'><strong>sed</strong></span> <span class='ocrx_word' id='word_1_256' title='bbox 1568 1855 1732 1909; x_wconf 87' lang='lat' dir='ltr'><strong>etiam</strong></span> <span class='ocrx_word' id='word_1_257' title='bbox 1768 1864 1822 1909; x_wconf 87' lang='lat' dir='ltr'><strong>et</strong></span> <span class='ocrx_word' id='word_1_258' title='bbox 1855 1855 2169 1919; x_wconf 78' lang='lat' dir='ltr'><strong>abscindun-</strong></span> 
     </span>
    </p>
   </div>
   <div class='ocr_carea' id='block_1_35' title="bbox 598 1945 2167 2014">
    <p class='ocr_par' dir='ltr' id='par_1_35' title="bbox 598 1945 2167 2014">
     <span class='ocr_line' id='line_1_35' title="bbox 598 1945 2167 2014; baseline -0.001 -14"><span class='ocrx_word' id='word_1_259' title='bbox 598 1955 704 2001; x_wconf 90' lang='lat' dir='ltr'><strong>tur.</strong></span> <span class='ocrx_word' id='word_1_260' title='bbox 748 1945 901 2011; x_wconf 84' lang='lat' dir='ltr'><strong>Quod</strong></span> <span class='ocrx_word' id='word_1_261' title='bbox 942 1945 1139 2000; x_wconf 83' lang='lat' dir='ltr'><strong>Paulus</strong></span> <span class='ocrx_word' id='word_1_262' title='bbox 1183 1961 1287 2000; x_wconf 91' lang='lat' dir='ltr'><strong>non</strong></span> <span class='ocrx_word' id='word_1_263' title='bbox 1331 1952 1441 1999; x_wconf 90' lang='lat' dir='ltr'><strong>tam</strong></span> <span class='ocrx_word' id='word_1_264' title='bbox 1487 1945 1823 2000; x_wconf 79' lang='lat' dir='ltr'><strong>maledixerit</strong></span> <span class='ocrx_word' id='word_1_265' title='bbox 1861 1946 1961 2009; x_wconf 91' lang='lat' dir='ltr'><strong>eis,</strong></span> <span class='ocrx_word' id='word_1_266' title='bbox 2008 1961 2167 2014; x_wconf 87' lang='lat' dir='ltr'><strong>quam</strong></span> 
     </span>
    </p>
   </div>
   <div class='ocr_carea' id='block_1_36' title="bbox 597 2032 2171 2103">
    <p class='ocr_par' dir='ltr' id='par_1_36' title="bbox 597 2032 2171 2103">
     <span class='ocr_line' id='line_1_36' title="bbox 597 2032 2171 2103; baseline -0.001 -14"><span class='ocrx_word' id='word_1_267' title='bbox 597 2035 831 2089; x_wconf 87' lang='lat' dir='ltr'><strong>oraverit</strong></span> <span class='ocrx_word' id='word_1_268' title='bbox 861 2049 957 2103; x_wconf 88' lang='lat' dir='ltr'><strong>pro</strong></span> <span class='ocrx_word' id='word_1_269' title='bbox 985 2033 1110 2096; x_wconf 89' lang='lat' dir='ltr'><strong>illis,</strong></span> <span class='ocrx_word' id='word_1_270' title='bbox 1144 2042 1204 2087; x_wconf 89' lang='lat' dir='ltr'><strong>ut</strong></span> <span class='ocrx_word' id='word_1_271' title='bbox 1239 2048 1333 2087; x_wconf 90' lang='lat' dir='ltr'><strong>eas</strong></span> <span class='ocrx_word' id='word_1_272' title='bbox 1371 2040 1551 2102; x_wconf 86' lang='lat' dir='ltr'><strong>partes</strong></span> <span class='ocrx_word' id='word_1_273' title='bbox 1596 2033 1837 2101; x_wconf 90' lang='lat' dir='ltr'><strong>corporis</strong></span> <span class='ocrx_word' id='word_1_274' title='bbox 1882 2032 2171 2102; x_wconf 89' lang='lat' dir='ltr'><strong>perderent</strong></span> 
     </span>
    </p>
   </div>
   <div class='ocr_carea' id='block_1_37' title="bbox 596 2123 2168 2193">
    <p class='ocr_par' dir='ltr' id='par_1_37' title="bbox 596 2123 2168 2193">
     <span class='ocr_line' id='line_1_37' title="bbox 596 2123 2168 2193; baseline -0.001 -14"><span class='ocrx_word' id='word_1_275' title='bbox 596 2139 696 2193; x_wconf 88' lang='lat' dir='ltr'><strong>per</strong></span> <span class='ocrx_word' id='word_1_276' title='bbox 742 2139 877 2193; x_wconf 88' lang='lat' dir='ltr'><strong>quas</strong></span> <span class='ocrx_word' id='word_1_277' title='bbox 927 2124 1239 2192; x_wconf 84' lang='lat' dir='ltr'><strong>delinquere</strong></span> <span class='ocrx_word' id='word_1_278' title='bbox 1294 2123 1638 2190; x_wconf 81' lang='lat' dir='ltr'><strong>cogebantur.</strong></span> <span class='ocrx_word' id='word_1_279' title='bbox 1687 2123 1755 2176; x_wconf 88' lang='lat' dir='ltr'><strong>Et</strong></span> <span class='ocrx_word' id='word_1_280' title='bbox 1796 2125 2063 2191; x_wconf 88' lang='lat' dir='ltr'><strong>quomodo</strong></span> <span class='ocrx_word' id='word_1_281' title='bbox 2114 2124 2168 2177; x_wconf 91' lang='lat' dir='ltr'><strong>in</strong></span> 
     </span>
    </p>
   </div>
   <div class='ocr_carea' id='block_1_38' title="bbox 595 2214 2172 2286">
    <p class='ocr_par' dir='ltr' id='par_1_38' title="bbox 595 2214 2172 2286">
     <span class='ocr_line' id='line_1_38' title="bbox 595 2214 2172 2286; baseline 0.001 -17"><span class='ocrx_word' id='word_1_282' title='bbox 595 2215 886 2286; x_wconf 80' lang='lat' dir='ltr'><strong>Evangelio</strong></span> <span class='ocrx_word' id='word_1_283' title='bbox 912 2215 1111 2270; x_wconf 90' lang='lat' dir='ltr'><strong>dictum</strong></span> <span class='ocrx_word' id='word_1_284' title='bbox 1142 2222 1241 2279; x_wconf 90' lang='lat' dir='ltr'><strong>est,</strong></span> <span class='ocrx_word' id='word_1_285' title='bbox 1275 2214 1462 2270; x_wconf 81' lang='lat' dir='ltr'><strong>Melius</strong></span> <span class='ocrx_word' id='word_1_286' title='bbox 1487 2230 1605 2270; x_wconf 87' lang='lat' dir='ltr'><strong>esse</strong></span> <span class='ocrx_word' id='word_1_287' title='bbox 1631 2215 1862 2285; x_wconf 89' lang='lat' dir='ltr'><strong>aliquem</strong></span> <span class='ocrx_word' id='word_1_288' title='bbox 1899 2217 2014 2271; x_wconf 87' lang='lat' dir='ltr'><strong>sine</strong></span> <span class='ocrx_word' id='word_1_289' title='bbox 2046 2232 2172 2271; x_wconf 90' lang='lat' dir='ltr'><strong>ocu-</strong></span> 
     </span>
    </p>
   </div>
   <div class='ocr_carea' id='block_1_39' title="bbox 596 2303 2169 2377">
    <p class='ocr_par' dir='ltr' id='par_1_39' title="bbox 596 2303 2169 2377">
     <span class='ocr_line' id='line_1_39' title="bbox 596 2303 2169 2377; baseline 0.002 -20"><span class='ocrx_word' id='word_1_290' title='bbox 596 2303 673 2369; x_wconf 88' lang='lat' dir='ltr'><strong>lo,</strong></span> <span class='ocrx_word' id='word_1_291' title='bbox 703 2312 757 2357; x_wconf 90' lang='lat' dir='ltr'><strong>et</strong></span> <span class='ocrx_word' id='word_1_292' title='bbox 791 2304 908 2358; x_wconf 89' lang='lat' dir='ltr'><strong>sine</strong></span> <span class='ocrx_word' id='word_1_293' title='bbox 935 2320 1120 2367; x_wconf 88' lang='lat' dir='ltr'><strong>manu,</strong></span> <span class='ocrx_word' id='word_1_294' title='bbox 1159 2313 1213 2359; x_wconf 90' lang='lat' dir='ltr'><strong>et</strong></span> <span class='ocrx_word' id='word_1_295' title='bbox 1250 2304 1367 2359; x_wconf 89' lang='lat' dir='ltr'><strong>sine</strong></span> <span class='ocrx_word' id='word_1_296' title='bbox 1391 2303 1545 2375; x_wconf 86' lang='lat' dir='ltr'><strong>pede,</strong></span> <span class='ocrx_word' id='word_1_297' title='bbox 1574 2312 1628 2359; x_wconf 92' lang='lat' dir='ltr'><strong>et</strong></span> <span class='ocrx_word' id='word_1_298' title='bbox 1652 2305 1890 2375; x_wconf 86' lang='lat' dir='ltr'><strong>qualibet</strong></span> <span class='ocrx_word' id='word_1_299' title='bbox 1920 2306 2023 2360; x_wconf 87' lang='lat' dir='ltr'><strong>alia</strong></span> <span class='ocrx_word' id='word_1_300' title='bbox 2048 2322 2169 2377; x_wconf 88' lang='lat' dir='ltr'><strong>par-</strong></span> 
     </span>
    </p>
   </div>
   <div class='ocr_carea' id='block_1_40' title="bbox 600 2392 2168 2464">
    <p class='ocr_par' dir='ltr' id='par_1_40' title="bbox 600 2392 2168 2464">
     <span class='ocr_line' id='line_1_40' title="bbox 600 2392 2168 2464; baseline 0.004 -20"><span class='ocrx_word' id='word_1_301' title='bbox 600 2399 652 2445; x_wconf 91' lang='lat' dir='ltr'><strong>te</strong></span> <span class='ocrx_word' id='word_1_302' title='bbox 681 2392 1043 2445; x_wconf 84' lang='lat' dir='ltr'><strong>membrorum</strong></span> <span class='ocrx_word' id='word_1_303' title='bbox 1080 2392 1282 2447; x_wconf 90' lang='lat' dir='ltr'><strong>intrare</strong></span> <span class='ocrx_word' id='word_1_304' title='bbox 1314 2394 1367 2446; x_wconf 91' lang='lat' dir='ltr'><strong>in</strong></span> <span class='ocrx_word' id='word_1_305' title='bbox 1408 2407 1632 2463; x_wconf 83' lang='lat' dir='ltr'><strong>regnum</strong></span> <span class='ocrx_word' id='word_1_306' title='bbox 1674 2394 1957 2460; x_wconf 66' lang='lat' dir='ltr'><strong>caelorum,</strong></span> <span class='ocrx_word' id='word_1_307' title='bbox 2006 2410 2168 2464; x_wconf 90' lang='lat' dir='ltr'><strong>quam</strong></span> 
     </span>
    </p>
   </div>
   <div class='ocr_carea' id='block_1_41' title="bbox 596 2484 2171 2556">
    <p class='ocr_par' dir='ltr' id='par_1_41' title="bbox 596 2484 2171 2556">
     <span class='ocr_line' id='line_1_41' title="bbox 596 2484 2171 2556; baseline 0 -16"><span class='ocrx_word' id='word_1_308' title='bbox 596 2492 769 2541; x_wconf 88' lang='lat' dir='ltr'><strong>totum</strong></span> <span class='ocrx_word' id='word_1_309' title='bbox 799 2484 878 2537; x_wconf 90' lang='lat' dir='ltr'><strong>ire</strong></span> <span class='ocrx_word' id='word_1_310' title='bbox 906 2484 958 2537; x_wconf 92' lang='lat' dir='ltr'><strong>in</strong></span> <span class='ocrx_word' id='word_1_311' title='bbox 990 2485 1289 2556; x_wconf 88' lang='lat' dir='ltr'><strong>gehennam</strong></span> <span class='ocrx_word' id='word_1_312' title='bbox 1320 2502 1333 2538; x_wconf 92' lang='lat'><strong>:</strong></span> <span class='ocrx_word' id='word_1_313' title='bbox 1366 2484 1440 2538; x_wconf 92' lang='lat' dir='ltr'><strong>ita</strong></span> <span class='ocrx_word' id='word_1_314' title='bbox 1469 2492 1526 2539; x_wconf 93' lang='lat' dir='ltr'><strong>et</strong></span> <span class='ocrx_word' id='word_1_315' title='bbox 1552 2502 1693 2541; x_wconf 91' lang='lat' dir='ltr'><strong>nunc</strong></span> <span class='ocrx_word' id='word_1_316' title='bbox 1716 2493 1902 2555; x_wconf 89' lang='lat' dir='ltr'><strong>optare</strong></span> <span class='ocrx_word' id='word_1_317' title='bbox 1938 2487 2018 2542; x_wconf 90' lang='lat' dir='ltr'><strong>eis</strong></span> <span class='ocrx_word' id='word_1_318' title='bbox 2056 2502 2171 2541; x_wconf 52' lang='lat' dir='ltr'><strong>ma.-</strong></span> 
     </span>
    </p>
   </div>
   <div class='ocr_carea' id='block_1_42' title="bbox 596 2573 2172 2648">
    <p class='ocr_par' dir='ltr' id='par_1_42' title="bbox 596 2573 2172 2648">
     <span class='ocr_line' id='line_1_42' title="bbox 596 2573 2172 2648; baseline 0.005 -21"><span class='ocrx_word' id='word_1_319' title='bbox 596 2573 681 2646; x_wconf 88' lang='lat' dir='ltr'><strong>gis</strong></span> <span class='ocrx_word' id='word_1_320' title='bbox 721 2590 883 2628; x_wconf 85' lang='lat' dir='ltr'><strong>unum</strong></span> <span class='ocrx_word' id='word_1_321' title='bbox 912 2583 1121 2643; x_wconf 86' lang='lat' dir='ltr'><strong>partem</strong></span> <span class='ocrx_word' id='word_1_322' title='bbox 1163 2575 1407 2644; x_wconf 87' lang='lat' dir='ltr'><strong>corporis</strong></span> <span class='ocrx_word' id='word_1_323' title='bbox 1432 2577 1679 2645; x_wconf 88' lang='lat' dir='ltr'><strong>perdere,</strong></span> <span class='ocrx_word' id='word_1_324' title='bbox 1709 2592 1869 2646; x_wconf 88' lang='lat' dir='ltr'><strong>quam</strong></span> <span class='ocrx_word' id='word_1_325' title='bbox 1897 2593 1995 2648; x_wconf 89' lang='lat' dir='ltr'><strong>per</strong></span> <span class='ocrx_word' id='word_1_326' title='bbox 2016 2594 2172 2639; x_wconf 66' lang='lat' dir='ltr'><strong>occa-</strong></span> 
     </span>
    </p>
   </div>
   <div class='ocr_carea' id='block_1_43' title="bbox 592 2664 2169 2738">
    <p class='ocr_par' dir='ltr' id='par_1_43' title="bbox 592 2664 2169 2738">
     <span class='ocr_line' id='line_1_43' title="bbox 592 2664 2169 2738; baseline 0.004 -21"><span class='ocrx_word' id='word_1_327' title='bbox 592 2664 799 2718; x_wconf 90' lang='lat' dir='ltr'><strong>sionem</strong></span> <span class='ocrx_word' id='word_1_328' title='bbox 828 2664 1020 2733; x_wconf 85' lang='lat' dir='ltr'><strong>integri</strong></span> <span class='ocrx_word' id='word_1_329' title='bbox 1058 2666 1299 2735; x_wconf 89' lang='lat' dir='ltr'><strong>corporis</strong></span> <span class='ocrx_word' id='word_1_330' title='bbox 1330 2675 1586 2736; x_wconf 88' lang='lat' dir='ltr'><strong>perpetuo</strong></span> <span class='ocrx_word' id='word_1_331' title='bbox 1631 2668 1754 2738; x_wconf 87' lang='lat' dir='ltr'><strong>igne</strong></span> <span class='ocrx_word' id='word_1_332' title='bbox 1792 2668 2058 2722; x_wconf 88' lang='lat' dir='ltr'><strong>damnari.</strong></span> <span class='ocrx_word' id='word_1_333' title='bbox 2112 2669 2169 2724; x_wconf 88' lang='lat' dir='ltr'><strong>Si</strong></span> 
     </span>
    </p>
   </div>
   <div class='ocr_carea' id='block_1_44' title="bbox 593 2748 2173 2824">
    <p class='ocr_par' dir='ltr' id='par_1_44' title="bbox 593 2748 2173 2824">
     <span class='ocr_line' id='line_1_44' title="bbox 593 2748 2173 2824; baseline 0.005 -23"><span class='ocrx_word' id='word_1_334' title='bbox 593 2748 737 2802; x_wconf 90' lang='lat' dir='ltr'><strong>enim</strong></span> <span class='ocrx_word' id='word_1_335' title='bbox 776 2748 1089 2819; x_wconf 86' lang='lat' dir='ltr'><strong>exspoliatio</strong></span> <span class='ocrx_word' id='word_1_336' title='bbox 1115 2751 1340 2805; x_wconf 88' lang='lat' dir='ltr'><strong>membri</strong></span> <span class='ocrx_word' id='word_1_337' title='bbox 1364 2749 1596 2821; x_wconf 89' lang='lat' dir='ltr'><strong>proﬁcit,</strong></span> <span class='ocrx_word' id='word_1_338' title='bbox 1644 2752 1809 2807; x_wconf 87' lang='lat' dir='ltr'><strong>multo</strong></span> <span class='ocrx_word' id='word_1_339' title='bbox 1838 2754 2013 2824; x_wconf 83' lang='lat' dir='ltr'><strong>magis</strong></span> <span class='ocrx_word' id='word_1_340' title='bbox 2044 2755 2173 2809; x_wconf 84' lang='lat' dir='ltr'><strong>sub-</strong></span> 
     </span>
    </p>
   </div>
   <div class='ocr_carea' id='block_1_45' title="bbox 599 2834 729 2891">
    <p class='ocr_par' dir='ltr' id='par_1_45' title="bbox 599 2834 729 2891">
     <span class='ocr_line' id='line_1_45' title="bbox 599 2834 729 2891; baseline 0.031 -4"><span class='ocrx_word' id='word_1_341' title='bbox 599 2834 729 2891; x_wconf 90' lang='lat' dir='ltr'><strong>latio</strong></span> 
     </span>
    </p>
   </div>
   <div class='ocr_carea' id='block_1_46' title="bbox 674 2966 2171 3041">
    <p class='ocr_par' dir='ltr' id='par_1_46' title="bbox 674 2966 2171 3041">
     <span class='ocr_line' id='line_1_46' title="bbox 674 2966 2171 3041; baseline 0.004 -21"><span class='ocrx_word' id='word_1_342' title='bbox 674 2966 778 3021; x_wconf 82' lang='lat' dir='ltr'><strong>Vos</strong></span> <span class='ocrx_word' id='word_1_343' title='bbox 803 2977 972 3022; x_wconf 87' lang='lat' dir='ltr'><strong>autem</strong></span> <span class='ocrx_word' id='word_1_344' title='bbox 1008 2969 1063 3023; x_wconf 92' lang='lat' dir='ltr'><strong>in</strong></span> <span class='ocrx_word' id='word_1_345' title='bbox 1101 2969 1385 3024; x_wconf 88' lang='lat' dir='ltr'><strong>libertatem</strong></span> <span class='ocrx_word' id='word_1_346' title='bbox 1422 2971 1590 3025; x_wconf 78' lang='lat' dir='ltr'><strong>vocati</strong></span> <span class='ocrx_word' id='word_1_347' title='bbox 1620 2972 1762 3036; x_wconf 80' lang='lat' dir='ltr'><strong>estis,</strong></span> <span class='ocrx_word' id='word_1_348' title='bbox 1801 2972 2013 3041; x_wconf 80' lang='lat' dir='ltr'><strong>fratres,</strong></span> <span class='ocrx_word' id='word_1_349' title='bbox 2056 2982 2171 3025; x_wconf 56' lang='lat' dir='ltr'><strong>tunc</strong></span> 
     </span>
    </p>
   </div>
   <div class='ocr_carea' id='block_1_47' title="bbox 593 3056 2164 3128">
    <p class='ocr_par' dir='ltr' id='par_1_47' title="bbox 593 3056 2164 3128">
     <span class='ocr_line' id='line_1_47' title="bbox 593 3056 2164 3128; baseline 0.006 -19"><span class='ocrx_word' id='word_1_350' title='bbox 593 3065 703 3110; x_wconf 87' lang='lat' dir='ltr'><strong>tum</strong></span> <span class='ocrx_word' id='word_1_351' title='bbox 748 3072 811 3111; x_wconf 85' lang='lat' dir='ltr'><strong>ne</strong></span> <span class='ocrx_word' id='word_1_352' title='bbox 832 3056 1119 3112; x_wconf 82' lang='lat' dir='ltr'><strong>libertatem</strong></span> <span class='ocrx_word' id='word_1_353' title='bbox 1165 3059 1221 3112; x_wconf 88' lang='lat' dir='ltr'><strong>in</strong></span> <span class='ocrx_word' id='word_1_354' title='bbox 1272 3060 1593 3115; x_wconf 89' lang='lat' dir='ltr'><strong>occasionem</strong></span> <span class='ocrx_word' id='word_1_355' title='bbox 1633 3061 1806 3115; x_wconf 85' lang='lat' dir='ltr'><strong>carnis</strong></span> <span class='ocrx_word' id='word_1_356' title='bbox 1843 3062 1996 3116; x_wconf 88' lang='lat' dir='ltr'><strong>detis.</strong></span> <span class='ocrx_word' id='word_1_357' title='bbox 2035 3062 2164 3128; x_wconf 82' lang='lat' dir='ltr'><strong>Vos,</strong></span> 
     </span>
    </p>
   </div>
   <div class='ocr_carea' id='block_1_48' title="bbox 2269 1873 3869 1955">
    <p class='ocr_par' dir='ltr' id='par_1_48' title="bbox 2269 1873 3869 1955">
     <span class='ocr_line' id='line_1_48' title="bbox 2269 1873 3869 1955; baseline 0.005 -30"><span class='ocrx_word' id='word_1_358' title='bbox 2269 1886 2355 1926; x_wconf 86' lang='lat' dir='ltr'><strong>nts</strong></span> <span class='ocrx_word' id='word_1_359' title='bbox 2400 1873 2655 1941; x_wconf 87' lang='lat' dir='ltr'><strong>operibus</strong></span> <span class='ocrx_word' id='word_1_360' title='bbox 2700 1875 2979 1945; x_wconf 85' lang='lat' dir='ltr'><strong>glorietur.</strong></span> <span class='ocrx_word' id='word_1_361' title='bbox 3028 1874 3365 1946; x_wconf 81' lang='lat' dir='ltr'><strong>Quapropter</strong></span> <span class='ocrx_word' id='word_1_362' title='bbox 3408 1877 3541 1931; x_wconf 87' lang='lat' dir='ltr'><strong>istos</strong></span> <span class='ocrx_word' id='word_1_363' title='bbox 3575 1878 3869 1955; x_wconf 69' lang='lat' dir='ltr'><strong>jactantes</strong></span> 
     </span>
    </p>
   </div>
   <div class='ocr_carea' id='block_1_49' title="bbox 2267 1964 3869 2041">
    <p class='ocr_par' dir='ltr' id='par_1_49' title="bbox 2267 1964 3869 2041">
     <span class='ocr_line' id='line_1_49' title="bbox 2267 1964 3869 2041; baseline 0.004 -25"><span class='ocrx_word' id='word_1_364' title='bbox 2267 1976 2325 2017; x_wconf 88' lang='lat' dir='ltr'><strong>se</strong></span> <span class='ocrx_word' id='word_1_365' title='bbox 2349 1964 2415 2017; x_wconf 91' lang='lat' dir='ltr'><strong>de</strong></span> <span class='ocrx_word' id='word_1_366' title='bbox 2438 1964 2692 2034; x_wconf 84' lang='lat' dir='ltr'><strong>operibus</strong></span> <span class='ocrx_word' id='word_1_367' title='bbox 2717 1966 2849 2037; x_wconf 84' lang='lat' dir='ltr'><strong>legis</strong></span> <span class='ocrx_word' id='word_1_368' title='bbox 2870 1968 2941 2021; x_wconf 88' lang='lat' dir='ltr'><strong>ita</strong></span> <span class='ocrx_word' id='word_1_369' title='bbox 2966 1966 3162 2022; x_wconf 79' lang='lat' dir='ltr'><strong>refellit</strong></span> <span class='ocrx_word' id='word_1_370' title='bbox 3187 1968 3496 2041; x_wconf 79' lang='lat' dir='ltr'><strong>Apostolus,</strong></span> <span class='ocrx_word' id='word_1_371' title='bbox 3525 1969 3645 2023; x_wconf 85' lang='lat' dir='ltr'><strong>dum</strong></span> <span class='ocrx_word' id='word_1_372' title='bbox 3672 1980 3869 2024; x_wconf 78' lang='lat' dir='ltr'><strong>osten-</strong></span> 
     </span>
    </p>
   </div>
   <div class='ocr_carea' id='block_1_50' title="bbox 2267 2051 3860 2123">
    <p class='ocr_par' dir='ltr' id='par_1_50' title="bbox 2267 2051 3860 2123">
     <span class='ocr_line' id='line_1_50' title="bbox 2267 2051 3860 2123; baseline 0.006 -17"><span class='ocrx_word' id='word_1_373' title='bbox 2267 2051 2346 2107; x_wconf 91' lang='lat' dir='ltr'><strong>dit</strong></span> <span class='ocrx_word' id='word_1_374' title='bbox 2367 2068 2529 2123; x_wconf 91' lang='lat' dir='ltr'><strong>opera</strong></span> <span class='ocrx_word' id='word_1_375' title='bbox 2552 2063 2765 2111; x_wconf 87' lang='lat' dir='ltr'><strong>vetusta</strong></span> <span class='ocrx_word' id='word_1_376' title='bbox 2786 2068 3247 2117; x_wconf 85' lang='lat' dir='ltr'><strong>sacramentorum</strong></span> <span class='ocrx_word' id='word_1_377' title='bbox 3277 2060 3498 2119; x_wconf 87' lang='lat' dir='ltr'><strong>umbras</strong></span> <span class='ocrx_word' id='word_1_378' title='bbox 3533 2057 3860 2115; x_wconf 81' lang='lat' dir='ltr'><strong>futurorum</strong></span> 
     </span>
    </p>
   </div>
   <div class='ocr_carea' id='block_1_51' title="bbox 2269 2142 3863 2220">
    <p class='ocr_par' dir='ltr' id='par_1_51' title="bbox 2269 2142 3863 2220">
     <span class='ocr_line' id='line_1_51' title="bbox 2269 2142 3863 2220; baseline 0.006 -23"><span class='ocrx_word' id='word_1_379' title='bbox 2269 2142 2435 2199; x_wconf 82' lang='lat' dir='ltr'><strong>fuisse</strong></span> <span class='ocrx_word' id='word_1_380' title='bbox 2457 2161 2469 2197; x_wconf 95' lang='lat'>:</span> <span class='ocrx_word' id='word_1_381' title='bbox 2493 2161 2627 2215; x_wconf 86' lang='lat' dir='ltr'><strong>quas</strong></span> <span class='ocrx_word' id='word_1_382' title='bbox 2648 2147 2758 2217; x_wconf 89' lang='lat' dir='ltr'><strong>jam</strong></span> <span class='ocrx_word' id='word_1_383' title='bbox 2783 2156 2905 2220; x_wconf 90' lang='lat' dir='ltr'><strong>post</strong></span> <span class='ocrx_word' id='word_1_384' title='bbox 2926 2149 3215 2203; x_wconf 88' lang='lat' dir='ltr'><strong>adventum</strong></span> <span class='ocrx_word' id='word_1_385' title='bbox 3236 2150 3448 2204; x_wconf 89' lang='lat' dir='ltr'><strong>Domini</strong></span> <span class='ocrx_word' id='word_1_386' title='bbox 3477 2149 3648 2205; x_wconf 86' lang='lat' dir='ltr'><strong>libero</strong></span> <span class='ocrx_word' id='word_1_387' title='bbox 3681 2152 3863 2207; x_wconf 78' lang='lat' dir='ltr'><strong>lucre-</strong></span> 
     </span>
    </p>
   </div>
   <div class='ocr_carea' id='block_1_52' title="bbox 2269 2233 3862 2309">
    <p class='ocr_par' dir='ltr' id='par_1_52' title="bbox 2269 2233 3862 2309">
     <span class='ocr_line' id='line_1_52' title="bbox 2269 2233 3862 2309; baseline 0.005 -23"><span class='ocrx_word' id='word_1_388' title='bbox 2269 2233 2322 2287; x_wconf 92' lang='lat' dir='ltr'><strong>di</strong></span> <span class='ocrx_word' id='word_1_389' title='bbox 2366 2235 2701 2291; x_wconf 89' lang='lat' dir='ltr'><strong>necessarios</strong></span> <span class='ocrx_word' id='word_1_390' title='bbox 2736 2250 2843 2293; x_wconf 91' lang='lat' dir='ltr'><strong>non</strong></span> <span class='ocrx_word' id='word_1_391' title='bbox 2886 2251 3005 2292; x_wconf 90' lang='lat' dir='ltr'><strong>esse</strong></span> <span class='ocrx_word' id='word_1_392' title='bbox 3045 2238 3396 2304; x_wconf 85' lang='lat' dir='ltr'><strong>monstravit;</strong></span> <span class='ocrx_word' id='word_1_393' title='bbox 3433 2254 3598 2309; x_wconf 86' lang='lat' dir='ltr'><strong>opera</strong></span> <span class='ocrx_word' id='word_1_394' title='bbox 3622 2256 3765 2293; x_wconf 78' lang='lat' dir='ltr'><strong>vero</strong></span> <span class='ocrx_word' id='word_1_395' title='bbox 3790 2242 3862 2295; x_wconf 83' lang='lat' dir='ltr'><strong>ad</strong></span> 
     </span>
    </p>
   </div>
   <div class='ocr_carea' id='block_1_53' title="bbox 2267 2322 3859 2397">
    <p class='ocr_par' dir='ltr' id='par_1_53' title="bbox 2267 2322 3859 2397">
     <span class='ocr_line' id='line_1_53' title="bbox 2267 2322 3859 2397; baseline 0.004 -20"><span class='ocrx_word' id='word_1_396' title='bbox 2267 2322 2437 2379; x_wconf 89' lang='lat' dir='ltr'><strong>bonos</strong></span> <span class='ocrx_word' id='word_1_397' title='bbox 2461 2339 2639 2383; x_wconf 83' lang='lat' dir='ltr'><strong>mores</strong></span> <span class='ocrx_word' id='word_1_398' title='bbox 2663 2325 2985 2395; x_wconf 88' lang='lat' dir='ltr'><strong>pertinentia</strong></span> <span class='ocrx_word' id='word_1_399' title='bbox 3012 2342 3119 2382; x_wconf 92' lang='lat' dir='ltr'><strong>non</strong></span> <span class='ocrx_word' id='word_1_400' title='bbox 3144 2327 3378 2397; x_wconf 91' lang='lat' dir='ltr'><strong>impleri,</strong></span> <span class='ocrx_word' id='word_1_401' title='bbox 3407 2329 3506 2383; x_wconf 87' lang='lat' dir='ltr'><strong>nisi</strong></span> <span class='ocrx_word' id='word_1_402' title='bbox 3530 2329 3859 2395; x_wconf 81' lang='lat' dir='ltr'><strong>dilectione.</strong></span> 
     </span>
    </p>
   </div>
   <div class='ocr_carea' id='block_1_54' title="bbox 2267 2415 3866 2490">
    <p class='ocr_par' dir='ltr' id='par_1_54' title="bbox 2267 2415 3866 2490">
     <span class='ocr_line' id='line_1_54' title="bbox 2267 2415 3866 2490; baseline 0.004 -22"><span class='ocrx_word' id='word_1_403' title='bbox 2267 2429 2365 2485; x_wconf 89' lang='lat' dir='ltr'><strong>per</strong></span> <span class='ocrx_word' id='word_1_404' title='bbox 2403 2430 2562 2484; x_wconf 88' lang='lat' dir='ltr'><strong>quam</strong></span> <span class='ocrx_word' id='word_1_405' title='bbox 2610 2415 2744 2472; x_wconf 85' lang='lat' dir='ltr'><strong>ﬁdes</strong></span> <span class='ocrx_word' id='word_1_406' title='bbox 2780 2426 3056 2487; x_wconf 89' lang='lat' dir='ltr'><strong>operatur.</strong></span> <span class='ocrx_word' id='word_1_407' title='bbox 3106 2418 3258 2476; x_wconf 87' lang='lat' dir='ltr'><strong>Unde</strong></span> <span class='ocrx_word' id='word_1_408' title='bbox 3279 2419 3326 2474; x_wconf 90' lang='lat' dir='ltr'><strong>si</strong></span> <span class='ocrx_word' id='word_1_409' title='bbox 3355 2435 3517 2489; x_wconf 89' lang='lat' dir='ltr'><strong>opera</strong></span> <span class='ocrx_word' id='word_1_410' title='bbox 3546 2419 3683 2490; x_wconf 77' lang='lat' dir='ltr'><strong>legis</strong></span> <span class='ocrx_word' id='word_1_411' title='bbox 3716 2436 3866 2490; x_wconf 81' lang='lat' dir='ltr'><strong>qua:-</strong></span> 
     </span>
    </p>
   </div>
   <div class='ocr_carea' id='block_1_55' title="bbox 2270 2507 3863 2583">
    <p class='ocr_par' dir='ltr' id='par_1_55' title="bbox 2270 2507 3863 2583">
     <span class='ocr_line' id='line_1_55' title="bbox 2270 2507 3863 2583; baseline 0.003 -21"><span class='ocrx_word' id='word_1_412' title='bbox 2270 2508 2391 2565; x_wconf 86' lang='lat' dir='ltr'><strong>dam</strong></span> <span class='ocrx_word' id='word_1_413' title='bbox 2422 2517 2544 2578; x_wconf 90' lang='lat' dir='ltr'><strong>post</strong></span> <span class='ocrx_word' id='word_1_414' title='bbox 2573 2507 2731 2564; x_wconf 88' lang='lat' dir='ltr'><strong>ﬁdem</strong></span> <span class='ocrx_word' id='word_1_415' title='bbox 2770 2509 3058 2583; x_wconf 84' lang='lat' dir='ltr'><strong>superﬂua,</strong></span> <span class='ocrx_word' id='word_1_416' title='bbox 3087 2511 3332 2581; x_wconf 58' lang='lat' dir='ltr'><strong>quaedam</strong></span> <span class='ocrx_word' id='word_1_417' title='bbox 3358 2520 3481 2575; x_wconf 85' lang='lat' dir='ltr'><strong>ante</strong></span> <span class='ocrx_word' id='word_1_418' title='bbox 3510 2511 3672 2565; x_wconf 86' lang='lat' dir='ltr'><strong>ﬁnem</strong></span> <span class='ocrx_word' id='word_1_419' title='bbox 3708 2512 3863 2566; x_wconf 87' lang='lat' dir='ltr'><strong>nulla</strong></span> 
     </span>
    </p>
   </div>
   <div class='ocr_carea' id='block_1_56' title="bbox 2268 2598 3862 2672">
    <p class='ocr_par' dir='ltr' id='par_1_56' title="bbox 2268 2598 3862 2672">
     <span class='ocr_line' id='line_1_56' title="bbox 2268 2598 3862 2672; baseline 0.002 -20"><span class='ocrx_word' id='word_1_420' title='bbox 2268 2605 2413 2661; x_wconf 85' lang='lat' dir='ltr'><strong>sunt,</strong></span> <span class='ocrx_word' id='word_1_421' title='bbox 2447 2599 2591 2654; x_wconf 89' lang='lat' dir='ltr'><strong>vivat</strong></span> <span class='ocrx_word' id='word_1_422' title='bbox 2607 2598 2786 2668; x_wconf 88' lang='lat' dir='ltr'><strong>justus</strong></span> <span class='ocrx_word' id='word_1_423' title='bbox 2814 2616 2882 2654; x_wconf 78' lang='lat' dir='ltr'><strong>ex</strong></span> <span class='ocrx_word' id='word_1_424' title='bbox 2910 2600 3038 2666; x_wconf 89' lang='lat' dir='ltr'><strong>ﬁne,</strong></span> <span class='ocrx_word' id='word_1_425' title='bbox 3066 2610 3125 2655; x_wconf 92' lang='lat' dir='ltr'><strong>ut</strong></span> <span class='ocrx_word' id='word_1_426' title='bbox 3146 2608 3200 2656; x_wconf 90' lang='lat' dir='ltr'><strong>et</strong></span> <span class='ocrx_word' id='word_1_427' title='bbox 3225 2615 3363 2656; x_wconf 90' lang='lat' dir='ltr'><strong>onus</strong></span> <span class='ocrx_word' id='word_1_428' title='bbox 3387 2615 3547 2672; x_wconf 87' lang='lat' dir='ltr'><strong>grave</strong></span> <span class='ocrx_word' id='word_1_429' title='bbox 3571 2602 3862 2655; x_wconf 81' lang='lat' dir='ltr'><strong>servitutis</strong></span> 
     </span>
    </p>
   </div>
   <div class='ocr_carea' id='block_1_57' title="bbox 2270 2688 3862 2764">
    <p class='ocr_par' dir='ltr' id='par_1_57' title="bbox 2270 2688 3862 2764">
     <span class='ocr_line' id='line_1_57' title="bbox 2270 2688 3862 2764; baseline 0.003 -21"><span class='ocrx_word' id='word_1_430' title='bbox 2270 2688 2512 2759; x_wconf 73' lang='lat' dir='ltr'><strong>alijiciat,</strong></span> <span class='ocrx_word' id='word_1_431' title='bbox 2553 2692 2655 2746; x_wconf 91' lang='lat' dir='ltr'><strong>levi</strong></span> <span class='ocrx_word' id='word_1_432' title='bbox 2705 2692 2916 2747; x_wconf 86' lang='lat' dir='ltr'><strong>sarcina</strong></span> <span class='ocrx_word' id='word_1_433' title='bbox 2954 2692 3155 2749; x_wconf 87' lang='lat' dir='ltr'><strong>Christi</strong></span> <span class='ocrx_word' id='word_1_434' title='bbox 3191 2702 3469 2764; x_wconf 90' lang='lat' dir='ltr'><strong>vegetatus</strong></span> <span class='ocrx_word' id='word_1_435' title='bbox 3498 2712 3511 2746; x_wconf 88' lang='lat'><strong>:</strong></span> <span class='ocrx_word' id='word_1_436' title='bbox 3536 2701 3593 2747; x_wconf 86' lang='lat' dir='ltr'><strong>et</strong></span> <span class='ocrx_word' id='word_1_437' title='bbox 3624 2693 3862 2763; x_wconf 67' lang='lat' dir='ltr'><strong>iustitiae</strong></span> 
     </span>
    </p>
   </div>
   <div class='ocr_carea' id='block_1_58' title="bbox 2272 2783 3861 2855">
    <p class='ocr_par' dir='ltr' id='par_1_58' title="bbox 2272 2783 3861 2855">
     <span class='ocr_line' id='line_1_58' title="bbox 2272 2783 3861 2855; baseline -0.001 -16"><span class='ocrx_word' id='word_1_438' title='bbox 2272 2790 2450 2839; x_wconf 88' lang='lat' dir='ltr'><strong>metas</strong></span> <span class='ocrx_word' id='word_1_439' title='bbox 2470 2799 2577 2838; x_wconf 91' lang='lat' dir='ltr'><strong>non</strong></span> <span class='ocrx_word' id='word_1_440' title='bbox 2602 2784 3047 2852; x_wconf 85' lang='lat' dir='ltr'><strong>transgrediatur,</strong></span> <span class='ocrx_word' id='word_1_441' title='bbox 3067 2784 3167 2839; x_wconf 88' lang='lat' dir='ltr'><strong>levi</strong></span> <span class='ocrx_word' id='word_1_442' title='bbox 3189 2783 3318 2855; x_wconf 86' lang='lat' dir='ltr'><strong>jugo</strong></span> <span class='ocrx_word' id='word_1_443' title='bbox 3340 2784 3626 2839; x_wconf 87' lang='lat' dir='ltr'><strong>charitatis</strong></span> <span class='ocrx_word' id='word_1_444' title='bbox 3650 2785 3861 2840; x_wconf 85' lang='lat' dir='ltr'><strong>obtem-</strong></span> 
     </span>
    </p>
   </div>
   <div class='ocr_carea' id='block_1_59' title="bbox 2272 2873 3855 2944">
    <p class='ocr_par' dir='ltr' id='par_1_59' title="bbox 2272 2873 3855 2944">
     <span class='ocr_line' id='line_1_59' title="bbox 2272 2873 3855 2944; baseline 0.003 -18"><span class='ocrx_word' id='word_1_445' title='bbox 2272 2885 2471 2941; x_wconf 85' lang='lat' dir='ltr'><strong>perans</strong></span> <span class='ocrx_word' id='word_1_446' title='bbox 2500 2873 2668 2944; x_wconf 87' lang='lat' dir='ltr'><strong>:legis</strong></span> <span class='ocrx_word' id='word_1_447' title='bbox 2697 2874 2859 2930; x_wconf 89' lang='lat' dir='ltr'><strong>etiam</strong></span> <span class='ocrx_word' id='word_1_448' title='bbox 2884 2873 2999 2943; x_wconf 90' lang='lat' dir='ltr'><strong>ipsa</strong></span> <span class='ocrx_word' id='word_1_449' title='bbox 3025 2888 3190 2943; x_wconf 90' lang='lat' dir='ltr'><strong>opera</strong></span> <span class='ocrx_word' id='word_1_450' title='bbox 3221 2890 3339 2944; x_wconf 70' lang='lat' dir='ltr'><strong>qua!</strong></span> <span class='ocrx_word' id='word_1_451' title='bbox 3364 2884 3702 2943; x_wconf 69' lang='lat' dir='ltr'><strong>qumruutur,</strong></span> <span class='ocrx_word' id='word_1_452' title='bbox 3742 2891 3855 2931; x_wconf 88' lang='lat' dir='ltr'><strong>uno</strong></span> 
     </span>
    </p>
   </div>
   <div class='ocr_carea' id='block_1_60' title="bbox 2269 2965 3856 3037">
    <p class='ocr_par' dir='ltr' id='par_1_60' title="bbox 2269 2965 3856 3037">
     <span class='ocr_line' id='line_1_60' title="bbox 2269 2965 3856 3037; baseline 0.002 -19"><span class='ocrx_word' id='word_1_453' title='bbox 2269 2973 2494 3035; x_wconf 88' lang='lat' dir='ltr'><strong>possunt</strong></span> <span class='ocrx_word' id='word_1_454' title='bbox 2522 2980 2770 3020; x_wconf 88' lang='lat' dir='ltr'><strong>sermone</strong></span> <span class='ocrx_word' id='word_1_455' title='bbox 2788 2965 3030 3020; x_wconf 88' lang='lat' dir='ltr'><strong>concludi</strong></span> <span class='ocrx_word' id='word_1_456' title='bbox 3053 2975 3111 3020; x_wconf 92' lang='lat' dir='ltr'><strong>et</strong></span> <span class='ocrx_word' id='word_1_457' title='bbox 3130 2982 3236 3024; x_wconf 90' lang='lat' dir='ltr'><strong>uno</strong></span> <span class='ocrx_word' id='word_1_458' title='bbox 3265 2975 3535 3037; x_wconf 59' lang='lat' dir='ltr'><strong>praecepto</strong></span> <span class='ocrx_word' id='word_1_459' title='bbox 3566 2967 3856 3037; x_wconf 86' lang='lat' dir='ltr'><strong>compleri.</strong></span> 
     </span>
    </p>
   </div>
   <div class='ocr_carea' id='block_1_61' title="bbox 2272 3050 3856 3125">
    <p class='ocr_par' dir='ltr' id='par_1_61' title="bbox 2272 3050 3856 3125">
     <span class='ocr_line' id='line_1_61' title="bbox 2272 3050 3856 3125; baseline 0.004 -19"><span class='ocrx_word' id='word_1_460' title='bbox 2272 3050 2386 3107; x_wconf 85' lang='lat' dir='ltr'><strong>Non</strong></span> <span class='ocrx_word' id='word_1_461' title='bbox 2419 3070 2546 3125; x_wconf 88' lang='lat' dir='ltr'><strong>ergo</strong></span> <span class='ocrx_word' id='word_1_462' title='bbox 2568 3054 2678 3109; x_wconf 91' lang='lat' dir='ltr'><strong>sola</strong></span> <span class='ocrx_word' id='word_1_463' title='bbox 2706 3055 2773 3109; x_wconf 90' lang='lat' dir='ltr'><strong>ad</strong></span> <span class='ocrx_word' id='word_1_464' title='bbox 2793 3056 2958 3110; x_wconf 87' lang='lat' dir='ltr'><strong>vitam</strong></span> <span class='ocrx_word' id='word_1_465' title='bbox 2990 3054 3183 3110; x_wconf 84' lang='lat' dir='ltr'><strong>sufﬁcit</strong></span> <span class='ocrx_word' id='word_1_466' title='bbox 3209 3055 3360 3119; x_wconf 90' lang='lat' dir='ltr'><strong>ﬁdes,</strong></span> <span class='ocrx_word' id='word_1_467' title='bbox 3394 3064 3454 3109; x_wconf 91' lang='lat' dir='ltr'><strong>ut</strong></span> <span class='ocrx_word' id='word_1_468' title='bbox 3477 3056 3743 3112; x_wconf 86' lang='lat' dir='ltr'><strong>laciniosa</strong></span> <span class='ocrx_word' id='word_1_469' title='bbox 3776 3056 3856 3112; x_wconf 83' lang='lat' dir='ltr'><strong>le-</strong></span> 
     </span>
    </p>
   </div>
   <div class='ocr_carea' id='block_1_62' title="bbox 596 3113 3853 3217">
    <p class='ocr_par' dir='ltr' id='par_1_62' title="bbox 596 3113 3853 3217">
     <span class='ocr_line' id='line_1_62' title="bbox 596 3113 3853 3217; baseline 0.001 -20"><span class='ocrx_word' id='word_1_470' title='bbox 596 3146 792 3215; x_wconf 87' lang='lat' dir='ltr'><strong>inquit,</strong></span> <span class='ocrx_word' id='word_1_471' title='bbox 833 3146 1030 3202; x_wconf 80' lang='lat' dir='ltr'><strong>fratres</strong></span> <span class='ocrx_word' id='word_1_472' title='bbox 1072 3149 1128 3202; x_wconf 86' lang='lat' dir='ltr'><strong>in</strong></span> <span class='ocrx_word' id='word_1_473' title='bbox 1173 3148 1477 3203; x_wconf 78' lang='lat' dir='ltr'><strong>libertatem</strong></span> <span class='ocrx_word' id='word_1_474' title='bbox 1512 3151 1689 3205; x_wconf 72' lang='lat' dir='ltr'><strong>vocati</strong></span> <span class='ocrx_word' id='word_1_475' title='bbox 1737 3152 1889 3217; x_wconf 59' lang='lat' dir='ltr'><strong>estis,</strong></span> <span class='ocrx_word' id='word_1_476' title='bbox 1940 3113 2168 3207; x_wconf 63' lang='lat' dir='ltr'><strong>{al-sim;</strong></span> <span class='ocrx_word' id='word_1_477' title='bbox 2195 3113 2239 3177; x_wconf 59' lang='grc' dir='ltr'><strong>(ἶ</strong></span> <span class='ocrx_word' id='word_1_478' title='bbox 2271 3143 2353 3215; x_wconf 82' lang='lat' dir='ltr'><strong>gis</strong></span> <span class='ocrx_word' id='word_1_479' title='bbox 2384 3153 2649 3214; x_wconf 76' lang='lat' dir='ltr'><strong>prmcepta</strong></span> <span class='ocrx_word' id='word_1_480' title='bbox 2704 3161 2812 3202; x_wconf 90' lang='lat' dir='ltr'><strong>uno</strong></span> <span class='ocrx_word' id='word_1_481' title='bbox 2865 3146 3167 3201; x_wconf 88' lang='lat' dir='ltr'><strong>dilectionis</strong></span> <span class='ocrx_word' id='word_1_482' title='bbox 3199 3146 3375 3215; x_wconf 88' lang='lat' dir='ltr'><strong>capite</strong></span> <span class='ocrx_word' id='word_1_483' title='bbox 3429 3147 3853 3201; x_wconf 87' lang='lat' dir='ltr'><strong>concludantur.</strong></span> 
     </span>
    </p>
   </div>
   <div class='ocr_carea' id='block_1_63' title="bbox 593 3234 2171 3311">
    <p class='ocr_par' dir='ltr' id='par_1_63' title="bbox 593 3234 2171 3311">
     <span class='ocr_line' id='line_1_63' title="bbox 593 3234 2171 3311; baseline 0.006 -22"><span class='ocrx_word' id='word_1_484' title='bbox 593 3234 716 3290; x_wconf 90' lang='lat' dir='ltr'><strong>ideo</strong></span> <span class='ocrx_word' id='word_1_485' title='bbox 741 3236 866 3304; x_wconf 90' lang='lat' dir='ltr'><strong>quia</strong></span> <span class='ocrx_word' id='word_1_486' title='bbox 899 3252 1006 3290; x_wconf 89' lang='lat' dir='ltr'><strong>non</strong></span> <span class='ocrx_word' id='word_1_487' title='bbox 1025 3251 1213 3292; x_wconf 86' lang='lat' dir='ltr'><strong>omnes</strong></span> <span class='ocrx_word' id='word_1_488' title='bbox 1239 3240 1576 3294; x_wconf 89' lang='lat' dir='ltr'><strong>vocationem</strong></span> <span class='ocrx_word' id='word_1_489' title='bbox 1603 3255 1795 3311; x_wconf 89' lang='lat' dir='ltr'><strong>capere</strong></span> <span class='ocrx_word' id='word_1_490' title='bbox 1820 3251 2069 3311; x_wconf 88' lang='lat' dir='ltr'><strong>poterant</strong></span> <span class='ocrx_word' id='word_1_491' title='bbox 2112 3242 2171 3297; x_wconf 86' lang='lat' dir='ltr'><strong>li-</strong></span> 
     </span>
    </p>
   </div>
   <div class='ocr_carea' id='block_1_64' title="bbox 591 3322 2170 3394">
    <p class='ocr_par' dir='ltr' id='par_1_64' title="bbox 591 3322 2170 3394">
     <span class='ocr_line' id='line_1_64' title="bbox 591 3322 2170 3394; baseline 0.007 -18"><span class='ocrx_word' id='word_1_492' title='bbox 591 3322 838 3377; x_wconf 85' lang='lat' dir='ltr'><strong>bertatis.</strong></span> <span class='ocrx_word' id='word_1_493' title='bbox 893 3324 1117 3394; x_wconf 87' lang='lat' dir='ltr'><strong>Propter</strong></span> <span class='ocrx_word' id='word_1_494' title='bbox 1143 3327 1288 3394; x_wconf 89' lang='lat' dir='ltr'><strong>quod</strong></span> <span class='ocrx_word' id='word_1_495' title='bbox 1322 3343 1467 3382; x_wconf 92' lang='lat' dir='ltr'><strong>nunc</strong></span> <span class='ocrx_word' id='word_1_496' title='bbox 1506 3330 1704 3385; x_wconf 86' lang='lat' dir='ltr'><strong>auditis</strong></span> <span class='ocrx_word' id='word_1_497' title='bbox 1737 3339 1945 3386; x_wconf 89' lang='lat' dir='ltr'><strong>tantum</strong></span> <span class='ocrx_word' id='word_1_498' title='bbox 1994 3348 2060 3387; x_wconf 89' lang='lat' dir='ltr'><strong>ne</strong></span> <span class='ocrx_word' id='word_1_499' title='bbox 2106 3333 2170 3386; x_wconf 84' lang='lat' dir='ltr'><strong>li-</strong></span> 
     </span>
    </p>
   </div>
   <div class='ocr_carea' id='block_1_65' title="bbox 592 3410 2170 3476">
    <p class='ocr_par' dir='ltr' id='par_1_65' title="bbox 592 3410 2170 3476">
     <span class='ocr_line' id='line_1_65' title="bbox 592 3410 2170 3476; baseline 0.007 -12"><span class='ocrx_word' id='word_1_500' title='bbox 592 3410 859 3465; x_wconf 87' lang='lat' dir='ltr'><strong>bertatem</strong></span> <span class='ocrx_word' id='word_1_501' title='bbox 885 3412 939 3465; x_wconf 91' lang='lat' dir='ltr'><strong>in</strong></span> <span class='ocrx_word' id='word_1_502' title='bbox 966 3413 1311 3467; x_wconf 88' lang='lat' dir='ltr'><strong>occasionem</strong></span> <span class='ocrx_word' id='word_1_503' title='bbox 1345 3416 1482 3469; x_wconf 90' lang='lat' dir='ltr'><strong>detis</strong></span> <span class='ocrx_word' id='word_1_504' title='bbox 1523 3418 1724 3473; x_wconf 90' lang='lat' dir='ltr'><strong>carnis.</strong></span> <span class='ocrx_word' id='word_1_505' title='bbox 1783 3420 1888 3473; x_wconf 88' lang='lat' dir='ltr'><strong>Per</strong></span> <span class='ocrx_word' id='word_1_506' title='bbox 1927 3419 2170 3476; x_wconf 88' lang='lat' dir='ltr'><strong>dilectio-</strong></span> 
     </span>
    </p>
   </div>
   <div class='ocr_carea' id='block_1_66' title="bbox 596 3502 2167 3579">
    <p class='ocr_par' dir='ltr' id='par_1_66' title="bbox 596 3502 2167 3579">
     <span class='ocr_line' id='line_1_66' title="bbox 596 3502 2167 3579; baseline 0.006 -24"><span class='ocrx_word' id='word_1_507' title='bbox 596 3517 719 3556; x_wconf 89' lang='lat' dir='ltr'><strong>nem</strong></span> <span class='ocrx_word' id='word_1_508' title='bbox 749 3502 895 3556; x_wconf 90' lang='lat' dir='ltr'><strong>enim</strong></span> <span class='ocrx_word' id='word_1_509' title='bbox 931 3510 1144 3571; x_wconf 89' lang='lat' dir='ltr'><strong>oportet</strong></span> <span class='ocrx_word' id='word_1_510' title='bbox 1169 3503 1402 3558; x_wconf 86' lang='lat' dir='ltr'><strong>minores</strong></span> <span class='ocrx_word' id='word_1_511' title='bbox 1439 3506 1644 3561; x_wconf 87' lang='lat' dir='ltr'><strong>servire</strong></span> <span class='ocrx_word' id='word_1_512' title='bbox 1684 3506 2009 3574; x_wconf 84' lang='lat' dir='ltr'><strong>majoribus;</strong></span> <span class='ocrx_word' id='word_1_513' title='bbox 2041 3512 2167 3579; x_wconf 84' lang='lat' dir='ltr'><strong>quia</strong></span> 
     </span>
    </p>
   </div>
   <div class='ocr_carea' id='block_1_67' title="bbox 560 3584 2168 3668">
    <p class='ocr_par' dir='ltr' id='par_1_67' title="bbox 560 3584 2168 3668">
     <span class='ocr_line' id='line_1_67' title="bbox 560 3584 2168 3668; baseline 0.004 -23"><span class='ocrx_word' id='word_1_514' title='bbox 560 3584 687 3661; x_wconf 38' lang='lat' dir='ltr'><strong>’qui</strong></span> <span class='ocrx_word' id='word_1_515' title='bbox 740 3590 855 3645; x_wconf 87' lang='lat' dir='ltr'><strong>vult</strong></span> <span class='ocrx_word' id='word_1_516' title='bbox 890 3606 1011 3647; x_wconf 86' lang='lat' dir='ltr'><strong>esse</strong></span> <span class='ocrx_word' id='word_1_517' title='bbox 1058 3590 1250 3659; x_wconf 85' lang='lat' dir='ltr'><strong>major,</strong></span> <span class='ocrx_word' id='word_1_518' title='bbox 1296 3592 1401 3647; x_wconf 90' lang='lat' dir='ltr'><strong>erit</strong></span> <span class='ocrx_word' id='word_1_519' title='bbox 1440 3594 1679 3648; x_wconf 91' lang='lat' dir='ltr'><strong>omnium</strong></span> <span class='ocrx_word' id='word_1_520' title='bbox 1724 3609 1930 3650; x_wconf 86' lang='lat' dir='ltr'><strong>servus.</strong></span> <span class='ocrx_word' id='word_1_521' title='bbox 1984 3596 2168 3668; x_wconf 87' lang='lat' dir='ltr'><strong>Neque</strong></span> 
     </span>
    </p>
   </div>
   <div class='ocr_carea' id='block_1_68' title="bbox 594 3681 2165 3755">
    <p class='ocr_par' dir='ltr' id='par_1_68' title="bbox 594 3681 2165 3755">
     <span class='ocr_line' id='line_1_68' title="bbox 594 3681 2165 3755; baseline 0.004 -19"><span class='ocrx_word' id='word_1_522' title='bbox 594 3682 737 3737; x_wconf 87' lang='lat' dir='ltr'><strong>enim</strong></span> <span class='ocrx_word' id='word_1_523' title='bbox 765 3689 824 3735; x_wconf 87' lang='lat' dir='ltr'><strong>ut</strong></span> <span class='ocrx_word' id='word_1_524' title='bbox 850 3681 1119 3752; x_wconf 88' lang='lat' dir='ltr'><strong>spiritales</strong></span> <span class='ocrx_word' id='word_1_525' title='bbox 1148 3681 1351 3737; x_wconf 88' lang='lat' dir='ltr'><strong>laceret</strong></span> <span class='ocrx_word' id='word_1_526' title='bbox 1383 3681 1585 3737; x_wconf 88' lang='lat' dir='ltr'><strong>Christi</strong></span> <span class='ocrx_word' id='word_1_527' title='bbox 1610 3699 1825 3750; x_wconf 88' lang='lat' dir='ltr'><strong>carnes,</strong></span> <span class='ocrx_word' id='word_1_528' title='bbox 1861 3702 2037 3755; x_wconf 89' lang='lat' dir='ltr'><strong>neque</strong></span> <span class='ocrx_word' id='word_1_529' title='bbox 2071 3703 2165 3743; x_wconf 89' lang='lat' dir='ltr'><strong>oc-</strong></span> 
     </span>
    </p>
   </div>
   <div class='ocr_carea' id='block_1_69' title="bbox 594 3764 2162 3844">
    <p class='ocr_par' dir='ltr' id='par_1_69' title="bbox 594 3764 2162 3844">
     <span class='ocr_line' id='line_1_69' title="bbox 594 3764 2162 3844; baseline 0.003 -17"><span class='ocrx_word' id='word_1_530' title='bbox 594 3771 869 3827; x_wconf 90' lang='lat' dir='ltr'><strong>casionem</strong></span> <span class='ocrx_word' id='word_1_531' title='bbox 892 3770 998 3825; x_wconf 87' lang='lat' dir='ltr'><strong>illis</strong></span> <span class='ocrx_word' id='word_1_532' title='bbox 1022 3771 1243 3836; x_wconf 81' lang='lat' dir='ltr'><strong>tribuat,</strong></span> <span class='ocrx_word' id='word_1_533' title='bbox 1264 3780 1322 3825; x_wconf 92' lang='lat' dir='ltr'><strong>ut</strong></span> <span class='ocrx_word' id='word_1_534' title='bbox 1346 3764 1404 3826; x_wconf 67' lang='lat' dir='ltr'><strong>Se</strong></span> <span class='ocrx_word' id='word_1_535' title='bbox 1428 3773 1769 3828; x_wconf 89' lang='lat' dir='ltr'><strong>remordeant</strong></span> <span class='ocrx_word' id='word_1_536' title='bbox 1789 3784 2162 3844; x_wconf 88' lang='lat' dir='ltr'><strong>provocantes,</strong></span> 
     </span>
    </p>
   </div>
   <div class='ocr_carea' id='block_1_70' title="bbox 590 3863 2167 3934">
    <p class='ocr_par' dir='ltr' id='par_1_70' title="bbox 590 3863 2167 3934">
     <span class='ocr_line' id='line_1_70' title="bbox 590 3863 2167 3934; baseline 0.003 -16"><span class='ocrx_word' id='word_1_537' title='bbox 590 3877 662 3918; x_wconf 86' lang='lat' dir='ltr'><strong>ne</strong></span> <span class='ocrx_word' id='word_1_538' title='bbox 691 3865 759 3919; x_wconf 91' lang='lat' dir='ltr'><strong>ab</strong></span> <span class='ocrx_word' id='word_1_539' title='bbox 788 3864 1017 3918; x_wconf 91' lang='lat' dir='ltr'><strong>invicem</strong></span> <span class='ocrx_word' id='word_1_540' title='bbox 1054 3876 1459 3918; x_wconf 85' lang='lat' dir='ltr'><strong>consumantur.</strong></span> <span class='ocrx_word' id='word_1_541' title='bbox 1504 3863 1707 3930; x_wconf 90' lang='lat' dir='ltr'><strong>Quibus</strong></span> <span class='ocrx_word' id='word_1_542' title='bbox 1748 3881 1847 3921; x_wconf 89' lang='lat' dir='ltr'><strong>nos</strong></span> <span class='ocrx_word' id='word_1_543' title='bbox 1882 3882 2167 3934; x_wconf 85' lang='lat' dir='ltr'><strong>possumus</strong></span> 
     </span>
    </p>
   </div>
   <div class='ocr_carea' id='block_1_71' title="bbox 594 3954 2163 4031">
    <p class='ocr_par' dir='ltr' id='par_1_71' title="bbox 594 3954 2163 4031">
     <span class='ocr_line' id='line_1_71' title="bbox 594 3954 2163 4031; baseline 0.005 -23"><span class='ocrx_word' id='word_1_544' title='bbox 594 3954 812 4020; x_wconf 88' lang='lat' dir='ltr'><strong>addere,</strong></span> <span class='ocrx_word' id='word_1_545' title='bbox 840 3964 899 4009; x_wconf 93' lang='lat' dir='ltr'><strong>ut</strong></span> <span class='ocrx_word' id='word_1_546' title='bbox 924 3957 1167 4011; x_wconf 90' lang='lat' dir='ltr'><strong>dicamus</strong></span> <span class='ocrx_word' id='word_1_547' title='bbox 1185 3955 1254 4012; x_wconf 90' lang='lat' dir='ltr'><strong>de</strong></span> <span class='ocrx_word' id='word_1_548' title='bbox 1277 3958 1537 4012; x_wconf 89' lang='lat' dir='ltr'><strong>servitute</strong></span> <span class='ocrx_word' id='word_1_549' title='bbox 1578 3957 1730 4029; x_wconf 89' lang='lat' dir='ltr'><strong>legali</strong></span> <span class='ocrx_word' id='word_1_550' title='bbox 1779 3958 1847 4012; x_wconf 87' lang='lat' dir='ltr'><strong>ad</strong></span> <span class='ocrx_word' id='word_1_551' title='bbox 1885 3960 2163 4031; x_wconf 86' lang='lat' dir='ltr'><strong>Evangelii</strong></span> 
     </span>
    </p>
   </div>
   <div class='ocr_carea' id='block_1_72' title="bbox 593 4042 2163 4116">
    <p class='ocr_par' dir='ltr' id='par_1_72' title="bbox 593 4042 2163 4116">
     <span class='ocr_line' id='line_1_72' title="bbox 593 4042 2163 4116; baseline 0.005 -20"><span class='ocrx_word' id='word_1_552' title='bbox 593 4042 896 4098; x_wconf 88' lang='lat' dir='ltr'><strong>libertatem</strong></span> <span class='ocrx_word' id='word_1_553' title='bbox 924 4053 1164 4111; x_wconf 85' lang='lat' dir='ltr'><strong>vocatos,</strong></span> <span class='ocrx_word' id='word_1_554' title='bbox 1192 4046 1386 4114; x_wconf 90' lang='lat' dir='ltr'><strong>quibus</strong></span> <span class='ocrx_word' id='word_1_555' title='bbox 1423 4047 1671 4116; x_wconf 86' lang='lat' dir='ltr'><strong>superius</strong></span> <span class='ocrx_word' id='word_1_556' title='bbox 1696 4047 1913 4112; x_wconf 89' lang='lat' dir='ltr'><strong>dicitur,</strong></span> <span class='ocrx_word' id='word_1_557' title='bbox 1944 4046 2090 4103; x_wconf 88' lang='lat' dir='ltr'><strong>State</strong></span> <span class='ocrx_word' id='word_1_558' title='bbox 2114 4058 2163 4104; x_wconf 88' lang='lat' dir='ltr'><strong>et</strong></span> 
     </span>
    </p>
   </div>
   <div class='ocr_carea' id='block_1_73' title="bbox 594 4132 2165 4205">
    <p class='ocr_par' dir='ltr' id='par_1_73' title="bbox 594 4132 2165 4205">
     <span class='ocr_line' id='line_1_73' title="bbox 594 4132 2165 4205; baseline 0.006 -19"><span class='ocrx_word' id='word_1_559' title='bbox 594 4132 753 4187; x_wconf 88' lang='lat' dir='ltr'><strong>nolite</strong></span> <span class='ocrx_word' id='word_1_560' title='bbox 774 4150 981 4188; x_wconf 85' lang='lat' dir='ltr'><strong>rursum</strong></span> <span class='ocrx_word' id='word_1_561' title='bbox 991 4136 1123 4205; x_wconf 87' lang='lat' dir='ltr'><strong>jugo</strong></span> <span class='ocrx_word' id='word_1_562' title='bbox 1152 4136 1413 4189; x_wconf 85' lang='lat' dir='ltr'><strong>servitutis</strong></span> <span class='ocrx_word' id='word_1_563' title='bbox 1439 4137 1652 4199; x_wconf 65' lang='lat' dir='ltr'><strong>luci-ere,</strong></span> <span class='ocrx_word' id='word_1_564' title='bbox 1683 4138 1848 4192; x_wconf 89' lang='lat' dir='ltr'><strong>etiam</strong></span> <span class='ocrx_word' id='word_1_565' title='bbox 1878 4155 2021 4194; x_wconf 91' lang='lat' dir='ltr'><strong>nunc</strong></span> <span class='ocrx_word' id='word_1_566' title='bbox 2051 4156 2165 4195; x_wconf 59' lang='lat' dir='ltr'><strong>mo.</strong></span> 
     </span>
    </p>
   </div>
   <div class='ocr_carea' id='block_1_74' title="bbox 595 4224 2161 4300">
    <p class='ocr_par' dir='ltr' id='par_1_74' title="bbox 595 4224 2161 4300">
     <span class='ocr_line' id='line_1_74' title="bbox 595 4224 2161 4300; baseline 0.006 -22"><span class='ocrx_word' id='word_1_567' title='bbox 595 4224 734 4290; x_wconf 77' lang='lat' dir='ltr'><strong>neri,</strong></span> <span class='ocrx_word' id='word_1_568' title='bbox 765 4232 825 4278; x_wconf 91' lang='lat' dir='ltr'><strong>ut</strong></span> <span class='ocrx_word' id='word_1_569' title='bbox 850 4225 968 4281; x_wconf 90' lang='lat' dir='ltr'><strong>leve</strong></span> <span class='ocrx_word' id='word_1_570' title='bbox 990 4225 1189 4280; x_wconf 87' lang='lat' dir='ltr'><strong>Christi</strong></span> <span class='ocrx_word' id='word_1_571' title='bbox 1209 4227 1397 4297; x_wconf 91' lang='lat' dir='ltr'><strong>jugum</strong></span> <span class='ocrx_word' id='word_1_572' title='bbox 1427 4235 1482 4281; x_wconf 91' lang='lat' dir='ltr'><strong>et</strong></span> <span class='ocrx_word' id='word_1_573' title='bbox 1511 4227 1845 4284; x_wconf 88' lang='lat' dir='ltr'><strong>delectabilia</strong></span> <span class='ocrx_word' id='word_1_574' title='bbox 1886 4230 2161 4300; x_wconf 79' lang='lat' dir='ltr'><strong>Evangelii</strong></span> 
     </span>
    </p>
   </div>
   <div class='ocr_carea' id='block_1_75' title="bbox 591 4320 2165 4391">
    <p class='ocr_par' dir='ltr' id='par_1_75' title="bbox 591 4320 2165 4391">
     <span class='ocr_line' id='line_1_75' title="bbox 591 4320 2165 4391; baseline 0.005 -21"><span class='ocrx_word' id='word_1_575' title='bbox 591 4324 861 4385; x_wconf 73' lang='lat' dir='ltr'><strong>prmcepta</strong></span> <span class='ocrx_word' id='word_1_576' title='bbox 903 4325 1171 4372; x_wconf 87' lang='lat' dir='ltr'><strong>sectantes</strong></span> <span class='ocrx_word' id='word_1_577' title='bbox 1211 4333 1546 4388; x_wconf 88' lang='lat' dir='ltr'><strong>nequaquam</strong></span> <span class='ocrx_word' id='word_1_578' title='bbox 1574 4320 1676 4375; x_wconf 91' lang='lat' dir='ltr'><strong>sibi</strong></span> <span class='ocrx_word' id='word_1_579' title='bbox 1702 4330 1891 4391; x_wconf 88' lang='lat' dir='ltr'><strong>putent</strong></span> <span class='ocrx_word' id='word_1_580' title='bbox 1918 4322 2080 4379; x_wconf 90' lang='lat' dir='ltr'><strong>licere</strong></span> <span class='ocrx_word' id='word_1_581' title='bbox 2105 4333 2165 4378; x_wconf 91' lang='lat' dir='ltr'><strong>ut</strong></span> 
     </span>
    </p>
   </div>
   <div class='ocr_carea' id='block_1_76' title="bbox 591 4404 2163 4499">
    <p class='ocr_par' dir='ltr' id='par_1_76' title="bbox 591 4404 2163 4499">
     <span class='ocr_line' id='line_1_76' title="bbox 591 4404 2163 4499; baseline 0.004 -40"><span class='ocrx_word' id='word_1_582' title='bbox 591 4404 694 4460; x_wconf 86' lang='lat' dir='ltr'><strong>hac</strong></span> <span class='ocrx_word' id='word_1_583' title='bbox 721 4406 834 4474; x_wconf 89' lang='lat' dir='ltr'><strong>ipsa</strong></span> <span class='ocrx_word' id='word_1_584' title='bbox 858 4405 1106 4461; x_wconf 89' lang='lat' dir='ltr'><strong>libertate</strong></span> <span class='ocrx_word' id='word_1_585' title='bbox 1133 4407 1343 4461; x_wconf 78' lang='lat' dir='ltr'><strong>vivendi</strong></span> <span class='ocrx_word' id='word_1_586' title='bbox 1364 4408 1418 4461; x_wconf 91' lang='lat' dir='ltr'><strong>in</strong></span> <span class='ocrx_word' id='word_1_587' title='bbox 1440 4410 1776 4464; x_wconf 88' lang='lat' dir='ltr'><strong>occasionem</strong></span> <span class='ocrx_word' id='word_1_588' title='bbox 1805 4411 1983 4466; x_wconf 88' lang='lat' dir='ltr'><strong>carnis</strong></span> <span class='ocrx_word' id='word_1_589' title='bbox 2008 4421 2163 4499; x_wconf 69' lang='lat' dir='ltr'><strong>ptan-</strong></span> 
     </span>
    </p>
   </div>
   <div class='ocr_carea' id='block_1_77' title="bbox 592 4497 2161 4569">
    <p class='ocr_par' dir='ltr' id='par_1_77' title="bbox 592 4497 2161 4569">
     <span class='ocr_line' id='line_1_77' title="bbox 592 4497 2161 4569; baseline 0.003 -19"><span class='ocrx_word' id='word_1_590' title='bbox 592 4505 699 4551; x_wconf 90' lang='lat' dir='ltr'><strong>tur.</strong></span> <span class='ocrx_word' id='word_1_591' title='bbox 747 4497 964 4553; x_wconf 88' lang='lat' dir='ltr'><strong>Scilicet</strong></span> <span class='ocrx_word' id='word_1_592' title='bbox 988 4506 1045 4552; x_wconf 92' lang='lat' dir='ltr'><strong>ut</strong></span> <span class='ocrx_word' id='word_1_593' title='bbox 1063 4498 1218 4567; x_wconf 86' lang='lat' dir='ltr'><strong>juxta</strong></span> <span class='ocrx_word' id='word_1_594' title='bbox 1254 4512 1470 4552; x_wconf 88' lang='lat' dir='ltr'><strong>carnem</strong></span> <span class='ocrx_word' id='word_1_595' title='bbox 1510 4499 1712 4563; x_wconf 87' lang='lat' dir='ltr'><strong>vivunt,</strong></span> <span class='ocrx_word' id='word_1_596' title='bbox 1743 4500 1897 4569; x_wconf 78' lang='lat' dir='ltr'><strong>juxta</strong></span> <span class='ocrx_word' id='word_1_597' title='bbox 1944 4497 2161 4555; x_wconf 77' lang='lat' dir='ltr'><strong>carnem</strong></span> 
     </span>
    </p>
   </div>
   <div class='ocr_carea' id='block_1_78' title="bbox 588 4590 2167 4666">
    <p class='ocr_par' dir='ltr' id='par_1_78' title="bbox 588 4590 2167 4666">
     <span class='ocr_line' id='line_1_78' title="bbox 588 4590 2167 4666; baseline 0.004 -23"><span class='ocrx_word' id='word_1_598' title='bbox 588 4590 1075 4645; x_wconf 90' lang='lat' dir='ltr'><strong>circumcidantur:</strong></span> <span class='ocrx_word' id='word_1_599' title='bbox 1100 4591 1194 4646; x_wconf 88' lang='lat' dir='ltr'><strong>sed</strong></span> <span class='ocrx_word' id='word_1_600' title='bbox 1219 4592 1412 4661; x_wconf 89' lang='lat' dir='ltr'><strong>spiritu</strong></span> <span class='ocrx_word' id='word_1_601' title='bbox 1433 4592 1604 4662; x_wconf 86' lang='lat' dir='ltr'><strong>magis</strong></span> <span class='ocrx_word' id='word_1_602' title='bbox 1626 4601 1788 4659; x_wconf 90' lang='lat' dir='ltr'><strong>stent,</strong></span> <span class='ocrx_word' id='word_1_603' title='bbox 1817 4595 2007 4665; x_wconf 67' lang='lat' dir='ltr'><strong>spiritu</strong></span> <span class='ocrx_word' id='word_1_604' title='bbox 2032 4610 2167 4666; x_wconf 62' lang='lat' dir='ltr'><strong>prato</strong></span> 
     </span>
    </p>
   </div>
   <div class='ocr_carea' id='block_1_79' title="bbox 590 4679 2165 4754">
    <p class='ocr_par' dir='ltr' id='par_1_79' title="bbox 590 4679 2165 4754">
     <span class='ocr_line' id='line_1_79' title="bbox 590 4679 2165 4754; baseline 0.005 -21"><span class='ocrx_word' id='word_1_605' title='bbox 590 4679 800 4750; x_wconf 88' lang='lat' dir='ltr'><strong>putium</strong></span> <span class='ocrx_word' id='word_1_606' title='bbox 825 4681 1002 4735; x_wconf 88' lang='lat' dir='ltr'><strong>carnis</strong></span> <span class='ocrx_word' id='word_1_607' title='bbox 1027 4681 1342 4736; x_wconf 88' lang='lat' dir='ltr'><strong>abscindunt</strong></span> <span class='ocrx_word' id='word_1_608' title='bbox 1358 4722 1374 4746; x_wconf 92' lang='lat'><strong>,</strong></span> <span class='ocrx_word' id='word_1_609' title='bbox 1402 4692 1457 4737; x_wconf 91' lang='lat' dir='ltr'><strong>et</strong></span> <span class='ocrx_word' id='word_1_610' title='bbox 1483 4684 1551 4738; x_wconf 89' lang='lat' dir='ltr'><strong>ad</strong></span> <span class='ocrx_word' id='word_1_611' title='bbox 1581 4685 1803 4754; x_wconf 90' lang='lat' dir='ltr'><strong>spiritus</strong></span> <span class='ocrx_word' id='word_1_612' title='bbox 1827 4686 2018 4741; x_wconf 89' lang='lat' dir='ltr'><strong>altiora</strong></span> <span class='ocrx_word' id='word_1_613' title='bbox 2047 4698 2165 4743; x_wconf 58' lang='lat' dir='ltr'><strong>ten.</strong></span> 
     </span>
    </p>
   </div>
   <div class='ocr_carea' id='block_1_80' title="bbox 566 4770 1809 4844">
    <p class='ocr_par' dir='ltr' id='par_1_80' title="bbox 566 4770 1809 4844">
     <span class='ocr_line' id='line_1_80' title="bbox 566 4770 1809 4844; baseline 0.004 -20"><span class='ocrx_word' id='word_1_614' title='bbox 566 4770 780 4825; x_wconf 53' lang='lat' dir='ltr'><strong>.dentes</strong></span> <span class='ocrx_word' id='word_1_615' title='bbox 804 4770 1159 4825; x_wconf 86' lang='lat' dir='ltr'><strong>humilitatem</strong></span> <span class='ocrx_word' id='word_1_616' title='bbox 1188 4771 1381 4826; x_wconf 66' lang='lat' dir='ltr'><strong>litterae</strong></span> <span class='ocrx_word' id='word_1_617' title='bbox 1417 4772 1809 4844; x_wconf 89' lang='lat' dir='ltr'><strong>derelinquant.</strong></span> 
     </span>
    </p>
   </div>
   <div class='ocr_carea' id='block_1_81' title="bbox 662 4901 2201 4979">
    <p class='ocr_par' dir='ltr' id='par_1_81' title="bbox 662 4901 2201 4979">
     <span class='ocr_line' id='line_1_81' title="bbox 662 4901 2201 4979; baseline 0.004 -22"><span class='ocrx_word' id='word_1_618' title='bbox 662 4901 766 4957; x_wconf 79' lang='lat' dir='ltr'><strong>Sed</strong></span> <span class='ocrx_word' id='word_1_619' title='bbox 797 4920 889 4975; x_wconf 89' lang='lat' dir='ltr'><strong>per</strong></span> <span class='ocrx_word' id='word_1_620' title='bbox 916 4904 1219 4958; x_wconf 85' lang='lat' dir='ltr'><strong>charitatem</strong></span> <span class='ocrx_word' id='word_1_621' title='bbox 1246 4905 1427 4959; x_wconf 66' lang='lat' dir='ltr'><strong>servire</strong></span> <span class='ocrx_word' id='word_1_622' title='bbox 1459 4906 1693 4960; x_wconf 83' lang='lat' dir='ltr'><strong>invicem.</strong></span> <span class='ocrx_word' id='word_1_623' title='bbox 1742 4904 1841 4973; x_wconf 90' lang='lat' dir='ltr'><strong>Qui</strong></span> <span class='ocrx_word' id='word_1_624' title='bbox 1884 4907 2028 4963; x_wconf 89' lang='lat' dir='ltr'><strong>enim</strong></span> <span class='ocrx_word' id='word_1_625' title='bbox 2067 4923 2166 4979; x_wconf 83' lang='lat' dir='ltr'><strong>per</strong></span> <span class='ocrx_word' id='word_1_626' title='bbox 2196 4944 2201 4949; x_wconf 62' lang='grc' dir='ltr'><em>ο</em></span> 
     </span>
    </p>
   </div>
   <div class='ocr_carea' id='block_1_82' title="bbox 591 4992 2166 5059">
    <p class='ocr_par' dir='ltr' id='par_1_82' title="bbox 591 4992 2166 5059">
     <span class='ocr_line' id='line_1_82' title="bbox 591 4992 2166 5059; baseline 0.005 -15"><span class='ocrx_word' id='word_1_627' title='bbox 591 4992 908 5048; x_wconf 87' lang='lat' dir='ltr'><strong>charitatem</strong></span> <span class='ocrx_word' id='word_1_628' title='bbox 947 4994 1130 5059; x_wconf 85' lang='lat' dir='ltr'><strong>servit,</strong></span> <span class='ocrx_word' id='word_1_629' title='bbox 1156 4992 1322 5049; x_wconf 89' lang='lat' dir='ltr'><strong>libere</strong></span> <span class='ocrx_word' id='word_1_630' title='bbox 1351 4995 1535 5059; x_wconf 88' lang='lat' dir='ltr'><strong>servit,</strong></span> <span class='ocrx_word' id='word_1_631' title='bbox 1571 5004 1626 5049; x_wconf 91' lang='lat' dir='ltr'><strong>et</strong></span> <span class='ocrx_word' id='word_1_632' title='bbox 1661 4995 1777 5049; x_wconf 88' lang='lat' dir='ltr'><strong>sine</strong></span> <span class='ocrx_word' id='word_1_633' title='bbox 1814 4997 2033 5051; x_wconf 89' lang='lat' dir='ltr'><strong>miseria</strong></span> <span class='ocrx_word' id='word_1_634' title='bbox 2068 4999 2166 5052; x_wconf 87' lang='lat' dir='ltr'><strong>ob-</strong></span> 
     </span>
    </p>
   </div>
   <div class='ocr_carea' id='block_1_83' title="bbox 593 5081 2161 5157">
    <p class='ocr_par' dir='ltr' id='par_1_83' title="bbox 593 5081 2161 5157">
     <span class='ocr_line' id='line_1_83' title="bbox 593 5081 2161 5157; baseline 0.004 -23"><span class='ocrx_word' id='word_1_635' title='bbox 593 5087 897 5149; x_wconf 87' lang='lat' dir='ltr'><strong>temperans</strong></span> <span class='ocrx_word' id='word_1_636' title='bbox 924 5081 1052 5146; x_wconf 89' lang='lat' dir='ltr'><strong>Deo,</strong></span> <span class='ocrx_word' id='word_1_637' title='bbox 1079 5097 1202 5136; x_wconf 89' lang='lat' dir='ltr'><strong>cum</strong></span> <span class='ocrx_word' id='word_1_638' title='bbox 1233 5098 1414 5137; x_wconf 89' lang='lat' dir='ltr'><strong>amore</strong></span> <span class='ocrx_word' id='word_1_639' title='bbox 1441 5082 1684 5140; x_wconf 82' lang='lat' dir='ltr'><strong>faciendo</strong></span> <span class='ocrx_word' id='word_1_640' title='bbox 1728 5086 1872 5155; x_wconf 88' lang='lat' dir='ltr'><strong>quod</strong></span> <span class='ocrx_word' id='word_1_641' title='bbox 1917 5087 2161 5157; x_wconf 89' lang='lat' dir='ltr'><strong>docetur,</strong></span> 
     </span>
    </p>
   </div>
   <div class='ocr_carea' id='block_1_84' title="bbox 591 5172 2167 5245">
    <p class='ocr_par' dir='ltr' id='par_1_84' title="bbox 591 5172 2167 5245">
     <span class='ocr_line' id='line_1_84' title="bbox 591 5172 2167 5245; baseline 0.007 -23"><span class='ocrx_word' id='word_1_642' title='bbox 591 5183 697 5223; x_wconf 91' lang='lat' dir='ltr'><strong>non</strong></span> <span class='ocrx_word' id='word_1_643' title='bbox 719 5186 841 5225; x_wconf 91' lang='lat' dir='ltr'><strong>cum</strong></span> <span class='ocrx_word' id='word_1_644' title='bbox 866 5172 1058 5226; x_wconf 89' lang='lat' dir='ltr'><strong>timore</strong></span> <span class='ocrx_word' id='word_1_645' title='bbox 1079 5172 1222 5242; x_wconf 89' lang='lat' dir='ltr'><strong>quod</strong></span> <span class='ocrx_word' id='word_1_646' title='bbox 1246 5174 1474 5245; x_wconf 86' lang='lat' dir='ltr'><strong>cegitur.</strong></span> <span class='ocrx_word' id='word_1_647' title='bbox 1519 5173 1670 5229; x_wconf 91' lang='lat' dir='ltr'><strong>Tune</strong></span> <span class='ocrx_word' id='word_1_648' title='bbox 1693 5176 1835 5231; x_wconf 89' lang='lat' dir='ltr'><strong>enim</strong></span> <span class='ocrx_word' id='word_1_649' title='bbox 1867 5192 1965 5231; x_wconf 89' lang='lat' dir='ltr'><strong>nos</strong></span> <span class='ocrx_word' id='word_1_650' title='bbox 1993 5178 2167 5233; x_wconf 87' lang='lat' dir='ltr'><strong>chari-</strong></span> 
     </span>
    </p>
   </div>
   <div class='ocr_carea' id='block_1_85' title="bbox 592 5259 2163 5333">
    <p class='ocr_par' dir='ltr' id='par_1_85' title="bbox 592 5259 2163 5333">
     <span class='ocr_line' id='line_1_85' title="bbox 592 5259 2163 5333; baseline 0.008 -21"><span class='ocrx_word' id='word_1_651' title='bbox 592 5267 679 5312; x_wconf 84' lang='lat' dir='ltr'><strong>tas</strong></span> <span class='ocrx_word' id='word_1_652' title='bbox 706 5274 736 5313; x_wconf 88' lang='lat' dir='ltr'><strong>a</strong></span> <span class='ocrx_word' id='word_1_653' title='bbox 758 5259 889 5332; x_wconf 88' lang='lat' dir='ltr'><strong>jugo</strong></span> <span class='ocrx_word' id='word_1_654' title='bbox 932 5262 1102 5333; x_wconf 71' lang='lat' dir='ltr'><strong>culpae</strong></span> <span class='ocrx_word' id='word_1_655' title='bbox 1140 5262 1339 5319; x_wconf 92' lang='lat' dir='ltr'><strong>liberos</strong></span> <span class='ocrx_word' id='word_1_656' title='bbox 1385 5264 1577 5330; x_wconf 91' lang='lat' dir='ltr'><strong>reddit,</strong></span> <span class='ocrx_word' id='word_1_657' title='bbox 1621 5281 1743 5320; x_wconf 88' lang='lat' dir='ltr'><strong>cum</strong></span> <span class='ocrx_word' id='word_1_658' title='bbox 1779 5267 2017 5322; x_wconf 88' lang='lat' dir='ltr'><strong>vicissim</strong></span> <span class='ocrx_word' id='word_1_659' title='bbox 2065 5284 2163 5325; x_wconf 90' lang='lat' dir='ltr'><strong>nos</strong></span> 
     </span>
    </p>
   </div>
   <div class='ocr_carea' id='block_1_86' title="bbox 592 5361 2160 5433">
    <p class='ocr_par' dir='ltr' id='par_1_86' title="bbox 592 5361 2160 5433">
     <span class='ocr_line' id='line_1_86' title="bbox 592 5361 2160 5433; baseline 0.008 -22"><span class='ocrx_word' id='word_1_660' title='bbox 592 5365 779 5412; x_wconf 89' lang='lat' dir='ltr'><strong>nostro</strong></span> <span class='ocrx_word' id='word_1_661' title='bbox 808 5374 907 5428; x_wconf 87' lang='lat' dir='ltr'><strong>per</strong></span> <span class='ocrx_word' id='word_1_662' title='bbox 940 5375 1179 5417; x_wconf 92' lang='lat' dir='ltr'><strong>amorem</strong></span> <span class='ocrx_word' id='word_1_663' title='bbox 1217 5361 1438 5418; x_wconf 91' lang='lat' dir='ltr'><strong>servitio</strong></span> <span class='ocrx_word' id='word_1_664' title='bbox 1465 5362 1680 5433; x_wconf 91' lang='lat' dir='ltr'><strong>subjicit</strong></span> <span class='ocrx_word' id='word_1_665' title='bbox 1703 5383 1715 5419; x_wconf 92' lang='lat'><strong>:</strong></span> <span class='ocrx_word' id='word_1_666' title='bbox 1740 5380 1863 5421; x_wconf 89' lang='lat' dir='ltr'><strong>cum</strong></span> <span class='ocrx_word' id='word_1_667' title='bbox 1895 5375 1951 5421; x_wconf 90' lang='lat' dir='ltr'><strong>et</strong></span> <span class='ocrx_word' id='word_1_668' title='bbox 1980 5366 2160 5423; x_wconf 89' lang='lat' dir='ltr'><strong>aliena</strong></span> 
     </span>
    </p>
   </div>
   <div class='ocr_carea' id='block_1_87' title="bbox 591 5457 2161 5531">
    <p class='ocr_par' dir='ltr' id='par_1_87' title="bbox 591 5457 2161 5531">
     <span class='ocr_line' id='line_1_87' title="bbox 591 5457 2161 5531; baseline 0.006 -20"><span class='ocrx_word' id='word_1_669' title='bbox 591 5457 730 5511; x_wconf 88' lang='lat' dir='ltr'><strong>bona</strong></span> <span class='ocrx_word' id='word_1_670' title='bbox 756 5465 939 5513; x_wconf 85' lang='lat' dir='ltr'><strong>nostra</strong></span> <span class='ocrx_word' id='word_1_671' title='bbox 960 5459 1251 5524; x_wconf 89' lang='lat' dir='ltr'><strong>credimus,</strong></span> <span class='ocrx_word' id='word_1_672' title='bbox 1280 5469 1336 5515; x_wconf 91' lang='lat' dir='ltr'><strong>et</strong></span> <span class='ocrx_word' id='word_1_673' title='bbox 1362 5468 1546 5517; x_wconf 88' lang='lat' dir='ltr'><strong>nostra</strong></span> <span class='ocrx_word' id='word_1_674' title='bbox 1567 5462 1708 5528; x_wconf 89' lang='lat' dir='ltr'><strong>aliis,</strong></span> <span class='ocrx_word' id='word_1_675' title='bbox 1739 5463 1892 5531; x_wconf 91' lang='lat' dir='ltr'><strong>quasi</strong></span> <span class='ocrx_word' id='word_1_676' title='bbox 1919 5479 2014 5519; x_wconf 90' lang='lat' dir='ltr'><strong>sua</strong></span> <span class='ocrx_word' id='word_1_677' title='bbox 2036 5463 2161 5520; x_wconf 72' lang='lat' dir='ltr'><strong>olfe-</strong></span> 
     </span>
    </p>
   </div>
   <div class='ocr_carea' id='block_1_88' title="bbox 591 5556 2162 5623">
    <p class='ocr_par' dir='ltr' id='par_1_88' title="bbox 591 5556 2162 5623">
     <span class='ocr_line' id='line_1_88' title="bbox 591 5556 2162 5623; baseline 0.004 -11"><span class='ocrx_word' id='word_1_678' title='bbox 591 5564 789 5623; x_wconf 84' lang='lat' dir='ltr'><strong>rentes,</strong></span> <span class='ocrx_word' id='word_1_679' title='bbox 823 5556 1155 5613; x_wconf 86' lang='lat' dir='ltr'><strong>exhibemus.</strong></span> <span class='ocrx_word' id='word_1_680' title='bbox 1192 5558 1424 5614; x_wconf 90' lang='lat' dir='ltr'><strong>Tantum</strong></span> <span class='ocrx_word' id='word_1_681' title='bbox 1444 5569 1622 5615; x_wconf 90' lang='lat' dir='ltr'><strong>autem</strong></span> <span class='ocrx_word' id='word_1_682' title='bbox 1648 5562 1846 5616; x_wconf 90' lang='lat' dir='ltr'><strong>bonum</strong></span> <span class='ocrx_word' id='word_1_683' title='bbox 1875 5570 1956 5618; x_wconf 87' lang='lat' dir='ltr'><strong>est</strong></span> <span class='ocrx_word' id='word_1_684' title='bbox 1989 5563 2162 5619; x_wconf 84' lang='lat' dir='ltr'><strong>chari-</strong></span> 
     </span>
    </p>
   </div>
   <div class='ocr_carea' id='block_1_89' title="bbox 589 5657 2159 5733">
    <p class='ocr_par' dir='ltr' id='par_1_89' title="bbox 589 5657 2159 5733">
     <span class='ocr_line' id='line_1_89' title="bbox 589 5657 2159 5733; baseline 0.006 -20"><span class='ocrx_word' id='word_1_685' title='bbox 589 5660 691 5722; x_wconf 67' lang='grc' dir='ltr'><strong>ιω,</strong></span> <span class='ocrx_word' id='word_1_686' title='bbox 720 5658 973 5715; x_wconf 88' lang='lat' dir='ltr'><strong>utomnis</strong></span> <span class='ocrx_word' id='word_1_687' title='bbox 994 5657 1078 5714; x_wconf 85' lang='lat' dir='ltr'><strong>lex</strong></span> <span class='ocrx_word' id='word_1_688' title='bbox 1113 5658 1165 5714; x_wconf 90' lang='lat' dir='ltr'><strong>in</strong></span> <span class='ocrx_word' id='word_1_689' title='bbox 1202 5657 1289 5713; x_wconf 85' lang='lat' dir='ltr'><strong>illa</strong></span> <span class='ocrx_word' id='word_1_690' title='bbox 1324 5660 1723 5730; x_wconf 88' lang='lat' dir='ltr'><strong>recapituletur.</strong></span> <span class='ocrx_word' id='word_1_691' title='bbox 1774 5662 1938 5733; x_wconf 88' lang='lat' dir='ltr'><strong>Cujus</strong></span> <span class='ocrx_word' id='word_1_692' title='bbox 1987 5665 2159 5722; x_wconf 85' lang='lat' dir='ltr'><strong>virtus</strong></span> 
     </span>
    </p>
   </div>
   <div class='ocr_carea' id='block_1_90' title="bbox 2187 4463 2239 4523">
    <p class='ocr_par' dir='ltr' id='par_1_90' title="bbox 2187 4463 2239 4523">
     <span class='ocr_line' id='line_1_90' title="bbox 2187 4463 2239 4523; baseline 0 0"><span class='ocrx_word' id='word_1_693' title='bbox 2187 4463 2239 4523; x_wconf 92' lang='lat' dir='ltr'><strong>D</strong></span> 
     </span>
    </p>
   </div>
   <div class='ocr_carea' id='block_1_91' title="bbox 2339 3233 3854 3307">
    <p class='ocr_par' dir='ltr' id='par_1_91' title="bbox 2339 3233 3854 3307">
     <span class='ocr_line' id='line_1_91' title="bbox 2339 3233 3854 3307; baseline 0.004 -22"><span class='ocrx_word' id='word_1_694' title='bbox 2339 3233 2537 3304; x_wconf 86' lang='lat' dir='ltr'><strong>Diliges</strong></span> <span class='ocrx_word' id='word_1_695' title='bbox 2559 3235 2851 3306; x_wconf 74' lang='lat' dir='ltr'><strong>proximum</strong></span> <span class='ocrx_word' id='word_1_696' title='bbox 2874 3245 3020 3290; x_wconf 86' lang='lat' dir='ltr'><strong>tuum</strong></span> <span class='ocrx_word' id='word_1_697' title='bbox 3040 3237 3174 3290; x_wconf 84' lang='lat' dir='ltr'><strong>sicut</strong></span> <span class='ocrx_word' id='word_1_698' title='bbox 3201 3237 3437 3307; x_wconf 86' lang='lat' dir='ltr'><strong>teipsum.</strong></span> <span class='ocrx_word' id='word_1_699' title='bbox 3462 3236 3642 3303; x_wconf 61' lang='lat' dir='ltr'><strong>Quieti</strong></span> <span class='ocrx_word' id='word_1_700' title='bbox 3672 3247 3854 3291; x_wconf 80' lang='lat' dir='ltr'><strong>autem</strong></span> 
     </span>
    </p>
   </div>
   <div class='ocr_carea' id='block_1_92' title="bbox 2266 3323 3851 3393">
    <p class='ocr_par' dir='ltr' id='par_1_92' title="bbox 2266 3323 3851 3393">
     <span class='ocr_line' id='line_1_92' title="bbox 2266 3323 3851 3393; baseline 0.003 -16"><span class='ocrx_word' id='word_1_701' title='bbox 2266 3332 2446 3393; x_wconf 89' lang='lat' dir='ltr'><strong>potest</strong></span> <span class='ocrx_word' id='word_1_702' title='bbox 2490 3340 2588 3378; x_wconf 91' lang='lat' dir='ltr'><strong>cur</strong></span> <span class='ocrx_word' id='word_1_703' title='bbox 2634 3323 2919 3393; x_wconf 85' lang='lat' dir='ltr'><strong>Apostolus</strong></span> <span class='ocrx_word' id='word_1_704' title='bbox 2951 3333 3007 3380; x_wconf 90' lang='lat' dir='ltr'><strong>et</strong></span> <span class='ocrx_word' id='word_1_705' title='bbox 3054 3326 3143 3381; x_wconf 90' lang='lat' dir='ltr'><strong>hic</strong></span> <span class='ocrx_word' id='word_1_706' title='bbox 3187 3326 3357 3380; x_wconf 83' lang='lat' dir='ltr'><strong>solum</strong></span> <span class='ocrx_word' id='word_1_707' title='bbox 3400 3329 3851 3381; x_wconf 79' lang='lat' dir='ltr'><strong>commemoravit</strong></span> 
     </span>
    </p>
   </div>
   <div class='ocr_carea' id='block_1_93' title="bbox 2266 3415 3850 3489">
    <p class='ocr_par' dir='ltr' id='par_1_93' title="bbox 2266 3415 3850 3489">
     <span class='ocr_line' id='line_1_93' title="bbox 2266 3415 3850 3489; baseline 0.006 -22"><span class='ocrx_word' id='word_1_708' title='bbox 2266 3416 2497 3483; x_wconf 82' lang='lat' dir='ltr'><strong>proximi</strong></span> <span class='ocrx_word' id='word_1_709' title='bbox 2526 3415 2885 3481; x_wconf 88' lang='lat' dir='ltr'><strong>dilectionem,</strong></span> <span class='ocrx_word' id='word_1_710' title='bbox 2917 3433 3078 3486; x_wconf 90' lang='lat' dir='ltr'><strong>quam</strong></span> <span class='ocrx_word' id='word_1_711' title='bbox 3120 3418 3236 3487; x_wconf 84' lang='lat' dir='ltr'><strong>lege</strong></span> <span class='ocrx_word' id='word_1_712' title='bbox 3264 3418 3399 3472; x_wconf 91' lang='lat' dir='ltr'><strong>dixit</strong></span> <span class='ocrx_word' id='word_1_713' title='bbox 3424 3419 3670 3489; x_wconf 90' lang='lat' dir='ltr'><strong>impleri,</strong></span> <span class='ocrx_word' id='word_1_714' title='bbox 3701 3430 3758 3474; x_wconf 89' lang='lat' dir='ltr'><strong>et</strong></span> <span class='ocrx_word' id='word_1_715' title='bbox 3786 3421 3850 3476; x_wconf 86' lang='lat' dir='ltr'><strong>ad</strong></span> 
     </span>
    </p>
   </div>
   <div class='ocr_carea' id='block_1_94' title="bbox 2265 3503 3847 3577">
    <p class='ocr_par' dir='ltr' id='par_1_94' title="bbox 2265 3503 3847 3577">
     <span class='ocr_line' id='line_1_94' title="bbox 2265 3503 3847 3577; baseline 0.004 -21"><span class='ocrx_word' id='word_1_716' title='bbox 2265 3503 2557 3570; x_wconf 83' lang='lat' dir='ltr'><strong>Romanos,</strong></span> <span class='ocrx_word' id='word_1_717' title='bbox 2589 3521 2711 3561; x_wconf 91' lang='lat' dir='ltr'><strong>eum</strong></span> <span class='ocrx_word' id='word_1_718' title='bbox 2740 3507 2794 3560; x_wconf 91' lang='lat' dir='ltr'><strong>in</strong></span> <span class='ocrx_word' id='word_1_719' title='bbox 2820 3507 3009 3561; x_wconf 86' lang='lat' dir='ltr'><strong>eadem</strong></span> <span class='ocrx_word' id='word_1_720' title='bbox 3035 3508 3330 3577; x_wconf 72' lang='lat' dir='ltr'><strong>quaestione</strong></span> <span class='ocrx_word' id='word_1_721' title='bbox 3354 3518 3705 3564; x_wconf 84' lang='lat' dir='ltr'><strong>versaretur:</strong></span> <span class='ocrx_word' id='word_1_722' title='bbox 3746 3508 3847 3574; x_wconf 72' lang='grc' dir='ltr'><strong>ριί</strong></span> 
     </span>
    </p>
   </div>
   <div class='ocr_carea' id='block_1_95' title="bbox 2263 3595 3846 3669">
    <p class='ocr_par' dir='ltr' id='par_1_95' title="bbox 2263 3595 3846 3669">
     <span class='ocr_line' id='line_1_95' title="bbox 2263 3595 3846 3669; baseline 0.003 -20"><span class='ocrx_word' id='word_1_723' title='bbox 2263 3595 2400 3649; x_wconf 86' lang='lat' dir='ltr'><strong>enim</strong></span> <span class='ocrx_word' id='word_1_724' title='bbox 2429 3596 2601 3666; x_wconf 84' lang='lat' dir='ltr'><strong>diligit</strong></span> <span class='ocrx_word' id='word_1_725' title='bbox 2627 3596 2869 3663; x_wconf 85' lang='lat' dir='ltr'><strong>alterum,</strong></span> <span class='ocrx_word' id='word_1_726' title='bbox 2900 3599 3092 3667; x_wconf 85' lang='lat' dir='ltr'><strong>inquit,</strong></span> <span class='ocrx_word' id='word_1_727' title='bbox 3118 3597 3277 3669; x_wconf 85' lang='lat' dir='ltr'><strong>legem</strong></span> <span class='ocrx_word' id='word_1_728' title='bbox 3299 3598 3551 3669; x_wconf 75' lang='lat' dir='ltr'><strong>impleuit.</strong></span> <span class='ocrx_word' id='word_1_729' title='bbox 3580 3600 3724 3654; x_wconf 80' lang='lat' dir='ltr'><strong>Nam</strong></span> <span class='ocrx_word' id='word_1_730' title='bbox 3746 3617 3846 3653; x_wconf 76' lang='lat' dir='ltr'><strong>non</strong></span> 
     </span>
    </p>
   </div>
   <div class='ocr_carea' id='block_1_96' title="bbox 2264 3682 3843 3756">
    <p class='ocr_par' dir='ltr' id='par_1_96' title="bbox 2264 3682 3843 3756">
     <span class='ocr_line' id='line_1_96' title="bbox 2264 3682 3843 3756; baseline 0.004 -21"><span class='ocrx_word' id='word_1_731' title='bbox 2264 3682 2617 3750; x_wconf 77' lang='lat' dir='ltr'><strong>ndulterabis,</strong></span> <span class='ocrx_word' id='word_1_732' title='bbox 2665 3703 2770 3741; x_wconf 90' lang='lat' dir='ltr'><strong>non</strong></span> <span class='ocrx_word' id='word_1_733' title='bbox 2813 3687 3151 3741; x_wconf 76' lang='lat' dir='ltr'><strong>homicidium</strong></span> <span class='ocrx_word' id='word_1_734' title='bbox 3180 3686 3373 3756; x_wconf 78' lang='lat' dir='ltr'><strong>facies,</strong></span> <span class='ocrx_word' id='word_1_735' title='bbox 3413 3704 3520 3741; x_wconf 89' lang='lat' dir='ltr'><strong>non</strong></span> <span class='ocrx_word' id='word_1_736' title='bbox 3551 3688 3843 3756; x_wconf 76' lang='lat' dir='ltr'><strong>furaberis,</strong></span> 
     </span>
    </p>
   </div>
   <div class='ocr_carea' id='block_1_97' title="bbox 2265 3775 3847 3846">
    <p class='ocr_par' dir='ltr' id='par_1_97' title="bbox 2265 3775 3847 3846">
     <span class='ocr_line' id='line_1_97' title="bbox 2265 3775 3847 3846; baseline 0.004 -22"><span class='ocrx_word' id='word_1_737' title='bbox 2265 3787 2368 3825; x_wconf 88' lang='lat' dir='ltr'><strong>non</strong></span> <span class='ocrx_word' id='word_1_738' title='bbox 2414 3775 2762 3844; x_wconf 84' lang='lat' dir='ltr'><strong>concupisces,</strong></span> <span class='ocrx_word' id='word_1_739' title='bbox 2792 3784 2842 3827; x_wconf 88' lang='lat' dir='ltr'><strong>et</strong></span> <span class='ocrx_word' id='word_1_740' title='bbox 2877 3776 2923 3829; x_wconf 92' lang='lat' dir='ltr'><strong>si</strong></span> <span class='ocrx_word' id='word_1_741' title='bbox 2960 3776 3097 3846; x_wconf 87' lang='lat' dir='ltr'><strong>quod</strong></span> <span class='ocrx_word' id='word_1_742' title='bbox 3144 3775 3291 3829; x_wconf 80' lang='lat' dir='ltr'><strong>aliud</strong></span> <span class='ocrx_word' id='word_1_743' title='bbox 3330 3777 3645 3830; x_wconf 82' lang='lat' dir='ltr'><strong>mandatum</strong></span> <span class='ocrx_word' id='word_1_744' title='bbox 3673 3778 3728 3830; x_wconf 82' lang='lat' dir='ltr'><strong>in</strong></span> <span class='ocrx_word' id='word_1_745' title='bbox 3751 3778 3847 3831; x_wconf 62' lang='lat' dir='ltr'><strong>hoc</strong></span> 
     </span>
    </p>
   </div>
   <div class='ocr_carea' id='block_1_98' title="bbox 2263 3861 3845 3934">
    <p class='ocr_par' dir='ltr' id='par_1_98' title="bbox 2263 3861 3845 3934">
     <span class='ocr_line' id='line_1_98' title="bbox 2263 3861 3845 3934; baseline 0.004 -22"><span class='ocrx_word' id='word_1_746' title='bbox 2263 3873 2498 3915; x_wconf 84' lang='lat' dir='ltr'><strong>sermone</strong></span> <span class='ocrx_word' id='word_1_747' title='bbox 2524 3861 2919 3932; x_wconf 74' lang='lat' dir='ltr'><strong>recepitulatur.</strong></span> <span class='ocrx_word' id='word_1_748' title='bbox 2966 3863 3165 3933; x_wconf 84' lang='lat' dir='ltr'><strong>Diliges</strong></span> <span class='ocrx_word' id='word_1_749' title='bbox 3189 3865 3485 3934; x_wconf 72' lang='lat' dir='ltr'><strong>proximum</strong></span> <span class='ocrx_word' id='word_1_750' title='bbox 3534 3875 3688 3919; x_wconf 77' lang='lat' dir='ltr'><strong>tnnm</strong></span> <span class='ocrx_word' id='word_1_751' title='bbox 3714 3868 3845 3920; x_wconf 72' lang='lat' dir='ltr'><strong>sicut</strong></span> 
     </span>
    </p>
   </div>
   <div class='ocr_carea' id='block_1_99' title="bbox 2263 3952 3846 4025">
    <p class='ocr_par' dir='ltr' id='par_1_99' title="bbox 2263 3952 3846 4025">
     <span class='ocr_line' id='line_1_99' title="bbox 2263 3952 3846 4025; baseline 0.004 -20"><span class='ocrx_word' id='word_1_752' title='bbox 2263 3953 2503 4022; x_wconf 85' lang='lat' dir='ltr'><strong>teipsum.</strong></span> <span class='ocrx_word' id='word_1_753' title='bbox 2536 3952 2759 4007; x_wconf 88' lang='lat' dir='ltr'><strong>Dilectio</strong></span> <span class='ocrx_word' id='word_1_754' title='bbox 2783 3955 3007 4024; x_wconf 73' lang='lat' dir='ltr'><strong>proximi</strong></span> <span class='ocrx_word' id='word_1_755' title='bbox 3043 3954 3241 4008; x_wconf 81' lang='lat' dir='ltr'><strong>malum</strong></span> <span class='ocrx_word' id='word_1_756' title='bbox 3289 3972 3393 4009; x_wconf 91' lang='lat' dir='ltr'><strong>non</strong></span> <span class='ocrx_word' id='word_1_757' title='bbox 3420 3966 3695 4025; x_wconf 76' lang='lat' dir='ltr'><strong>operatur.</strong></span> <span class='ocrx_word' id='word_1_758' title='bbox 3724 3955 3846 4012; x_wconf 60' lang='lat' dir='ltr'><strong>Plev</strong></span> 
     </span>
    </p>
   </div>
   <div class='ocr_carea' id='block_1_100' title="bbox 2263 4042 3847 4122">
    <p class='ocr_par' dir='ltr' id='par_1_100' title="bbox 2263 4042 3847 4122">
     <span class='ocr_line' id='line_1_100' title="bbox 2263 4042 3847 4122; baseline 0.006 -26"><span class='ocrx_word' id='word_1_759' title='bbox 2263 4042 2446 4096; x_wconf 87' lang='lat' dir='ltr'><strong>nitudo</strong></span> <span class='ocrx_word' id='word_1_760' title='bbox 2470 4052 2644 4098; x_wconf 87' lang='lat' dir='ltr'><strong>autem</strong></span> <span class='ocrx_word' id='word_1_761' title='bbox 2675 4042 2803 4114; x_wconf 88' lang='lat' dir='ltr'><strong>legis</strong></span> <span class='ocrx_word' id='word_1_762' title='bbox 2831 4054 2906 4099; x_wconf 90' lang='lat' dir='ltr'><strong>est</strong></span> <span class='ocrx_word' id='word_1_763' title='bbox 2928 4046 3356 4118; x_wconf 82' lang='lat' dir='ltr'><strong>charitas-(Rom.</strong></span> <span class='ocrx_word' id='word_1_764' title='bbox 3385 4048 3531 4119; x_wconf 88' lang='lat' dir='ltr'><strong>xttt).</strong></span> <span class='ocrx_word' id='word_1_765' title='bbox 3557 4048 3696 4103; x_wconf 89' lang='lat' dir='ltr'><strong>Cum</strong></span> <span class='ocrx_word' id='word_1_766' title='bbox 3718 4066 3847 4122; x_wconf 81' lang='lat' dir='ltr'><strong>ergo</strong></span> 
     </span>
    </p>
   </div>
   <div class='ocr_carea' id='block_1_101' title="bbox 2263 4133 3848 4211">
    <p class='ocr_par' dir='ltr' id='par_1_101' title="bbox 2263 4133 3848 4211">
     <span class='ocr_line' id='line_1_101' title="bbox 2263 4133 3848 4211; baseline 0.004 -23"><span class='ocrx_word' id='word_1_767' title='bbox 2263 4133 2318 4188; x_wconf 92' lang='lat' dir='ltr'><strong>in</strong></span> <span class='ocrx_word' id='word_1_768' title='bbox 2345 4134 2551 4189; x_wconf 89' lang='lat' dir='ltr'><strong>duobus</strong></span> <span class='ocrx_word' id='word_1_769' title='bbox 2574 4137 2879 4207; x_wconf 58' lang='lat' dir='ltr'><strong>praeceptis,</strong></span> <span class='ocrx_word' id='word_1_770' title='bbox 2910 4136 3214 4193; x_wconf 88' lang='lat' dir='ltr'><strong>dilectionis</strong></span> <span class='ocrx_word' id='word_1_771' title='bbox 3241 4139 3334 4193; x_wconf 85' lang='lat' dir='ltr'><strong>Dei</strong></span> <span class='ocrx_word' id='word_1_772' title='bbox 3360 4148 3413 4194; x_wconf 89' lang='lat' dir='ltr'><strong>et</strong></span> <span class='ocrx_word' id='word_1_773' title='bbox 3440 4141 3694 4210; x_wconf 85' lang='lat' dir='ltr'><strong>proximi,</strong></span> <span class='ocrx_word' id='word_1_774' title='bbox 3718 4158 3848 4211; x_wconf 76' lang='lat' dir='ltr'><strong>per-</strong></span> 
     </span>
    </p>
   </div>
   <div class='ocr_carea' id='block_1_102' title="bbox 2263 4223 3847 4300">
    <p class='ocr_par' dir='ltr' id='par_1_102' title="bbox 2263 4223 3847 4300">
     <span class='ocr_line' id='line_1_102' title="bbox 2263 4223 3847 4300; baseline 0.007 -23"><span class='ocrx_word' id='word_1_775' title='bbox 2263 4223 2402 4278; x_wconf 85' lang='lat' dir='ltr'><strong>fecta</strong></span> <span class='ocrx_word' id='word_1_776' title='bbox 2445 4225 2515 4279; x_wconf 88' lang='lat' dir='ltr'><strong>sit</strong></span> <span class='ocrx_word' id='word_1_777' title='bbox 2558 4227 2815 4293; x_wconf 87' lang='lat' dir='ltr'><strong>eharitas,</strong></span> <span class='ocrx_word' id='word_1_778' title='bbox 2855 4243 2953 4283; x_wconf 90' lang='lat' dir='ltr'><strong>cur</strong></span> <span class='ocrx_word' id='word_1_779' title='bbox 2978 4228 3266 4300; x_wconf 83' lang='lat' dir='ltr'><strong>Apostolus</strong></span> <span class='ocrx_word' id='word_1_780' title='bbox 3294 4240 3347 4285; x_wconf 91' lang='lat' dir='ltr'><strong>et</strong></span> <span class='ocrx_word' id='word_1_781' title='bbox 3376 4231 3433 4287; x_wconf 91' lang='lat' dir='ltr'><strong>in</strong></span> <span class='ocrx_word' id='word_1_782' title='bbox 3461 4232 3544 4287; x_wconf 87' lang='lat' dir='ltr'><strong>illa</strong></span> <span class='ocrx_word' id='word_1_783' title='bbox 3571 4242 3623 4287; x_wconf 89' lang='lat' dir='ltr'><strong>et</strong></span> <span class='ocrx_word' id='word_1_784' title='bbox 3649 4234 3706 4287; x_wconf 88' lang='lat' dir='ltr'><strong>in</strong></span> <span class='ocrx_word' id='word_1_785' title='bbox 3736 4235 3847 4290; x_wconf 89' lang='lat' dir='ltr'><strong>hac</strong></span> 
     </span>
    </p>
   </div>
   <div class='ocr_carea' id='block_1_103' title="bbox 2262 4313 3843 4391">
    <p class='ocr_par' dir='ltr' id='par_1_103' title="bbox 2262 4313 3843 4391">
     <span class='ocr_line' id='line_1_103' title="bbox 2262 4313 3843 4391; baseline 0.008 -22"><span class='ocrx_word' id='word_1_786' title='bbox 2262 4313 2502 4385; x_wconf 86' lang='lat' dir='ltr'><strong>Epistola</strong></span> <span class='ocrx_word' id='word_1_787' title='bbox 2546 4316 2717 4371; x_wconf 86' lang='lat' dir='ltr'><strong>solum</strong></span> <span class='ocrx_word' id='word_1_788' title='bbox 2761 4319 2995 4387; x_wconf 80' lang='lat' dir='ltr'><strong>proximi</strong></span> <span class='ocrx_word' id='word_1_789' title='bbox 3039 4320 3379 4377; x_wconf 90' lang='lat' dir='ltr'><strong>dilectionem</strong></span> <span class='ocrx_word' id='word_1_790' title='bbox 3418 4336 3843 4391; x_wconf 84' lang='lat' dir='ltr'><strong>commemorat,</strong></span> 
     </span>
    </p>
   </div>
   <div class='ocr_carea' id='block_1_104' title="bbox 2262 4406 3842 4481">
    <p class='ocr_par' dir='ltr' id='par_1_104' title="bbox 2262 4406 3842 4481">
     <span class='ocr_line' id='line_1_104' title="bbox 2262 4406 3842 4481; baseline 0.008 -23"><span class='ocrx_word' id='word_1_791' title='bbox 2262 4406 2367 4459; x_wconf 91' lang='lat' dir='ltr'><strong>nisi</strong></span> <span class='ocrx_word' id='word_1_792' title='bbox 2393 4406 2521 4475; x_wconf 89' lang='lat' dir='ltr'><strong>quia</strong></span> <span class='ocrx_word' id='word_1_793' title='bbox 2548 4406 2615 4461; x_wconf 91' lang='lat' dir='ltr'><strong>de</strong></span> <span class='ocrx_word' id='word_1_794' title='bbox 2642 4406 2927 4463; x_wconf 87' lang='lat' dir='ltr'><strong>dilectione</strong></span> <span class='ocrx_word' id='word_1_795' title='bbox 2952 4408 3047 4463; x_wconf 89' lang='lat' dir='ltr'><strong>Dei</strong></span> <span class='ocrx_word' id='word_1_796' title='bbox 3081 4421 3306 4480; x_wconf 89' lang='lat' dir='ltr'><strong>possunt</strong></span> <span class='ocrx_word' id='word_1_797' title='bbox 3330 4415 3545 4469; x_wconf 89' lang='lat' dir='ltr'><strong>mentiri</strong></span> <span class='ocrx_word' id='word_1_798' title='bbox 3574 4415 3842 4481; x_wconf 81' lang='lat' dir='ltr'><strong>homines.</strong></span> 
     </span>
    </p>
   </div>
   <div class='ocr_carea' id='block_1_105' title="bbox 2263 4497 3843 4572">
    <p class='ocr_par' dir='ltr' id='par_1_105' title="bbox 2263 4497 3843 4572">
     <span class='ocr_line' id='line_1_105' title="bbox 2263 4497 3843 4572; baseline 0.009 -22"><span class='ocrx_word' id='word_1_799' title='bbox 2263 4497 2388 4566; x_wconf 89' lang='lat' dir='ltr'><strong>quia</strong></span> <span class='ocrx_word' id='word_1_800' title='bbox 2412 4498 2646 4553; x_wconf 87' lang='lat' dir='ltr'><strong>rariores</strong></span> <span class='ocrx_word' id='word_1_801' title='bbox 2674 4500 2998 4555; x_wconf 89' lang='lat' dir='ltr'><strong>tentutiones</strong></span> <span class='ocrx_word' id='word_1_802' title='bbox 3023 4515 3144 4555; x_wconf 88' lang='lat' dir='ltr'><strong>eam</strong></span> <span class='ocrx_word' id='word_1_803' title='bbox 3175 4503 3445 4572; x_wconf 87' lang='lat' dir='ltr'><strong>probant:</strong></span> <span class='ocrx_word' id='word_1_804' title='bbox 3474 4504 3529 4558; x_wconf 93' lang='lat' dir='ltr'><strong>in</strong></span> <span class='ocrx_word' id='word_1_805' title='bbox 3555 4505 3843 4563; x_wconf 73' lang='lat' dir='ltr'><strong>dilectione</strong></span> 
     </span>
    </p>
   </div>
   <div class='ocr_carea' id='block_1_106' title="bbox 2264 4589 3838 4662">
    <p class='ocr_par' dir='ltr' id='par_1_106' title="bbox 2264 4589 3838 4662">
     <span class='ocr_line' id='line_1_106' title="bbox 2264 4589 3838 4662; baseline 0.008 -20"><span class='ocrx_word' id='word_1_806' title='bbox 2264 4597 2444 4643; x_wconf 91' lang='lat' dir='ltr'><strong>autem</strong></span> <span class='ocrx_word' id='word_1_807' title='bbox 2462 4589 2694 4660; x_wconf 87' lang='lat' dir='ltr'><strong>proximi</strong></span> <span class='ocrx_word' id='word_1_808' title='bbox 2715 4590 2926 4646; x_wconf 85' lang='lat' dir='ltr'><strong>facilius</strong></span> <span class='ocrx_word' id='word_1_809' title='bbox 2947 4594 3344 4648; x_wconf 86' lang='lat' dir='ltr'><strong>convincuntur</strong></span> <span class='ocrx_word' id='word_1_810' title='bbox 3354 4610 3475 4649; x_wconf 86' lang='lat' dir='ltr'><strong>eam</strong></span> <span class='ocrx_word' id='word_1_811' title='bbox 3490 4610 3599 4650; x_wconf 88' lang='lat' dir='ltr'><strong>non</strong></span> <span class='ocrx_word' id='word_1_812' title='bbox 3622 4597 3838 4662; x_wconf 84' lang='lat' dir='ltr'><strong>habere,</strong></span> 
     </span>
    </p>
   </div>
   <div class='ocr_carea' id='block_1_107' title="bbox 2263 4675 3842 4754">
    <p class='ocr_par' dir='ltr' id='par_1_107' title="bbox 2263 4675 3842 4754">
     <span class='ocr_line' id='line_1_107' title="bbox 2263 4675 3842 4754; baseline 0.008 -24"><span class='ocrx_word' id='word_1_813' title='bbox 2263 4675 2391 4731; x_wconf 81' lang='lat' dir='ltr'><strong>dum</strong></span> <span class='ocrx_word' id='word_1_814' title='bbox 2416 4678 2600 4748; x_wconf 90' lang='lat' dir='ltr'><strong>inique</strong></span> <span class='ocrx_word' id='word_1_815' title='bbox 2627 4693 2749 4733; x_wconf 91' lang='lat' dir='ltr'><strong>cum</strong></span> <span class='ocrx_word' id='word_1_816' title='bbox 2787 4679 3096 4735; x_wconf 90' lang='lat' dir='ltr'><strong>hominibus</strong></span> <span class='ocrx_word' id='word_1_817' title='bbox 3128 4684 3343 4752; x_wconf 83' lang='lat' dir='ltr'><strong>agunt?</strong></span> <span class='ocrx_word' id='word_1_818' title='bbox 3375 4682 3734 4754; x_wconf 82' lang='lat' dir='ltr'><strong>Consequens</strong></span> <span class='ocrx_word' id='word_1_819' title='bbox 3761 4697 3842 4742; x_wconf 85' lang='lat' dir='ltr'><strong>est</strong></span> 
     </span>
    </p>
   </div>
   <div class='ocr_carea' id='block_1_108' title="bbox 2264 4767 3840 4841">
    <p class='ocr_par' dir='ltr' id='par_1_108' title="bbox 2264 4767 3840 4841">
     <span class='ocr_line' id='line_1_108' title="bbox 2264 4767 3840 4841; baseline 0.008 -22"><span class='ocrx_word' id='word_1_820' title='bbox 2264 4774 2442 4821; x_wconf 90' lang='lat' dir='ltr'><strong>autem</strong></span> <span class='ocrx_word' id='word_1_821' title='bbox 2467 4775 2528 4821; x_wconf 93' lang='lat' dir='ltr'><strong>ut</strong></span> <span class='ocrx_word' id='word_1_822' title='bbox 2554 4767 2647 4836; x_wconf 91' lang='lat' dir='ltr'><strong>qui</strong></span> <span class='ocrx_word' id='word_1_823' title='bbox 2676 4783 2742 4823; x_wconf 86' lang='lat' dir='ltr'><strong>ex</strong></span> <span class='ocrx_word' id='word_1_824' title='bbox 2774 4777 2888 4824; x_wconf 91' lang='lat' dir='ltr'><strong>toto</strong></span> <span class='ocrx_word' id='word_1_825' title='bbox 2914 4771 3107 4837; x_wconf 90' lang='lat' dir='ltr'><strong>corde,</strong></span> <span class='ocrx_word' id='word_1_826' title='bbox 3152 4786 3224 4827; x_wconf 84' lang='lat' dir='ltr'><strong>ex</strong></span> <span class='ocrx_word' id='word_1_827' title='bbox 3253 4782 3365 4827; x_wconf 87' lang='lat' dir='ltr'><strong>tota</strong></span> <span class='ocrx_word' id='word_1_828' title='bbox 3391 4774 3598 4841; x_wconf 87' lang='lat' dir='ltr'><strong>anima,</strong></span> <span class='ocrx_word' id='word_1_829' title='bbox 3639 4792 3709 4831; x_wconf 83' lang='lat' dir='ltr'><strong>ex</strong></span> <span class='ocrx_word' id='word_1_830' title='bbox 3735 4786 3840 4831; x_wconf 86' lang='lat' dir='ltr'><strong>tota</strong></span> 
     </span>
    </p>
   </div>
   <div class='ocr_carea' id='block_1_109' title="bbox 2264 4857 3841 4939">
    <p class='ocr_par' dir='ltr' id='par_1_109' title="bbox 2264 4857 3841 4939">
     <span class='ocr_line' id='line_1_109' title="bbox 2264 4857 3841 4939; baseline 0.008 -28"><span class='ocrx_word' id='word_1_831' title='bbox 2264 4865 2447 4911; x_wconf 82' lang='lat' dir='ltr'><strong>mente</strong></span> <span class='ocrx_word' id='word_1_832' title='bbox 2485 4857 2655 4912; x_wconf 92' lang='lat' dir='ltr'><strong>Deum</strong></span> <span class='ocrx_word' id='word_1_833' title='bbox 2699 4860 2902 4930; x_wconf 86' lang='lat' dir='ltr'><strong>diligit,</strong></span> <span class='ocrx_word' id='word_1_834' title='bbox 2934 4861 3120 4932; x_wconf 89' lang='lat' dir='ltr'><strong>diligat</strong></span> <span class='ocrx_word' id='word_1_835' title='bbox 3156 4873 3213 4917; x_wconf 91' lang='lat' dir='ltr'><strong>et</strong></span> <span class='ocrx_word' id='word_1_836' title='bbox 3248 4865 3554 4935; x_wconf 81' lang='lat' dir='ltr'><strong>proximum</strong></span> <span class='ocrx_word' id='word_1_837' title='bbox 3585 4877 3841 4939; x_wconf 82' lang='lat' dir='ltr'><strong>tanquam</strong></span> 
     </span>
    </p>
   </div>
   <div class='ocr_carea' id='block_1_110' title="bbox 2264 4949 3839 5026">
    <p class='ocr_par' dir='ltr' id='par_1_110' title="bbox 2264 4949 3839 5026">
     <span class='ocr_line' id='line_1_110' title="bbox 2264 4949 3839 5026; baseline 0.01 -24"><span class='ocrx_word' id='word_1_838' title='bbox 2264 4949 2498 5018; x_wconf 81' lang='lat' dir='ltr'><strong>seipsum</strong></span> <span class='ocrx_word' id='word_1_839' title='bbox 2524 4965 2539 5004; x_wconf 90' lang='lat'><strong>:</strong></span> <span class='ocrx_word' id='word_1_840' title='bbox 2574 4952 2697 5022; x_wconf 88' lang='lat' dir='ltr'><strong>quia</strong></span> <span class='ocrx_word' id='word_1_841' title='bbox 2727 4954 2830 5008; x_wconf 87' lang='lat' dir='ltr'><strong>hoc</strong></span> <span class='ocrx_word' id='word_1_842' title='bbox 2847 4952 2999 5022; x_wconf 87' lang='lat' dir='ltr'><strong>jubet</strong></span> <span class='ocrx_word' id='word_1_843' title='bbox 3022 4954 3111 5009; x_wconf 92' lang='lat' dir='ltr'><strong>ille</strong></span> <span class='ocrx_word' id='word_1_844' title='bbox 3138 4970 3300 5024; x_wconf 89' lang='lat' dir='ltr'><strong>quem</strong></span> <span class='ocrx_word' id='word_1_845' title='bbox 3323 4972 3393 5012; x_wconf 87' lang='lat' dir='ltr'><strong>ex</strong></span> <span class='ocrx_word' id='word_1_846' title='bbox 3418 4966 3535 5013; x_wconf 80' lang='lat' dir='ltr'><strong>toto</strong></span> <span class='ocrx_word' id='word_1_847' title='bbox 3564 4961 3754 5026; x_wconf 87' lang='lat' dir='ltr'><strong>corde,</strong></span> <span class='ocrx_word' id='word_1_848' title='bbox 3775 4975 3839 5016; x_wconf 81' lang='lat' dir='ltr'><strong>ex</strong></span> 
     </span>
    </p>
   </div>
   <div class='ocr_carea' id='block_1_111' title="bbox 2263 5039 3839 5119">
    <p class='ocr_par' dir='ltr' id='par_1_111' title="bbox 2263 5039 3839 5119">
     <span class='ocr_line' id='line_1_111' title="bbox 2263 5039 3839 5119; baseline 0.009 -28"><span class='ocrx_word' id='word_1_849' title='bbox 2263 5045 2376 5092; x_wconf 89' lang='lat' dir='ltr'><strong>tota</strong></span> <span class='ocrx_word' id='word_1_850' title='bbox 2401 5039 2603 5105; x_wconf 88' lang='lat' dir='ltr'><strong>anima,</strong></span> <span class='ocrx_word' id='word_1_851' title='bbox 2635 5055 2699 5095; x_wconf 88' lang='lat' dir='ltr'><strong>ex</strong></span> <span class='ocrx_word' id='word_1_852' title='bbox 2730 5050 2840 5097; x_wconf 90' lang='lat' dir='ltr'><strong>tota</strong></span> <span class='ocrx_word' id='word_1_853' title='bbox 2868 5052 3050 5098; x_wconf 85' lang='lat' dir='ltr'><strong>mente</strong></span> <span class='ocrx_word' id='word_1_854' title='bbox 3080 5043 3272 5115; x_wconf 88' lang='lat' dir='ltr'><strong>diligit.</strong></span> <span class='ocrx_word' id='word_1_855' title='bbox 3301 5044 3434 5101; x_wconf 88' lang='lat' dir='ltr'><strong>Item</strong></span> <span class='ocrx_word' id='word_1_856' title='bbox 3461 5046 3690 5119; x_wconf 86' lang='lat' dir='ltr'><strong>diligere</strong></span> <span class='ocrx_word' id='word_1_857' title='bbox 3716 5064 3839 5119; x_wconf 83' lang='lat' dir='ltr'><strong>pro-</strong></span> 
     </span>
    </p>
   </div>
   <div class='ocr_carea' id='block_1_112' title="bbox 2263 5129 3839 5209">
    <p class='ocr_par' dir='ltr' id='par_1_112' title="bbox 2263 5129 3839 5209">
     <span class='ocr_line' id='line_1_112' title="bbox 2263 5129 3839 5209; baseline 0.007 -27"><span class='ocrx_word' id='word_1_858' title='bbox 2263 5129 2491 5195; x_wconf 90' lang='lat' dir='ltr'><strong>ximum,</strong></span> <span class='ocrx_word' id='word_1_859' title='bbox 2532 5129 2584 5185; x_wconf 92' lang='lat' dir='ltr'><strong>id</strong></span> <span class='ocrx_word' id='word_1_860' title='bbox 2611 5139 2696 5186; x_wconf 88' lang='lat' dir='ltr'><strong>est</strong></span> <span class='ocrx_word' id='word_1_861' title='bbox 2722 5147 2937 5187; x_wconf 89' lang='lat' dir='ltr'><strong>omnem</strong></span> <span class='ocrx_word' id='word_1_862' title='bbox 2967 5134 3272 5201; x_wconf 89' lang='lat' dir='ltr'><strong>hominem,</strong></span> <span class='ocrx_word' id='word_1_863' title='bbox 3300 5143 3560 5207; x_wconf 87' lang='lat' dir='ltr'><strong>tanquam</strong></span> <span class='ocrx_word' id='word_1_864' title='bbox 3604 5138 3839 5209; x_wconf 61' lang='lat' dir='ltr'><strong>seipse.</strong></span> 
     </span>
    </p>
   </div>
   <div class='ocr_carea' id='block_1_113' title="bbox 2262 5218 3841 5299">
    <p class='ocr_par' dir='ltr' id='par_1_113' title="bbox 2262 5218 3841 5299">
     <span class='ocr_line' id='line_1_113' title="bbox 2262 5218 3841 5299; baseline 0.006 -25"><span class='ocrx_word' id='word_1_865' title='bbox 2262 5218 2385 5291; x_wconf 90' lang='lat' dir='ltr'><strong>quis</strong></span> <span class='ocrx_word' id='word_1_866' title='bbox 2411 5227 2612 5291; x_wconf 88' lang='lat' dir='ltr'><strong>potest,</strong></span> <span class='ocrx_word' id='word_1_867' title='bbox 2652 5222 2756 5278; x_wconf 88' lang='lat' dir='ltr'><strong>nisi</strong></span> <span class='ocrx_word' id='word_1_868' title='bbox 2806 5223 2976 5278; x_wconf 89' lang='lat' dir='ltr'><strong>Deum</strong></span> <span class='ocrx_word' id='word_1_869' title='bbox 3017 5224 3234 5295; x_wconf 87' lang='lat' dir='ltr'><strong>diligat,</strong></span> <span class='ocrx_word' id='word_1_870' title='bbox 3276 5224 3429 5295; x_wconf 88' lang='lat' dir='ltr'><strong>cujus</strong></span> <span class='ocrx_word' id='word_1_871' title='bbox 3474 5237 3751 5299; x_wconf 59' lang='lat' dir='ltr'><strong>praecepto</strong></span> <span class='ocrx_word' id='word_1_872' title='bbox 3786 5240 3841 5284; x_wconf 85' lang='lat' dir='ltr'><strong>et</strong></span> 
     </span>
    </p>
   </div>
   <div class='ocr_carea' id='block_1_114' title="bbox 2268 5307 3839 5388">
    <p class='ocr_par' dir='ltr' id='par_1_114' title="bbox 2268 5307 3839 5388">
     <span class='ocr_line' id='line_1_114' title="bbox 2268 5307 3839 5388; baseline 0.007 -25"><span class='ocrx_word' id='word_1_873' title='bbox 2268 5307 2409 5364; x_wconf 93' lang='lat' dir='ltr'><strong>dono</strong></span> <span class='ocrx_word' id='word_1_874' title='bbox 2432 5307 2774 5365; x_wconf 89' lang='lat' dir='ltr'><strong>dilectionem</strong></span> <span class='ocrx_word' id='word_1_875' title='bbox 2802 5312 3032 5380; x_wconf 87' lang='lat' dir='ltr'><strong>proximi</strong></span> <span class='ocrx_word' id='word_1_876' title='bbox 3062 5314 3234 5382; x_wconf 89' lang='lat' dir='ltr'><strong>possit</strong></span> <span class='ocrx_word' id='word_1_877' title='bbox 3262 5313 3518 5384; x_wconf 77' lang='lat' dir='ltr'><strong>implere!</strong></span> <span class='ocrx_word' id='word_1_878' title='bbox 3545 5314 3683 5372; x_wconf 89' lang='lat' dir='ltr'><strong>Cum</strong></span> <span class='ocrx_word' id='word_1_879' title='bbox 3714 5333 3839 5388; x_wconf 82' lang='lat' dir='ltr'><strong>ergo</strong></span> 
     </span>
    </p>
   </div>
   <div class='ocr_carea' id='block_1_115' title="bbox 2266 5402 3838 5470">
    <p class='ocr_par' dir='ltr' id='par_1_115' title="bbox 2266 5402 3838 5470">
     <span class='ocr_line' id='line_1_115' title="bbox 2266 5402 3838 5470; baseline 0.006 -18"><span class='ocrx_word' id='word_1_880' title='bbox 2266 5407 2557 5470; x_wconf 89' lang='lat' dir='ltr'><strong>utrumque</strong></span> <span class='ocrx_word' id='word_1_881' title='bbox 2601 5410 2925 5470; x_wconf 69' lang='lat' dir='ltr'><strong>praeceptum</strong></span> <span class='ocrx_word' id='word_1_882' title='bbox 2954 5402 3028 5456; x_wconf 90' lang='lat' dir='ltr'><strong>ita</strong></span> <span class='ocrx_word' id='word_1_883' title='bbox 3056 5404 3129 5457; x_wconf 91' lang='lat' dir='ltr'><strong>sit</strong></span> <span class='ocrx_word' id='word_1_884' title='bbox 3151 5412 3211 5458; x_wconf 91' lang='lat' dir='ltr'><strong>ut</strong></span> <span class='ocrx_word' id='word_1_885' title='bbox 3238 5416 3492 5460; x_wconf 89' lang='lat' dir='ltr'><strong>neutrum</strong></span> <span class='ocrx_word' id='word_1_886' title='bbox 3522 5406 3645 5462; x_wconf 87' lang='lat' dir='ltr'><strong>sine</strong></span> <span class='ocrx_word' id='word_1_887' title='bbox 3672 5407 3838 5462; x_wconf 80' lang='lat' dir='ltr'><strong>altero</strong></span> 
     </span>
    </p>
   </div>
   <div class='ocr_carea' id='block_1_116' title="bbox 2266 5489 3837 5566">
    <p class='ocr_par' dir='ltr' id='par_1_116' title="bbox 2266 5489 3837 5566">
     <span class='ocr_line' id='line_1_116' title="bbox 2266 5489 3837 5566; baseline 0.005 -23"><span class='ocrx_word' id='word_1_888' title='bbox 2266 5489 2438 5559; x_wconf 86' lang='lat' dir='ltr'><strong>possit</strong></span> <span class='ocrx_word' id='word_1_889' title='bbox 2463 5489 2657 5554; x_wconf 87' lang='lat' dir='ltr'><strong>teneri,</strong></span> <span class='ocrx_word' id='word_1_890' title='bbox 2682 5491 2846 5546; x_wconf 89' lang='lat' dir='ltr'><strong>etiam</strong></span> <span class='ocrx_word' id='word_1_891' title='bbox 2875 5507 3042 5548; x_wconf 91' lang='lat' dir='ltr'><strong>unum</strong></span> <span class='ocrx_word' id='word_1_892' title='bbox 3064 5492 3255 5547; x_wconf 91' lang='lat' dir='ltr'><strong>horum</strong></span> <span class='ocrx_word' id='word_1_893' title='bbox 3285 5508 3716 5551; x_wconf 84' lang='lat' dir='ltr'><strong>commemorare</strong></span> <span class='ocrx_word' id='word_1_894' title='bbox 3735 5495 3837 5566; x_wconf 78' lang='lat' dir='ltr'><strong>plc—</strong></span> 
     </span>
    </p>
   </div>
   <div class='ocr_carea' id='block_1_117' title="bbox 2268 5576 3833 5652">
    <p class='ocr_par' dir='ltr' id='par_1_117' title="bbox 2268 5576 3833 5652">
     <span class='ocr_line' id='line_1_117' title="bbox 2268 5576 3833 5652; baseline 0.006 -22"><span class='ocrx_word' id='word_1_895' title='bbox 2268 5590 2494 5647; x_wconf 90' lang='lat' dir='ltr'><strong>rumque</strong></span> <span class='ocrx_word' id='word_1_896' title='bbox 2516 5576 2730 5645; x_wconf 84' lang='lat' dir='ltr'><strong>suﬁieit,</strong></span> <span class='ocrx_word' id='word_1_897' title='bbox 2754 5595 2878 5635; x_wconf 89' lang='lat' dir='ltr'><strong>cum</strong></span> <span class='ocrx_word' id='word_1_898' title='bbox 2903 5580 3078 5651; x_wconf 89' lang='lat' dir='ltr'><strong>agitur</strong></span> <span class='ocrx_word' id='word_1_899' title='bbox 3094 5579 3162 5636; x_wconf 91' lang='lat' dir='ltr'><strong>de</strong></span> <span class='ocrx_word' id='word_1_900' title='bbox 3187 5582 3441 5652; x_wconf 89' lang='lat' dir='ltr'><strong>operibus</strong></span> <span class='ocrx_word' id='word_1_901' title='bbox 3459 5581 3722 5651; x_wconf 67' lang='lat' dir='ltr'><strong>justitise;</strong></span> <span class='ocrx_word' id='word_1_902' title='bbox 3747 5583 3833 5638; x_wconf 82' lang='lat' dir='ltr'><strong>sed</strong></span> 
     </span>
    </p>
   </div>
   <div class='ocr_carea' id='block_1_118' title="bbox 2265 5669 3829 5742">
    <p class='ocr_par' dir='ltr' id='par_1_118' title="bbox 2265 5669 3829 5742">
     <span class='ocr_line' id='line_1_118' title="bbox 2265 5669 3829 5742; baseline 0.006 -19"><span class='ocrx_word' id='word_1_903' title='bbox 2265 5670 2619 5738; x_wconf 84' lang='lat' dir='ltr'><strong>opportunius</strong></span> <span class='ocrx_word' id='word_1_904' title='bbox 2641 5669 2766 5726; x_wconf 89' lang='lat' dir='ltr'><strong>illud</strong></span> <span class='ocrx_word' id='word_1_905' title='bbox 2787 5670 2853 5726; x_wconf 91' lang='lat' dir='ltr'><strong>de</strong></span> <span class='ocrx_word' id='word_1_906' title='bbox 2870 5685 2975 5740; x_wconf 88' lang='lat' dir='ltr'><strong>quo</strong></span> <span class='ocrx_word' id='word_1_907' title='bbox 2994 5671 3222 5742; x_wconf 91' lang='lat' dir='ltr'><strong>quisque</strong></span> <span class='ocrx_word' id='word_1_908' title='bbox 3246 5671 3457 5730; x_wconf 82' lang='lat' dir='ltr'><strong>lucilius</strong></span> <span class='ocrx_word' id='word_1_909' title='bbox 3475 5676 3829 5733; x_wconf 72' lang='lat' dir='ltr'><strong>convincitun</strong></span> 
     </span>
    </p>
   </div>
  </div>
