  <div class='ocr_page' id='page_1' title='image "/cluster/home/n/w/nwhite01/storage/ocr_20150623/104/hvd.32044015466824/478.png"; bbox 0 0 4056 6350; ppageno 0'>
   <div class='ocr_carea' id='block_1_1' title="bbox 149 341 295 400">
    <p class='ocr_par' dir='ltr' id='par_1_1' title="bbox 149 341 295 400">
     <span class='ocr_line' id='line_1_1' title="bbox 149 341 295 400; baseline -0.007 0"><span class='ocrx_word' id='word_1_1' title='bbox 149 341 295 400; x_wconf 79' lang='lat'><strong>897-</strong></span> 
     </span>
    </p>
   </div>
   <div class='ocr_carea' id='block_1_2' title="bbox 1131 337 2505 397">
    <p class='ocr_par' dir='ltr' id='par_1_2' title="bbox 1131 337 2505 397">
     <span class='ocr_line' id='line_1_2' title="bbox 1131 337 2505 397; baseline 0.004 -5"><span class='ocrx_word' id='word_1_2' title='bbox 1131 337 1383 394; x_wconf 81' lang='lat' dir='ltr'><strong>ENARR.</strong></span> <span class='ocrx_word' id='word_1_3' title='bbox 1424 338 1489 394; x_wconf 84' lang='lat' dir='ltr'><strong>IN</strong></span> <span class='ocrx_word' id='word_1_4' title='bbox 1528 339 1748 397; x_wconf 78' lang='lat' dir='ltr'><strong>EPIST.</strong></span> <span class='ocrx_word' id='word_1_5' title='bbox 1786 337 1849 393; x_wconf 89' lang='lat' dir='ltr'><strong>D.</strong></span> <span class='ocrx_word' id='word_1_6' title='bbox 1891 339 2097 397; x_wconf 79' lang='lat' dir='ltr'><strong>PAULI</strong></span> <span class='ocrx_word' id='word_1_7' title='bbox 2126 340 2221 396; x_wconf 78' lang='lat' dir='ltr'><strong>AD</strong></span> <span class='ocrx_word' id='word_1_8' title='bbox 2255 341 2505 397; x_wconf 78' lang='lat' dir='ltr'><strong>GALAT.</strong></span> 
     </span>
    </p>
   </div>
   <div class='ocr_carea' id='block_1_3' title="bbox 3328 347 3436 409">
    <p class='ocr_par' dir='ltr' id='par_1_3' title="bbox 3328 347 3436 409">
     <span class='ocr_line' id='line_1_3' title="bbox 3328 347 3436 409; baseline -0.019 -1"><span class='ocrx_word' id='word_1_9' title='bbox 3328 347 3436 409; x_wconf 80' lang='lat'><strong>898</strong></span> 
     </span>
    </p>
   </div>
   <div class='ocr_carea' id='block_1_4' title="bbox 155 449 3441 527">
    <p class='ocr_par' dir='ltr' id='par_1_4' title="bbox 155 449 3441 527">
     <span class='ocr_line' id='line_1_4' title="bbox 155 449 3441 527; baseline 0.002 -12"><span class='ocrx_word' id='word_1_10' title='bbox 155 458 332 516; x_wconf 85' lang='lat' dir='ltr'><strong>Unde</strong></span> <span class='ocrx_word' id='word_1_11' title='bbox 363 453 600 510; x_wconf 87' lang='lat' dir='ltr'><strong>Joannes</strong></span> <span class='ocrx_word' id='word_1_12' title='bbox 643 449 817 509; x_wconf 90' lang='lat' dir='ltr'><strong>dicit:</strong></span> <span class='ocrx_word' id='word_1_13' title='bbox 860 452 962 520; x_wconf 84' lang='lat' dir='ltr'><strong>Qui</strong></span> <span class='ocrx_word' id='word_1_14' title='bbox 1006 454 1142 508; x_wconf 86' lang='lat' dir='ltr'><strong>enim</strong></span> <span class='ocrx_word' id='word_1_15' title='bbox 1188 470 1289 508; x_wconf 85' lang='lat' dir='ltr'><strong>non</strong></span> <span class='ocrx_word' id='word_1_16' title='bbox 1320 453 1487 525; x_wconf 82' lang='lat' dir='ltr'><strong>diligit</strong></span> <span class='ocrx_word' id='word_1_17' title='bbox 1534 454 1751 525; x_wconf 79' lang='lat' dir='ltr'><strong>fratrem</strong></span> <span class='ocrx_word' id='word_1_18' title='bbox 1778 454 2134 523; x_wconf 76' lang='lat' dir='ltr'><strong>Aperﬁcttur</strong></span> <span class='ocrx_word' id='word_1_19' title='bbox 2160 470 2341 512; x_wconf 81' lang='lat' dir='ltr'><strong>carnis</strong></span> <span class='ocrx_word' id='word_1_20' title='bbox 2387 455 2855 527; x_wconf 75' lang='lat' dir='ltr'><strong>concupiscentia,</strong></span> <span class='ocrx_word' id='word_1_21' title='bbox 2910 473 3034 517; x_wconf 86' lang='lat' dir='ltr'><strong>cum</strong></span> <span class='ocrx_word' id='word_1_22' title='bbox 3082 461 3354 519; x_wconf 74' lang='lat' dir='ltr'><strong>consentit</strong></span> <span class='ocrx_word' id='word_1_23' title='bbox 3385 462 3441 520; x_wconf 90' lang='lat' dir='ltr'><strong>ei</strong></span> 
     </span>
    </p>
   </div>
   <div class='ocr_carea' id='block_1_5' title="bbox 152 543 1757 618">
    <p class='ocr_par' dir='ltr' id='par_1_5' title="bbox 152 543 1757 618">
     <span class='ocr_line' id='line_1_5' title="bbox 152 543 1757 618; baseline -0.003 -14"><span class='ocrx_word' id='word_1_24' title='bbox 152 564 354 612; x_wconf 72' lang='lat' dir='ltr'><strong>suum,</strong></span> <span class='ocrx_word' id='word_1_25' title='bbox 384 562 538 618; x_wconf 84' lang='lat' dir='ltr'><strong>quem</strong></span> <span class='ocrx_word' id='word_1_26' title='bbox 568 544 724 610; x_wconf 84' lang='lat' dir='ltr'><strong>ridet,</strong></span> <span class='ocrx_word' id='word_1_27' title='bbox 751 543 938 610; x_wconf 88' lang='lat' dir='ltr'><strong>Deum,</strong></span> <span class='ocrx_word' id='word_1_28' title='bbox 965 559 1118 613; x_wconf 83' lang='lat' dir='ltr'><strong>quem</strong></span> <span class='ocrx_word' id='word_1_29' title='bbox 1166 560 1270 597; x_wconf 86' lang='lat' dir='ltr'><strong>non</strong></span> <span class='ocrx_word' id='word_1_30' title='bbox 1307 544 1465 611; x_wconf 80' lang='lat' dir='ltr'><strong>videt,</strong></span> <span class='ocrx_word' id='word_1_31' title='bbox 1494 544 1757 616; x_wconf 84' lang='lat' dir='ltr'><strong>quomodo</strong></span> 
     </span>
    </p>
   </div>
   <div class='ocr_carea' id='block_1_6' title="bbox 151 632 1757 711">
    <p class='ocr_par' dir='ltr' id='par_1_6' title="bbox 151 632 1757 711">
     <span class='ocr_line' id='line_1_6' title="bbox 151 632 1757 711; baseline -0.004 -15"><span class='ocrx_word' id='word_1_32' title='bbox 151 648 342 711; x_wconf 82' lang='lat' dir='ltr'><strong>potest</strong></span> <span class='ocrx_word' id='word_1_33' title='bbox 368 636 586 707; x_wconf 79' lang='lat' dir='ltr'><strong>diligere</strong></span> <span class='ocrx_word' id='word_1_34' title='bbox 613 633 666 705; x_wconf 92' lang='grc' dir='ltr'><strong>(Ι</strong></span> <span class='ocrx_word' id='word_1_35' title='bbox 690 634 851 688; x_wconf 83' lang='lat' dir='ltr'><strong>Joan.</strong></span> <span class='ocrx_word' id='word_1_36' title='bbox 880 633 1000 703; x_wconf 80' lang='lat' dir='ltr'><strong>iv)?</strong></span> <span class='ocrx_word' id='word_1_37' title='bbox 1031 632 1431 690; x_wconf 83' lang='lat' dir='ltr'><strong>Meutiebantur</strong></span> <span class='ocrx_word' id='word_1_38' title='bbox 1459 635 1606 689; x_wconf 90' lang='lat' dir='ltr'><strong>enim</strong></span> <span class='ocrx_word' id='word_1_39' title='bbox 1633 634 1757 704; x_wconf 92' lang='lat' dir='ltr'><strong>qui-</strong></span> 
     </span>
    </p>
   </div>
   <div class='ocr_carea' id='block_1_7' title="bbox 156 722 1761 787">
    <p class='ocr_par' dir='ltr' id='par_1_7' title="bbox 156 722 1761 787">
     <span class='ocr_line' id='line_1_7' title="bbox 156 722 1761 787; baseline -0.004 -4"><span class='ocrx_word' id='word_1_40' title='bbox 156 730 304 783; x_wconf 88' lang='lat' dir='ltr'><strong>dam</strong></span> <span class='ocrx_word' id='word_1_41' title='bbox 326 726 670 782; x_wconf 70' lang='lat' dir='ltr'><strong>dilectionem</strong></span> <span class='ocrx_word' id='word_1_42' title='bbox 695 738 755 779; x_wconf 90' lang='lat' dir='ltr'><strong>se</strong></span> <span class='ocrx_word' id='word_1_43' title='bbox 791 722 887 778; x_wconf 89' lang='lat' dir='ltr'><strong>Dei</strong></span> <span class='ocrx_word' id='word_1_44' title='bbox 913 723 1134 787; x_wconf 88' lang='lat' dir='ltr'><strong>habere,</strong></span> <span class='ocrx_word' id='word_1_45' title='bbox 1174 731 1231 778; x_wconf 91' lang='lat' dir='ltr'><strong>et</strong></span> <span class='ocrx_word' id='word_1_46' title='bbox 1258 723 1325 779; x_wconf 89' lang='lat' dir='ltr'><strong>de</strong></span> <span class='ocrx_word' id='word_1_47' title='bbox 1362 724 1488 779; x_wconf 90' lang='lat' dir='ltr'><strong>odio</strong></span> <span class='ocrx_word' id='word_1_48' title='bbox 1520 724 1761 779; x_wconf 90' lang='lat' dir='ltr'><strong>fraterno</strong></span> 
     </span>
    </p>
   </div>
   <div class='ocr_carea' id='block_1_8' title="bbox 156 816 1762 887">
    <p class='ocr_par' dir='ltr' id='par_1_8' title="bbox 156 816 1762 887">
     <span class='ocr_line' id='line_1_8' title="bbox 156 816 1762 887; baseline -0.004 -10"><span class='ocrx_word' id='word_1_49' title='bbox 156 835 298 878; x_wconf 83' lang='lat' dir='ltr'><strong>eam</strong></span> <span class='ocrx_word' id='word_1_50' title='bbox 328 836 435 875; x_wconf 91' lang='lat' dir='ltr'><strong>non</strong></span> <span class='ocrx_word' id='word_1_51' title='bbox 465 819 666 874; x_wconf 81' lang='lat' dir='ltr'><strong>habere</strong></span> <span class='ocrx_word' id='word_1_52' title='bbox 692 816 1173 873; x_wconf 85' lang='lat' dir='ltr'><strong>convincebantur.</strong></span> <span class='ocrx_word' id='word_1_53' title='bbox 1204 817 1280 873; x_wconf 90' lang='lat' dir='ltr'><strong>De</strong></span> <span class='ocrx_word' id='word_1_54' title='bbox 1307 832 1415 887; x_wconf 90' lang='lat' dir='ltr'><strong>quo</strong></span> <span class='ocrx_word' id='word_1_55' title='bbox 1428 816 1678 886; x_wconf 84' lang='lat' dir='ltr'><strong>judicare</strong></span> <span class='ocrx_word' id='word_1_56' title='bbox 1705 816 1762 871; x_wconf 91' lang='lat' dir='ltr'><strong>in</strong></span> 
     </span>
    </p>
   </div>
   <div class='ocr_carea' id='block_1_9' title="bbox 158 904 1763 981">
    <p class='ocr_par' dir='ltr' id='par_1_9' title="bbox 158 904 1763 981">
     <span class='ocr_line' id='line_1_9' title="bbox 158 904 1763 981; baseline -0.004 -16"><span class='ocrx_word' id='word_1_57' title='bbox 158 908 493 981; x_wconf 73' lang='lat' dir='ltr'><strong>quotidiana</strong></span> <span class='ocrx_word' id='word_1_58' title='bbox 517 907 629 971; x_wconf 81' lang='lat' dir='ltr'><strong>vita</strong></span> <span class='ocrx_word' id='word_1_59' title='bbox 653 914 712 960; x_wconf 89' lang='lat' dir='ltr'><strong>et</strong></span> <span class='ocrx_word' id='word_1_60' title='bbox 734 906 978 961; x_wconf 90' lang='lat' dir='ltr'><strong>moribus</strong></span> <span class='ocrx_word' id='word_1_61' title='bbox 1002 904 1159 962; x_wconf 83' lang='lat' dir='ltr'><strong>facile</strong></span> <span class='ocrx_word' id='word_1_62' title='bbox 1181 914 1283 962; x_wconf 91' lang='lat' dir='ltr'><strong>est.</strong></span> <span class='ocrx_word' id='word_1_63' title='bbox 1305 907 1556 963; x_wconf 81' lang='lat' dir='ltr'><strong>Charitas</strong></span> <span class='ocrx_word' id='word_1_64' title='bbox 1571 905 1657 965; x_wconf 92' lang='lat' dir='ltr'><strong>vel</strong></span> <span class='ocrx_word' id='word_1_65' title='bbox 1679 905 1763 959; x_wconf 89' lang='lat' dir='ltr'><strong>di-</strong></span> 
     </span>
    </p>
   </div>
   <div class='ocr_carea' id='block_1_10' title="bbox 161 996 1763 1068">
    <p class='ocr_par' dir='ltr' id='par_1_10' title="bbox 161 996 1763 1068">
     <span class='ocr_line' id='line_1_10' title="bbox 161 996 1763 1068; baseline -0.004 -11"><span class='ocrx_word' id='word_1_66' title='bbox 161 999 341 1057; x_wconf 84' lang='lat' dir='ltr'><strong>lectio</strong></span> <span class='ocrx_word' id='word_1_67' title='bbox 366 999 421 1053; x_wconf 90' lang='lat' dir='ltr'><strong>in</strong></span> <span class='ocrx_word' id='word_1_68' title='bbox 456 1004 691 1068; x_wconf 84' lang='lat' dir='ltr'><strong>quatuor</strong></span> <span class='ocrx_word' id='word_1_69' title='bbox 723 996 896 1050; x_wconf 90' lang='lat' dir='ltr'><strong>modis</strong></span> <span class='ocrx_word' id='word_1_70' title='bbox 930 997 1266 1067; x_wconf 81' lang='lat' dir='ltr'><strong>completur,</strong></span> <span class='ocrx_word' id='word_1_71' title='bbox 1312 998 1417 1052; x_wconf 87' lang='lat' dir='ltr'><strong>hoc</strong></span> <span class='ocrx_word' id='word_1_72' title='bbox 1443 1006 1555 1060; x_wconf 91' lang='lat' dir='ltr'><strong>est,</strong></span> <span class='ocrx_word' id='word_1_73' title='bbox 1585 996 1763 1066; x_wconf 92' lang='lat' dir='ltr'><strong>primo</strong></span> 
     </span>
    </p>
   </div>
   <div class='ocr_carea' id='block_1_11' title="bbox 166 1085 1758 1156">
    <p class='ocr_par' dir='ltr' id='par_1_11' title="bbox 166 1085 1758 1156">
     <span class='ocr_line' id='line_1_11' title="bbox 166 1085 1758 1156; baseline -0.004 -11"><span class='ocrx_word' id='word_1_74' title='bbox 166 1090 323 1145; x_wconf 80' lang='lat' dir='ltr'><strong>Deus</strong></span> <span class='ocrx_word' id='word_1_75' title='bbox 354 1086 659 1156; x_wconf 80' lang='lat' dir='ltr'><strong>diligendus</strong></span> <span class='ocrx_word' id='word_1_76' title='bbox 691 1094 813 1150; x_wconf 90' lang='lat' dir='ltr'><strong>est;</strong></span> <span class='ocrx_word' id='word_1_77' title='bbox 855 1086 1111 1150; x_wconf 86' lang='lat' dir='ltr'><strong>secundo,</strong></span> <span class='ocrx_word' id='word_1_78' title='bbox 1139 1101 1237 1141; x_wconf 93' lang='lat' dir='ltr'><strong>nos</strong></span> <span class='ocrx_word' id='word_1_79' title='bbox 1262 1086 1408 1155; x_wconf 89' lang='lat' dir='ltr'><strong>ipsos</strong></span> <span class='ocrx_word' id='word_1_80' title='bbox 1435 1085 1758 1155; x_wconf 82' lang='lat' dir='ltr'><strong>diligamus;</strong></span> 
     </span>
    </p>
   </div>
   <div class='ocr_carea' id='block_1_12' title="bbox 166 1175 1762 1246">
    <p class='ocr_par' dir='ltr' id='par_1_12' title="bbox 166 1175 1762 1246">
     <span class='ocr_line' id='line_1_12' title="bbox 166 1175 1762 1246; baseline -0.003 -13"><span class='ocrx_word' id='word_1_81' title='bbox 166 1178 364 1243; x_wconf 83' lang='lat' dir='ltr'><strong>tertio,</strong></span> <span class='ocrx_word' id='word_1_82' title='bbox 390 1176 693 1246; x_wconf 81' lang='lat' dir='ltr'><strong>proximos;</strong></span> <span class='ocrx_word' id='word_1_83' title='bbox 719 1183 936 1245; x_wconf 84' lang='lat' dir='ltr'><strong>quarto,</strong></span> <span class='ocrx_word' id='word_1_84' title='bbox 958 1175 1241 1233; x_wconf 89' lang='lat' dir='ltr'><strong>inimicos:</strong></span> <span class='ocrx_word' id='word_1_85' title='bbox 1266 1176 1436 1231; x_wconf 91' lang='lat' dir='ltr'><strong>Deum</strong></span> <span class='ocrx_word' id='word_1_86' title='bbox 1458 1176 1578 1246; x_wconf 86' lang='lat' dir='ltr'><strong>plus</strong></span> <span class='ocrx_word' id='word_1_87' title='bbox 1598 1190 1762 1244; x_wconf 87' lang='lat' dir='ltr'><strong>quam</strong></span> 
     </span>
    </p>
   </div>
   <div class='ocr_carea' id='block_1_13' title="bbox 163 1263 1760 1336">
    <p class='ocr_par' dir='ltr' id='par_1_13' title="bbox 163 1263 1760 1336">
     <span class='ocr_line' id='line_1_13' title="bbox 163 1263 1760 1336; baseline -0.001 -16"><span class='ocrx_word' id='word_1_88' title='bbox 163 1280 297 1327; x_wconf 85' lang='lat' dir='ltr'><strong>nos,</strong></span> <span class='ocrx_word' id='word_1_89' title='bbox 321 1265 631 1336; x_wconf 75' lang='lat' dir='ltr'><strong>proximum</strong></span> <span class='ocrx_word' id='word_1_90' title='bbox 653 1263 795 1318; x_wconf 89' lang='lat' dir='ltr'><strong>sicut</strong></span> <span class='ocrx_word' id='word_1_91' title='bbox 818 1264 1231 1329; x_wconf 87' lang='lat' dir='ltr'><strong>nos,1nimicum</strong></span> <span class='ocrx_word' id='word_1_92' title='bbox 1252 1265 1406 1334; x_wconf 86' lang='lat' dir='ltr'><strong>quasi</strong></span> <span class='ocrx_word' id='word_1_93' title='bbox 1432 1265 1760 1333; x_wconf 81' lang='lat' dir='ltr'><strong>proximum.</strong></span> 
     </span>
    </p>
   </div>
   <div class='ocr_carea' id='block_1_14' title="bbox 168 1356 1764 1429">
    <p class='ocr_par' dir='ltr' id='par_1_14' title="bbox 168 1356 1764 1429">
     <span class='ocr_line' id='line_1_14' title="bbox 168 1356 1764 1429; baseline -0.001 -17"><span class='ocrx_word' id='word_1_94' title='bbox 168 1358 245 1412; x_wconf 86' lang='lat' dir='ltr'><strong>Et</strong></span> <span class='ocrx_word' id='word_1_95' title='bbox 272 1357 376 1412; x_wconf 89' lang='lat' dir='ltr'><strong>nisi</strong></span> <span class='ocrx_word' id='word_1_96' title='bbox 403 1356 574 1413; x_wconf 87' lang='lat' dir='ltr'><strong>Deum</strong></span> <span class='ocrx_word' id='word_1_97' title='bbox 603 1356 837 1425; x_wconf 84' lang='lat' dir='ltr'><strong>primum</strong></span> <span class='ocrx_word' id='word_1_98' title='bbox 876 1356 1242 1423; x_wconf 80' lang='lat' dir='ltr'><strong>dilcxerimus,</strong></span> <span class='ocrx_word' id='word_1_99' title='bbox 1282 1372 1383 1413; x_wconf 88' lang='lat' dir='ltr'><strong>nos</strong></span> <span class='ocrx_word' id='word_1_100' title='bbox 1406 1357 1630 1429; x_wconf 76' lang='lat' dir='ltr'><strong>diligere</strong></span> <span class='ocrx_word' id='word_1_101' title='bbox 1655 1372 1764 1411; x_wconf 89' lang='lat' dir='ltr'><strong>non</strong></span> 
     </span>
    </p>
   </div>
   <div class='ocr_carea' id='block_1_15' title="bbox 164 1448 1765 1522">
    <p class='ocr_par' dir='ltr' id='par_1_15' title="bbox 164 1448 1765 1522">
     <span class='ocr_line' id='line_1_15' title="bbox 164 1448 1765 1522; baseline -0.002 -16"><span class='ocrx_word' id='word_1_102' title='bbox 164 1465 486 1522; x_wconf 83' lang='lat' dir='ltr'><strong>possumus.</strong></span> <span class='ocrx_word' id='word_1_103' title='bbox 515 1448 629 1503; x_wconf 84' lang='lat' dir='ltr'><strong>Hoc</strong></span> <span class='ocrx_word' id='word_1_104' title='bbox 654 1456 736 1503; x_wconf 90' lang='lat' dir='ltr'><strong>est</strong></span> <span class='ocrx_word' id='word_1_105' title='bbox 765 1463 873 1505; x_wconf 88' lang='lat' dir='ltr'><strong>non</strong></span> <span class='ocrx_word' id='word_1_106' title='bbox 900 1463 1157 1518; x_wconf 84' lang='lat' dir='ltr'><strong>peccare:</strong></span> <span class='ocrx_word' id='word_1_107' title='bbox 1207 1457 1263 1504; x_wconf 90' lang='lat' dir='ltr'><strong>et</strong></span> <span class='ocrx_word' id='word_1_108' title='bbox 1300 1450 1347 1504; x_wconf 91' lang='lat' dir='ltr'><strong>si</strong></span> <span class='ocrx_word' id='word_1_109' title='bbox 1383 1464 1484 1505; x_wconf 84' lang='lat' dir='ltr'><strong>nos</strong></span> <span class='ocrx_word' id='word_1_110' title='bbox 1509 1464 1617 1505; x_wconf 91' lang='lat' dir='ltr'><strong>non</strong></span> <span class='ocrx_word' id='word_1_111' title='bbox 1644 1449 1765 1504; x_wconf 87' lang='lat' dir='ltr'><strong>dili-</strong></span> 
     </span>
    </p>
   </div>
   <div class='ocr_carea' id='block_1_16' title="bbox 167 1537 1765 1612">
    <p class='ocr_par' dir='ltr' id='par_1_16' title="bbox 167 1537 1765 1612">
     <span class='ocr_line' id='line_1_16' title="bbox 167 1537 1765 1612; baseline 0 -17"><span class='ocrx_word' id='word_1_112' title='bbox 167 1543 378 1612; x_wconf 84' lang='lat' dir='ltr'><strong>gimus,</strong></span> <span class='ocrx_word' id='word_1_113' title='bbox 404 1540 474 1595; x_wconf 89' lang='lat' dir='ltr'><strong>ad</strong></span> <span class='ocrx_word' id='word_1_114' title='bbox 501 1555 665 1609; x_wconf 91' lang='lat' dir='ltr'><strong>quam</strong></span> <span class='ocrx_word' id='word_1_115' title='bbox 692 1537 925 1597; x_wconf 80' lang='lat' dir='ltr'><strong>formam</strong></span> <span class='ocrx_word' id='word_1_116' title='bbox 945 1539 1220 1610; x_wconf 81' lang='lat' dir='ltr'><strong>proximos</strong></span> <span class='ocrx_word' id='word_1_117' title='bbox 1245 1539 1566 1612; x_wconf 80' lang='lat' dir='ltr'><strong>diligemus?</strong></span> <span class='ocrx_word' id='word_1_118' title='bbox 1589 1540 1647 1595; x_wconf 89' lang='lat' dir='ltr'><strong>Si</strong></span> <span class='ocrx_word' id='word_1_119' title='bbox 1674 1556 1765 1595; x_wconf 90' lang='lat' dir='ltr'><strong>au-</strong></span> 
     </span>
    </p>
   </div>
   <div class='ocr_carea' id='block_1_17' title="bbox 173 1632 1759 1705">
    <p class='ocr_par' dir='ltr' id='par_1_17' title="bbox 173 1632 1759 1705">
     <span class='ocr_line' id='line_1_17' title="bbox 173 1632 1759 1705; baseline -0.003 -15"><span class='ocrx_word' id='word_1_120' title='bbox 173 1646 290 1690; x_wconf 86' lang='lat' dir='ltr'><strong>tem</strong></span> <span class='ocrx_word' id='word_1_121' title='bbox 319 1633 627 1705; x_wconf 79' lang='lat' dir='ltr'><strong>proximum</strong></span> <span class='ocrx_word' id='word_1_122' title='bbox 658 1647 765 1687; x_wconf 92' lang='lat' dir='ltr'><strong>non</strong></span> <span class='ocrx_word' id='word_1_123' title='bbox 790 1646 1055 1697; x_wconf 89' lang='lat' dir='ltr'><strong>amamus,</strong></span> <span class='ocrx_word' id='word_1_124' title='bbox 1082 1632 1254 1687; x_wconf 90' lang='lat' dir='ltr'><strong>multo</strong></span> <span class='ocrx_word' id='word_1_125' title='bbox 1271 1632 1443 1703; x_wconf 90' lang='lat' dir='ltr'><strong>magis</strong></span> <span class='ocrx_word' id='word_1_126' title='bbox 1460 1632 1759 1688; x_wconf 88' lang='lat' dir='ltr'><strong>inimicum.</strong></span> 
     </span>
    </p>
   </div>
   <div class='ocr_carea' id='block_1_18' title="bbox 172 1722 1763 1795">
    <p class='ocr_par' dir='ltr' id='par_1_18' title="bbox 172 1722 1763 1795">
     <span class='ocr_line' id='line_1_18' title="bbox 172 1722 1763 1795; baseline -0.003 -14"><span class='ocrx_word' id='word_1_127' title='bbox 172 1724 235 1781; x_wconf 92' lang='lat' dir='ltr'><strong>Si</strong></span> <span class='ocrx_word' id='word_1_128' title='bbox 285 1740 416 1795; x_wconf 91' lang='lat' dir='ltr'><strong>ergo</strong></span> <span class='ocrx_word' id='word_1_129' title='bbox 450 1723 699 1779; x_wconf 85' lang='lat' dir='ltr'><strong>volumus</strong></span> <span class='ocrx_word' id='word_1_130' title='bbox 732 1722 1072 1779; x_wconf 86' lang='lat' dir='ltr'><strong>dilectionem</strong></span> <span class='ocrx_word' id='word_1_131' title='bbox 1117 1723 1348 1787; x_wconf 86' lang='lat' dir='ltr'><strong>habere,</strong></span> <span class='ocrx_word' id='word_1_132' title='bbox 1390 1722 1567 1794; x_wconf 91' lang='lat' dir='ltr'><strong>primo</strong></span> <span class='ocrx_word' id='word_1_133' title='bbox 1593 1724 1763 1778; x_wconf 89' lang='lat' dir='ltr'><strong>Deum</strong></span> 
     </span>
    </p>
   </div>
   <div class='ocr_carea' id='block_1_19' title="bbox 1858 544 3443 620">
    <p class='ocr_par' dir='ltr' id='par_1_19' title="bbox 1858 544 3443 620">
     <span class='ocr_line' id='line_1_19' title="bbox 1858 544 3443 620; baseline 0.009 -22"><span class='ocrx_word' id='word_1_134' title='bbox 1858 544 2080 613; x_wconf 83' lang='lat' dir='ltr'><strong>spiritus</strong></span> <span class='ocrx_word' id='word_1_135' title='bbox 2108 546 2177 602; x_wconf 92' lang='lat' dir='ltr'><strong>ad</strong></span> <span class='ocrx_word' id='word_1_136' title='bbox 2204 561 2371 615; x_wconf 84' lang='lat' dir='ltr'><strong>opera</strong></span> <span class='ocrx_word' id='word_1_137' title='bbox 2398 546 2561 613; x_wconf 85' lang='lat' dir='ltr'><strong>mala,</strong></span> <span class='ocrx_word' id='word_1_138' title='bbox 2588 555 2650 601; x_wconf 89' lang='lat' dir='ltr'><strong>ut</strong></span> <span class='ocrx_word' id='word_1_139' title='bbox 2677 563 2783 603; x_wconf 91' lang='lat' dir='ltr'><strong>non</strong></span> <span class='ocrx_word' id='word_1_140' title='bbox 2810 550 3159 620; x_wconf 85' lang='lat' dir='ltr'><strong>concupiscat</strong></span> <span class='ocrx_word' id='word_1_141' title='bbox 3183 554 3443 612; x_wconf 85' lang='lat' dir='ltr'><strong>adversus</strong></span> 
     </span>
    </p>
   </div>
   <div class='ocr_carea' id='block_1_20' title="bbox 1861 634 3446 711">
    <p class='ocr_par' dir='ltr' id='par_1_20' title="bbox 1861 634 3446 711">
     <span class='ocr_line' id='line_1_20' title="bbox 1861 634 3446 711; baseline 0.011 -23"><span class='ocrx_word' id='word_1_142' title='bbox 1861 634 2027 702; x_wconf 85' lang='lat' dir='ltr'><strong>illam,</strong></span> <span class='ocrx_word' id='word_1_143' title='bbox 2059 638 2157 693; x_wconf 83' lang='lat' dir='ltr'><strong>sed</strong></span> <span class='ocrx_word' id='word_1_144' title='bbox 2183 652 2305 693; x_wconf 90' lang='lat' dir='ltr'><strong>cum</strong></span> <span class='ocrx_word' id='word_1_145' title='bbox 2334 639 2461 694; x_wconf 88' lang='lat' dir='ltr'><strong>illa:</strong></span> <span class='ocrx_word' id='word_1_146' title='bbox 2502 639 2581 695; x_wconf 90' lang='lat' dir='ltr'><strong>sic</strong></span> <span class='ocrx_word' id='word_1_147' title='bbox 2613 647 2672 695; x_wconf 88' lang='lat' dir='ltr'><strong>et</strong></span> <span class='ocrx_word' id='word_1_148' title='bbox 2702 641 2844 696; x_wconf 89' lang='lat' dir='ltr'><strong>bona</strong></span> <span class='ocrx_word' id='word_1_149' title='bbox 2882 656 3046 711; x_wconf 81' lang='lat' dir='ltr'><strong>opera</strong></span> <span class='ocrx_word' id='word_1_150' title='bbox 3086 655 3272 702; x_wconf 89' lang='lat' dir='ltr'><strong>nostra</strong></span> <span class='ocrx_word' id='word_1_151' title='bbox 3316 657 3446 705; x_wconf 88' lang='lat' dir='ltr'><strong>tunc</strong></span> 
     </span>
    </p>
   </div>
   <div class='ocr_carea' id='block_1_21' title="bbox 1858 724 3446 803">
    <p class='ocr_par' dir='ltr' id='par_1_21' title="bbox 1858 724 3446 803">
     <span class='ocr_line' id='line_1_21' title="bbox 1858 724 3446 803; baseline 0.01 -25"><span class='ocrx_word' id='word_1_152' title='bbox 1858 724 2233 793; x_wconf 90' lang='lat' dir='ltr'><strong>perﬁcientur,</strong></span> <span class='ocrx_word' id='word_1_153' title='bbox 2263 728 2477 796; x_wconf 81' lang='lat' dir='ltr'><strong>quando</strong></span> <span class='ocrx_word' id='word_1_154' title='bbox 2505 730 2581 784; x_wconf 87' lang='lat' dir='ltr'><strong>ita</strong></span> <span class='ocrx_word' id='word_1_155' title='bbox 2609 730 2819 800; x_wconf 89' lang='lat' dir='ltr'><strong>spiritui</strong></span> <span class='ocrx_word' id='word_1_156' title='bbox 2846 747 2978 787; x_wconf 90' lang='lat' dir='ltr'><strong>caro</strong></span> <span class='ocrx_word' id='word_1_157' title='bbox 3000 737 3354 803; x_wconf 81' lang='lat' dir='ltr'><strong>consenserit,</strong></span> <span class='ocrx_word' id='word_1_158' title='bbox 3382 744 3446 794; x_wconf 87' lang='lat' dir='ltr'><strong>ut</strong></span> 
     </span>
    </p>
   </div>
   <div class='ocr_carea' id='block_1_22' title="bbox 1860 814 3445 892">
    <p class='ocr_par' dir='ltr' id='par_1_22' title="bbox 1860 814 3445 892">
     <span class='ocr_line' id='line_1_22' title="bbox 1860 814 3445 892; baseline 0.012 -25"><span class='ocrx_word' id='word_1_159' title='bbox 1860 814 2121 871; x_wconf 89' lang='lat' dir='ltr'><strong>adversus</strong></span> <span class='ocrx_word' id='word_1_160' title='bbox 2149 829 2271 870; x_wconf 90' lang='lat' dir='ltr'><strong>eum</strong></span> <span class='ocrx_word' id='word_1_161' title='bbox 2295 817 2462 874; x_wconf 89' lang='lat' dir='ltr'><strong>etiam</strong></span> <span class='ocrx_word' id='word_1_162' title='bbox 2489 819 2608 890; x_wconf 89' lang='lat' dir='ltr'><strong>ipsa</strong></span> <span class='ocrx_word' id='word_1_163' title='bbox 2637 834 2745 876; x_wconf 91' lang='lat' dir='ltr'><strong>non</strong></span> <span class='ocrx_word' id='word_1_164' title='bbox 2771 823 3135 892; x_wconf 87' lang='lat' dir='ltr'><strong>concupiscat.</strong></span> <span class='ocrx_word' id='word_1_165' title='bbox 3162 825 3276 883; x_wconf 83' lang='lat' dir='ltr'><strong>Hoc</strong></span> <span class='ocrx_word' id='word_1_166' title='bbox 3297 830 3445 886; x_wconf 86' lang='lat' dir='ltr'><strong>enim</strong></span> 
     </span>
    </p>
   </div>
   <div class='ocr_carea' id='block_1_23' title="bbox 1860 904 3444 985">
    <p class='ocr_par' dir='ltr' id='par_1_23' title="bbox 1860 904 3444 985">
     <span class='ocr_line' id='line_1_23' title="bbox 1860 904 3444 985; baseline 0.01 -27"><span class='ocrx_word' id='word_1_167' title='bbox 1860 904 2109 959; x_wconf 86' lang='lat' dir='ltr'><strong>volumus</strong></span> <span class='ocrx_word' id='word_1_168' title='bbox 2136 920 2258 960; x_wconf 89' lang='lat' dir='ltr'><strong>cum</strong></span> <span class='ocrx_word' id='word_1_169' title='bbox 2292 907 2679 976; x_wconf 80' lang='lat' dir='ltr'><strong>perfectionem</strong></span> <span class='ocrx_word' id='word_1_170' title='bbox 2720 910 2944 981; x_wconf 75' lang='lat' dir='ltr'><strong>justitiae</strong></span> <span class='ocrx_word' id='word_1_171' title='bbox 2978 916 3444 985; x_wconf 85' lang='lat' dir='ltr'><strong>concupiscimus,</strong></span> 
     </span>
    </p>
   </div>
   <div class='ocr_carea' id='block_1_24' title="bbox 1862 996 3447 1064">
    <p class='ocr_par' dir='ltr' id='par_1_24' title="bbox 1862 996 3447 1064">
     <span class='ocr_line' id='line_1_24' title="bbox 1862 996 3447 1064; baseline 0.009 -14"><span class='ocrx_word' id='word_1_172' title='bbox 1862 996 1965 1051; x_wconf 90' lang='lat' dir='ltr'><strong>hoc</strong></span> <span class='ocrx_word' id='word_1_173' title='bbox 2002 996 2302 1053; x_wconf 84' lang='lat' dir='ltr'><strong>intentione</strong></span> <span class='ocrx_word' id='word_1_174' title='bbox 2345 1014 2454 1054; x_wconf 89' lang='lat' dir='ltr'><strong>non</strong></span> <span class='ocrx_word' id='word_1_175' title='bbox 2497 1000 2806 1056; x_wconf 90' lang='lat' dir='ltr'><strong>intermissa</strong></span> <span class='ocrx_word' id='word_1_176' title='bbox 2848 1003 2984 1059; x_wconf 84' lang='lat' dir='ltr'><strong>velle</strong></span> <span class='ocrx_word' id='word_1_177' title='bbox 3021 1004 3296 1062; x_wconf 86' lang='lat' dir='ltr'><strong>debemus.</strong></span> <span class='ocrx_word' id='word_1_178' title='bbox 3338 1006 3447 1064; x_wconf 88' lang='lat' dir='ltr'><strong>Sed</strong></span> 
     </span>
    </p>
   </div>
   <div class='ocr_carea' id='block_1_25' title="bbox 1863 1084 3447 1167">
    <p class='ocr_par' dir='ltr' id='par_1_25' title="bbox 1863 1084 3447 1167">
     <span class='ocr_line' id='line_1_25' title="bbox 1863 1084 3447 1167; baseline 0.009 -30"><span class='ocrx_word' id='word_1_179' title='bbox 1863 1084 1991 1153; x_wconf 87' lang='lat' dir='ltr'><strong>quia</strong></span> <span class='ocrx_word' id='word_1_180' title='bbox 2013 1084 2281 1154; x_wconf 88' lang='lat' dir='ltr'><strong>perﬁcere</strong></span> <span class='ocrx_word' id='word_1_181' title='bbox 2316 1086 2373 1141; x_wconf 92' lang='lat' dir='ltr'><strong>in</strong></span> <span class='ocrx_word' id='word_1_182' title='bbox 2406 1087 2510 1143; x_wconf 92' lang='lat' dir='ltr'><strong>ista</strong></span> <span class='ocrx_word' id='word_1_183' title='bbox 2549 1091 2885 1161; x_wconf 88' lang='lat' dir='ltr'><strong>corruptibili</strong></span> <span class='ocrx_word' id='word_1_184' title='bbox 2915 1108 3078 1150; x_wconf 85' lang='lat' dir='ltr'><strong>came</strong></span> <span class='ocrx_word' id='word_1_185' title='bbox 3121 1110 3227 1152; x_wconf 91' lang='lat' dir='ltr'><strong>non</strong></span> <span class='ocrx_word' id='word_1_186' title='bbox 3256 1112 3447 1167; x_wconf 84' lang='lat' dir='ltr'><strong>possu-</strong></span> 
     </span>
    </p>
   </div>
   <div class='ocr_carea' id='block_1_26' title="bbox 1861 1176 3450 1260">
    <p class='ocr_par' dir='ltr' id='par_1_26' title="bbox 1861 1176 3450 1260">
     <span class='ocr_line' id='line_1_26' title="bbox 1861 1176 3450 1260; baseline 0.008 -29"><span class='ocrx_word' id='word_1_187' title='bbox 1861 1190 2003 1242; x_wconf 88' lang='lat' dir='ltr'><strong>mus,</strong></span> <span class='ocrx_word' id='word_1_188' title='bbox 2028 1176 2149 1232; x_wconf 90' lang='lat' dir='ltr'><strong>ideo</strong></span> <span class='ocrx_word' id='word_1_189' title='bbox 2176 1178 2314 1233; x_wconf 77' lang='lat' dir='ltr'><strong>dixit</strong></span> <span class='ocrx_word' id='word_1_190' title='bbox 2333 1179 2403 1234; x_wconf 90' lang='lat' dir='ltr'><strong>ad</strong></span> <span class='ocrx_word' id='word_1_191' title='bbox 2424 1179 2729 1238; x_wconf 82' lang='lat' dir='ltr'><strong>Romanos:</strong></span> <span class='ocrx_word' id='word_1_192' title='bbox 2762 1182 2905 1238; x_wconf 82' lang='lat' dir='ltr'><strong>Velle</strong></span> <span class='ocrx_word' id='word_1_193' title='bbox 2926 1185 3132 1255; x_wconf 78' lang='lat' dir='ltr'><strong>adjacet</strong></span> <span class='ocrx_word' id='word_1_194' title='bbox 3157 1188 3309 1253; x_wconf 83' lang='lat' dir='ltr'><strong>mihi,</strong></span> <span class='ocrx_word' id='word_1_195' title='bbox 3328 1205 3450 1260; x_wconf 84' lang='lat' dir='ltr'><strong>per-</strong></span> 
     </span>
    </p>
   </div>
   <div class='ocr_carea' id='block_1_27' title="bbox 1861 1266 3446 1347">
    <p class='ocr_par' dir='ltr' id='par_1_27' title="bbox 1861 1266 3446 1347">
     <span class='ocr_line' id='line_1_27' title="bbox 1861 1266 3446 1347; baseline 0.009 -26"><span class='ocrx_word' id='word_1_196' title='bbox 1861 1266 2016 1335; x_wconf 77' lang='lat' dir='ltr'><strong>ﬁcere</strong></span> <span class='ocrx_word' id='word_1_197' title='bbox 2039 1276 2213 1323; x_wconf 86' lang='lat' dir='ltr'><strong>autem</strong></span> <span class='ocrx_word' id='word_1_198' title='bbox 2244 1268 2435 1325; x_wconf 82' lang='lat' dir='ltr'><strong>bonum</strong></span> <span class='ocrx_word' id='word_1_199' title='bbox 2460 1287 2567 1325; x_wconf 85' lang='lat' dir='ltr'><strong>non</strong></span> <span class='ocrx_word' id='word_1_200' title='bbox 2594 1273 2797 1327; x_wconf 85' lang='lat' dir='ltr'><strong>invenio</strong></span> <span class='ocrx_word' id='word_1_201' title='bbox 2828 1272 3002 1346; x_wconf 85' lang='lat' dir='ltr'><strong>(Rom.</strong></span> <span class='ocrx_word' id='word_1_202' title='bbox 3030 1274 3149 1347; x_wconf 87' lang='lat' dir='ltr'><strong>vn).</strong></span> <span class='ocrx_word' id='word_1_203' title='bbox 3183 1278 3279 1333; x_wconf 81' lang='lat' dir='ltr'><strong>Vel</strong></span> <span class='ocrx_word' id='word_1_204' title='bbox 3301 1279 3446 1335; x_wconf 83' lang='lat' dir='ltr'><strong>sicut</strong></span> 
     </span>
    </p>
   </div>
   <div class='ocr_carea' id='block_1_28' title="bbox 1861 1360 3446 1442">
    <p class='ocr_par' dir='ltr' id='par_1_28' title="bbox 1861 1360 3446 1442">
     <span class='ocr_line' id='line_1_28' title="bbox 1861 1360 3446 1442; baseline 0.008 -27"><span class='ocrx_word' id='word_1_205' title='bbox 1861 1360 2064 1417; x_wconf 83' lang='lat' dir='ltr'><strong>habent</strong></span> <span class='ocrx_word' id='word_1_206' title='bbox 2087 1362 2306 1419; x_wconf 84' lang='lat' dir='ltr'><strong>codices</strong></span> <span class='ocrx_word' id='word_1_207' title='bbox 2345 1362 2519 1420; x_wconf 68' lang='lat' dir='ltr'><strong>Graeci</strong></span> <span class='ocrx_word' id='word_1_208' title='bbox 2545 1383 2557 1418; x_wconf 86' lang='lat'><strong>:</strong></span> <span class='ocrx_word' id='word_1_209' title='bbox 2596 1364 2736 1420; x_wconf 87' lang='lat' dir='ltr'><strong>Velle</strong></span> <span class='ocrx_word' id='word_1_210' title='bbox 2765 1368 2975 1436; x_wconf 87' lang='lat' dir='ltr'><strong>adjacet</strong></span> <span class='ocrx_word' id='word_1_211' title='bbox 3017 1369 3168 1437; x_wconf 84' lang='lat' dir='ltr'><strong>mihi,</strong></span> <span class='ocrx_word' id='word_1_212' title='bbox 3196 1374 3446 1442; x_wconf 80' lang='lat' dir='ltr'><strong>perﬁcere</strong></span> 
     </span>
    </p>
   </div>
   <div class='ocr_carea' id='block_1_29' title="bbox 1862 1452 3446 1533">
    <p class='ocr_par' dir='ltr' id='par_1_29' title="bbox 1862 1452 3446 1533">
     <span class='ocr_line' id='line_1_29' title="bbox 1862 1452 3446 1533; baseline 0.01 -28"><span class='ocrx_word' id='word_1_213' title='bbox 1862 1462 2039 1508; x_wconf 86' lang='lat' dir='ltr'><strong>autem</strong></span> <span class='ocrx_word' id='word_1_214' title='bbox 2065 1452 2258 1533; x_wconf 79' lang='lat' dir='ltr'><strong>bonum</strong></span> <span class='ocrx_word' id='word_1_215' title='bbox 2287 1471 2391 1510; x_wconf 85' lang='lat' dir='ltr'><strong>non</strong></span> <span class='ocrx_word' id='word_1_216' title='bbox 2414 1473 2433 1520; x_wconf 90' lang='lat'><strong><em>;</em></strong></span> <span class='ocrx_word' id='word_1_217' title='bbox 2456 1456 2512 1511; x_wconf 91' lang='lat' dir='ltr'><strong>id</strong></span> <span class='ocrx_word' id='word_1_218' title='bbox 2544 1464 2761 1513; x_wconf 89' lang='lat' dir='ltr'><strong>estnon</strong></span> <span class='ocrx_word' id='word_1_219' title='bbox 2790 1459 2924 1514; x_wconf 86' lang='lat' dir='ltr'><strong>mihi</strong></span> <span class='ocrx_word' id='word_1_220' title='bbox 2953 1459 3163 1529; x_wconf 89' lang='lat' dir='ltr'><strong>adjacet</strong></span> <span class='ocrx_word' id='word_1_221' title='bbox 3184 1464 3446 1531; x_wconf 82' lang='lat' dir='ltr'><strong>perﬁcere</strong></span> 
     </span>
    </p>
   </div>
   <div class='ocr_carea' id='block_1_30' title="bbox 1862 1542 3449 1623">
    <p class='ocr_par' dir='ltr' id='par_1_30' title="bbox 1862 1542 3449 1623">
     <span class='ocr_line' id='line_1_30' title="bbox 1862 1542 3449 1623; baseline 0.008 -25"><span class='ocrx_word' id='word_1_222' title='bbox 1862 1542 2086 1599; x_wconf 88' lang='lat' dir='ltr'><strong>bonum.</strong></span> <span class='ocrx_word' id='word_1_223' title='bbox 2117 1543 2236 1601; x_wconf 87' lang='lat' dir='ltr'><strong>Non</strong></span> <span class='ocrx_word' id='word_1_224' title='bbox 2280 1546 2358 1600; x_wconf 87' lang='lat' dir='ltr'><strong>ait</strong></span> <span class='ocrx_word' id='word_1_225' title='bbox 2390 1545 2592 1613; x_wconf 85' lang='lat' dir='ltr'><strong>facere,</strong></span> <span class='ocrx_word' id='word_1_226' title='bbox 2623 1550 2718 1604; x_wconf 90' lang='lat' dir='ltr'><strong>sed</strong></span> <span class='ocrx_word' id='word_1_227' title='bbox 2758 1550 3021 1619; x_wconf 88' lang='lat' dir='ltr'><strong>perﬁcere</strong></span> <span class='ocrx_word' id='word_1_228' title='bbox 3044 1553 3263 1609; x_wconf 90' lang='lat' dir='ltr'><strong>bonum.</strong></span> <span class='ocrx_word' id='word_1_229' title='bbox 3312 1555 3449 1623; x_wconf 84' lang='lat' dir='ltr'><strong>Quia</strong></span> 
     </span>
    </p>
   </div>
   <div class='ocr_carea' id='block_1_31' title="bbox 1865 1629 3449 1709">
    <p class='ocr_par' dir='ltr' id='par_1_31' title="bbox 1865 1629 3449 1709">
     <span class='ocr_line' id='line_1_31' title="bbox 1865 1629 3449 1709; baseline 0.01 -23"><span class='ocrx_word' id='word_1_230' title='bbox 1865 1629 2047 1687; x_wconf 88' lang='lat' dir='ltr'><strong>facere</strong></span> <span class='ocrx_word' id='word_1_231' title='bbox 2071 1634 2291 1699; x_wconf 88' lang='lat' dir='ltr'><strong>bonum,</strong></span> <span class='ocrx_word' id='word_1_232' title='bbox 2322 1644 2405 1691; x_wconf 87' lang='lat' dir='ltr'><strong>est</strong></span> <span class='ocrx_word' id='word_1_233' title='bbox 2427 1645 2550 1706; x_wconf 90' lang='lat' dir='ltr'><strong>post</strong></span> <span class='ocrx_word' id='word_1_234' title='bbox 2570 1640 3038 1709; x_wconf 89' lang='lat' dir='ltr'><strong>concupiscentias</strong></span> <span class='ocrx_word' id='word_1_235' title='bbox 3063 1659 3169 1699; x_wconf 91' lang='lat' dir='ltr'><strong>non</strong></span> <span class='ocrx_word' id='word_1_236' title='bbox 3191 1645 3292 1701; x_wconf 89' lang='lat' dir='ltr'><strong>ire.</strong></span> <span class='ocrx_word' id='word_1_237' title='bbox 3321 1645 3449 1702; x_wconf 81' lang='lat' dir='ltr'><strong>Per-</strong></span> 
     </span>
    </p>
   </div>
   <div class='ocr_carea' id='block_1_32' title="bbox 1864 1722 3448 1811">
    <p class='ocr_par' dir='ltr' id='par_1_32' title="bbox 1864 1722 3448 1811">
     <span class='ocr_line' id='line_1_32' title="bbox 1864 1722 3448 1811; baseline 0.011 -33"><span class='ocrx_word' id='word_1_238' title='bbox 1864 1722 2030 1780; x_wconf 89' lang='lat' dir='ltr'><strong>ﬁcere</strong></span> <span class='ocrx_word' id='word_1_239' title='bbox 2049 1735 2231 1808; x_wconf 81' lang='lat' dir='ltr'><strong>autem</strong></span> <span class='ocrx_word' id='word_1_240' title='bbox 2254 1728 2477 1795; x_wconf 90' lang='lat' dir='ltr'><strong>bonum,</strong></span> <span class='ocrx_word' id='word_1_241' title='bbox 2491 1739 2574 1785; x_wconf 88' lang='lat' dir='ltr'><strong>est</strong></span> <span class='ocrx_word' id='word_1_242' title='bbox 2593 1748 2698 1788; x_wconf 91' lang='lat' dir='ltr'><strong>non</strong></span> <span class='ocrx_word' id='word_1_243' title='bbox 2721 1735 3123 1803; x_wconf 88' lang='lat' dir='ltr'><strong>concupiscere.</strong></span> <span class='ocrx_word' id='word_1_244' title='bbox 3142 1736 3295 1804; x_wconf 88' lang='lat' dir='ltr'><strong>Quod</strong></span> <span class='ocrx_word' id='word_1_245' title='bbox 3315 1753 3448 1811; x_wconf 75' lang='lat' dir='ltr'><strong>ergo</strong></span> 
     </span>
    </p>
   </div>
   <div class='ocr_carea' id='block_1_33' title="bbox 167 1800 3446 1896">
    <p class='ocr_par' dir='ltr' id='par_1_33' title="bbox 167 1800 3446 1896">
     <span class='ocr_line' id='line_1_33' title="bbox 167 1800 3446 1896; baseline 0.005 -25"><span class='ocrx_word' id='word_1_246' title='bbox 167 1816 303 1886; x_wconf 85' lang='lat' dir='ltr'><strong>plus</strong></span> <span class='ocrx_word' id='word_1_247' title='bbox 325 1831 487 1885; x_wconf 90' lang='lat' dir='ltr'><strong>quam</strong></span> <span class='ocrx_word' id='word_1_248' title='bbox 514 1823 731 1870; x_wconf 87' lang='lat' dir='ltr'><strong>nostras</strong></span> <span class='ocrx_word' id='word_1_249' title='bbox 756 1814 965 1869; x_wconf 90' lang='lat' dir='ltr'><strong>animas</strong></span> <span class='ocrx_word' id='word_1_250' title='bbox 1003 1814 1311 1885; x_wconf 77' lang='lat' dir='ltr'><strong>diligamus.</strong></span> <span class='ocrx_word' id='word_1_251' title='bbox 1347 1813 1501 1881; x_wconf 86' lang='lat' dir='ltr'><strong>Quod</strong></span> <span class='ocrx_word' id='word_1_252' title='bbox 1530 1815 1604 1869; x_wconf 91' lang='lat' dir='ltr'><strong>ita</strong></span> <span class='ocrx_word' id='word_1_253' title='bbox 1637 1831 1762 1884; x_wconf 84' lang='lat' dir='ltr'><strong>pro—</strong></span> <span class='ocrx_word' id='word_1_254' title='bbox 1788 1817 1836 1877; x_wconf 86' lang='lat' dir='ltr'><strong>B</strong></span> <span class='ocrx_word' id='word_1_255' title='bbox 1863 1815 2029 1870; x_wconf 83' lang='lat' dir='ltr'><strong>estad</strong></span> <span class='ocrx_word' id='word_1_256' title='bbox 2044 1800 2766 1890; x_wconf 73' lang='lat' dir='ltr'><strong>Calatas,concupiscentias</strong></span> <span class='ocrx_word' id='word_1_257' title='bbox 2793 1800 2973 1880; x_wconf 81' lang='lat' dir='ltr'><strong>carnis</strong></span> <span class='ocrx_word' id='word_1_258' title='bbox 2993 1841 3060 1880; x_wconf 90' lang='lat' dir='ltr'><strong>ne</strong></span> <span class='ocrx_word' id='word_1_259' title='bbox 3078 1800 3446 1896; x_wconf 65' lang='lat' dir='ltr'><strong>perfeceriﬁs,</strong></span> 
     </span>
    </p>
   </div>
   <div class='ocr_carea' id='block_1_34' title="bbox 170 1904 1764 1978">
    <p class='ocr_par' dir='ltr' id='par_1_34' title="bbox 170 1904 1764 1978">
     <span class='ocr_line' id='line_1_34' title="bbox 170 1904 1764 1978; baseline -0.003 -15"><span class='ocrx_word' id='word_1_260' title='bbox 170 1910 362 1974; x_wconf 83' lang='lat' dir='ltr'><strong>batur,</strong></span> <span class='ocrx_word' id='word_1_261' title='bbox 398 1907 446 1961; x_wconf 90' lang='lat' dir='ltr'><strong>si</strong></span> <span class='ocrx_word' id='word_1_262' title='bbox 483 1914 708 1978; x_wconf 85' lang='lat' dir='ltr'><strong>propter</strong></span> <span class='ocrx_word' id='word_1_263' title='bbox 748 1905 918 1960; x_wconf 89' lang='lat' dir='ltr'><strong>Deum</strong></span> <span class='ocrx_word' id='word_1_264' title='bbox 944 1905 1109 1960; x_wconf 90' lang='lat' dir='ltr'><strong>etiam</strong></span> <span class='ocrx_word' id='word_1_265' title='bbox 1153 1904 1380 1960; x_wconf 86' lang='lat' dir='ltr'><strong>salutem</strong></span> <span class='ocrx_word' id='word_1_266' title='bbox 1422 1914 1663 1960; x_wconf 90' lang='lat' dir='ltr'><strong>nostram</strong></span> <span class='ocrx_word' id='word_1_267' title='bbox 1707 1913 1764 1959; x_wconf 90' lang='lat' dir='ltr'><strong>et</strong></span> 
     </span>
    </p>
   </div>
   <div class='ocr_carea' id='block_1_35' title="bbox 172 1996 1763 2071">
    <p class='ocr_par' dir='ltr' id='par_1_35' title="bbox 172 1996 1763 2071">
     <span class='ocr_line' id='line_1_35' title="bbox 172 1996 1763 2071; baseline -0.003 -15"><span class='ocrx_word' id='word_1_268' title='bbox 172 2003 329 2071; x_wconf 88' lang='lat' dir='ltr'><strong>ipsas</strong></span> <span class='ocrx_word' id='word_1_269' title='bbox 362 2000 573 2055; x_wconf 90' lang='lat' dir='ltr'><strong>animas</strong></span> <span class='ocrx_word' id='word_1_270' title='bbox 595 2005 1022 2055; x_wconf 89' lang='lat' dir='ltr'><strong>contemnamus.</strong></span> <span class='ocrx_word' id='word_1_271' title='bbox 1049 1996 1166 2052; x_wconf 84' lang='lat' dir='ltr'><strong>Non</strong></span> <span class='ocrx_word' id='word_1_272' title='bbox 1204 2012 1335 2068; x_wconf 87' lang='lat' dir='ltr'><strong>ergo</strong></span> <span class='ocrx_word' id='word_1_273' title='bbox 1360 1997 1475 2052; x_wconf 90' lang='lat' dir='ltr'><strong>sola</strong></span> <span class='ocrx_word' id='word_1_274' title='bbox 1503 1998 1572 2053; x_wconf 89' lang='lat' dir='ltr'><strong>ad</strong></span> <span class='ocrx_word' id='word_1_275' title='bbox 1595 1998 1763 2053; x_wconf 89' lang='lat' dir='ltr'><strong>vitam</strong></span> 
     </span>
    </p>
   </div>
   <div class='ocr_carea' id='block_1_36' title="bbox 173 2088 1766 2158">
    <p class='ocr_par' dir='ltr' id='par_1_36' title="bbox 173 2088 1766 2158">
     <span class='ocr_line' id='line_1_36' title="bbox 173 2088 1766 2158; baseline -0.004 -9"><span class='ocrx_word' id='word_1_276' title='bbox 173 2092 381 2149; x_wconf 67' lang='lat' dir='ltr'><strong>sufﬁcit</strong></span> <span class='ocrx_word' id='word_1_277' title='bbox 408 2092 559 2147; x_wconf 89' lang='lat' dir='ltr'><strong>ﬁdes.</strong></span> <span class='ocrx_word' id='word_1_278' title='bbox 597 2089 702 2146; x_wconf 90' lang='lat' dir='ltr'><strong>nisi</strong></span> <span class='ocrx_word' id='word_1_279' title='bbox 733 2088 856 2158; x_wconf 88' lang='lat' dir='ltr'><strong>quis</strong></span> <span class='ocrx_word' id='word_1_280' title='bbox 881 2088 1023 2144; x_wconf 88' lang='lat' dir='ltr'><strong>sicut</strong></span> <span class='ocrx_word' id='word_1_281' title='bbox 1050 2103 1109 2144; x_wconf 91' lang='lat' dir='ltr'><strong>se</strong></span> <span class='ocrx_word' id='word_1_282' title='bbox 1148 2088 1341 2158; x_wconf 82' lang='lat' dir='ltr'><strong>diligit,</strong></span> <span class='ocrx_word' id='word_1_283' title='bbox 1375 2088 1452 2144; x_wconf 90' lang='lat' dir='ltr'><strong>ita</strong></span> <span class='ocrx_word' id='word_1_284' title='bbox 1484 2094 1541 2143; x_wconf 91' lang='lat' dir='ltr'><strong>et</strong></span> <span class='ocrx_word' id='word_1_285' title='bbox 1581 2089 1766 2158; x_wconf 81' lang='lat' dir='ltr'><strong>proxi-</strong></span> 
     </span>
    </p>
   </div>
   <div class='ocr_carea' id='block_1_37' title="bbox 177 2175 1765 2246">
    <p class='ocr_par' dir='ltr' id='par_1_37' title="bbox 177 2175 1765 2246">
     <span class='ocr_line' id='line_1_37' title="bbox 177 2175 1765 2246; baseline -0.003 -10"><span class='ocrx_word' id='word_1_286' title='bbox 177 2197 330 2236; x_wconf 85' lang='lat' dir='ltr'><strong>mum</strong></span> <span class='ocrx_word' id='word_1_287' title='bbox 362 2198 375 2234; x_wconf 89' lang='lat'><strong>:</strong></span> <span class='ocrx_word' id='word_1_288' title='bbox 415 2187 473 2235; x_wconf 82' lang='lat' dir='ltr'><strong>et</strong></span> <span class='ocrx_word' id='word_1_289' title='bbox 499 2195 605 2234; x_wconf 93' lang='lat' dir='ltr'><strong>non</strong></span> <span class='ocrx_word' id='word_1_290' title='bbox 631 2178 805 2232; x_wconf 89' lang='lat' dir='ltr'><strong>solum</strong></span> <span class='ocrx_word' id='word_1_291' title='bbox 834 2176 883 2231; x_wconf 92' lang='lat' dir='ltr'><strong>ei</strong></span> <span class='ocrx_word' id='word_1_292' title='bbox 920 2176 1123 2232; x_wconf 89' lang='lat' dir='ltr'><strong>malum</strong></span> <span class='ocrx_word' id='word_1_293' title='bbox 1151 2192 1259 2233; x_wconf 88' lang='lat' dir='ltr'><strong>non</strong></span> <span class='ocrx_word' id='word_1_294' title='bbox 1298 2175 1450 2243; x_wconf 89' lang='lat' dir='ltr'><strong>facit,</strong></span> <span class='ocrx_word' id='word_1_295' title='bbox 1489 2176 1635 2246; x_wconf 86' lang='lat' dir='ltr'><strong>quod</strong></span> <span class='ocrx_word' id='word_1_296' title='bbox 1661 2176 1765 2233; x_wconf 89' lang='lat' dir='ltr'><strong>sibi</strong></span> 
     </span>
    </p>
   </div>
   <div class='ocr_carea' id='block_1_38' title="bbox 175 2267 1766 2337">
    <p class='ocr_par' dir='ltr' id='par_1_38' title="bbox 175 2267 1766 2337">
     <span class='ocr_line' id='line_1_38' title="bbox 175 2267 1766 2337; baseline -0.003 -10"><span class='ocrx_word' id='word_1_297' title='bbox 175 2288 291 2328; x_wconf 87' lang='lat' dir='ltr'><strong>non</strong></span> <span class='ocrx_word' id='word_1_298' title='bbox 320 2270 463 2325; x_wconf 81' lang='lat' dir='ltr'><strong>vult:</strong></span> <span class='ocrx_word' id='word_1_299' title='bbox 499 2272 592 2324; x_wconf 88' lang='lat' dir='ltr'><strong>sed</strong></span> <span class='ocrx_word' id='word_1_300' title='bbox 627 2269 788 2324; x_wconf 91' lang='lat' dir='ltr'><strong>etiam</strong></span> <span class='ocrx_word' id='word_1_301' title='bbox 815 2268 1014 2324; x_wconf 90' lang='lat' dir='ltr'><strong>bonum</strong></span> <span class='ocrx_word' id='word_1_302' title='bbox 1044 2267 1196 2333; x_wconf 88' lang='lat' dir='ltr'><strong>facit,</strong></span> <span class='ocrx_word' id='word_1_303' title='bbox 1226 2268 1370 2337; x_wconf 89' lang='lat' dir='ltr'><strong>quod</strong></span> <span class='ocrx_word' id='word_1_304' title='bbox 1411 2268 1515 2323; x_wconf 92' lang='lat' dir='ltr'><strong>sibi</strong></span> <span class='ocrx_word' id='word_1_305' title='bbox 1546 2267 1662 2322; x_wconf 91' lang='lat' dir='ltr'><strong>vult</strong></span> <span class='ocrx_word' id='word_1_306' title='bbox 1695 2268 1766 2323; x_wconf 89' lang='lat' dir='ltr'><strong>ab</strong></span> 
     </span>
    </p>
   </div>
   <div class='ocr_carea' id='block_1_39' title="bbox 178 2357 1769 2430">
    <p class='ocr_par' dir='ltr' id='par_1_39' title="bbox 178 2357 1769 2430">
     <span class='ocr_line' id='line_1_39' title="bbox 178 2357 1769 2430; baseline -0.002 -14"><span class='ocrx_word' id='word_1_307' title='bbox 178 2362 290 2417; x_wconf 86' lang='lat' dir='ltr'><strong>alio</strong></span> <span class='ocrx_word' id='word_1_308' title='bbox 335 2360 493 2416; x_wconf 91' lang='lat' dir='ltr'><strong>ﬁeri:</strong></span> <span class='ocrx_word' id='word_1_309' title='bbox 534 2367 591 2415; x_wconf 92' lang='lat' dir='ltr'><strong>et</strong></span> <span class='ocrx_word' id='word_1_310' title='bbox 624 2360 930 2416; x_wconf 82' lang='lat' dir='ltr'><strong>universam</strong></span> <span class='ocrx_word' id='word_1_311' title='bbox 982 2358 1157 2430; x_wconf 83' lang='lat' dir='ltr'><strong>legem</strong></span> <span class='ocrx_word' id='word_1_312' title='bbox 1194 2357 1401 2429; x_wconf 86' lang='lat' dir='ltr'><strong>implet,</strong></span> <span class='ocrx_word' id='word_1_313' title='bbox 1447 2374 1567 2428; x_wconf 69' lang='lat' dir='ltr'><strong>quae</strong></span> <span class='ocrx_word' id='word_1_314' title='bbox 1602 2358 1769 2414; x_wconf 76' lang='lat' dir='ltr'><strong>liabet</strong></span> 
     </span>
    </p>
   </div>
   <div class='ocr_carea' id='block_1_40' title="bbox 178 2446 1766 2520">
    <p class='ocr_par' dir='ltr' id='par_1_40' title="bbox 178 2446 1766 2520">
     <span class='ocr_line' id='line_1_40' title="bbox 178 2446 1766 2520; baseline 0 -17"><span class='ocrx_word' id='word_1_315' title='bbox 178 2450 288 2504; x_wconf 89' lang='lat' dir='ltr'><strong>duo</strong></span> <span class='ocrx_word' id='word_1_316' title='bbox 315 2465 514 2520; x_wconf 88' lang='lat' dir='ltr'><strong>genera</strong></span> <span class='ocrx_word' id='word_1_317' title='bbox 558 2448 970 2513; x_wconf 86' lang='lat' dir='ltr'><strong>mandatorum,</strong></span> <span class='ocrx_word' id='word_1_318' title='bbox 1017 2447 1121 2502; x_wconf 86' lang='lat' dir='ltr'><strong>hoc</strong></span> <span class='ocrx_word' id='word_1_319' title='bbox 1163 2454 1276 2514; x_wconf 88' lang='lat' dir='ltr'><strong>est,</strong></span> <span class='ocrx_word' id='word_1_320' title='bbox 1324 2463 1433 2502; x_wconf 89' lang='lat' dir='ltr'><strong>non</strong></span> <span class='ocrx_word' id='word_1_321' title='bbox 1458 2446 1766 2503; x_wconf 87' lang='lat' dir='ltr'><strong>faciendum</strong></span> 
     </span>
    </p>
   </div>
   <div class='ocr_carea' id='block_1_41' title="bbox 180 2535 1071 2599">
    <p class='ocr_par' dir='ltr' id='par_1_41' title="bbox 180 2535 1071 2599">
     <span class='ocr_line' id='line_1_41' title="bbox 180 2535 1071 2599; baseline -0.001 -10"><span class='ocrx_word' id='word_1_322' title='bbox 180 2535 404 2599; x_wconf 89' lang='lat' dir='ltr'><strong>malum,</strong></span> <span class='ocrx_word' id='word_1_323' title='bbox 438 2546 495 2591; x_wconf 92' lang='lat' dir='ltr'><strong>et</strong></span> <span class='ocrx_word' id='word_1_324' title='bbox 517 2538 823 2592; x_wconf 68' lang='lat' dir='ltr'><strong>lacicndum</strong></span> <span class='ocrx_word' id='word_1_325' title='bbox 850 2537 1071 2592; x_wconf 92' lang='lat' dir='ltr'><strong>bonum.</strong></span> 
     </span>
    </p>
   </div>
   <div class='ocr_carea' id='block_1_42' title="bbox 254 2645 1766 2714">
    <p class='ocr_par' dir='ltr' id='par_1_42' title="bbox 254 2645 1766 2714">
     <span class='ocr_line' id='line_1_42' title="bbox 254 2645 1766 2714; baseline -0.001 -13"><span class='ocrx_word' id='word_1_326' title='bbox 254 2647 411 2714; x_wconf 82' lang='lat' dir='ltr'><strong>Quod</strong></span> <span class='ocrx_word' id='word_1_327' title='bbox 437 2647 484 2700; x_wconf 96' lang='lat' dir='ltr'><strong>si</strong></span> <span class='ocrx_word' id='word_1_328' title='bbox 510 2647 727 2702; x_wconf 81' lang='lat' dir='ltr'><strong>inuicem</strong></span> <span class='ocrx_word' id='word_1_329' title='bbox 755 2646 1003 2701; x_wconf 85' lang='lat' dir='ltr'><strong>mordetis</strong></span> <span class='ocrx_word' id='word_1_330' title='bbox 1029 2654 1078 2700; x_wconf 88' lang='lat' dir='ltr'><strong>et</strong></span> <span class='ocrx_word' id='word_1_331' title='bbox 1103 2646 1392 2710; x_wconf 79' lang='lat' dir='ltr'><strong>comeditis,</strong></span> <span class='ocrx_word' id='word_1_332' title='bbox 1420 2645 1586 2700; x_wconf 82' lang='lat' dir='ltr'><strong>videte</strong></span> <span class='ocrx_word' id='word_1_333' title='bbox 1611 2662 1674 2700; x_wconf 88' lang='lat' dir='ltr'><strong>ne</strong></span> <span class='ocrx_word' id='word_1_334' title='bbox 1700 2647 1766 2700; x_wconf 81' lang='lat' dir='ltr'><strong>ab</strong></span> 
     </span>
    </p>
   </div>
   <div class='ocr_carea' id='block_1_43' title="bbox 176 2738 1769 2795">
    <p class='ocr_par' dir='ltr' id='par_1_43' title="bbox 176 2738 1769 2795">
     <span class='ocr_line' id='line_1_43' title="bbox 176 2738 1769 2795; baseline -0.001 0"><span class='ocrx_word' id='word_1_335' title='bbox 176 2740 402 2795; x_wconf 78' lang='lat' dir='ltr'><strong>inuicem</strong></span> <span class='ocrx_word' id='word_1_336' title='bbox 432 2739 835 2794; x_wconf 84' lang='lat' dir='ltr'><strong>consumamini.</strong></span> <span class='ocrx_word' id='word_1_337' title='bbox 874 2738 988 2795; x_wconf 82' lang='lat' dir='ltr'><strong>Hoc</strong></span> <span class='ocrx_word' id='word_1_338' title='bbox 1029 2739 1172 2793; x_wconf 91' lang='lat' dir='ltr'><strong>enim</strong></span> <span class='ocrx_word' id='word_1_339' title='bbox 1216 2739 1451 2795; x_wconf 81' lang='lat' dir='ltr'><strong>maxime</strong></span> <span class='ocrx_word' id='word_1_340' title='bbox 1474 2739 1606 2794; x_wconf 90' lang='lat' dir='ltr'><strong>vitio</strong></span> <span class='ocrx_word' id='word_1_341' title='bbox 1639 2754 1769 2794; x_wconf 82' lang='lat' dir='ltr'><strong>con-</strong></span> 
     </span>
    </p>
   </div>
   <div class='ocr_carea' id='block_1_44' title="bbox 182 2830 1768 2900">
    <p class='ocr_par' dir='ltr' id='par_1_44' title="bbox 182 2830 1768 2900">
     <span class='ocr_line' id='line_1_44' title="bbox 182 2830 1768 2900; baseline 0 -14"><span class='ocrx_word' id='word_1_342' title='bbox 182 2830 443 2886; x_wconf 82' lang='lat' dir='ltr'><strong>tentionis</strong></span> <span class='ocrx_word' id='word_1_343' title='bbox 471 2839 526 2886; x_wconf 91' lang='lat' dir='ltr'><strong>et</strong></span> <span class='ocrx_word' id='word_1_344' title='bbox 546 2830 780 2894; x_wconf 66' lang='lat' dir='ltr'><strong>invidiae,</strong></span> <span class='ocrx_word' id='word_1_345' title='bbox 810 2830 1129 2900; x_wconf 76' lang='lat' dir='ltr'><strong>perniciosa:</strong></span> <span class='ocrx_word' id='word_1_346' title='bbox 1156 2830 1591 2900; x_wconf 87' lang='lat' dir='ltr'><strong>dispensationes</strong></span> <span class='ocrx_word' id='word_1_347' title='bbox 1626 2831 1768 2886; x_wconf 62' lang='lat' dir='ltr'><strong>inter</strong></span> 
     </span>
    </p>
   </div>
   <div class='ocr_carea' id='block_1_45' title="bbox 181 2919 1769 2990">
    <p class='ocr_par' dir='ltr' id='par_1_45' title="bbox 181 2919 1769 2990">
     <span class='ocr_line' id='line_1_45' title="bbox 181 2919 1769 2990; baseline -0.001 -15"><span class='ocrx_word' id='word_1_348' title='bbox 181 2934 280 2975; x_wconf 87' lang='lat' dir='ltr'><strong>eos</strong></span> <span class='ocrx_word' id='word_1_349' title='bbox 304 2920 699 2984; x_wconf 88' lang='lat' dir='ltr'><strong>nutriebantur,</strong></span> <span class='ocrx_word' id='word_1_350' title='bbox 724 2919 863 2974; x_wconf 89' lang='lat' dir='ltr'><strong>male</strong></span> <span class='ocrx_word' id='word_1_351' title='bbox 884 2919 951 2975; x_wconf 91' lang='lat' dir='ltr'><strong>de</strong></span> <span class='ocrx_word' id='word_1_352' title='bbox 978 2919 1209 2975; x_wconf 87' lang='lat' dir='ltr'><strong>invicem</strong></span> <span class='ocrx_word' id='word_1_353' title='bbox 1234 2919 1522 2990; x_wconf 86' lang='lat' dir='ltr'><strong>loquendo,</strong></span> <span class='ocrx_word' id='word_1_354' title='bbox 1547 2928 1603 2974; x_wconf 91' lang='lat' dir='ltr'><strong>et</strong></span> <span class='ocrx_word' id='word_1_355' title='bbox 1623 2936 1769 2990; x_wconf 65' lang='lat' dir='ltr'><strong>qure-</strong></span> 
     </span>
    </p>
   </div>
   <div class='ocr_carea' id='block_1_46' title="bbox 186 3010 1766 3082">
    <p class='ocr_par' dir='ltr' id='par_1_46' title="bbox 186 3010 1766 3082">
     <span class='ocr_line' id='line_1_46' title="bbox 186 3010 1766 3082; baseline 0.003 -19"><span class='ocrx_word' id='word_1_356' title='bbox 186 3010 358 3065; x_wconf 90' lang='lat' dir='ltr'><strong>rendo</strong></span> <span class='ocrx_word' id='word_1_357' title='bbox 382 3011 609 3079; x_wconf 88' lang='lat' dir='ltr'><strong>quisque</strong></span> <span class='ocrx_word' id='word_1_358' title='bbox 644 3010 875 3080; x_wconf 80' lang='lat' dir='ltr'><strong>gloriam</strong></span> <span class='ocrx_word' id='word_1_359' title='bbox 913 3024 1087 3076; x_wconf 86' lang='lat' dir='ltr'><strong>suam,</strong></span> <span class='ocrx_word' id='word_1_360' title='bbox 1137 3026 1439 3082; x_wconf 89' lang='lat' dir='ltr'><strong>vanamque</strong></span> <span class='ocrx_word' id='word_1_361' title='bbox 1484 3012 1766 3067; x_wconf 87' lang='lat' dir='ltr'><strong>victoriam</strong></span> 
     </span>
    </p>
   </div>
   <div class='ocr_carea' id='block_1_47' title="bbox 182 3101 1767 3171">
    <p class='ocr_par' dir='ltr' id='par_1_47' title="bbox 182 3101 1767 3171">
     <span class='ocr_line' id='line_1_47' title="bbox 182 3101 1767 3171; baseline 0.003 -17"><span class='ocrx_word' id='word_1_362' title='bbox 182 3114 283 3170; x_wconf 88' lang='lat' dir='ltr'><strong>per</strong></span> <span class='ocrx_word' id='word_1_363' title='bbox 309 3101 704 3157; x_wconf 82' lang='lat' dir='ltr'><strong>contentionem</strong></span> <span class='ocrx_word' id='word_1_364' title='bbox 720 3140 736 3165; x_wconf 92' lang='lat'><strong>,</strong></span> <span class='ocrx_word' id='word_1_365' title='bbox 762 3101 888 3170; x_wconf 90' lang='lat' dir='ltr'><strong>quia</strong></span> <span class='ocrx_word' id='word_1_366' title='bbox 914 3114 1012 3155; x_wconf 86' lang='lat' dir='ltr'><strong>vos</strong></span> <span class='ocrx_word' id='word_1_367' title='bbox 1050 3102 1301 3158; x_wconf 83' lang='lat' dir='ltr'><strong>meliores</strong></span> <span class='ocrx_word' id='word_1_368' title='bbox 1339 3103 1658 3158; x_wconf 88' lang='lat' dir='ltr'><strong>alterutrum</strong></span> <span class='ocrx_word' id='word_1_369' title='bbox 1677 3102 1767 3171; x_wconf 45' lang='lat' dir='ltr'><strong>juj-</strong></span> 
     </span>
    </p>
   </div>
   <div class='ocr_carea' id='block_1_48' title="bbox 1867 1904 3447 1986">
    <p class='ocr_par' dir='ltr' id='par_1_48' title="bbox 1867 1904 3447 1986">
     <span class='ocr_line' id='line_1_48' title="bbox 1867 1904 3447 1986; baseline 0.01 -27"><span class='ocrx_word' id='word_1_370' title='bbox 1867 1904 1971 1960; x_wconf 84' lang='lat' dir='ltr'><strong>hoc</strong></span> <span class='ocrx_word' id='word_1_371' title='bbox 2013 1920 2047 1961; x_wconf 78' lang='grc' dir='ltr'><strong>ο</strong></span> <span class='ocrx_word' id='word_1_372' title='bbox 2093 1909 2370 1964; x_wconf 87' lang='lat' dir='ltr'><strong>contrario</strong></span> <span class='ocrx_word' id='word_1_373' title='bbox 2400 1919 2486 1966; x_wconf 89' lang='lat' dir='ltr'><strong>est</strong></span> <span class='ocrx_word' id='word_1_374' title='bbox 2531 1911 2600 1967; x_wconf 89' lang='lat' dir='ltr'><strong>ad</strong></span> <span class='ocrx_word' id='word_1_375' title='bbox 2627 1912 2936 1970; x_wconf 87' lang='lat' dir='ltr'><strong>Romanos:</strong></span> <span class='ocrx_word' id='word_1_376' title='bbox 2976 1915 3238 1986; x_wconf 78' lang='lat' dir='ltr'><strong>Per/icere</strong></span> <span class='ocrx_word' id='word_1_377' title='bbox 3271 1930 3447 1974; x_wconf 87' lang='lat' dir='ltr'><strong>autem</strong></span> 
     </span>
    </p>
   </div>
   <div class='ocr_carea' id='block_1_49' title="bbox 1866 1993 3448 2077">
    <p class='ocr_par' dir='ltr' id='par_1_49' title="bbox 1866 1993 3448 2077">
     <span class='ocr_line' id='line_1_49' title="bbox 1866 1993 3448 2077; baseline 0.012 -30"><span class='ocrx_word' id='word_1_378' title='bbox 1866 1993 2057 2050; x_wconf 86' lang='lat' dir='ltr'><strong>bonum</strong></span> <span class='ocrx_word' id='word_1_379' title='bbox 2080 2012 2185 2051; x_wconf 87' lang='lat' dir='ltr'><strong>non</strong></span> <span class='ocrx_word' id='word_1_380' title='bbox 2206 1998 2431 2067; x_wconf 79' lang='lat' dir='ltr'><strong>invenio,</strong></span> <span class='ocrx_word' id='word_1_381' title='bbox 2445 2001 2572 2070; x_wconf 87' lang='lat' dir='ltr'><strong>quia</strong></span> <span class='ocrx_word' id='word_1_382' title='bbox 2589 2018 2690 2058; x_wconf 89' lang='lat' dir='ltr'><strong>nec</strong></span> <span class='ocrx_word' id='word_1_383' title='bbox 2710 2003 2814 2059; x_wconf 69' lang='lat' dir='ltr'><strong>illae</strong></span> <span class='ocrx_word' id='word_1_384' title='bbox 2834 2004 3187 2075; x_wconf 89' lang='lat' dir='ltr'><strong>perﬁciuntur</strong></span> <span class='ocrx_word' id='word_1_385' title='bbox 3206 2009 3262 2064; x_wconf 92' lang='lat' dir='ltr'><strong>in</strong></span> <span class='ocrx_word' id='word_1_386' title='bbox 3284 2010 3448 2077; x_wconf 89' lang='lat' dir='ltr'><strong>malo,</strong></span> 
     </span>
    </p>
   </div>
   <div class='ocr_carea' id='block_1_50' title="bbox 1866 2087 3447 2169">
    <p class='ocr_par' dir='ltr' id='par_1_50' title="bbox 1866 2087 3447 2169">
     <span class='ocr_line' id='line_1_50' title="bbox 1866 2087 3447 2169; baseline 0.011 -30"><span class='ocrx_word' id='word_1_387' title='bbox 1866 2087 2083 2155; x_wconf 90' lang='lat' dir='ltr'><strong>quando</strong></span> <span class='ocrx_word' id='word_1_388' title='bbox 2104 2088 2185 2143; x_wconf 92' lang='lat' dir='ltr'><strong>eis</strong></span> <span class='ocrx_word' id='word_1_389' title='bbox 2211 2104 2320 2144; x_wconf 91' lang='lat' dir='ltr'><strong>non</strong></span> <span class='ocrx_word' id='word_1_390' title='bbox 2345 2092 2556 2148; x_wconf 89' lang='lat' dir='ltr'><strong>accedit</strong></span> <span class='ocrx_word' id='word_1_391' title='bbox 2587 2102 2787 2150; x_wconf 72' lang='lat' dir='ltr'><strong>nostra:</strong></span> <span class='ocrx_word' id='word_1_392' title='bbox 2816 2096 3104 2154; x_wconf 89' lang='lat' dir='ltr'><strong>voluntatis</strong></span> <span class='ocrx_word' id='word_1_393' title='bbox 3152 2115 3447 2169; x_wconf 90' lang='lat' dir='ltr'><strong>assensus;</strong></span> 
     </span>
    </p>
   </div>
   <div class='ocr_carea' id='block_1_51' title="bbox 1865 2179 3451 2259">
    <p class='ocr_par' dir='ltr' id='par_1_51' title="bbox 1865 2179 3451 2259">
     <span class='ocr_line' id='line_1_51' title="bbox 1865 2179 3451 2259; baseline 0.011 -30"><span class='ocrx_word' id='word_1_394' title='bbox 1865 2190 1969 2230; x_wconf 88' lang='lat' dir='ltr'><strong>nec</strong></span> <span class='ocrx_word' id='word_1_395' title='bbox 1990 2186 2177 2233; x_wconf 89' lang='lat' dir='ltr'><strong>nostra</strong></span> <span class='ocrx_word' id='word_1_396' title='bbox 2204 2179 2455 2237; x_wconf 88' lang='lat' dir='ltr'><strong>voluntas</strong></span> <span class='ocrx_word' id='word_1_397' title='bbox 2483 2183 2765 2252; x_wconf 83' lang='lat' dir='ltr'><strong>perficitur</strong></span> <span class='ocrx_word' id='word_1_398' title='bbox 2787 2186 2842 2240; x_wconf 91' lang='lat' dir='ltr'><strong>in</strong></span> <span class='ocrx_word' id='word_1_399' title='bbox 2864 2188 3026 2254; x_wconf 86' lang='lat' dir='ltr'><strong>bono,</strong></span> <span class='ocrx_word' id='word_1_400' title='bbox 3067 2191 3302 2259; x_wconf 91' lang='lat' dir='ltr'><strong>quandiu</strong></span> <span class='ocrx_word' id='word_1_401' title='bbox 3333 2192 3451 2247; x_wconf 90' lang='lat' dir='ltr'><strong>illa-</strong></span> 
     </span>
    </p>
   </div>
   <div class='ocr_carea' id='block_1_52' title="bbox 1866 2269 3452 2354">
    <p class='ocr_par' dir='ltr' id='par_1_52' title="bbox 1866 2269 3452 2354">
     <span class='ocr_line' id='line_1_52' title="bbox 1866 2269 3452 2354; baseline 0.012 -34"><span class='ocrx_word' id='word_1_402' title='bbox 1866 2282 2010 2332; x_wconf 92' lang='lat' dir='ltr'><strong>rum,</strong></span> <span class='ocrx_word' id='word_1_403' title='bbox 2042 2269 2129 2323; x_wconf 91' lang='lat' dir='ltr'><strong>cui</strong></span> <span class='ocrx_word' id='word_1_404' title='bbox 2174 2285 2281 2325; x_wconf 92' lang='lat' dir='ltr'><strong>non</strong></span> <span class='ocrx_word' id='word_1_405' title='bbox 2320 2274 2718 2341; x_wconf 86' lang='lat' dir='ltr'><strong>consentimus,</strong></span> <span class='ocrx_word' id='word_1_406' title='bbox 2769 2289 3053 2346; x_wconf 88' lang='lat' dir='ltr'><strong>permanet</strong></span> <span class='ocrx_word' id='word_1_407' title='bbox 3092 2290 3292 2338; x_wconf 89' lang='lat' dir='ltr'><strong>motus.</strong></span> <span class='ocrx_word' id='word_1_408' title='bbox 3331 2284 3452 2354; x_wconf 83' lang='lat' dir='ltr'><strong>Ipse</strong></span> 
     </span>
    </p>
   </div>
   <div class='ocr_carea' id='block_1_53' title="bbox 1865 2357 3452 2443">
    <p class='ocr_par' dir='ltr' id='par_1_53' title="bbox 1865 2357 3452 2443">
     <span class='ocr_line' id='line_1_53' title="bbox 1865 2357 3452 2443; baseline 0.013 -34"><span class='ocrx_word' id='word_1_409' title='bbox 1865 2363 2047 2411; x_wconf 89' lang='lat' dir='ltr'><strong>autem</strong></span> <span class='ocrx_word' id='word_1_410' title='bbox 2062 2357 2364 2425; x_wconf 89' lang='lat' dir='ltr'><strong>conﬂictus,</strong></span> <span class='ocrx_word' id='word_1_411' title='bbox 2380 2361 2433 2415; x_wconf 91' lang='lat' dir='ltr'><strong>in</strong></span> <span class='ocrx_word' id='word_1_412' title='bbox 2455 2376 2563 2431; x_wconf 90' lang='lat' dir='ltr'><strong>quo</strong></span> <span class='ocrx_word' id='word_1_413' title='bbox 2583 2364 2747 2419; x_wconf 89' lang='lat' dir='ltr'><strong>etiam</strong></span> <span class='ocrx_word' id='word_1_414' title='bbox 2766 2364 3026 2436; x_wconf 78' lang='lat' dir='ltr'><strong>baptizati</strong></span> <span class='ocrx_word' id='word_1_415' title='bbox 3040 2369 3182 2424; x_wconf 89' lang='lat' dir='ltr'><strong>velut</strong></span> <span class='ocrx_word' id='word_1_416' title='bbox 3201 2371 3257 2426; x_wconf 90' lang='lat' dir='ltr'><strong>in</strong></span> <span class='ocrx_word' id='word_1_417' title='bbox 3278 2388 3452 2443; x_wconf 90' lang='lat' dir='ltr'><strong>agone</strong></span> 
     </span>
    </p>
   </div>
   <div class='ocr_carea' id='block_1_54' title="bbox 1865 2446 3451 2531">
    <p class='ocr_par' dir='ltr' id='par_1_54' title="bbox 1865 2446 3451 2531">
     <span class='ocr_line' id='line_1_54' title="bbox 1865 2446 3451 2531; baseline 0.011 -30"><span class='ocrx_word' id='word_1_418' title='bbox 1865 2446 2169 2514; x_wconf 87' lang='lat' dir='ltr'><strong>decertant,</strong></span> <span class='ocrx_word' id='word_1_419' title='bbox 2199 2465 2323 2506; x_wconf 91' lang='lat' dir='ltr'><strong>cum</strong></span> <span class='ocrx_word' id='word_1_420' title='bbox 2358 2467 2485 2507; x_wconf 89' lang='lat' dir='ltr'><strong>caro</strong></span> <span class='ocrx_word' id='word_1_421' title='bbox 2506 2457 2841 2526; x_wconf 90' lang='lat' dir='ltr'><strong>concupiscit</strong></span> <span class='ocrx_word' id='word_1_422' title='bbox 2864 2459 3149 2515; x_wconf 90' lang='lat' dir='ltr'><strong>adversum</strong></span> <span class='ocrx_word' id='word_1_423' title='bbox 3175 2462 3451 2531; x_wconf 90' lang='lat' dir='ltr'><strong>spiritum,</strong></span> 
     </span>
    </p>
   </div>
   <div class='ocr_carea' id='block_1_55' title="bbox 1865 2537 3454 2623">
    <p class='ocr_par' dir='ltr' id='par_1_55' title="bbox 1865 2537 3454 2623">
     <span class='ocr_line' id='line_1_55' title="bbox 1865 2537 3454 2623; baseline 0.014 -34"><span class='ocrx_word' id='word_1_424' title='bbox 1865 2543 1922 2615; x_wconf 90' lang='lat' dir='ltr'><strong>et</strong></span> <span class='ocrx_word' id='word_1_425' title='bbox 1944 2537 2168 2607; x_wconf 82' lang='lat' dir='ltr'><strong>Spiritus</strong></span> <span class='ocrx_word' id='word_1_426' title='bbox 2218 2541 2479 2600; x_wconf 90' lang='lat' dir='ltr'><strong>adversus</strong></span> <span class='ocrx_word' id='word_1_427' title='bbox 2525 2561 2789 2603; x_wconf 90' lang='lat' dir='ltr'><strong>carnem:</strong></span> <span class='ocrx_word' id='word_1_428' title='bbox 2827 2551 2920 2606; x_wconf 89' lang='lat' dir='ltr'><strong>ubi</strong></span> <span class='ocrx_word' id='word_1_429' title='bbox 2967 2560 3021 2606; x_wconf 91' lang='lat' dir='ltr'><strong>et</strong></span> <span class='ocrx_word' id='word_1_430' title='bbox 3062 2553 3285 2623; x_wconf 90' lang='lat' dir='ltr'><strong>spiritus</strong></span> <span class='ocrx_word' id='word_1_431' title='bbox 3320 2554 3454 2611; x_wconf 87' lang='lat' dir='ltr'><strong>facit</strong></span> 
     </span>
    </p>
   </div>
   <div class='ocr_carea' id='block_1_56' title="bbox 1864 2627 3449 2713">
    <p class='ocr_par' dir='ltr' id='par_1_56' title="bbox 1864 2627 3449 2713">
     <span class='ocr_line' id='line_1_56' title="bbox 1864 2627 3449 2713; baseline 0.013 -31"><span class='ocrx_word' id='word_1_432' title='bbox 1864 2627 2067 2684; x_wconf 88' lang='lat' dir='ltr'><strong>bonum</strong></span> <span class='ocrx_word' id='word_1_433' title='bbox 2096 2641 2234 2701; x_wconf 86' lang='lat' dir='ltr'><strong>opus</strong></span> <span class='ocrx_word' id='word_1_434' title='bbox 2263 2648 2369 2688; x_wconf 90' lang='lat' dir='ltr'><strong>non</strong></span> <span class='ocrx_word' id='word_1_435' title='bbox 2398 2638 2784 2695; x_wconf 86' lang='lat' dir='ltr'><strong>consentiendo</strong></span> <span class='ocrx_word' id='word_1_436' title='bbox 2806 2643 3254 2713; x_wconf 73' lang='lat' dir='ltr'><strong>concupiscentiae</strong></span> <span class='ocrx_word' id='word_1_437' title='bbox 3271 2647 3449 2713; x_wconf 82' lang='lat' dir='ltr'><strong>malae,</strong></span> 
     </span>
    </p>
   </div>
   <div class='ocr_carea' id='block_1_57' title="bbox 1867 2720 3448 2795">
    <p class='ocr_par' dir='ltr' id='par_1_57' title="bbox 1867 2720 3448 2795">
     <span class='ocr_line' id='line_1_57' title="bbox 1867 2720 3448 2795; baseline 0.013 -24"><span class='ocrx_word' id='word_1_438' title='bbox 1867 2733 1974 2772; x_wconf 91' lang='lat' dir='ltr'><strong>non</strong></span> <span class='ocrx_word' id='word_1_439' title='bbox 1997 2720 2243 2789; x_wconf 89' lang='lat' dir='ltr'><strong>perﬁcit;</strong></span> <span class='ocrx_word' id='word_1_440' title='bbox 2280 2727 2407 2794; x_wconf 88' lang='lat' dir='ltr'><strong>quia</strong></span> <span class='ocrx_word' id='word_1_441' title='bbox 2437 2727 2552 2795; x_wconf 90' lang='lat' dir='ltr'><strong>ipsa</strong></span> <span class='ocrx_word' id='word_1_442' title='bbox 2577 2729 2719 2784; x_wconf 90' lang='lat' dir='ltr'><strong>mala</strong></span> <span class='ocrx_word' id='word_1_443' title='bbox 2750 2732 3018 2787; x_wconf 87' lang='lat' dir='ltr'><strong>desideria</strong></span> <span class='ocrx_word' id='word_1_444' title='bbox 3039 2748 3146 2790; x_wconf 92' lang='lat' dir='ltr'><strong>non</strong></span> <span class='ocrx_word' id='word_1_445' title='bbox 3173 2736 3409 2792; x_wconf 89' lang='lat' dir='ltr'><strong>absumit</strong></span> <span class='ocrx_word' id='word_1_446' title='bbox 3433 2755 3448 2792; x_wconf 89' lang='lat'><strong>:</strong></span> 
     </span>
    </p>
   </div>
   <div class='ocr_carea' id='block_1_58' title="bbox 1866 2808 3450 2896">
    <p class='ocr_par' dir='ltr' id='par_1_58' title="bbox 1866 2808 3450 2896">
     <span class='ocr_line' id='line_1_58' title="bbox 1866 2808 3450 2896; baseline 0.013 -35"><span class='ocrx_word' id='word_1_447' title='bbox 1866 2815 1923 2863; x_wconf 93' lang='lat' dir='ltr'><strong>et</strong></span> <span class='ocrx_word' id='word_1_448' title='bbox 1943 2824 2073 2864; x_wconf 89' lang='lat' dir='ltr'><strong>caro</strong></span> <span class='ocrx_word' id='word_1_449' title='bbox 2095 2808 2225 2866; x_wconf 83' lang='lat' dir='ltr'><strong>facit</strong></span> <span class='ocrx_word' id='word_1_450' title='bbox 2246 2813 2449 2868; x_wconf 89' lang='lat' dir='ltr'><strong>malum</strong></span> <span class='ocrx_word' id='word_1_451' title='bbox 2469 2815 2818 2884; x_wconf 86' lang='lat' dir='ltr'><strong>desiderium,</strong></span> <span class='ocrx_word' id='word_1_452' title='bbox 2841 2821 2936 2876; x_wconf 90' lang='lat' dir='ltr'><strong>sed</strong></span> <span class='ocrx_word' id='word_1_453' title='bbox 2959 2838 3061 2878; x_wconf 90' lang='lat' dir='ltr'><strong>nec</strong></span> <span class='ocrx_word' id='word_1_454' title='bbox 3081 2825 3196 2894; x_wconf 86' lang='lat' dir='ltr'><strong>ipsa</strong></span> <span class='ocrx_word' id='word_1_455' title='bbox 3215 2825 3450 2896; x_wconf 88' lang='lat' dir='ltr'><strong>perﬁcit,</strong></span> 
     </span>
    </p>
   </div>
   <div class='ocr_carea' id='block_1_59' title="bbox 1867 2897 3453 2988">
    <p class='ocr_par' dir='ltr' id='par_1_59' title="bbox 1867 2897 3453 2988">
     <span class='ocr_line' id='line_1_59' title="bbox 1867 2897 3453 2988; baseline 0.015 -39"><span class='ocrx_word' id='word_1_456' title='bbox 1867 2897 1992 2966; x_wconf 91' lang='lat' dir='ltr'><strong>quia</strong></span> <span class='ocrx_word' id='word_1_457' title='bbox 2026 2914 2133 2954; x_wconf 92' lang='lat' dir='ltr'><strong>non</strong></span> <span class='ocrx_word' id='word_1_458' title='bbox 2165 2901 2271 2957; x_wconf 91' lang='lat' dir='ltr'><strong>sibi</strong></span> <span class='ocrx_word' id='word_1_459' title='bbox 2314 2906 2684 2964; x_wconf 90' lang='lat' dir='ltr'><strong>consentiente</strong></span> <span class='ocrx_word' id='word_1_460' title='bbox 2726 2910 2917 2980; x_wconf 89' lang='lat' dir='ltr'><strong>spiritu</strong></span> <span class='ocrx_word' id='word_1_461' title='bbox 2960 2920 3016 2968; x_wconf 92' lang='lat' dir='ltr'><strong>et</strong></span> <span class='ocrx_word' id='word_1_462' title='bbox 3051 2914 3165 2984; x_wconf 85' lang='lat' dir='ltr'><strong>ipsa</strong></span> <span class='ocrx_word' id='word_1_463' title='bbox 3192 2918 3261 2972; x_wconf 92' lang='lat' dir='ltr'><strong>ad</strong></span> <span class='ocrx_word' id='word_1_464' title='bbox 3288 2932 3453 2988; x_wconf 87' lang='lat' dir='ltr'><strong>opera</strong></span> 
     </span>
    </p>
   </div>
   <div class='ocr_carea' id='block_1_60' title="bbox 1867 2989 3453 3073">
    <p class='ocr_par' dir='ltr' id='par_1_60' title="bbox 1867 2989 3453 3073">
     <span class='ocr_line' id='line_1_60' title="bbox 1867 2989 3453 3073; baseline 0.014 -31"><span class='ocrx_word' id='word_1_465' title='bbox 1867 2989 2172 3047; x_wconf 76' lang='lat' dir='ltr'><strong>damnanda</strong></span> <span class='ocrx_word' id='word_1_466' title='bbox 2198 3009 2306 3048; x_wconf 93' lang='lat' dir='ltr'><strong>non</strong></span> <span class='ocrx_word' id='word_1_467' title='bbox 2334 2999 2599 3065; x_wconf 85' lang='lat' dir='ltr'><strong>pervenit.</strong></span> <span class='ocrx_word' id='word_1_468' title='bbox 2623 2998 2732 3056; x_wconf 88' lang='lat' dir='ltr'><strong>Iste</strong></span> <span class='ocrx_word' id='word_1_469' title='bbox 2757 3017 2888 3073; x_wconf 89' lang='lat' dir='ltr'><strong>ergo</strong></span> <span class='ocrx_word' id='word_1_470' title='bbox 2913 3004 3196 3062; x_wconf 84' lang='lat' dir='ltr'><strong>conflictus</strong></span> <span class='ocrx_word' id='word_1_471' title='bbox 3221 3023 3328 3064; x_wconf 91' lang='lat' dir='ltr'><strong>non</strong></span> <span class='ocrx_word' id='word_1_472' title='bbox 3352 3006 3453 3063; x_wconf 84' lang='lat' dir='ltr'><strong>Ju-</strong></span> 
     </span>
    </p>
   </div>
   <div class='ocr_carea' id='block_1_61' title="bbox 1866 3078 3454 3173">
    <p class='ocr_par' dir='ltr' id='par_1_61' title="bbox 1866 3078 3454 3173">
     <span class='ocr_line' id='line_1_61' title="bbox 1866 3078 3454 3173; baseline 0.016 -41"><span class='ocrx_word' id='word_1_473' title='bbox 1866 3078 2130 3149; x_wconf 71' lang='lat' dir='ltr'><strong>dzcorum,</strong></span> <span class='ocrx_word' id='word_1_474' title='bbox 2159 3099 2260 3140; x_wconf 90' lang='lat' dir='ltr'><strong>nec</strong></span> <span class='ocrx_word' id='word_1_475' title='bbox 2301 3089 2665 3155; x_wconf 82' lang='lat' dir='ltr'><strong>quorumlibet</strong></span> <span class='ocrx_word' id='word_1_476' title='bbox 2691 3091 2940 3173; x_wconf 85' lang='lat' dir='ltr'><strong>alioru_m,</strong></span> <span class='ocrx_word' id='word_1_477' title='bbox 2981 3096 3075 3152; x_wconf 89' lang='lat' dir='ltr'><strong>sed</strong></span> <span class='ocrx_word' id='word_1_478' title='bbox 3113 3098 3271 3169; x_wconf 84' lang='lat' dir='ltr'><strong>plene</strong></span> <span class='ocrx_word' id='word_1_479' title='bbox 3296 3100 3454 3158; x_wconf 86' lang='lat' dir='ltr'><strong>Chri-</strong></span> 
     </span>
    </p>
   </div>
   <div class='ocr_carea' id='block_1_62' title="bbox 184 3164 3168 3263">
    <p class='ocr_par' dir='ltr' id='par_1_62' title="bbox 184 3164 3168 3263">
     <span class='ocr_line' id='line_1_62' title="bbox 184 3164 3168 3263; baseline 0.005 -35"><span class='ocrx_word' id='word_1_480' title='bbox 184 3164 394 3252; x_wconf 46' lang='lat' dir='ltr'><strong>bimis,</strong></span> <span class='ocrx_word' id='word_1_481' title='bbox 445 3192 659 3261; x_wconf 62' lang='lat' dir='ltr'><strong>quando</strong></span> <span class='ocrx_word' id='word_1_482' title='bbox 703 3164 989 3247; x_wconf 60' lang='grc' dir='ltr'><strong>ἀείηδίιίε</strong></span> <span class='ocrx_word' id='word_1_483' title='bbox 1034 3193 1303 3259; x_wconf 55' lang='lat' dir='ltr'><strong>alterum;</strong></span> <span class='ocrx_word' id='word_1_484' title='bbox 1340 3196 1555 3263; x_wconf 66' lang='lat' dir='ltr'><strong>quando</strong></span> <span class='ocrx_word' id='word_1_485' title='bbox 1589 3164 1764 3250; x_wconf 42' lang='grc' dir='ltr'><strong>διίέηᾲ</strong></span> <span class='ocrx_word' id='word_1_486' title='bbox 1792 3165 1836 3226; x_wconf 89' lang='lat' dir='ltr'><strong>C</strong></span> <span class='ocrx_word' id='word_1_487' title='bbox 1868 3171 2187 3240; x_wconf 78' lang='lat' dir='ltr'><strong>stianorum,</strong></span> <span class='ocrx_word' id='word_1_488' title='bbox 2216 3177 2454 3233; x_wconf 87' lang='lat' dir='ltr'><strong>ﬁdelium</strong></span> <span class='ocrx_word' id='word_1_489' title='bbox 2482 3188 2536 3235; x_wconf 89' lang='lat' dir='ltr'><strong>et</strong></span> <span class='ocrx_word' id='word_1_490' title='bbox 2561 3181 2700 3238; x_wconf 87' lang='lat' dir='ltr'><strong>bene</strong></span> <span class='ocrx_word' id='word_1_491' title='bbox 2731 3184 3031 3243; x_wconf 76' lang='lat' dir='ltr'><strong>viventium</strong></span> <span class='ocrx_word' id='word_1_492' title='bbox 3065 3200 3168 3245; x_wconf 90' lang='lat' dir='ltr'><strong>est.</strong></span> 
     </span>
    </p>
   </div>
   <div class='ocr_carea' id='block_1_63' title="bbox 184 3281 1766 3352">
    <p class='ocr_par' dir='ltr' id='par_1_63' title="bbox 184 3281 1766 3352">
     <span class='ocr_line' id='line_1_63' title="bbox 184 3281 1766 3352; baseline 0.001 -14"><span class='ocrx_word' id='word_1_493' title='bbox 184 3282 512 3352; x_wconf 84' lang='lat' dir='ltr'><strong>torquemini</strong></span> <span class='ocrx_word' id='word_1_494' title='bbox 542 3281 832 3348; x_wconf 87' lang='lat' dir='ltr'><strong>felicitate,</strong></span> <span class='ocrx_word' id='word_1_495' title='bbox 873 3292 928 3337; x_wconf 88' lang='lat' dir='ltr'><strong>et</strong></span> <span class='ocrx_word' id='word_1_496' title='bbox 963 3299 1033 3338; x_wconf 76' lang='lat' dir='ltr'><strong>ex</strong></span> <span class='ocrx_word' id='word_1_497' title='bbox 1070 3283 1291 3340; x_wconf 85' lang='lat' dir='ltr'><strong>alterius</strong></span> <span class='ocrx_word' id='word_1_498' title='bbox 1334 3285 1478 3340; x_wconf 92' lang='lat' dir='ltr'><strong>bono</strong></span> <span class='ocrx_word' id='word_1_499' title='bbox 1522 3294 1766 3340; x_wconf 87' lang='lat' dir='ltr'><strong>vestrum</strong></span> 
     </span>
    </p>
   </div>
   <div class='ocr_carea' id='block_1_64' title="bbox 182 3374 1769 3444">
    <p class='ocr_par' dir='ltr' id='par_1_64' title="bbox 182 3374 1769 3444">
     <span class='ocr_line' id='line_1_64' title="bbox 182 3374 1769 3444; baseline 0.001 -15"><span class='ocrx_word' id='word_1_500' title='bbox 182 3375 390 3430; x_wconf 81' lang='lat' dir='ltr'><strong>malum</strong></span> <span class='ocrx_word' id='word_1_501' title='bbox 419 3374 614 3439; x_wconf 86' lang='lat' dir='ltr'><strong>facitis,</strong></span> <span class='ocrx_word' id='word_1_502' title='bbox 637 3382 765 3429; x_wconf 91' lang='lat' dir='ltr'><strong>tunc</strong></span> <span class='ocrx_word' id='word_1_503' title='bbox 788 3375 1019 3431; x_wconf 90' lang='lat' dir='ltr'><strong>invicem</strong></span> <span class='ocrx_word' id='word_1_504' title='bbox 1046 3375 1398 3439; x_wconf 85' lang='lat' dir='ltr'><strong>mordetis,et</strong></span> <span class='ocrx_word' id='word_1_505' title='bbox 1422 3377 1634 3444; x_wconf 85' lang='lat' dir='ltr'><strong>quando</strong></span> <span class='ocrx_word' id='word_1_506' title='bbox 1659 3391 1769 3430; x_wconf 85' lang='lat' dir='ltr'><strong>ma-</strong></span> 
     </span>
    </p>
   </div>
   <div class='ocr_carea' id='block_1_65' title="bbox 185 3462 1767 3534">
    <p class='ocr_par' dir='ltr' id='par_1_65' title="bbox 185 3462 1767 3534">
     <span class='ocr_line' id='line_1_65' title="bbox 185 3462 1767 3534; baseline 0.001 -16"><span class='ocrx_word' id='word_1_507' title='bbox 185 3462 386 3518; x_wconf 85' lang='lat' dir='ltr'><strong>ledicto</strong></span> <span class='ocrx_word' id='word_1_508' title='bbox 411 3478 510 3519; x_wconf 89' lang='lat' dir='ltr'><strong>vos</strong></span> <span class='ocrx_word' id='word_1_509' title='bbox 541 3465 744 3533; x_wconf 89' lang='lat' dir='ltr'><strong>putatis</strong></span> <span class='ocrx_word' id='word_1_510' title='bbox 777 3465 965 3520; x_wconf 91' lang='lat' dir='ltr'><strong>ulcisci</strong></span> <span class='ocrx_word' id='word_1_511' title='bbox 991 3478 1007 3519; x_wconf 87' lang='lat'><strong>:</strong></span> <span class='ocrx_word' id='word_1_512' title='bbox 1043 3463 1241 3534; x_wconf 86' lang='lat' dir='ltr'><strong>quibus</strong></span> <span class='ocrx_word' id='word_1_513' title='bbox 1271 3465 1463 3520; x_wconf 84' lang='lat' dir='ltr'><strong>studiis</strong></span> <span class='ocrx_word' id='word_1_514' title='bbox 1493 3466 1767 3519; x_wconf 89' lang='lat' dir='ltr'><strong>consumi-</strong></span> 
     </span>
    </p>
   </div>
   <div class='ocr_carea' id='block_1_66' title="bbox 187 3554 1771 3625">
    <p class='ocr_par' dir='ltr' id='par_1_66' title="bbox 187 3554 1771 3625">
     <span class='ocr_line' id='line_1_66' title="bbox 187 3554 1771 3625; baseline 0.001 -17"><span class='ocrx_word' id='word_1_515' title='bbox 187 3561 281 3608; x_wconf 89' lang='lat' dir='ltr'><strong>tur</strong></span> <span class='ocrx_word' id='word_1_516' title='bbox 307 3554 539 3609; x_wconf 88' lang='lat' dir='ltr'><strong>societas</strong></span> <span class='ocrx_word' id='word_1_517' title='bbox 563 3555 765 3625; x_wconf 82' lang='lat' dir='ltr'><strong>pepuli,</strong></span> <span class='ocrx_word' id='word_1_518' title='bbox 804 3555 930 3609; x_wconf 86' lang='lat' dir='ltr'><strong>dum</strong></span> <span class='ocrx_word' id='word_1_519' title='bbox 976 3554 1030 3608; x_wconf 90' lang='lat' dir='ltr'><strong>in</strong></span> <span class='ocrx_word' id='word_1_520' title='bbox 1077 3562 1264 3625; x_wconf 90' lang='lat' dir='ltr'><strong>partes</strong></span> <span class='ocrx_word' id='word_1_521' title='bbox 1302 3554 1586 3610; x_wconf 86' lang='lat' dir='ltr'><strong>scinditur.</strong></span> <span class='ocrx_word' id='word_1_522' title='bbox 1626 3555 1771 3622; x_wconf 80' lang='lat' dir='ltr'><strong>Quo-</strong></span> 
     </span>
    </p>
   </div>
   <div class='ocr_carea' id='block_1_67' title="bbox 185 3642 1768 3716">
    <p class='ocr_par' dir='ltr' id='par_1_67' title="bbox 185 3642 1768 3716">
     <span class='ocr_line' id='line_1_67' title="bbox 185 3642 1768 3716; baseline 0.003 -19"><span class='ocrx_word' id='word_1_523' title='bbox 185 3642 348 3697; x_wconf 83' lang='lat' dir='ltr'><strong>modo</strong></span> <span class='ocrx_word' id='word_1_524' title='bbox 391 3651 571 3699; x_wconf 89' lang='lat' dir='ltr'><strong>autem</strong></span> <span class='ocrx_word' id='word_1_525' title='bbox 613 3644 716 3699; x_wconf 91' lang='lat' dir='ltr'><strong>ista</strong></span> <span class='ocrx_word' id='word_1_526' title='bbox 757 3645 930 3699; x_wconf 87' lang='lat' dir='ltr'><strong>vitare</strong></span> <span class='ocrx_word' id='word_1_527' title='bbox 967 3646 1196 3715; x_wconf 82' lang='lat' dir='ltr'><strong>possint,</strong></span> <span class='ocrx_word' id='word_1_528' title='bbox 1227 3647 1329 3701; x_wconf 91' lang='lat' dir='ltr'><strong>nisi</strong></span> <span class='ocrx_word' id='word_1_529' title='bbox 1358 3647 1549 3716; x_wconf 89' lang='lat' dir='ltr'><strong>spiritu</strong></span> <span class='ocrx_word' id='word_1_530' title='bbox 1578 3649 1768 3702; x_wconf 66' lang='lat' dir='ltr'><strong>ambu»</strong></span> 
     </span>
    </p>
   </div>
   <div class='ocr_carea' id='block_1_68' title="bbox 185 3732 1770 3807">
    <p class='ocr_par' dir='ltr' id='par_1_68' title="bbox 185 3732 1770 3807">
     <span class='ocr_line' id='line_1_68' title="bbox 185 3732 1770 3807; baseline 0.006 -22"><span class='ocrx_word' id='word_1_531' title='bbox 185 3732 319 3797; x_wconf 88' lang='lat' dir='ltr'><strong>lent,</strong></span> <span class='ocrx_word' id='word_1_532' title='bbox 349 3740 407 3787; x_wconf 90' lang='lat' dir='ltr'><strong>et</strong></span> <span class='ocrx_word' id='word_1_533' title='bbox 425 3734 888 3803; x_wconf 85' lang='lat' dir='ltr'><strong>concupiscentias</strong></span> <span class='ocrx_word' id='word_1_534' title='bbox 908 3737 1090 3791; x_wconf 89' lang='lat' dir='ltr'><strong>carnis</strong></span> <span class='ocrx_word' id='word_1_535' title='bbox 1111 3752 1218 3793; x_wconf 88' lang='lat' dir='ltr'><strong>non</strong></span> <span class='ocrx_word' id='word_1_536' title='bbox 1240 3738 1558 3807; x_wconf 89' lang='lat' dir='ltr'><strong>perﬁciant?</strong></span> <span class='ocrx_word' id='word_1_537' title='bbox 1581 3739 1770 3795; x_wconf 80' lang='lat' dir='ltr'><strong>Melius</strong></span> 
     </span>
    </p>
   </div>
   <div class='ocr_carea' id='block_1_69' title="bbox 185 3829 1769 3901">
    <p class='ocr_par' dir='ltr' id='par_1_69' title="bbox 185 3829 1769 3901">
     <span class='ocr_line' id='line_1_69' title="bbox 185 3829 1769 3901; baseline 0.005 -22"><span class='ocrx_word' id='word_1_538' title='bbox 185 3831 276 3879; x_wconf 87' lang='lat' dir='ltr'><strong>est</strong></span> <span class='ocrx_word' id='word_1_539' title='bbox 307 3832 485 3879; x_wconf 90' lang='lat' dir='ltr'><strong>autem</strong></span> <span class='ocrx_word' id='word_1_540' title='bbox 532 3840 601 3879; x_wconf 89' lang='lat' dir='ltr'><strong>ne</strong></span> <span class='ocrx_word' id='word_1_541' title='bbox 645 3836 837 3883; x_wconf 86' lang='lat' dir='ltr'><strong>contra</strong></span> <span class='ocrx_word' id='word_1_542' title='bbox 884 3829 1145 3884; x_wconf 88' lang='lat' dir='ltr'><strong>rationem</strong></span> <span class='ocrx_word' id='word_1_543' title='bbox 1168 3869 1183 3894; x_wconf 98' lang='lat'><strong>,</strong></span> <span class='ocrx_word' id='word_1_544' title='bbox 1230 3840 1288 3884; x_wconf 91' lang='lat' dir='ltr'><strong>et</strong></span> <span class='ocrx_word' id='word_1_545' title='bbox 1328 3832 1491 3885; x_wconf 91' lang='lat' dir='ltr'><strong>totius</strong></span> <span class='ocrx_word' id='word_1_546' title='bbox 1516 3831 1769 3901; x_wconf 70' lang='lat' dir='ltr'><strong>Epistolte</strong></span> 
     </span>
    </p>
   </div>
   <div class='ocr_carea' id='block_1_70' title="bbox 186 3914 1769 3990">
    <p class='ocr_par' dir='ltr' id='par_1_70' title="bbox 186 3914 1769 3990">
     <span class='ocr_line' id='line_1_70' title="bbox 186 3914 1769 3990; baseline 0.004 -21"><span class='ocrx_word' id='word_1_547' title='bbox 186 3914 660 3981; x_wconf 85' lang='lat' dir='ltr'><strong>consequentiam,</strong></span> <span class='ocrx_word' id='word_1_548' title='bbox 711 3916 889 3972; x_wconf 91' lang='lat' dir='ltr'><strong>subito</strong></span> <span class='ocrx_word' id='word_1_549' title='bbox 925 3918 980 3971; x_wconf 92' lang='lat' dir='ltr'><strong>in</strong></span> <span class='ocrx_word' id='word_1_550' title='bbox 1029 3920 1457 3975; x_wconf 83' lang='lat' dir='ltr'><strong>extraordinaria</strong></span> <span class='ocrx_word' id='word_1_551' title='bbox 1499 3930 1769 3990; x_wconf 79' lang='lat' dir='ltr'><strong>praecepta</strong></span> 
     </span>
    </p>
   </div>
   <div class='ocr_carea' id='block_1_71' title="bbox 186 4001 1766 4078">
    <p class='ocr_par' dir='ltr' id='par_1_71' title="bbox 186 4001 1766 4078">
     <span class='ocr_line' id='line_1_71' title="bbox 186 4001 1766 4078; baseline 0.006 -21"><span class='ocrx_word' id='word_1_552' title='bbox 186 4001 391 4057; x_wconf 83' lang='lat' dir='ltr'><strong>Paulus</strong></span> <span class='ocrx_word' id='word_1_553' title='bbox 416 4015 677 4075; x_wconf 90' lang='lat' dir='ltr'><strong>erumpat.</strong></span> <span class='ocrx_word' id='word_1_554' title='bbox 714 4006 817 4061; x_wconf 88' lang='lat' dir='ltr'><strong>hoc</strong></span> <span class='ocrx_word' id='word_1_555' title='bbox 841 4007 915 4061; x_wconf 89' lang='lat' dir='ltr'><strong>ita</strong></span> <span class='ocrx_word' id='word_1_556' title='bbox 941 4007 1260 4078; x_wconf 80' lang='lat' dir='ltr'><strong>intelligere,</strong></span> <span class='ocrx_word' id='word_1_557' title='bbox 1301 4018 1361 4063; x_wconf 91' lang='lat' dir='ltr'><strong>ut</strong></span> <span class='ocrx_word' id='word_1_558' title='bbox 1382 4010 1448 4066; x_wconf 87' lang='lat' dir='ltr'><strong>ad</strong></span> <span class='ocrx_word' id='word_1_559' title='bbox 1476 4012 1766 4066; x_wconf 83' lang='lat' dir='ltr'><strong>circumci-</strong></span> 
     </span>
    </p>
   </div>
   <div class='ocr_carea' id='block_1_72' title="bbox 185 4094 1768 4169">
    <p class='ocr_par' dir='ltr' id='par_1_72' title="bbox 185 4094 1768 4169">
     <span class='ocr_line' id='line_1_72' title="bbox 185 4094 1768 4169; baseline 0.006 -20"><span class='ocrx_word' id='word_1_560' title='bbox 185 4094 403 4149; x_wconf 88' lang='lat' dir='ltr'><strong>sionem</strong></span> <span class='ocrx_word' id='word_1_561' title='bbox 424 4095 960 4169; x_wconf 89' lang='lat' dir='ltr'><strong>observationemque</strong></span> <span class='ocrx_word' id='word_1_562' title='bbox 986 4099 1117 4169; x_wconf 84' lang='lat' dir='ltr'><strong>legis</strong></span> <span class='ocrx_word' id='word_1_563' title='bbox 1144 4110 1337 4156; x_wconf 91' lang='lat' dir='ltr'><strong>cuncta</strong></span> <span class='ocrx_word' id='word_1_564' title='bbox 1364 4100 1683 4158; x_wconf 88' lang='lat' dir='ltr'><strong>referamus.</strong></span> <span class='ocrx_word' id='word_1_565' title='bbox 1710 4103 1768 4159; x_wconf 91' lang='lat' dir='ltr'><strong>Si</strong></span> 
     </span>
    </p>
   </div>
   <div class='ocr_carea' id='block_1_73' title="bbox 186 4183 1767 4259">
    <p class='ocr_par' dir='ltr' id='par_1_73' title="bbox 186 4183 1767 4259">
     <span class='ocr_line' id='line_1_73' title="bbox 186 4183 1767 4259; baseline 0.008 -23"><span class='ocrx_word' id='word_1_566' title='bbox 186 4197 307 4245; x_wconf 86' lang='lat' dir='ltr'><strong>vos,</strong></span> <span class='ocrx_word' id='word_1_567' title='bbox 330 4183 524 4252; x_wconf 87' lang='lat' dir='ltr'><strong>inquit,</strong></span> <span class='ocrx_word' id='word_1_568' title='bbox 546 4187 870 4241; x_wconf 90' lang='lat' dir='ltr'><strong>conturbant</strong></span> <span class='ocrx_word' id='word_1_569' title='bbox 890 4187 1004 4254; x_wconf 86' lang='lat' dir='ltr'><strong>alii,</strong></span> <span class='ocrx_word' id='word_1_570' title='bbox 1027 4203 1124 4243; x_wconf 90' lang='lat' dir='ltr'><strong>vos</strong></span> <span class='ocrx_word' id='word_1_571' title='bbox 1148 4197 1329 4243; x_wconf 89' lang='lat' dir='ltr'><strong>autem</strong></span> <span class='ocrx_word' id='word_1_572' title='bbox 1349 4192 1767 4259; x_wconf 78' lang='lat' dir='ltr'><strong>conturbamini,</strong></span> 
     </span>
    </p>
   </div>
   <div class='ocr_carea' id='block_1_74' title="bbox 188 4272 1767 4352">
    <p class='ocr_par' dir='ltr' id='par_1_74' title="bbox 188 4272 1767 4352">
     <span class='ocr_line' id='line_1_74' title="bbox 188 4272 1767 4352; baseline 0.007 -25"><span class='ocrx_word' id='word_1_573' title='bbox 188 4272 236 4329; x_wconf 86' lang='lat' dir='ltr'><strong>si</strong></span> <span class='ocrx_word' id='word_1_574' title='bbox 269 4280 433 4328; x_wconf 89' lang='lat' dir='ltr'><strong>totam</strong></span> <span class='ocrx_word' id='word_1_575' title='bbox 458 4273 791 4344; x_wconf 90' lang='lat' dir='ltr'><strong>Scripturam</strong></span> <span class='ocrx_word' id='word_1_576' title='bbox 819 4285 1058 4332; x_wconf 84' lang='lat' dir='ltr'><strong>veterem</strong></span> <span class='ocrx_word' id='word_1_577' title='bbox 1081 4277 1318 4349; x_wconf 84' lang='lat' dir='ltr'><strong>legentes</strong></span> <span class='ocrx_word' id='word_1_578' title='bbox 1340 4280 1421 4334; x_wconf 91' lang='lat' dir='ltr'><strong>sic</strong></span> <span class='ocrx_word' id='word_1_579' title='bbox 1442 4280 1767 4352; x_wconf 86' lang='lat' dir='ltr'><strong>intelligitis,</strong></span> 
     </span>
    </p>
   </div>
   <div class='ocr_carea' id='block_1_75' title="bbox 190 4364 1769 4444">
    <p class='ocr_par' dir='ltr' id='par_1_75' title="bbox 190 4364 1769 4444">
     <span class='ocr_line' id='line_1_75' title="bbox 190 4364 1769 4444; baseline 0.007 -27"><span class='ocrx_word' id='word_1_580' title='bbox 190 4372 252 4418; x_wconf 90' lang='lat' dir='ltr'><strong>ut</strong></span> <span class='ocrx_word' id='word_1_581' title='bbox 278 4365 478 4433; x_wconf 89' lang='lat' dir='ltr'><strong>scripta</strong></span> <span class='ocrx_word' id='word_1_582' title='bbox 506 4377 588 4421; x_wconf 89' lang='lat' dir='ltr'><strong>est</strong></span> <span class='ocrx_word' id='word_1_583' title='bbox 613 4384 626 4420; x_wconf 90' lang='lat'><strong>:</strong></span> <span class='ocrx_word' id='word_1_584' title='bbox 669 4364 891 4422; x_wconf 85' lang='lat' dir='ltr'><strong>Oculum</strong></span> <span class='ocrx_word' id='word_1_585' title='bbox 926 4385 1021 4438; x_wconf 87' lang='lat' dir='ltr'><strong>pro</strong></span> <span class='ocrx_word' id='word_1_586' title='bbox 1046 4369 1217 4436; x_wconf 87' lang='lat' dir='ltr'><strong>oculo,</strong></span> <span class='ocrx_word' id='word_1_587' title='bbox 1260 4370 1462 4426; x_wconf 88' lang='lat' dir='ltr'><strong>dentem</strong></span> <span class='ocrx_word' id='word_1_588' title='bbox 1490 4390 1586 4444; x_wconf 87' lang='lat' dir='ltr'><strong>pro</strong></span> <span class='ocrx_word' id='word_1_589' title='bbox 1615 4374 1769 4429; x_wconf 86' lang='lat' dir='ltr'><strong>dente</strong></span> 
     </span>
    </p>
   </div>
   <div class='ocr_carea' id='block_1_76' title="bbox 189 4454 1768 4531">
    <p class='ocr_par' dir='ltr' id='par_1_76' title="bbox 189 4454 1768 4531">
     <span class='ocr_line' id='line_1_76' title="bbox 189 4454 1768 4531; baseline 0.008 -23"><span class='ocrx_word' id='word_1_590' title='bbox 189 4454 370 4531; x_wconf 84' lang='lat' dir='ltr'><strong>(Deut.</strong></span> <span class='ocrx_word' id='word_1_591' title='bbox 403 4457 541 4529; x_wconf 70' lang='lat' dir='ltr'><strong>xxx),</strong></span> <span class='ocrx_word' id='word_1_592' title='bbox 570 4467 626 4514; x_wconf 90' lang='lat' dir='ltr'><strong>et</strong></span> <span class='ocrx_word' id='word_1_593' title='bbox 649 4459 730 4514; x_wconf 88' lang='lat' dir='ltr'><strong>ira</strong></span> <span class='ocrx_word' id='word_1_594' title='bbox 756 4460 1028 4516; x_wconf 88' lang='lat' dir='ltr'><strong>desiderat</strong></span> <span class='ocrx_word' id='word_1_595' title='bbox 1049 4461 1327 4527; x_wconf 90' lang='lat' dir='ltr'><strong>ultionem,</strong></span> <span class='ocrx_word' id='word_1_596' title='bbox 1349 4462 1485 4518; x_wconf 87' lang='lat' dir='ltr'><strong>ultio</strong></span> <span class='ocrx_word' id='word_1_597' title='bbox 1508 4479 1638 4520; x_wconf 86' lang='lat' dir='ltr'><strong>vero</strong></span> <span class='ocrx_word' id='word_1_598' title='bbox 1667 4466 1768 4520; x_wconf 90' lang='lat' dir='ltr'><strong>im-</strong></span> 
     </span>
    </p>
   </div>
   <div class='ocr_carea' id='block_1_77' title="bbox 186 4519 1846 4622">
    <p class='ocr_par' dir='ltr' id='par_1_77' title="bbox 186 4519 1846 4622">
     <span class='ocr_line' id='line_1_77' title="bbox 186 4519 1846 4622; baseline 0.007 -23"><span class='ocrx_word' id='word_1_599' title='bbox 186 4519 341 4614; x_wconf 78' lang='lat' dir='ltr'><strong>ponit</strong></span> <span class='ocrx_word' id='word_1_600' title='bbox 371 4519 645 4615; x_wconf 77' lang='lat' dir='ltr'><strong>dolorem,</strong></span> <span class='ocrx_word' id='word_1_601' title='bbox 682 4551 825 4620; x_wconf 84' lang='lat' dir='ltr'><strong>quod</strong></span> <span class='ocrx_word' id='word_1_602' title='bbox 853 4549 935 4605; x_wconf 82' lang='lat' dir='ltr'><strong>lex</strong></span> <span class='ocrx_word' id='word_1_603' title='bbox 968 4566 1076 4605; x_wconf 88' lang='lat' dir='ltr'><strong>non</strong></span> <span class='ocrx_word' id='word_1_604' title='bbox 1123 4519 1447 4607; x_wconf 38' lang='lat' dir='ltr'><strong>solum&#39;non</strong></span> <span class='ocrx_word' id='word_1_605' title='bbox 1496 4554 1762 4622; x_wconf 86' lang='lat' dir='ltr'><strong>prohibet,</strong></span> <span class='ocrx_word' id='word_1_606' title='bbox 1791 4519 1846 4581; x_wconf 79' lang='lat' dir='ltr'><strong><em>D</em></strong></span> 
     </span>
    </p>
   </div>
   <div class='ocr_carea' id='block_1_78' title="bbox 186 4640 1765 4713">
    <p class='ocr_par' dir='ltr' id='par_1_78' title="bbox 186 4640 1765 4713">
     <span class='ocr_line' id='line_1_78' title="bbox 186 4640 1765 4713; baseline 0.009 -24"><span class='ocrx_word' id='word_1_607' title='bbox 186 4652 378 4691; x_wconf 88' lang='lat' dir='ltr'><strong>verum</strong></span> <span class='ocrx_word' id='word_1_608' title='bbox 403 4640 566 4694; x_wconf 89' lang='lat' dir='ltr'><strong>etiam</strong></span> <span class='ocrx_word' id='word_1_609' title='bbox 589 4642 849 4712; x_wconf 70' lang='lat' dir='ltr'><strong>prmcipit,</strong></span> <span class='ocrx_word' id='word_1_610' title='bbox 860 4641 1131 4710; x_wconf 89' lang='lat' dir='ltr'><strong>justitiam</strong></span> <span class='ocrx_word' id='word_1_611' title='bbox 1155 4643 1209 4698; x_wconf 89' lang='lat' dir='ltr'><strong>in</strong></span> <span class='ocrx_word' id='word_1_612' title='bbox 1233 4644 1430 4699; x_wconf 88' lang='lat' dir='ltr'><strong>talione</strong></span> <span class='ocrx_word' id='word_1_613' title='bbox 1452 4647 1765 4713; x_wconf 88' lang='lat' dir='ltr'><strong>restituens,</strong></span> 
     </span>
    </p>
   </div>
   <div class='ocr_carea' id='block_1_79' title="bbox 187 4732 1771 4803">
    <p class='ocr_par' dir='ltr' id='par_1_79' title="bbox 187 4732 1771 4803">
     <span class='ocr_line' id='line_1_79' title="bbox 187 4732 1771 4803; baseline 0.009 -18"><span class='ocrx_word' id='word_1_614' title='bbox 187 4732 452 4800; x_wconf 83' lang='lat' dir='ltr'><strong>sequitur,</strong></span> <span class='ocrx_word' id='word_1_615' title='bbox 499 4743 561 4789; x_wconf 88' lang='lat' dir='ltr'><strong>ut</strong></span> <span class='ocrx_word' id='word_1_616' title='bbox 598 4745 655 4790; x_wconf 89' lang='lat' dir='ltr'><strong>et</strong></span> <span class='ocrx_word' id='word_1_617' title='bbox 688 4739 923 4793; x_wconf 87' lang='lat' dir='ltr'><strong>nudatus</strong></span> <span class='ocrx_word' id='word_1_618' title='bbox 950 4740 1135 4803; x_wconf 87' lang='lat' dir='ltr'><strong>nudet,</strong></span> <span class='ocrx_word' id='word_1_619' title='bbox 1164 4748 1219 4794; x_wconf 90' lang='lat' dir='ltr'><strong>et</strong></span> <span class='ocrx_word' id='word_1_620' title='bbox 1253 4741 1564 4798; x_wconf 88' lang='lat' dir='ltr'><strong>vulneratus</strong></span> <span class='ocrx_word' id='word_1_621' title='bbox 1594 4745 1771 4799; x_wconf 87' lang='lat' dir='ltr'><strong>revul-</strong></span> 
     </span>
    </p>
   </div>
   <div class='ocr_carea' id='block_1_80' title="bbox 186 4830 1770 4905">
    <p class='ocr_par' dir='ltr' id='par_1_80' title="bbox 186 4830 1770 4905">
     <span class='ocr_line' id='line_1_80' title="bbox 186 4830 1770 4905; baseline 0.011 -31"><span class='ocrx_word' id='word_1_622' title='bbox 186 4831 365 4887; x_wconf 84' lang='lat' dir='ltr'><strong>neret,</strong></span> <span class='ocrx_word' id='word_1_623' title='bbox 394 4834 449 4878; x_wconf 88' lang='lat' dir='ltr'><strong>et</strong></span> <span class='ocrx_word' id='word_1_624' title='bbox 470 4834 741 4882; x_wconf 88' lang='lat' dir='ltr'><strong>comestus</strong></span> <span class='ocrx_word' id='word_1_625' title='bbox 765 4830 1088 4895; x_wconf 79' lang='lat' dir='ltr'><strong>remordeat,</strong></span> <span class='ocrx_word' id='word_1_626' title='bbox 1113 4838 1168 4885; x_wconf 92' lang='lat' dir='ltr'><strong>et</strong></span> <span class='ocrx_word' id='word_1_627' title='bbox 1190 4846 1308 4900; x_wconf 69' lang='lat' dir='ltr'><strong>qua:</strong></span> <span class='ocrx_word' id='word_1_628' title='bbox 1331 4832 1770 4905; x_wconf 85' lang='lat' dir='ltr'><strong>videturjustitia</strong></span> 
     </span>
    </p>
   </div>
   <div class='ocr_carea' id='block_1_81' title="bbox 185 4915 1772 4987">
    <p class='ocr_par' dir='ltr' id='par_1_81' title="bbox 185 4915 1772 4987">
     <span class='ocr_line' id='line_1_81' title="bbox 185 4915 1772 4987; baseline 0.012 -24"><span class='ocrx_word' id='word_1_629' title='bbox 185 4924 330 4973; x_wconf 86' lang='lat' dir='ltr'><strong>esse,</strong></span> <span class='ocrx_word' id='word_1_630' title='bbox 349 4915 687 4985; x_wconf 89' lang='lat' dir='ltr'><strong>consumptio</strong></span> <span class='ocrx_word' id='word_1_631' title='bbox 710 4917 800 4983; x_wconf 91' lang='lat' dir='ltr'><strong>sit,</strong></span> <span class='ocrx_word' id='word_1_632' title='bbox 817 4934 922 4973; x_wconf 92' lang='lat' dir='ltr'><strong>non</strong></span> <span class='ocrx_word' id='word_1_633' title='bbox 944 4935 1111 4975; x_wconf 89' lang='lat' dir='ltr'><strong>unum</strong></span> <span class='ocrx_word' id='word_1_634' title='bbox 1132 4921 1544 4987; x_wconf 87' lang='lat' dir='ltr'><strong>viudicans,sed</strong></span> <span class='ocrx_word' id='word_1_635' title='bbox 1567 4934 1772 4981; x_wconf 85' lang='lat' dir='ltr'><strong>utrum-</strong></span> 
     </span>
    </p>
   </div>
   <div class='ocr_carea' id='block_1_82' title="bbox 187 5015 668 5070">
    <p class='ocr_par' dir='ltr' id='par_1_82' title="bbox 187 5015 668 5070">
     <span class='ocr_line' id='line_1_82' title="bbox 187 5015 668 5070; baseline 0.019 -17"><span class='ocrx_word' id='word_1_636' title='bbox 187 5015 295 5070; x_wconf 87' lang='lat' dir='ltr'><strong>que</strong></span> <span class='ocrx_word' id='word_1_637' title='bbox 325 5017 668 5062; x_wconf 89' lang='lat' dir='ltr'><strong>consumens.</strong></span> 
     </span>
    </p>
   </div>
   <div class='ocr_carea' id='block_1_83' title="bbox 257 5111 1769 5191">
    <p class='ocr_par' dir='ltr' id='par_1_83' title="bbox 257 5111 1769 5191">
     <span class='ocr_line' id='line_1_83' title="bbox 257 5111 1769 5191; baseline 0.013 -25"><span class='ocrx_word' id='word_1_638' title='bbox 257 5111 392 5167; x_wconf 84' lang='lat' dir='ltr'><strong>Dico</strong></span> <span class='ocrx_word' id='word_1_639' title='bbox 419 5126 591 5171; x_wconf 85' lang='lat' dir='ltr'><strong>autem</strong></span> <span class='ocrx_word' id='word_1_640' title='bbox 612 5131 632 5171; x_wconf 90' lang='lat'><strong>:</strong></span> <span class='ocrx_word' id='word_1_641' title='bbox 664 5118 868 5191; x_wconf 84' lang='lat' dir='ltr'><strong>Spiritu</strong></span> <span class='ocrx_word' id='word_1_642' title='bbox 896 5123 1176 5190; x_wconf 86' lang='lat' dir='ltr'><strong>ambulate,</strong></span> <span class='ocrx_word' id='word_1_643' title='bbox 1213 5134 1262 5179; x_wconf 91' lang='lat' dir='ltr'><strong>et</strong></span> <span class='ocrx_word' id='word_1_644' title='bbox 1287 5126 1547 5183; x_wconf 81' lang='lat' dir='ltr'><strong>desideria</strong></span> <span class='ocrx_word' id='word_1_645' title='bbox 1595 5132 1769 5186; x_wconf 84' lang='lat' dir='ltr'><strong>carnis</strong></span> 
     </span>
    </p>
   </div>
   <div class='ocr_carea' id='block_1_84' title="bbox 189 5204 1772 5289">
    <p class='ocr_par' dir='ltr' id='par_1_84' title="bbox 189 5204 1772 5289">
     <span class='ocr_line' id='line_1_84' title="bbox 189 5204 1772 5289; baseline 0.014 -34"><span class='ocrx_word' id='word_1_646' title='bbox 189 5218 294 5257; x_wconf 81' lang='lat' dir='ltr'><strong>non</strong></span> <span class='ocrx_word' id='word_1_647' title='bbox 314 5204 612 5273; x_wconf 74' lang='lat' dir='ltr'><strong>perﬁcietis.</strong></span> <span class='ocrx_word' id='word_1_648' title='bbox 638 5207 697 5263; x_wconf 89' lang='lat' dir='ltr'><strong>Si</strong></span> <span class='ocrx_word' id='word_1_649' title='bbox 718 5225 847 5281; x_wconf 90' lang='lat' dir='ltr'><strong>ergo</strong></span> <span class='ocrx_word' id='word_1_650' title='bbox 871 5227 976 5267; x_wconf 90' lang='lat' dir='ltr'><strong>non</strong></span> <span class='ocrx_word' id='word_1_651' title='bbox 1000 5216 1368 5271; x_wconf 84' lang='lat' dir='ltr'><strong>consentiatur</strong></span> <span class='ocrx_word' id='word_1_652' title='bbox 1388 5221 1772 5289; x_wconf 88' lang='lat' dir='ltr'><strong>concupiscen-</strong></span> 
     </span>
    </p>
   </div>
   <div class='ocr_carea' id='block_1_85' title="bbox 189 5293 1769 5374">
    <p class='ocr_par' dir='ltr' id='par_1_85' title="bbox 189 5293 1769 5374">
     <span class='ocr_line' id='line_1_85' title="bbox 189 5293 1769 5374; baseline 0.013 -28"><span class='ocrx_word' id='word_1_653' title='bbox 189 5293 285 5347; x_wconf 83' lang='lat' dir='ltr'><strong>tiis</strong></span> <span class='ocrx_word' id='word_1_654' title='bbox 316 5297 517 5362; x_wconf 86' lang='lat' dir='ltr'><strong>carnis,</strong></span> <span class='ocrx_word' id='word_1_655' title='bbox 551 5302 855 5369; x_wconf 87' lang='lat' dir='ltr'><strong>quantisvis</strong></span> <span class='ocrx_word' id='word_1_656' title='bbox 899 5312 1127 5374; x_wconf 88' lang='lat' dir='ltr'><strong>agantur</strong></span> <span class='ocrx_word' id='word_1_657' title='bbox 1155 5308 1407 5371; x_wconf 91' lang='lat' dir='ltr'><strong>motibus,</strong></span> <span class='ocrx_word' id='word_1_658' title='bbox 1451 5325 1555 5363; x_wconf 93' lang='lat' dir='ltr'><strong>non</strong></span> <span class='ocrx_word' id='word_1_659' title='bbox 1594 5320 1769 5368; x_wconf 91' lang='lat' dir='ltr'><strong>tamen</strong></span> 
     </span>
    </p>
   </div>
   <div class='ocr_carea' id='block_1_86' title="bbox 189 5383 1772 5471">
    <p class='ocr_par' dir='ltr' id='par_1_86' title="bbox 189 5383 1772 5471">
     <span class='ocr_line' id='line_1_86' title="bbox 189 5383 1772 5471; baseline 0.013 -35"><span class='ocrx_word' id='word_1_660' title='bbox 189 5383 541 5452; x_wconf 87' lang='lat' dir='ltr'><strong>perﬁciantur</strong></span> <span class='ocrx_word' id='word_1_661' title='bbox 564 5391 836 5458; x_wconf 87' lang='lat' dir='ltr'><strong>operibus.</strong></span> <span class='ocrx_word' id='word_1_662' title='bbox 863 5391 1098 5449; x_wconf 87' lang='lat' dir='ltr'><strong>Proinde</strong></span> <span class='ocrx_word' id='word_1_663' title='bbox 1131 5410 1255 5450; x_wconf 86' lang='lat' dir='ltr'><strong>cum</strong></span> <span class='ocrx_word' id='word_1_664' title='bbox 1282 5412 1413 5451; x_wconf 89' lang='grc' dir='ltr'><strong>οπο</strong></span> <span class='ocrx_word' id='word_1_665' title='bbox 1438 5401 1772 5471; x_wconf 88' lang='lat' dir='ltr'><strong>concupiscit</strong></span> 
     </span>
    </p>
   </div>
   <div class='ocr_carea' id='block_1_87' title="bbox 188 5473 1775 5557">
    <p class='ocr_par' dir='ltr' id='par_1_87' title="bbox 188 5473 1775 5557">
     <span class='ocr_line' id='line_1_87' title="bbox 188 5473 1775 5557; baseline 0.014 -30"><span class='ocrx_word' id='word_1_666' title='bbox 188 5473 478 5529; x_wconf 82' lang='lat' dir='ltr'><strong>adversum</strong></span> <span class='ocrx_word' id='word_1_667' title='bbox 507 5479 776 5546; x_wconf 87' lang='lat' dir='ltr'><strong>spiritum,</strong></span> <span class='ocrx_word' id='word_1_668' title='bbox 806 5490 862 5536; x_wconf 92' lang='lat' dir='ltr'><strong>et</strong></span> <span class='ocrx_word' id='word_1_669' title='bbox 892 5484 1114 5553; x_wconf 86' lang='lat' dir='ltr'><strong>spiritus</strong></span> <span class='ocrx_word' id='word_1_670' title='bbox 1150 5486 1407 5543; x_wconf 86' lang='lat' dir='ltr'><strong>adversus</strong></span> <span class='ocrx_word' id='word_1_671' title='bbox 1432 5505 1673 5557; x_wconf 87' lang='lat' dir='ltr'><strong>carnem,</strong></span> <span class='ocrx_word' id='word_1_672' title='bbox 1714 5504 1775 5550; x_wconf 92' lang='lat' dir='ltr'><strong>ut</strong></span> 
     </span>
    </p>
   </div>
   <div class='ocr_carea' id='block_1_88' title="bbox 186 5570 1775 5650">
    <p class='ocr_par' dir='ltr' id='par_1_88' title="bbox 186 5570 1775 5650">
     <span class='ocr_line' id='line_1_88' title="bbox 186 5570 1775 5650; baseline 0.013 -32"><span class='ocrx_word' id='word_1_673' title='bbox 186 5578 298 5619; x_wconf 84' lang='lat' dir='ltr'><strong>non</strong></span> <span class='ocrx_word' id='word_1_674' title='bbox 330 5579 398 5619; x_wconf 88' lang='lat' dir='ltr'><strong>ea</strong></span> <span class='ocrx_word' id='word_1_675' title='bbox 423 5581 546 5635; x_wconf 77' lang='lat' dir='ltr'><strong>qua:</strong></span> <span class='ocrx_word' id='word_1_676' title='bbox 574 5570 817 5627; x_wconf 88' lang='lat' dir='ltr'><strong>volumus</strong></span> <span class='ocrx_word' id='word_1_677' title='bbox 847 5572 1125 5639; x_wconf 79' lang='lat' dir='ltr'><strong>faciamus,</strong></span> <span class='ocrx_word' id='word_1_678' title='bbox 1150 5590 1251 5631; x_wconf 90' lang='lat' dir='ltr'><strong>nec</strong></span> <span class='ocrx_word' id='word_1_679' title='bbox 1277 5578 1458 5635; x_wconf 89' lang='lat' dir='ltr'><strong>carnis</strong></span> <span class='ocrx_word' id='word_1_680' title='bbox 1487 5580 1775 5650; x_wconf 87' lang='lat' dir='ltr'><strong>perﬁciun-</strong></span> 
     </span>
    </p>
   </div>
   <div class='ocr_carea' id='block_1_89' title="bbox 187 5659 1774 5743">
    <p class='ocr_par' dir='ltr' id='par_1_89' title="bbox 187 5659 1774 5743">
     <span class='ocr_line' id='line_1_89' title="bbox 187 5659 1774 5743; baseline 0.013 -35"><span class='ocrx_word' id='word_1_681' title='bbox 187 5660 281 5708; x_wconf 86' lang='lat' dir='ltr'><strong>tur</strong></span> <span class='ocrx_word' id='word_1_682' title='bbox 298 5659 772 5727; x_wconf 71' lang='lat' dir='ltr'><strong>concupiscentiae,</strong></span> <span class='ocrx_word' id='word_1_683' title='bbox 802 5666 1053 5733; x_wconf 85' lang='lat' dir='ltr'><strong>quamvis</strong></span> <span class='ocrx_word' id='word_1_684' title='bbox 1077 5665 1298 5733; x_wconf 87' lang='lat' dir='ltr'><strong>faciant,</strong></span> <span class='ocrx_word' id='word_1_685' title='bbox 1322 5685 1421 5725; x_wconf 89' lang='lat' dir='ltr'><strong>nec</strong></span> <span class='ocrx_word' id='word_1_686' title='bbox 1448 5682 1631 5727; x_wconf 87' lang='lat' dir='ltr'><strong>nostra</strong></span> <span class='ocrx_word' id='word_1_687' title='bbox 1652 5690 1774 5743; x_wconf 88' lang='lat' dir='ltr'><strong>per-</strong></span> 
     </span>
    </p>
   </div>
   <div class='ocr_carea' id='block_1_90' title="bbox 188 5746 1772 5826">
    <p class='ocr_par' dir='ltr' id='par_1_90' title="bbox 188 5746 1772 5826">
     <span class='ocr_line' id='line_1_90' title="bbox 188 5746 1772 5826; baseline 0.01 -21"><span class='ocrx_word' id='word_1_688' title='bbox 188 5746 449 5805; x_wconf 74' lang='lat' dir='ltr'><strong>ﬁciuntur</strong></span> <span class='ocrx_word' id='word_1_689' title='bbox 470 5766 635 5823; x_wconf 84' lang='lat' dir='ltr'><strong>opera</strong></span> <span class='ocrx_word' id='word_1_690' title='bbox 664 5753 825 5821; x_wconf 86' lang='lat' dir='ltr'><strong>bona,</strong></span> <span class='ocrx_word' id='word_1_691' title='bbox 850 5759 1098 5826; x_wconf 83' lang='lat' dir='ltr'><strong>quamvis</strong></span> <span class='ocrx_word' id='word_1_692' title='bbox 1128 5758 1276 5814; x_wconf 88' lang='lat' dir='ltr'><strong>ﬁant.</strong></span> <span class='ocrx_word' id='word_1_693' title='bbox 1305 5759 1457 5818; x_wconf 84' lang='lat' dir='ltr'><strong>Sicut</strong></span> <span class='ocrx_word' id='word_1_694' title='bbox 1477 5765 1621 5819; x_wconf 86' lang='lat' dir='ltr'><strong>enim</strong></span> <span class='ocrx_word' id='word_1_695' title='bbox 1648 5774 1772 5821; x_wconf 89' lang='lat' dir='ltr'><strong>tunc</strong></span> 
     </span>
    </p>
   </div>
   <div class='ocr_carea' id='block_1_91' title="bbox 1938 3303 3453 3398">
    <p class='ocr_par' dir='ltr' id='par_1_91' title="bbox 1938 3303 3453 3398">
     <span class='ocr_line' id='line_1_91' title="bbox 1938 3303 3453 3398; baseline 0.017 -40"><span class='ocrx_word' id='word_1_696' title='bbox 1938 3303 2077 3361; x_wconf 78' lang='lat' dir='ltr'><strong>Caro</strong></span> <span class='ocrx_word' id='word_1_697' title='bbox 2107 3309 2243 3362; x_wconf 88' lang='lat' dir='ltr'><strong>enim</strong></span> <span class='ocrx_word' id='word_1_698' title='bbox 2288 3314 2605 3383; x_wconf 82' lang='lat' dir='ltr'><strong>concupiscit</strong></span> <span class='ocrx_word' id='word_1_699' title='bbox 2656 3316 2903 3374; x_wconf 84' lang='lat' dir='ltr'><strong>adversus</strong></span> <span class='ocrx_word' id='word_1_700' title='bbox 2944 3322 3204 3391; x_wconf 82' lang='lat' dir='ltr'><strong>spiritum,</strong></span> <span class='ocrx_word' id='word_1_701' title='bbox 3237 3327 3453 3398; x_wconf 81' lang='lat' dir='ltr'><strong>spiritus</strong></span> 
     </span>
    </p>
   </div>
   <div class='ocr_carea' id='block_1_92' title="bbox 1867 3398 3446 3474">
    <p class='ocr_par' dir='ltr' id='par_1_92' title="bbox 1867 3398 3446 3474">
     <span class='ocr_line' id='line_1_92' title="bbox 1867 3398 3446 3474; baseline 0.016 -27"><span class='ocrx_word' id='word_1_702' title='bbox 1867 3405 2039 3449; x_wconf 84' lang='lat' dir='ltr'><strong>autem</strong></span> <span class='ocrx_word' id='word_1_703' title='bbox 2070 3398 2320 3454; x_wconf 80' lang='lat' dir='ltr'><strong>adversus</strong></span> <span class='ocrx_word' id='word_1_704' title='bbox 2353 3418 2584 3458; x_wconf 88' lang='lat' dir='ltr'><strong>carnem.</strong></span> <span class='ocrx_word' id='word_1_705' title='bbox 2615 3405 2733 3461; x_wconf 88' lang='lat' dir='ltr'><strong>Non</strong></span> <span class='ocrx_word' id='word_1_706' title='bbox 2773 3410 2914 3465; x_wconf 90' lang='lat' dir='ltr'><strong>enim</strong></span> <span class='ocrx_word' id='word_1_707' title='bbox 2946 3426 3074 3467; x_wconf 91' lang='lat' dir='ltr'><strong>caro</strong></span> <span class='ocrx_word' id='word_1_708' title='bbox 3111 3413 3228 3470; x_wconf 91' lang='lat' dir='ltr'><strong>sine</strong></span> <span class='ocrx_word' id='word_1_709' title='bbox 3263 3416 3446 3474; x_wconf 91' lang='lat' dir='ltr'><strong>anima</strong></span> 
     </span>
    </p>
   </div>
   <div class='ocr_carea' id='block_1_93' title="bbox 1867 3489 3453 3581">
    <p class='ocr_par' dir='ltr' id='par_1_93' title="bbox 1867 3489 3453 3581">
     <span class='ocr_line' id='line_1_93' title="bbox 1867 3489 3453 3581; baseline 0.015 -40"><span class='ocrx_word' id='word_1_710' title='bbox 1867 3489 2218 3558; x_wconf 88' lang='lat' dir='ltr'><strong>concupiscit,</strong></span> <span class='ocrx_word' id='word_1_711' title='bbox 2242 3495 2490 3561; x_wconf 84' lang='lat' dir='ltr'><strong>quamvis</strong></span> <span class='ocrx_word' id='word_1_712' title='bbox 2511 3511 2638 3552; x_wconf 81' lang='lat' dir='ltr'><strong>caro</strong></span> <span class='ocrx_word' id='word_1_713' title='bbox 2664 3502 3045 3571; x_wconf 89' lang='lat' dir='ltr'><strong>concupiscere</strong></span> <span class='ocrx_word' id='word_1_714' title='bbox 3072 3506 3305 3575; x_wconf 87' lang='lat' dir='ltr'><strong>dicatur,</strong></span> <span class='ocrx_word' id='word_1_715' title='bbox 3324 3510 3453 3581; x_wconf 81' lang='lat' dir='ltr'><strong>quia</strong></span> 
     </span>
    </p>
   </div>
   <div class='ocr_carea' id='block_1_94' title="bbox 1867 3581 3455 3660">
    <p class='ocr_par' dir='ltr' id='par_1_94' title="bbox 1867 3581 3455 3660">
     <span class='ocr_line' id='line_1_94' title="bbox 1867 3581 3455 3660; baseline 0.017 -29"><span class='ocrx_word' id='word_1_716' title='bbox 1867 3581 2160 3635; x_wconf 87' lang='lat' dir='ltr'><strong>carnaliter</strong></span> <span class='ocrx_word' id='word_1_717' title='bbox 2200 3583 2378 3638; x_wconf 88' lang='lat' dir='ltr'><strong>anima</strong></span> <span class='ocrx_word' id='word_1_718' title='bbox 2425 3590 2787 3660; x_wconf 86' lang='lat' dir='ltr'><strong>concupiscit,</strong></span> <span class='ocrx_word' id='word_1_719' title='bbox 2836 3610 2963 3651; x_wconf 88' lang='grc' dir='ltr'><strong>οπο</strong></span> <span class='ocrx_word' id='word_1_720' title='bbox 2998 3598 3144 3653; x_wconf 92' lang='lat' dir='ltr'><strong>enim</strong></span> <span class='ocrx_word' id='word_1_721' title='bbox 3173 3600 3306 3655; x_wconf 90' lang='lat' dir='ltr'><strong>nihil</strong></span> <span class='ocrx_word' id='word_1_722' title='bbox 3348 3602 3455 3659; x_wconf 91' lang='lat' dir='ltr'><strong>nisi</strong></span> 
     </span>
    </p>
   </div>
   <div class='ocr_carea' id='block_1_95' title="bbox 1867 3672 3453 3757">
    <p class='ocr_par' dir='ltr' id='par_1_95' title="bbox 1867 3672 3453 3757">
     <span class='ocr_line' id='line_1_95' title="bbox 1867 3672 3453 3757; baseline 0.018 -34"><span class='ocrx_word' id='word_1_723' title='bbox 1867 3684 1966 3739; x_wconf 89' lang='lat' dir='ltr'><strong>per</strong></span> <span class='ocrx_word' id='word_1_724' title='bbox 1992 3672 2226 3727; x_wconf 90' lang='lat' dir='ltr'><strong>animam</strong></span> <span class='ocrx_word' id='word_1_725' title='bbox 2258 3678 2620 3747; x_wconf 83' lang='lat' dir='ltr'><strong>concupiscit;</strong></span> <span class='ocrx_word' id='word_1_726' title='bbox 2654 3685 2747 3737; x_wconf 88' lang='lat' dir='ltr'><strong>sed</strong></span> <span class='ocrx_word' id='word_1_727' title='bbox 2784 3688 3165 3757; x_wconf 85' lang='lat' dir='ltr'><strong>concupiscere</strong></span> <span class='ocrx_word' id='word_1_728' title='bbox 3196 3707 3325 3748; x_wconf 87' lang='lat' dir='ltr'><strong>caro</strong></span> <span class='ocrx_word' id='word_1_729' title='bbox 3353 3695 3453 3751; x_wconf 89' lang='lat' dir='ltr'><strong>ad-</strong></span> 
     </span>
    </p>
   </div>
   <div class='ocr_carea' id='block_1_96' title="bbox 1869 3764 3458 3839">
    <p class='ocr_par' dir='ltr' id='par_1_96' title="bbox 1869 3764 3458 3839">
     <span class='ocr_line' id='line_1_96' title="bbox 1869 3764 3458 3839; baseline 0.017 -27"><span class='ocrx_word' id='word_1_730' title='bbox 1869 3773 2057 3816; x_wconf 81' lang='lat' dir='ltr'><strong>versus</strong></span> <span class='ocrx_word' id='word_1_731' title='bbox 2087 3764 2336 3832; x_wconf 89' lang='lat' dir='ltr'><strong>spiritum</strong></span> <span class='ocrx_word' id='word_1_732' title='bbox 2362 3767 2590 3833; x_wconf 87' lang='lat' dir='ltr'><strong>dicitur,</strong></span> <span class='ocrx_word' id='word_1_733' title='bbox 2623 3774 2839 3839; x_wconf 90' lang='lat' dir='ltr'><strong>quando</strong></span> <span class='ocrx_word' id='word_1_734' title='bbox 2867 3777 3045 3831; x_wconf 88' lang='lat' dir='ltr'><strong>anima</strong></span> <span class='ocrx_word' id='word_1_735' title='bbox 3092 3781 3296 3836; x_wconf 88' lang='lat' dir='ltr'><strong>carnali</strong></span> <span class='ocrx_word' id='word_1_736' title='bbox 3327 3798 3458 3838; x_wconf 91' lang='lat' dir='ltr'><strong>con-</strong></span> 
     </span>
    </p>
   </div>
   <div class='ocr_carea' id='block_1_97' title="bbox 1869 3850 3455 3926">
    <p class='ocr_par' dir='ltr' id='par_1_97' title="bbox 1869 3850 3455 3926">
     <span class='ocr_line' id='line_1_97' title="bbox 1869 3850 3455 3926; baseline 0.016 -25"><span class='ocrx_word' id='word_1_737' title='bbox 1869 3850 2199 3918; x_wconf 88' lang='lat' dir='ltr'><strong>cupiscentia</strong></span> <span class='ocrx_word' id='word_1_738' title='bbox 2229 3855 2439 3922; x_wconf 81' lang='lat' dir='ltr'><strong>Spiritui</strong></span> <span class='ocrx_word' id='word_1_739' title='bbox 2471 3858 2786 3915; x_wconf 80' lang='lat' dir='ltr'><strong>reluctatur.</strong></span> <span class='ocrx_word' id='word_1_740' title='bbox 2815 3862 2964 3919; x_wconf 91' lang='lat' dir='ltr'><strong>Tunc</strong></span> <span class='ocrx_word' id='word_1_741' title='bbox 2986 3867 3129 3921; x_wconf 89' lang='lat' dir='ltr'><strong>enim</strong></span> <span class='ocrx_word' id='word_1_742' title='bbox 3151 3885 3280 3925; x_wconf 88' lang='lat' dir='ltr'><strong>caro</strong></span> <span class='ocrx_word' id='word_1_743' title='bbox 3304 3872 3455 3926; x_wconf 88' lang='lat' dir='ltr'><strong>adul-</strong></span> 
     </span>
    </p>
   </div>
   <div class='ocr_carea' id='block_1_98' title="bbox 1870 3937 3449 4016">
    <p class='ocr_par' dir='ltr' id='par_1_98' title="bbox 1870 3937 3449 4016">
     <span class='ocr_line' id='line_1_98' title="bbox 1870 3937 3449 4016; baseline 0.018 -28"><span class='ocrx_word' id='word_1_744' title='bbox 1870 3937 2083 4001; x_wconf 89' lang='lat' dir='ltr'><strong>terium,</strong></span> <span class='ocrx_word' id='word_1_745' title='bbox 2112 3940 2338 4008; x_wconf 89' lang='lat' dir='ltr'><strong>spiritus</strong></span> <span class='ocrx_word' id='word_1_746' title='bbox 2362 3951 2541 3999; x_wconf 89' lang='lat' dir='ltr'><strong>autem</strong></span> <span class='ocrx_word' id='word_1_747' title='bbox 2578 3946 2853 4004; x_wconf 82' lang='lat' dir='ltr'><strong>desiderat</strong></span> <span class='ocrx_word' id='word_1_748' title='bbox 2880 3954 3209 4011; x_wconf 85' lang='lat' dir='ltr'><strong>castitatem.</strong></span> <span class='ocrx_word' id='word_1_749' title='bbox 3253 3958 3449 4016; x_wconf 90' lang='lat' dir='ltr'><strong>Totum</strong></span> 
     </span>
    </p>
   </div>
   <div class='ocr_carea' id='block_1_99' title="bbox 1869 4024 3451 4108">
    <p class='ocr_par' dir='ltr' id='par_1_99' title="bbox 1869 4024 3451 4108">
     <span class='ocr_line' id='line_1_99' title="bbox 1869 4024 3451 4108; baseline 0.019 -31"><span class='ocrx_word' id='word_1_750' title='bbox 1869 4024 1974 4079; x_wconf 86' lang='lat' dir='ltr'><strong>hoc</strong></span> <span class='ocrx_word' id='word_1_751' title='bbox 2002 4040 2100 4081; x_wconf 80' lang='lat' dir='ltr'><strong>nos</strong></span> <span class='ocrx_word' id='word_1_752' title='bbox 2138 4041 2343 4095; x_wconf 88' lang='lat' dir='ltr'><strong>sumus,</strong></span> <span class='ocrx_word' id='word_1_753' title='bbox 2376 4040 2431 4086; x_wconf 88' lang='lat' dir='ltr'><strong>et</strong></span> <span class='ocrx_word' id='word_1_754' title='bbox 2470 4048 2597 4089; x_wconf 90' lang='lat' dir='ltr'><strong>caro</strong></span> <span class='ocrx_word' id='word_1_755' title='bbox 2640 4036 2754 4106; x_wconf 91' lang='lat' dir='ltr'><strong>ipsa</strong></span> <span class='ocrx_word' id='word_1_756' title='bbox 2783 4055 2904 4108; x_wconf 74' lang='lat' dir='ltr'><strong>qua:</strong></span> <span class='ocrx_word' id='word_1_757' title='bbox 2937 4043 3243 4103; x_wconf 90' lang='lat' dir='ltr'><strong>discedente</strong></span> <span class='ocrx_word' id='word_1_758' title='bbox 3271 4051 3451 4108; x_wconf 90' lang='lat' dir='ltr'><strong>anima</strong></span> 
     </span>
    </p>
   </div>
   <div class='ocr_carea' id='block_1_100' title="bbox 1868 4117 3455 4213">
    <p class='ocr_par' dir='ltr' id='par_1_100' title="bbox 1868 4117 3455 4213">
     <span class='ocr_line' id='line_1_100' title="bbox 1868 4117 3455 4213; baseline 0.018 -42"><span class='ocrx_word' id='word_1_759' title='bbox 1868 4117 2116 4183; x_wconf 85' lang='lat' dir='ltr'><strong>moritur,</strong></span> <span class='ocrx_word' id='word_1_760' title='bbox 2145 4132 2266 4188; x_wconf 71' lang='lat' dir='ltr'><strong>qua:</strong></span> <span class='ocrx_word' id='word_1_761' title='bbox 2298 4137 2426 4192; x_wconf 88' lang='lat' dir='ltr'><strong>pars</strong></span> <span class='ocrx_word' id='word_1_762' title='bbox 2451 4133 2632 4180; x_wconf 91' lang='lat' dir='ltr'><strong>nostra</strong></span> <span class='ocrx_word' id='word_1_763' title='bbox 2681 4127 2893 4186; x_wconf 90' lang='lat' dir='ltr'><strong>inﬁrma</strong></span> <span class='ocrx_word' id='word_1_764' title='bbox 2932 4143 3035 4201; x_wconf 86' lang='lat' dir='ltr'><strong>est,</strong></span> <span class='ocrx_word' id='word_1_765' title='bbox 3072 4152 3171 4194; x_wconf 90' lang='lat' dir='ltr'><strong>nec</strong></span> <span class='ocrx_word' id='word_1_766' title='bbox 3204 4139 3455 4213; x_wconf 89' lang='lat' dir='ltr'><strong>fugienda</strong></span> 
     </span>
    </p>
   </div>
   <div class='ocr_carea' id='block_1_101' title="bbox 1869 4207 3457 4302">
    <p class='ocr_par' dir='ltr' id='par_1_101' title="bbox 1869 4207 3457 4302">
     <span class='ocr_line' id='line_1_101' title="bbox 1869 4207 3457 4302; baseline 0.02 -43"><span class='ocrx_word' id='word_1_767' title='bbox 1869 4207 2181 4275; x_wconf 82' lang='lat' dir='ltr'><strong>dimittitur,</strong></span> <span class='ocrx_word' id='word_1_768' title='bbox 2209 4212 2301 4267; x_wconf 89' lang='lat' dir='ltr'><strong>sed</strong></span> <span class='ocrx_word' id='word_1_769' title='bbox 2328 4214 2633 4286; x_wconf 89' lang='lat' dir='ltr'><strong>recipienda</strong></span> <span class='ocrx_word' id='word_1_770' title='bbox 2656 4223 2954 4291; x_wconf 89' lang='lat' dir='ltr'><strong>reponitur.</strong></span> <span class='ocrx_word' id='word_1_771' title='bbox 2979 4225 3129 4284; x_wconf 91' lang='lat' dir='ltr'><strong>Tunc</strong></span> <span class='ocrx_word' id='word_1_772' title='bbox 3153 4207 3457 4302; x_wconf 66' lang='lat' dir='ltr'><strong>eritjnstus</strong></span> 
     </span>
    </p>
   </div>
   <div class='ocr_carea' id='block_1_102' title="bbox 1869 4300 3454 4384">
    <p class='ocr_par' dir='ltr' id='par_1_102' title="bbox 1869 4300 3454 4384">
     <span class='ocr_line' id='line_1_102' title="bbox 1869 4300 3454 4384; baseline 0.019 -29"><span class='ocrx_word' id='word_1_773' title='bbox 1869 4300 1986 4355; x_wconf 86' lang='lat' dir='ltr'><strong>sine</strong></span> <span class='ocrx_word' id='word_1_774' title='bbox 2014 4301 2123 4358; x_wconf 88' lang='lat' dir='ltr'><strong>ullo</strong></span> <span class='ocrx_word' id='word_1_775' title='bbox 2157 4306 2377 4361; x_wconf 89' lang='lat' dir='ltr'><strong>omnino</strong></span> <span class='ocrx_word' id='word_1_776' title='bbox 2416 4321 2671 4378; x_wconf 88' lang='lat' dir='ltr'><strong>peccato,</strong></span> <span class='ocrx_word' id='word_1_777' title='bbox 2725 4318 2942 4384; x_wconf 86' lang='lat' dir='ltr'><strong>quando</strong></span> <span class='ocrx_word' id='word_1_778' title='bbox 2972 4320 3115 4377; x_wconf 89' lang='lat' dir='ltr'><strong>nulla</strong></span> <span class='ocrx_word' id='word_1_779' title='bbox 3152 4324 3235 4380; x_wconf 82' lang='lat' dir='ltr'><strong>lex</strong></span> <span class='ocrx_word' id='word_1_780' title='bbox 3265 4300 3371 4383; x_wconf 85' lang='lat' dir='ltr'><strong>erit</strong></span> <span class='ocrx_word' id='word_1_781' title='bbox 3399 4330 3454 4384; x_wconf 92' lang='lat' dir='ltr'><strong>in</strong></span> 
     </span>
    </p>
   </div>
   <div class='ocr_carea' id='block_1_103' title="bbox 1871 4392 3453 4489">
    <p class='ocr_par' dir='ltr' id='par_1_103' title="bbox 1871 4392 3453 4489">
     <span class='ocr_line' id='line_1_103' title="bbox 1871 4392 3453 4489; baseline 0.02 -45"><span class='ocrx_word' id='word_1_782' title='bbox 1871 4392 2129 4448; x_wconf 86' lang='lat' dir='ltr'><strong>membris</strong></span> <span class='ocrx_word' id='word_1_783' title='bbox 2150 4395 2267 4464; x_wconf 84' lang='lat' dir='ltr'><strong>ejus</strong></span> <span class='ocrx_word' id='word_1_784' title='bbox 2289 4413 2593 4470; x_wconf 88' lang='lat' dir='ltr'><strong>repugnans</strong></span> <span class='ocrx_word' id='word_1_785' title='bbox 2613 4403 2716 4475; x_wconf 84' lang='lat' dir='ltr'><strong>legi</strong></span> <span class='ocrx_word' id='word_1_786' title='bbox 2742 4409 2940 4466; x_wconf 86' lang='lat' dir='ltr'><strong>mentis</strong></span> <span class='ocrx_word' id='word_1_787' title='bbox 2963 4411 3093 4480; x_wconf 90' lang='lat' dir='ltr'><strong>ejus.</strong></span> <span class='ocrx_word' id='word_1_788' title='bbox 3112 4415 3222 4472; x_wconf 83' lang='lat' dir='ltr'><strong>Nec</strong></span> <span class='ocrx_word' id='word_1_789' title='bbox 3237 4429 3453 4489; x_wconf 86' lang='lat' dir='ltr'><strong>recepta</strong></span> 
     </span>
    </p>
   </div>
   <div class='ocr_carea' id='block_1_104' title="bbox 1871 4482 3455 4581">
    <p class='ocr_par' dir='ltr' id='par_1_104' title="bbox 1871 4482 3455 4581">
     <span class='ocr_line' id='line_1_104' title="bbox 1871 4482 3455 4581; baseline 0.02 -46"><span class='ocrx_word' id='word_1_790' title='bbox 1871 4482 2101 4539; x_wconf 83' lang='lat' dir='ltr'><strong>ulterius</strong></span> <span class='ocrx_word' id='word_1_791' title='bbox 2138 4487 2493 4557; x_wconf 88' lang='lat' dir='ltr'><strong>relinquetur.</strong></span> <span class='ocrx_word' id='word_1_792' title='bbox 2543 4492 2696 4551; x_wconf 88' lang='lat' dir='ltr'><strong>Unde</strong></span> <span class='ocrx_word' id='word_1_793' title='bbox 2735 4498 2884 4565; x_wconf 91' lang='lat' dir='ltr'><strong>dicit,</strong></span> <span class='ocrx_word' id='word_1_794' title='bbox 2921 4500 3231 4563; x_wconf 83' lang='lat' dir='ltr'><strong>Seminatur</strong></span> <span class='ocrx_word' id='word_1_795' title='bbox 3259 4482 3455 4581; x_wconf 78' lang='lat' dir='ltr'><strong>corpus</strong></span> 
     </span>
    </p>
   </div>
   <div class='ocr_carea' id='block_1_105' title="bbox 1871 4572 3456 4670">
    <p class='ocr_par' dir='ltr' id='par_1_105' title="bbox 1871 4572 3456 4670">
     <span class='ocr_line' id='line_1_105' title="bbox 1871 4572 3456 4670; baseline 0.021 -45"><span class='ocrx_word' id='word_1_796' title='bbox 1871 4572 2120 4638; x_wconf 89' lang='lat' dir='ltr'><strong>animale,</strong></span> <span class='ocrx_word' id='word_1_797' title='bbox 2152 4586 2339 4648; x_wconf 89' lang='lat' dir='ltr'><strong>surget</strong></span> <span class='ocrx_word' id='word_1_798' title='bbox 2366 4596 2563 4652; x_wconf 89' lang='lat' dir='ltr'><strong>corpus</strong></span> <span class='ocrx_word' id='word_1_799' title='bbox 2607 4586 2868 4656; x_wconf 89' lang='lat' dir='ltr'><strong>spiritale.</strong></span> <span class='ocrx_word' id='word_1_800' title='bbox 2915 4593 2983 4647; x_wconf 86' lang='lat' dir='ltr'><strong>Et</strong></span> <span class='ocrx_word' id='word_1_801' title='bbox 3019 4596 3143 4665; x_wconf 89' lang='lat' dir='ltr'><strong>quia</strong></span> <span class='ocrx_word' id='word_1_802' title='bbox 3173 4614 3335 4670; x_wconf 91' lang='lat' dir='ltr'><strong>supra</strong></span> <span class='ocrx_word' id='word_1_803' title='bbox 3352 4572 3456 4657; x_wconf 62' lang='lat' dir='ltr'><strong>sc-</strong></span> 
     </span>
    </p>
   </div>
   <div class='ocr_carea' id='block_1_106' title="bbox 1870 4665 3455 4761">
    <p class='ocr_par' dir='ltr' id='par_1_106' title="bbox 1870 4665 3455 4761">
     <span class='ocr_line' id='line_1_106' title="bbox 1870 4665 3455 4761; baseline 0.019 -43"><span class='ocrx_word' id='word_1_804' title='bbox 1870 4665 2104 4721; x_wconf 90' lang='lat' dir='ltr'><strong>cundum</strong></span> <span class='ocrx_word' id='word_1_805' title='bbox 2140 4667 2408 4740; x_wconf 87' lang='lat' dir='ltr'><strong>duplicem</strong></span> <span class='ocrx_word' id='word_1_806' title='bbox 2445 4674 2852 4749; x_wconf 87' lang='lat' dir='ltr'><strong>intelligentiam</strong></span> <span class='ocrx_word' id='word_1_807' title='bbox 2883 4684 3026 4742; x_wconf 89' lang='lat' dir='ltr'><strong>hunc</strong></span> <span class='ocrx_word' id='word_1_808' title='bbox 3065 4665 3255 4743; x_wconf 43' lang='lat' dir='ltr'><strong>locum.</strong></span> <span class='ocrx_word' id='word_1_809' title='bbox 3278 4705 3455 4761; x_wconf 72' lang='lat' dir='ltr'><strong>cmpe-</strong></span> 
     </span>
    </p>
   </div>
   <div class='ocr_carea' id='block_1_107' title="bbox 1873 4765 3455 4842">
    <p class='ocr_par' dir='ltr' id='par_1_107' title="bbox 1873 4765 3455 4842">
     <span class='ocr_line' id='line_1_107' title="bbox 1873 4765 3455 4842; baseline 0.018 -34"><span class='ocrx_word' id='word_1_810' title='bbox 1873 4770 2057 4811; x_wconf 88' lang='lat' dir='ltr'><strong>ramus</strong></span> <span class='ocrx_word' id='word_1_811' title='bbox 2085 4772 2373 4828; x_wconf 80' lang='lat' dir='ltr'><strong>exponere,</strong></span> <span class='ocrx_word' id='word_1_812' title='bbox 2401 4765 2673 4823; x_wconf 81' lang='lat' dir='ltr'><strong>reddenda</strong></span> <span class='ocrx_word' id='word_1_813' title='bbox 2703 4782 2830 4826; x_wconf 90' lang='lat' dir='ltr'><strong>sunt</strong></span> <span class='ocrx_word' id='word_1_814' title='bbox 2853 4788 2972 4842; x_wconf 66' lang='lat' dir='ltr'><strong>qua:</strong></span> <span class='ocrx_word' id='word_1_815' title='bbox 2996 4776 3278 4836; x_wconf 89' lang='lat' dir='ltr'><strong>omisimus</strong></span> <span class='ocrx_word' id='word_1_816' title='bbox 3315 4780 3455 4838; x_wconf 88' lang='lat' dir='ltr'><strong>Caro</strong></span> 
     </span>
    </p>
   </div>
   <div class='ocr_carea' id='block_1_108' title="bbox 1873 4849 3455 4926">
    <p class='ocr_par' dir='ltr' id='par_1_108' title="bbox 1873 4849 3455 4926">
     <span class='ocr_line' id='line_1_108' title="bbox 1873 4849 3455 4926; baseline 0.018 -28"><span class='ocrx_word' id='word_1_817' title='bbox 1873 4849 2189 4918; x_wconf 86' lang='lat' dir='ltr'><strong>concupiscit</strong></span> <span class='ocrx_word' id='word_1_818' title='bbox 2210 4850 2459 4907; x_wconf 81' lang='lat' dir='ltr'><strong>adversus</strong></span> <span class='ocrx_word' id='word_1_819' title='bbox 2485 4857 2749 4926; x_wconf 72' lang='lat' dir='ltr'><strong>spiritum,</strong></span> <span class='ocrx_word' id='word_1_820' title='bbox 2777 4860 2830 4915; x_wconf 90' lang='lat' dir='ltr'><strong>id</strong></span> <span class='ocrx_word' id='word_1_821' title='bbox 2858 4871 2939 4917; x_wconf 90' lang='lat' dir='ltr'><strong>est</strong></span> <span class='ocrx_word' id='word_1_822' title='bbox 2963 4864 3203 4923; x_wconf 79' lang='lat' dir='ltr'><strong>historia:</strong></span> <span class='ocrx_word' id='word_1_823' title='bbox 3229 4852 3291 4923; x_wconf 23' lang='lat' dir='ltr'><strong>et.</strong></span> <span class='ocrx_word' id='word_1_824' title='bbox 3309 4869 3455 4926; x_wconf 90' lang='lat' dir='ltr'><strong>Scri-</strong></span> 
     </span>
    </p>
   </div>
   <div class='ocr_carea' id='block_1_109' title="bbox 1872 4944 3455 5031">
    <p class='ocr_par' dir='ltr' id='par_1_109' title="bbox 1872 4944 3455 5031">
     <span class='ocr_line' id='line_1_109' title="bbox 1872 4944 3455 5031; baseline 0.016 -41"><span class='ocrx_word' id='word_1_825' title='bbox 1872 4946 2044 5007; x_wconf 66' lang='lat' dir='ltr'><strong>ptura:</strong></span> <span class='ocrx_word' id='word_1_826' title='bbox 2073 4955 2302 4997; x_wconf 89' lang='lat' dir='ltr'><strong>carneus</strong></span> <span class='ocrx_word' id='word_1_827' title='bbox 2329 4944 2632 5002; x_wconf 89' lang='lat' dir='ltr'><strong>intellectus</strong></span> <span class='ocrx_word' id='word_1_828' title='bbox 2661 4959 2846 5006; x_wconf 92' lang='lat' dir='ltr'><strong>contra</strong></span> <span class='ocrx_word' id='word_1_829' title='bbox 2872 4953 3180 5026; x_wconf 89' lang='lat' dir='ltr'><strong>allegoriam</strong></span> <span class='ocrx_word' id='word_1_830' title='bbox 3209 4967 3264 5013; x_wconf 89' lang='lat' dir='ltr'><strong>et</strong></span> <span class='ocrx_word' id='word_1_831' title='bbox 3298 4960 3455 5031; x_wconf 86' lang='lat' dir='ltr'><strong>spiri-</strong></span> 
     </span>
    </p>
   </div>
   <div class='ocr_carea' id='block_1_110' title="bbox 1876 5028 3455 5111">
    <p class='ocr_par' dir='ltr' id='par_1_110' title="bbox 1876 5028 3455 5111">
     <span class='ocr_line' id='line_1_110' title="bbox 1876 5028 3455 5111; baseline 0.018 -31"><span class='ocrx_word' id='word_1_832' title='bbox 1876 5028 2041 5083; x_wconf 89' lang='lat' dir='ltr'><strong>talem</strong></span> <span class='ocrx_word' id='word_1_833' title='bbox 2066 5032 2364 5087; x_wconf 85' lang='lat' dir='ltr'><strong>doctrinam</strong></span> <span class='ocrx_word' id='word_1_834' title='bbox 2402 5049 2684 5109; x_wconf 87' lang='lat' dir='ltr'><strong>repugnat.</strong></span> <span class='ocrx_word' id='word_1_835' title='bbox 2719 5040 2949 5111; x_wconf 85' lang='lat' dir='ltr'><strong>Spiritus</strong></span> <span class='ocrx_word' id='word_1_836' title='bbox 2987 5055 3162 5101; x_wconf 87' lang='lat' dir='ltr'><strong>autem</strong></span> <span class='ocrx_word' id='word_1_837' title='bbox 3205 5028 3455 5108; x_wconf 80' lang='lat' dir='ltr'><strong>adversus</strong></span> 
     </span>
    </p>
   </div>
   <div class='ocr_carea' id='block_1_111' title="bbox 1876 5124 3454 5213">
    <p class='ocr_par' dir='ltr' id='par_1_111' title="bbox 1876 5124 3454 5213">
     <span class='ocr_line' id='line_1_111' title="bbox 1876 5124 3454 5213; baseline 0.018 -40"><span class='ocrx_word' id='word_1_838' title='bbox 1876 5136 2086 5176; x_wconf 84' lang='lat' dir='ltr'><strong>carnem</strong></span> <span class='ocrx_word' id='word_1_839' title='bbox 2105 5164 2119 5187; x_wconf 90' lang='lat'><strong>,</strong></span> <span class='ocrx_word' id='word_1_840' title='bbox 2143 5124 2195 5178; x_wconf 87' lang='lat' dir='ltr'><strong>id</strong></span> <span class='ocrx_word' id='word_1_841' title='bbox 2223 5136 2306 5179; x_wconf 90' lang='lat' dir='ltr'><strong>est</strong></span> <span class='ocrx_word' id='word_1_842' title='bbox 2335 5127 2649 5184; x_wconf 88' lang='lat' dir='ltr'><strong>sublimiora</strong></span> <span class='ocrx_word' id='word_1_843' title='bbox 2677 5133 2918 5202; x_wconf 87' lang='lat' dir='ltr'><strong>dejectis,</strong></span> <span class='ocrx_word' id='word_1_844' title='bbox 2950 5145 3150 5193; x_wconf 56' lang='lat' dir='ltr'><strong>alterna</strong></span> <span class='ocrx_word' id='word_1_845' title='bbox 3175 5140 3454 5213; x_wconf 90' lang='lat' dir='ltr'><strong>brevibus,</strong></span> 
     </span>
    </p>
   </div>
   <div class='ocr_carea' id='block_1_112' title="bbox 1877 5215 3455 5302">
    <p class='ocr_par' dir='ltr' id='par_1_112' title="bbox 1877 5215 3455 5302">
     <span class='ocr_line' id='line_1_112' title="bbox 1877 5215 3455 5302; baseline 0.016 -34"><span class='ocrx_word' id='word_1_846' title='bbox 1877 5215 2083 5271; x_wconf 76' lang='lat' dir='ltr'><strong>umbra:</strong></span> <span class='ocrx_word' id='word_1_847' title='bbox 2101 5218 2303 5272; x_wconf 87' lang='lat' dir='ltr'><strong>veritas</strong></span> <span class='ocrx_word' id='word_1_848' title='bbox 2328 5218 2647 5291; x_wconf 79' lang='lat' dir='ltr'><strong>refragatur.</strong></span> <span class='ocrx_word' id='word_1_849' title='bbox 2673 5224 2740 5279; x_wconf 86' lang='lat' dir='ltr'><strong>Et</strong></span> <span class='ocrx_word' id='word_1_850' title='bbox 2766 5240 2995 5285; x_wconf 88' lang='lat' dir='ltr'><strong>carneus</strong></span> <span class='ocrx_word' id='word_1_851' title='bbox 3021 5229 3313 5302; x_wconf 70' lang='lat' dir='ltr'><strong>Scriptum</strong></span> <span class='ocrx_word' id='word_1_852' title='bbox 3338 5250 3455 5292; x_wconf 91' lang='lat' dir='ltr'><strong>sen-</strong></span> 
     </span>
    </p>
   </div>
   <div class='ocr_carea' id='block_1_113' title="bbox 1879 5307 3456 5393">
    <p class='ocr_par' dir='ltr' id='par_1_113' title="bbox 1879 5307 3456 5393">
     <span class='ocr_line' id='line_1_113' title="bbox 1879 5307 3456 5393; baseline 0.016 -35"><span class='ocrx_word' id='word_1_853' title='bbox 1879 5319 1990 5371; x_wconf 80' lang='lat' dir='ltr'><strong>sus,</strong></span> <span class='ocrx_word' id='word_1_854' title='bbox 2014 5307 2139 5375; x_wconf 90' lang='lat' dir='ltr'><strong>quia</strong></span> <span class='ocrx_word' id='word_1_855' title='bbox 2170 5308 2382 5379; x_wconf 88' lang='lat' dir='ltr'><strong>impleri</strong></span> <span class='ocrx_word' id='word_1_856' title='bbox 2410 5326 2515 5393; x_wconf 82' lang='lat' dir='ltr'><strong>non</strong></span> <span class='ocrx_word' id='word_1_857' title='bbox 2544 5323 2725 5383; x_wconf 84' lang='lat' dir='ltr'><strong>potest</strong></span> <span class='ocrx_word' id='word_1_858' title='bbox 2750 5317 2886 5389; x_wconf 90' lang='lat' dir='ltr'><strong>(nec</strong></span> <span class='ocrx_word' id='word_1_859' title='bbox 2913 5320 3057 5376; x_wconf 91' lang='lat' dir='ltr'><strong>enim</strong></span> <span class='ocrx_word' id='word_1_860' title='bbox 3083 5323 3322 5382; x_wconf 86' lang='lat' dir='ltr'><strong>valemus</strong></span> <span class='ocrx_word' id='word_1_861' title='bbox 3344 5343 3456 5385; x_wconf 91' lang='lat' dir='ltr'><strong>om-</strong></span> 
     </span>
    </p>
   </div>
   <div class='ocr_carea' id='block_1_114' title="bbox 1879 5399 3457 5478">
    <p class='ocr_par' dir='ltr' id='par_1_114' title="bbox 1879 5399 3457 5478">
     <span class='ocr_line' id='line_1_114' title="bbox 1879 5399 3457 5478; baseline 0.015 -27"><span class='ocrx_word' id='word_1_862' title='bbox 1879 5399 1967 5452; x_wconf 90' lang='lat' dir='ltr'><strong>nia</strong></span> <span class='ocrx_word' id='word_1_863' title='bbox 1997 5414 2116 5468; x_wconf 84' lang='lat' dir='ltr'><strong>quae</strong></span> <span class='ocrx_word' id='word_1_864' title='bbox 2137 5400 2335 5470; x_wconf 89' lang='lat' dir='ltr'><strong>scripta</strong></span> <span class='ocrx_word' id='word_1_865' title='bbox 2361 5414 2486 5457; x_wconf 88' lang='lat' dir='ltr'><strong>sunt</strong></span> <span class='ocrx_word' id='word_1_866' title='bbox 2514 5402 2738 5478; x_wconf 87' lang='lat' dir='ltr'><strong>facere),</strong></span> <span class='ocrx_word' id='word_1_867' title='bbox 2762 5410 2998 5466; x_wconf 89' lang='lat' dir='ltr'><strong>ostendit</strong></span> <span class='ocrx_word' id='word_1_868' title='bbox 3026 5428 3124 5469; x_wconf 88' lang='lat' dir='ltr'><strong>nos</strong></span> <span class='ocrx_word' id='word_1_869' title='bbox 3151 5430 3257 5471; x_wconf 91' lang='lat' dir='ltr'><strong>non</strong></span> <span class='ocrx_word' id='word_1_870' title='bbox 3281 5417 3334 5472; x_wconf 92' lang='lat' dir='ltr'><strong>in</strong></span> <span class='ocrx_word' id='word_1_871' title='bbox 3363 5434 3457 5474; x_wconf 90' lang='lat' dir='ltr'><strong>no-</strong></span> 
     </span>
    </p>
   </div>
   <div class='ocr_carea' id='block_1_115' title="bbox 1876 5493 3457 5570">
    <p class='ocr_par' dir='ltr' id='par_1_115' title="bbox 1876 5493 3457 5570">
     <span class='ocr_line' id='line_1_115' title="bbox 1876 5493 3457 5570; baseline 0.013 -26"><span class='ocrx_word' id='word_1_872' title='bbox 1876 5500 1987 5545; x_wconf 90' lang='lat' dir='ltr'><strong>stra</strong></span> <span class='ocrx_word' id='word_1_873' title='bbox 2022 5493 2225 5562; x_wconf 88' lang='lat' dir='ltr'><strong>positos</strong></span> <span class='ocrx_word' id='word_1_874' title='bbox 2253 5501 2520 5561; x_wconf 89' lang='lat' dir='ltr'><strong>potestate</strong></span> <span class='ocrx_word' id='word_1_875' title='bbox 2566 5496 2703 5568; x_wconf 87' lang='lat' dir='ltr'><strong>legis</strong></span> <span class='ocrx_word' id='word_1_876' title='bbox 2742 5500 3038 5570; x_wconf 61' lang='lat' dir='ltr'><strong>explenda,</strong></span> <span class='ocrx_word' id='word_1_877' title='bbox 3070 5519 3194 5560; x_wconf 92' lang='lat' dir='ltr'><strong>cum</strong></span> <span class='ocrx_word' id='word_1_878' title='bbox 3239 5508 3457 5567; x_wconf 88' lang='lat' dir='ltr'><strong>etiamsi</strong></span> 
     </span>
    </p>
   </div>
   <div class='ocr_carea' id='block_1_116' title="bbox 1875 5581 3451 5659">
    <p class='ocr_par' dir='ltr' id='par_1_116' title="bbox 1875 5581 3451 5659">
     <span class='ocr_line' id='line_1_116' title="bbox 1875 5581 3451 5659; baseline 0.01 -24"><span class='ocrx_word' id='word_1_879' title='bbox 1875 5581 2103 5637; x_wconf 81' lang='lat' dir='ltr'><strong>velimus</strong></span> <span class='ocrx_word' id='word_1_880' title='bbox 2128 5582 2359 5638; x_wconf 89' lang='lat' dir='ltr'><strong>litteram</strong></span> <span class='ocrx_word' id='word_1_881' title='bbox 2391 5587 2567 5654; x_wconf 91' lang='lat' dir='ltr'><strong>sequi,</strong></span> <span class='ocrx_word' id='word_1_882' title='bbox 2598 5588 3002 5659; x_wconf 90' lang='lat' dir='ltr'><strong>impossibilitas</strong></span> <span class='ocrx_word' id='word_1_883' title='bbox 3043 5610 3151 5650; x_wconf 92' lang='lat' dir='ltr'><strong>non</strong></span> <span class='ocrx_word' id='word_1_884' title='bbox 3197 5597 3451 5652; x_wconf 88' lang='lat' dir='ltr'><strong>admittit.</strong></span> 
     </span>
    </p>
   </div>
   <div class='ocr_carea' id='block_1_117' title="bbox 1950 5671 3457 5759">
    <p class='ocr_par' dir='ltr' id='par_1_117' title="bbox 1950 5671 3457 5759">
     <span class='ocr_line' id='line_1_117' title="bbox 1950 5671 3457 5759; baseline 0.011 -36"><span class='ocrx_word' id='word_1_885' title='bbox 1950 5671 2079 5726; x_wconf 74' lang='grc' dir='ltr'><strong>Ηωε</strong></span> <span class='ocrx_word' id='word_1_886' title='bbox 2108 5674 2245 5727; x_wconf 87' lang='lat' dir='ltr'><strong>enim</strong></span> <span class='ocrx_word' id='word_1_887' title='bbox 2274 5674 2487 5730; x_wconf 85' lang='lat' dir='ltr'><strong>inricem</strong></span> <span class='ocrx_word' id='word_1_888' title='bbox 2513 5678 2878 5747; x_wconf 85' lang='lat' dir='ltr'><strong>adversantur,</strong></span> <span class='ocrx_word' id='word_1_889' title='bbox 2914 5695 2969 5737; x_wconf 91' lang='lat' dir='ltr'><strong>ut</strong></span> <span class='ocrx_word' id='word_1_890' title='bbox 3006 5702 3108 5740; x_wconf 85' lang='lat' dir='ltr'><strong>non</strong></span> <span class='ocrx_word' id='word_1_891' title='bbox 3135 5703 3457 5759; x_wconf 74' lang='lat' dir='ltr'><strong>qutecunque</strong></span> 
     </span>
    </p>
   </div>
   <div class='ocr_carea' id='block_1_118' title="bbox 1875 5762 3454 5834">
    <p class='ocr_par' dir='ltr' id='par_1_118' title="bbox 1875 5762 3454 5834">
     <span class='ocr_line' id='line_1_118' title="bbox 1875 5762 3454 5834; baseline 0.01 -17"><span class='ocrx_word' id='word_1_892' title='bbox 1875 5762 2051 5833; x_wconf 68' lang='lat' dir='ltr'><strong>rutilis,</strong></span> <span class='ocrx_word' id='word_1_893' title='bbox 2089 5765 2189 5820; x_wconf 81' lang='lat' dir='ltr'><strong>ista</strong></span> <span class='ocrx_word' id='word_1_894' title='bbox 2226 5764 2451 5834; x_wconf 70' lang='lat' dir='ltr'><strong>faciatis.</strong></span> <span class='ocrx_word' id='word_1_895' title='bbox 2492 5769 2616 5825; x_wconf 70' lang='lat' dir='ltr'><strong>llaec</strong></span> <span class='ocrx_word' id='word_1_896' title='bbox 2665 5771 2792 5828; x_wconf 90' lang='lat' dir='ltr'><strong>facit</strong></span> <span class='ocrx_word' id='word_1_897' title='bbox 2822 5762 2979 5831; x_wconf 87' lang='lat' dir='ltr'><strong>ratio</strong></span> <span class='ocrx_word' id='word_1_898' title='bbox 3022 5786 3080 5831; x_wconf 90' lang='lat' dir='ltr'><strong>ut</strong></span> <span class='ocrx_word' id='word_1_899' title='bbox 3125 5778 3454 5833; x_wconf 87' lang='lat' dir='ltr'><strong>voluntatem</strong></span> 
     </span>
    </p>
   </div>
  </div>
