4056 6350
613 344 715 403 899

1702 330 1973 391 CLAUDII
2010 333 2469 392 TAURINENSIS
2507 334 2813 393 EPISCOPI

3753 341 3868 397 900

612 471 719 510 non
743 458 1004 523 sequatur
1029 448 1252 506 etl‘cctus
1276 464 1292 503 :
1319 447 1445 519 quia
1473 447 1527 502 in
1560 446 1662 500 hac
1685 447 1795 500 vita
1820 452 2021 517 pugnat
2052 460 2182 501 caro
2208 451 2257 510 Α
2283 447 2701 511 consentientes,
2747 461 2853 502 non
2898 447 3014 503 bare
3051 457 3216 520 agunt
3260 459 3315 507 et
3342 451 3461 508 ideo
3490 467 3722 524 regnum
3761 454 3869 512 Dei

610 557 800 605 contra
846 546 1115 616 spiritum,
1151 551 1206 599 et
1246 543 1468 612 spiritus
1510 540 1769 594 adversus
1813 552 2054 592 carnem.
2095 538 2184 593 Fit

608 654 741 711 ergo
781 652 880 708 per
923 634 1401 691 sanctiﬁcationem
1429 630 1721 701 perlectam
1742 670 1756 694 ,
1787 637 1848 684 ut
1869 630 2044 684 omnis
2066 642 2186 683 can-

609 731 750 785 nalis
793 728 1063 798 appetitus
1107 723 1318 796 spiritui
1365 731 1550 777 nostro
1576 721 1874 775 illuminato
1923 728 1978 774 et
2015 718 2186 772 viviﬁ-

608 830 752 887 cato,
780 821 833 875 id
858 816 942 875 est
965 816 1227 873 voluntati
1252 813 1587 883 subjiciatur.
1621 813 1686 866 Et
1711 813 1851 867 sicut
1880 826 2020 865 nunc
2039 811 2187 866 vide-

610 926 733 966 mus
753 909 938 964 multis
956 907 1253 980 puerilibus
1274 888 1719 960 delectationibus
1741 918 1840 957 nos
1858 917 2045 957 carere
2069 914 2186 972 quae

609 1016 711 1056 nos
748 1014 963 1072 pueros,
1007 999 1053 1053 si
1088 998 1515 1068 denegarcntur,
1561 994 1823 1049 acerrime
1851 992 2184 1057 cruciabant,

610 1091 686 1145 ita
716 1090 1042 1145 credendum
1071 1087 1240 1144 estde
1263 1086 1411 1141 omni
1439 1085 1643 1140 carnali
1667 1083 2018 1139 delaetatione
2046 1081 2189 1135 tutu-

606 1197 731 1237 rum
773 1196 911 1246 esse,
950 1195 1073 1234 cum
1117 1177 1357 1250 perfecta
1406 1176 1666 1232 sanctitas
1714 1183 1886 1229 totum
1916 1173 2187 1229 hominem

608 1271 979 1342 reparaverit;
1016 1285 1160 1324 nunc
1198 1278 1379 1323 autem
1404 1266 1643 1337 quandiu
1672 1273 1758 1320 est
1784 1265 1839 1318 in
1864 1263 2021 1318 nobis
2047 1261 2189 1331 quod
2224 1306 2235 1313 .

608 1365 815 1421 resistit
840 1364 995 1419 bonae
1020 1362 1302 1425 voluntati,
1342 1360 1543 1415 auxilio
1571 1359 1666 1413 Dei
1693 1374 1791 1429 per
1817 1358 1989 1413 bonos
2017 1357 2192 1411 homi-

606 1470 726 1521 nes,
756 1465 811 1510 et
851 1456 1022 1510 bonos
1048 1452 1265 1524 angelos
1296 1451 1620 1522 indigemus,
1667 1456 1729 1503 ut
1764 1448 1936 1503 donec
1969 1454 2191 1501 sanetur

606 1548 801 1602 vulnus
824 1553 1092 1610 nostrum,
1122 1558 1229 1598 non
1252 1543 1326 1597 ita
1351 1541 1666 1596 molestetur
1687 1546 1746 1594 ut
1771 1539 2006 1609 perimat
2024 1537 2192 1592 etiam

604 1640 801 1694 bonam
829 1637 1188 1692 voluntatem:
1221 1635 1360 1689 hanc
1383 1639 1562 1687 autem
1583 1639 1812 1686 mortem
1837 1637 2064 1701 peccato
2084 1641 2193 1682 me-

2281 539 2648 609 possidebunt.
2678 539 2795 594 Non
2833 540 2978 595 enim
3014 541 3128 610 jam
3158 551 3351 612 regnat
3375 553 3662 613 peccatum
3691 544 3744 600 in
3768 562 3870 602 eo-

2284 644 2405 683 rum
2437 630 2649 685 mortali
2674 644 2899 699 corpore
2925 630 2992 685 ad
3027 632 3384 688 obediendum
3413 633 3703 690 desideriis
3723 633 3869 703 ejus,

2283 720 2528 788 quamvis
2553 720 2758 776 habitet
2777 721 2831 775 in
2851 722 3039 777 eodem
3059 722 3276 777 mortali
3296 738 3526 793 corpore
3550 734 3864 794 peccatum,

2283 810 2519 865 nomium
2563 812 2830 867 exstincto
2871 812 3071 883 impetu
3121 816 3521 870 consuetudinis
3563 818 3864 881 naturalis,

2284 914 2389 968 qua
2422 902 2723 957 mertaliter
2744 903 2860 958 nati
2878 918 3085 970 sumus,
3099 912 3155 960 et
3166 919 3231 960 ex
3248 906 3481 976 propriis
3492 908 3621 961 vitae
3642 917 3866 970 nostra.

2284 1003 2408 1043 cum
2433 997 2486 1044 et
2513 1004 2610 1045 nos
2652 991 2753 1061 ipsi
2780 993 3055 1062 peccando
3079 989 3329 1048 auximus
3354 995 3496 1064 quod
3542 996 3613 1049 ab
3657 996 3869 1066 origine

2282 1082 2492 1149 peccati
2523 1083 2744 1137 humani
2782 1084 3145 1141 damnationis
3178 1087 3548 1141 traltebamus.
3583 1087 3748 1142 Aliud
3784 1097 3871 1143 est

2286 1168 2431 1223 enim
2456 1184 2560 1224 non
2591 1185 2835 1240 peccare,
2864 1173 3005 1228 aliud
3032 1189 3138 1228 non
3168 1175 3369 1231 habere
3396 1180 3708 1245 peccatum.
3733 1178 3870 1233 Nam

2287 1257 2340 1312 in
2368 1275 2476 1329 quo
2495 1268 2773 1329 peccatum
2800 1278 2906 1317 non
2935 1273 3144 1333 regnat,
3176 1281 3282 1319 non
3310 1276 3533 1335 peccat,
3574 1268 3630 1323 id
3658 1278 3748 1323 est
3779 1269 3872 1339 qui

2287 1361 2394 1402 non
2423 1350 2641 1404 obediat
2682 1351 2964 1408 desideriis
3000 1352 3135 1422 ejus.
3178 1354 3235 1408 ln
3270 1371 3377 1426 quo
3414 1366 3599 1412 autem
3627 1374 3737 1412 non
3760 1361 3872 1415 exi-

2287 1444 2436 1491 stunt
2459 1440 2678 1494 omnino
2716 1440 2820 1494 ista
2863 1441 3150 1507 desideria,
3180 1458 3288 1498 non
3319 1445 3493 1517 solun:
3523 1462 3635 1501 non
3663 1459 3873 1517 peccat,

2288 1526 2381 1581 sed
2425 1527 2586 1582 etiam
2632 1544 2739 1584 non
2789 1530 2951 1585 habet
2979 1540 3280 1600 peccatum.
3317 1535 3473 1602 Quod
3515 1538 3689 1592 etiam
3726 1541 3773 1593 si
3804 1556 3872 1595 ex

2289 1617 2475 1673 multis
2500 1621 2746 1689 partibus
2767 1621 2822 1675 in
2844 1620 2948 1677 ista
2974 1624 3086 1677 vita
3112 1626 3286 1694 possit
3308 1625 3478 1692 ellici,
3515 1640 3588 1683 ex
3614 1632 3770 1685 omni
3800 1640 3874 1686 ta-

604 1733 841 1795 ruimus,
870 1729 1015 1801 quod
1041 1736 1320 1797 peccatum
1358 1734 1478 1781 erat
1507 1725 1727 1780 omnino
1762 1724 1816 1779 in
1844 1724 2018 1779 libero
2050 1722 2193 1777 arbi-

2291 1723 2416 1764 men
2460 1719 2615 1779 parte
2651 1726 2760 1767 non
2799 1713 2906 1769 nisi
2945 1714 3001 1769 in
3032 1719 3428 1774 resurrectione
3467 1722 3681 1788 carnis,
3718 1732 3875 1793 atque

604 1822 745 1877 trio:
784 1795 907 1877 cum
942 1822 995 1877 in
1037 1795 1289 1891 paradiso
1313 1819 1492 1874 nullus
1521 1817 1675 1873 dolor
1709 1817 2004 1888 denegaret
2045 1812 2191 1870 dele-

2291 1802 2713 1858 commutatione
2740 1807 3102 1876 peragendum
3124 1817 3230 1863 est.
3258 1808 3369 1865 Cur
3388 1827 3521 1883 ergo
3548 1814 3671 1869 hzec
3694 1817 3875 1870 omnia

604 1917 870 1971 ctationes
898 1913 1163 1970 voluntati
1202 1912 1388 1979 bonae,
1425 1925 1527 1968 nec
1561 1911 1852 1981 quidquam
1894 1917 2047 1963 recte
2090 1908 2189 1963 ha-

608 2009 757 2064 benti
780 2022 838 2063 se
861 2007 1067 2063 homini
1099 2005 1405 2062 resistebat.
1443 2002 1600 2058 Nunc
1631 2016 1761 2056 vero
1788 1999 2046 2071 paulatim
2069 1997 2190 2053 sub

609 2113 805 2169 repens
830 2096 1115 2153 delectatio
1136 2094 1434 2151 mortiﬁcat
1467 2094 1723 2158 animam,
1755 2100 1817 2146 ut
1846 2091 1890 2146 si
1918 2089 2190 2147 abstinere

606 2189 756 2253 velit,
784 2187 901 2243 sine
929 2187 1174 2241 molestia
1206 2191 1261 2240 et
1282 2198 1483 2255 angore
1509 2196 1617 2238 non
1644 2182 1835 2251 possit.

682 2278 837 2347 Quod
862 2280 909 2334 si
937 2274 1125 2350 spiritu
1158 2276 1435 2342 ducimini,
1465 2293 1567 2331 non
1590 2277 1712 2330 estis
1732 2273 1827 2329 sub
1856 2273 1984 2345 lege.
2016 2273 2090 2329 Ut
2116 2268 2193 2329 in-

605 2369 909 2438 telligamus
932 2382 1026 2422 eos
1049 2368 1149 2421 sub
1169 2366 1285 2437 lege
1309 2380 1450 2430 esse,
1473 2380 1704 2435 quorum
1726 2362 1950 2434 spiritus
1971 2362 2047 2418 ita
2068 2377 2192 2418 con-

608 2458 840 2528 cupiscit
882 2459 1139 2515 adversus
1174 2472 1413 2522 carnem,
1443 2465 1632 2511 utnon
1673 2469 1737 2510 ea
1764 2470 1884 2525 qua:
1904 2454 2092 2509 volunt
2117 2452 2194 2508 fa-

606 2549 776 2615 ciant,
807 2549 861 2603 id
888 2556 973 2604 est
1010 2563 1113 2603 non
1146 2563 1206 2603 se
1237 2554 1454 2602 teneant
1485 2544 1805 2615 conjunctos
1836 2543 1891 2599 in
1925 2543 2193 2599 charitatc

605 2638 850 2709 iustitiae,
875 2639 971 2694 sed
994 2655 1024 2694 a
1046 2639 1460 2709 concupiscente
1486 2636 1771 2692 adversum
1793 2648 1851 2691 se
1873 2648 2056 2699 carne,
2077 2632 2196 2688 vin-

602 2739 819 2788 cantur.
847 2730 966 2786 Non
989 2730 1162 2786 solum
1191 2744 1252 2785 ea
1271 2736 1609 2800 repugnante
1635 2727 1743 2799 legi
1763 2726 1961 2783 mentis
1981 2738 2191 2790 eorum,

605 2823 705 2877 sed
733 2822 897 2877 etiam
932 2822 1241 2891 captivante
1274 2820 1394 2875 illos
1428 2820 1527 2874 sub
1551 2819 1671 2886 lege
1693 2817 1928 2887 peccati,
1956 2831 2075 2887 quae
2110 2823 2194 2870 est

610 2913 667 2966 in
693 2912 955 2966 membris
979 2910 1319 2965 mortalibus.
1345 2909 1447 2976 Qui
1478 2910 1623 2964 enim
1648 2922 1756 2964 non
1792 2910 2063 2964 ducuntur
2085 2905 2195 2977 spi-

603 3002 735 3066 ritu,
762 3001 1007 3070 Sequitur
1026 3008 1088 3054 ut
1111 3015 1276 3055 carne
1305 3000 1590 3056 ducantur.
1618 2999 1735 3055 Non
1762 3009 1943 3055 autem
1966 2998 2078 3070 pati
2100 2999 2195 3054 ad-

2288 1899 2345 1947 et
2365 1893 2451 1948 his
2475 1893 2673 1949 similia
2693 1895 2883 1951 doctor
2907 1898 3147 1968 gentium
3169 1900 3221 1954 in
3243 1899 3348 1957 ﬁde
3367 1910 3423 1957 et
3444 1905 3686 1960 veritate
3714 1922 3875 1977 opera

2288 1986 2469 2060 carnis
2495 1987 2760 2056 appellat,
2799 1984 2903 2043 nisi
2936 1991 3064 2058 quia
3107 2002 3175 2046 eo
3212 1992 3499 2050 locutionis
3538 1997 3736 2063 modo,
3773 2013 3877 2068 quo

2289 2082 2461 2129 totum
2490 2076 2822 2147 signiﬁcatur
2855 2095 2888 2133 a
2917 2089 3093 2150 parte,
3120 2082 3298 2152 ipsum
3332 2085 3611 2141 hominem
3639 2088 3763 2143 vult
3787 2103 3880 2143 no-

2289 2163 2435 2221 mine
2454 2168 2638 2222 carnis
2659 2160 2919 2241 intelligi?
2940 2171 3094 2239 Quod
3120 2175 3167 2228 si
3192 2175 3481 2245 quisquam
3500 2179 3637 2234 dicit
3657 2196 3879 2237 carnem

2288 2266 2509 2311 causam
2533 2272 2654 2313 esse
2688 2258 2745 2314 in
2788 2260 2947 2316 malis
2987 2264 3229 2320 moribus
3246 2280 3703 2339 quorumcunqne
3725 2271 3880 2326 vitio-

2290 2362 2432 2415 rum,
2458 2364 2525 2405 eo
2550 2350 2695 2419 quod
2721 2352 2900 2408 anima
2926 2369 3091 2411 carne
3116 2355 3354 2426 perfecta
3392 2358 3473 2414 sic
3500 2360 3637 2414 vivit
3655 2400 3673 2426 ,
3702 2361 3880 2432 profe-

2288 2447 2380 2497 cto
2408 2455 2516 2496 non
2546 2442 2860 2498 universam
2903 2445 3141 2502 hominis
3173 2456 3423 2504 naturam
3466 2450 3762 2521 diligenter
3789 2454 3880 2507 ad-

2289 2531 2475 2586 vertit.
2524 2531 2660 2587 Nam
2707 2546 2906 2603 corpus
2953 2536 3170 2606 quidem
3213 2538 3572 2611 corruptibile
3621 2551 3880 2615 aggravat

2290 2623 2550 2679 animam.
2593 2623 2884 2696 Corruptio
2917 2636 3094 2684 autem
3125 2632 3398 2701 corporis,
3450 2649 3578 2704 qua:
3623 2647 3882 2707 aggravat

2290 2717 2552 2784 animam,
2578 2733 2686 2774 non
2706 2720 2914 2788 peccati
2937 2721 3098 2791 primi
3123 2732 3413 2789 estcausa,
3438 2728 3533 2781 sed
3560 2743 3750 2798 poena.
3777 2728 3880 2784 Nec

2291 2822 2422 2864 caro
2462 2809 2829 2879 corruptibilis
2856 2812 3092 2868 animam
3129 2816 3507 2884 peccatricem,
3556 2820 3653 2875 sed
3706 2823 3879 2876 anima

2288 2900 2567 2968 peccatrix
2606 2899 2736 2955 fecit
2779 2915 2900 2957 esse
2942 2904 3343 2974 corruptibilem
3382 2922 3634 2963 carnem:
3672 2925 3747 2965 ex
3781 2925 3877 2979 qua

2288 2991 2639 3060 corruptione
2684 2993 2897 3059 carnis,
2942 2994 3070 3050 licet
3112 2995 3347 3051 existant
3392 2999 3647 3066 quadam
3694 3000 3880 3055 incita-

609 3092 925 3148 versitatem
954 3092 1154 3156 carnis,
1185 3093 1277 3147 sed
1305 3092 1428 3147 duci
1458 3108 1487 3146 a
1511 3106 1675 3147 carne
1702 3091 1975 3148 damnatio
1999 3100 2103 3147 est.
2125 3088 2192 3145 Et
2223 3143 2261 3156 η
2293 3092 2476 3137 menla
2502 3083 2784 3150 vitiorum.
2805 3094 2862 3140 et
2883 3085 2999 3155 ipsa
3026 3087 3294 3143 desideria
3316 3090 3527 3155 vitiosa,
3560 3107 3673 3146 non
3704 3102 3879 3147 tamen

609 3185 761 3248 ideo,
809 3183 962 3251 Quod
1006 3184 1053 3238 si
1097 3182 1289 3253 spiritu
1330 3182 1606 3247 ducimini,
1643 3183 1838 3253 inquit,
1870 3196 1977 3237 non
2016 3181 2191 3237 adhuc

604 3276 737 3331 estis
761 3275 860 3329 sub
883 3274 1019 3346 lege.
1042 3274 1177 3328 Nam
1200 3281 1255 3328 et
1272 3274 1520 3343 superius
1542 3289 1651 3329 non
1676 3274 1773 3338 ait,
1794 3274 1985 3344 spiritu
2009 3273 2193 3327 ambu-

603 3367 727 3431 late,
760 3376 807 3420 et
836 3366 1279 3437 concupiscentias
1315 3367 1492 3421 carnis
1514 3383 1624 3422 non
1652 3365 1976 3432 habueritis,
2009 3368 2103 3423 sed
2127 3383 2190 3423 ne

602 3456 941 3527 perfeceritis.
970 3455 1177 3526 Quippe
1201 3471 1295 3511 eas
1315 3457 1536 3511 omnino
1563 3472 1670 3511 non
1699 3457 1922 3522 habere,
1949 3472 2057 3511 non
2076 3456 2189 3524 jam

603 3557 902 3612 certamen,
929 3547 1022 3601 sed
1047 3546 1360 3602 certaminis
1389 3546 1671 3617 prtemium
1696 3555 1780 3601 est
1799 3585 1813 3610 ,
1852 3545 1897 3600 si
1941 3546 2189 3600 obtinue-

604 3640 776 3695 rimus
814 3638 1093 3695 victoriam
1121 3638 1519 3709 perseverando
1565 3638 1665 3692 sub
1706 3637 1898 3706 gratia.
1937 3635 2191 3691 Commu-

603 3731 738 3785 tatio
770 3730 914 3785 enim
945 3728 1187 3798 corporis
1212 3729 1268 3783 in
1307 3726 1669 3782 immortalem
1700 3733 1899 3781 statum
1928 3724 2042 3781 sola
2071 3741 2192 3779 car-

602 3820 690 3875 nis
720 3820 1186 3890 concupiscentias
1211 3833 1318 3872 non
1354 3816 1595 3873 habebit.
1633 3817 1700 3871 Et
1724 3817 1767 3872 si
1795 3832 1891 3874 vos
1918 3825 2061 3870 totos
2083 3815 2194 3884 spio

604 3911 851 3967 ritalibus
871 3910 1170 3981 occupetis,
1187 3926 1295 3966 non
1319 3910 1473 3965 vobis
1497 3925 1634 3979 opus
1654 3918 1736 3965 est
1755 3908 1862 3972 lex,
1883 3906 2191 3963 carnalibus

604 4007 729 4061 data
760 4013 863 4061 est.
915 4004 976 4060 Si
1006 4006 1229 4076 spiritu,
1277 4004 1470 4073 inquit,
1520 4001 1772 4059 ducimini
1812 4017 1916 4055 non
1943 4000 2064 4054 estis
2094 3998 2189 4052 sub

609 4099 741 4167 lege.
778 4097 975 4166 Utique
1016 4097 1141 4168 legi,
1171 4112 1291 4166 quae
1327 4096 1578 4151 timorem
1620 4094 1835 4156 incutit,
1862 4107 1970 4147 non
2006 4091 2194 4146 tribuit

607 4185 954 4250 charitatem,
983 4187 1110 4255 quia
1138 4185 1368 4239 charitas
1397 4185 1493 4239 Dei
1521 4183 1719 4254 diffusa
1748 4194 1823 4238 est
1860 4183 1914 4237 in
1950 4182 2191 4237 cordibus

606 4275 807 4331 vestris.
836 4273 956 4329 Non
983 4289 1080 4344 per
1103 4274 1238 4346 legis
1274 4274 1509 4329 litteram
1527 4314 1541 4335 ,
1569 4274 1664 4329 sed
1684 4289 1775 4344 per
1796 4273 2039 4344 spiritum
2063 4290 2190 4327 san-

606 4375 770 4430 ctum,
800 4366 891 4436 qui
933 4365 1090 4420 datus
1121 4374 1196 4457 est
1241 4365 1390 4420 nobis
1419 4363 1592 4437 (Rom.
1630 4363 1707 4434 v).
1737 4362 1864 4420 Haec
1903 4374 1988 4420 est
2014 4364 2096 4419 lex
2128 4364 2193 4418 li-

604 4456 853 4539 bertatis',
885 4473 990 4513 non
1017 4457 1315 4555 servitutis.
1346 4457 1404 4512 1n
1444 4464 1703 4527 quantum
1730 4456 1960 4526 quisque
1996 4456 2189 4526 spiritu
2214 4494 2269 4555 Β

605 4546 841 4613 ducitur,
882 4563 988 4602 non
1017 4538 1105 4603 est:
1126 4547 1229 4602 sub
1269 4547 1426 4619 lege:
1462 4547 1586 4618 quia
1633 4555 1895 4617 quantum
1943 4545 2191 4602 condele-

606 4644 786 4691 ctatur
809 4636 910 4707 legi
935 4636 1054 4704 Dei,
1084 4653 1189 4693 non
1216 4646 1300 4694 est
1332 4638 1430 4693 sub
1462 4637 1596 4707 legis
1631 4638 1842 4703 timore,
1873 4636 1998 4705 quia
2028 4634 2189 4689 timor

608 4737 933 4785 tormentum
962 4730 1143 4797 habet,
1172 4747 1279 4786 non
1306 4730 1715 4786 delectationem

676 4819 963 4891 Manifesta
994 4831 1171 4876 autem
1194 4830 1315 4876 sunt
1339 4837 1497 4891 opera
1518 4821 1693 4874 carnis
1712 4835 1829 4890 qua:
1854 4827 1994 4882 sunt,
2019 4817 2186 4887 forni-

606 4910 765 4972 catio,
791 4911 1148 4977 immunditia,
1178 4911 1528 4982 impudicitia,
1553 4909 1816 4964 idolorum
1844 4910 2084 4973 semitas,
2107 4925 2188 4963 ve-

608 4997 816 5065 neﬁcia,
842 4997 1152 5064 inimicitiw,
1175 4999 1547 5064 contentiones,
1573 4998 1949 5063 animositates,
1975 4996 2193 5051 tantula—

609 5084 794 5149 tiones,
813 5086 930 5151 iraa,
946 5089 1096 5153 τίπτε,
1116 5086 1485 5152 dissensiones,
1510 5087 1754 5152 Iurreses,
1782 5087 2013 5154 incidite,
2035 5086 2197 5142 ebrie-

610 5182 706 5237 tes,
740 5177 1158 5232 comessationes.
1203 5177 1385 5249 Agunt
1420 5185 1604 5231 autem
1633 5177 1770 5243 haec,
1810 5178 1902 5248 qui
1930 5179 2193 5248 cupidita-

611 5264 755 5318 tibus
783 5266 1089 5323 carnalibus
1124 5268 1526 5325 consenticntcs
1563 5268 1811 5324 facienda
1847 5284 1967 5325 esse
2003 5270 2195 5325 decer-

610 5364 783 5421 nunt,
832 5358 1039 5415 etiamsi
1087 5360 1155 5416 ad
1202 5359 1531 5431 implendum
1579 5359 1809 5417 facultas
1856 5377 1964 5415 non
2013 5363 2190 5416 datur.

610 5441 876 5500 Cancrum
904 5448 995 5518 qui
1043 5457 1334 5521 tanguntur
1374 5450 1683 5521 hujusmodi
1714 5451 1972 5515 motibus,
2010 5459 2066 5505 et
2094 5452 2192 5506 im-

612 5535 837 5591 mobiles
868 5537 919 5592 in
951 5541 1156 5612 majore
1197 5542 1466 5597 charitatc
1505 5543 1829 5598 consistunt.
1873 5542 1990 5597 Non
2021 5543 2191 5599 solum

612 5641 719 5681 non
756 5627 836 5682 eis
865 5629 1181 5684 exhibentes
1219 5633 1460 5686 membra
1492 5634 1737 5705 corporis
1781 5634 1847 5689 ad
1892 5635 2030 5689 male
2069 5650 2195 5706 ope-

610 5715 860 5783 rantium,
887 5719 979 5774 sed
1003 5734 1178 5788 neque
1200 5730 1328 5775 nutu
1355 5724 1724 5781 consensionis
1743 5725 1810 5779 ad
1833 5727 2192 5794 exhilmndurn

2293 3175 2473 3229 omnia
2499 3176 2623 3230 vita:
2646 3175 2845 3246 iniqua:
2864 3177 2995 3232 vitia
3026 3179 3306 3234 tribuenda
3343 3189 3469 3235 sunt
3496 3184 3650 3237 carni
3671 3224 3689 3248 ,
3721 3199 3791 3237 ne
3816 3184 3880 3238 ab

2292 3265 2380 3320 his
2404 3266 2652 3321 omnibus
2686 3281 2976 3337 purgemus
3016 3267 3324 3335 diabolum,
3370 3272 3465 3341 qui
3507 3288 3737 3328 carnem
3779 3289 3876 3328 non

2293 3355 2474 3410 habet.
2507 3354 2637 3422 Quis
2672 3356 2819 3410 enim
2849 3358 3186 3426 servitutem,
3216 3376 3338 3431 quae
3373 3362 3533 3418 idolis
3565 3364 3875 3429 exhibetur,

2290 3446 2570 3510 veneﬁcia,
2589 3447 2919 3514 inimicitias,
2943 3452 3338 3513 contentiones,
3353 3454 3754 3523 (simulationes,
3778 3457 3879 3511 ani-

2294 3537 2592 3599 mositates,
2629 3537 3013 3603 dissensiones,
3052 3539 3319 3607 haereses,
3365 3544 3619 3610 invidias,
3649 3563 3760 3601 non
3792 3562 3879 3618 po-

2294 3629 2399 3683 tius
2422 3629 2683 3699 intelligat
2710 3632 2876 3686 animi
2909 3633 3038 3687 vitia
3068 3649 3191 3690 esse
3233 3650 3396 3705 quam
3434 3639 3662 3694 carnis?
3699 3641 3877 3707 Quaa-

2295 3721 2585 3789 doquidem
2609 3722 2725 3777 ﬁeri
2753 3732 2930 3792 potest
2951 3737 3011 3779 ut
3026 3734 3251 3796 propter
3278 3728 3643 3784 idololatriam
3666 3732 3760 3785 vel
3781 3733 3879 3787 ba:-

2293 3814 2429 3868 rcsis
2452 3813 2679 3883 alicujus
2702 3831 2944 3871 errorem
2965 3833 2995 3871 a
3022 3818 3390 3887 voluptatibus
3409 3824 3657 3892 corporis
3684 3833 3879 3894 tempe-

2294 3913 2482 3960 rctur:
2508 3914 2561 3960 ct
2600 3916 2776 3961 tamen
2805 3910 2971 3963 cziam
3002 3917 3127 3965 tunc
3170 3912 3362 3976 homo‘,
3409 3916 3659 3983 quamvis
3700 3918 3880 3971 carnis

2293 3996 2567 4053 libidinem
2613 4007 2961 4055 contemnere
3002 4011 3168 4072 atque
3209 4003 3464 4059 cohibere
3490 4006 3770 4072 videatur,
3800 4023 3881 4063 se-

2292 4089 2528 4143 cundum
2576 4104 2794 4145 carnem
2839 4091 3025 4147 vivere
3068 4093 3172 4149 hac
3215 4096 3511 4165 apostolica
3555 4101 3878 4154 auctoritate

2293 4181 2666 4248 convincitur,
2704 4189 2761 4237 et
2800 4183 2854 4237 in
2886 4199 2952 4239 eo
2979 4184 3122 4255 quod
3165 4187 3401 4242 abstinet
3440 4203 3471 4243 a
3512 4188 3880 4257 voluptatibus

2290 4269 2492 4335 carnis,
2524 4271 2853 4327 damuabilia
2877 4288 3039 4344 opera
3066 4276 3248 4332 carnis
3269 4291 3432 4349 agere
3452 4279 3877 4343 demonstratur,

2292 4361 2494 4416 etenim
2521 4363 2565 4417 si
2596 4363 2843 4420 diabolus
2871 4379 2934 4419 ea
2960 4380 3081 4436 quae
3110 4367 3407 4424 fornicator
3426 4370 3560 4440 agit,
3586 4369 3672 4425 vel
3693 4370 3879 4426 ebrio-

2294 4470 2409 4523 sus,
2439 4457 2524 4513 vel
2552 4458 2598 4513 si
2624 4459 2753 4528 quid
2780 4461 2983 4515 homini
3014 4462 3141 4516 mali
3171 4471 3254 4517 est
3278 4465 3419 4532 quod
3448 4464 3515 4518 ad
3542 4465 3727 4520 carnis
3758 4480 3877 4535 per-

2300 4549 2432 4603 tinet
2461 4550 2784 4620 voluptates,
2815 4568 2922 4607 non
2967 4555 3098 4626 agit,
3146 4557 3237 4627 qui
3266 4572 3485 4612 carnem
3521 4573 3627 4613 non
3673 4558 3877 4625 habet,

2299 4656 2405 4695 non
2437 4649 2615 4712 potest
2639 4641 2745 4698 diei
2775 4645 2980 4714 absque
3004 4647 3193 4717 culpa,
3224 4663 3347 4702 cum
3386 4648 3457 4702 sit
3478 4649 3641 4702 etiam
3684 4650 3875 4704 talium

2301 4730 2585 4784 criminum
2628 4746 2819 4785 suasor
2842 4742 2898 4788 et
2941 4734 3224 4802 instigator
3261 4736 3537 4792 occultus:
3577 4746 3661 4792 est
3694 4747 3876 4793 tamen

2298 4822 2534 4875 maxime
2556 4823 2818 4892 superbus
2847 4831 3010 4894 atque
3041 4826 3273 4891 invidus,
3295 4843 3416 4897 qua:
3436 4828 3581 4882 illum
3608 4830 3877 4884 vitiositas

2297 4910 2379 4965 sic
2397 4911 2648 4977 obtinuit,
2675 4923 2737 4966 ut
2764 4923 2984 4984 propter
3013 4916 3116 4969 hoc
3143 4923 3290 4971 esset
3324 4920 3378 4971 in
3409 4918 3719 4973 carceribus
3750 4917 3878 4972 cali-

2293 5000 2468 5069 ginosi
2498 5000 2658 5071 hujus
2685 5003 2828 5057 aeris
2864 5012 3069 5059 aeterno
3103 5006 3368 5076 supplicio
3395 5007 3713 5063 destinatus.
3759 5007 3878 5063 Et:

2295 5100 2478 5145 autem
2500 5091 2787 5162 vitia,qu:e
2812 5101 2998 5149 tenent
3020 5095 3073 5149 in
3092 5095 3309 5152 diabolo
3330 5099 3709 5168 principatum,
3726 5098 3878 5154 carni

2296 5181 2489 5237 tribuit
2511 5181 2817 5252 Apostolus,
2846 5200 3005 5255 quam
3023 5197 3231 5241 certum
3257 5199 3339 5243 est
3359 5190 3630 5245 diabolum
3653 5205 3764 5244 non
3790 5193 3877 5245 ha-

2294 5273 2444 5329 bere.
2479 5273 2618 5330 Dicit
2644 5276 2786 5330 enim
2814 5276 3143 5343 inimicitias,
3166 5282 3559 5347 contentiones,
3584 5283 3878 5337 aemulatio-

2297 5379 2411 5428 nes,
2443 5366 2833 5430 animositates,
2867 5367 3119 5435 invidias,
3150 5385 3315 5441 opera
3353 5388 3475 5429 esse
3501 5374 3706 5430 carnis.
3739 5376 3881 5442 Quo-

2297 5471 2418 5510 rum
2442 5457 2683 5511 omnium
2727 5457 2992 5513 malorum
3031 5470 3193 5531 caput
3227 5471 3390 5533 atque
3427 5465 3581 5535 origo
3624 5466 3875 5537 superbia

2297 5559 2400 5613 cst,
2428 5564 2548 5617 quae
2575 5548 2693 5604 sine
2720 5564 2885 5605 carne
2906 5561 3098 5621 regnat
3124 5554 3179 5608 in
3207 5555 3441 5611 diabolo.
3471 5556 3542 5611 At
3562 5556 3679 5612 haec
3701 5558 3875 5613 omnia

2296 5655 2418 5694 cum
2448 5640 2644 5696 habeat
2670 5641 2760 5697 ille
2785 5644 2906 5700 sine
2928 5660 3115 5712 carne,
3140 5649 3412 5717 quomodo
3436 5659 3560 5704 sunt
3583 5650 3683 5704 ista
3713 5664 3873 5721 opera

2297 5729 2496 5796 carnis,
2527 5729 2629 5787 nisi
2665 5732 2790 5802 quia
2827 5749 2991 5804 opera
3021 5745 3147 5792 sunt
3172 5737 3438 5805 hominis,
3475 5754 3636 5809 quem
3664 5740 3874 5794 nomine
