4056 6350
234 346 340 404 90!

1166 338 1419 396 ENARR.
1462 338 1528 393 IN
1571 337 1791 393 EPIST.
1833 337 1896 390 D.
1934 335 2140 391 PAULI
2178 334 2271 389 AD
2310 333 2551 391 GALAT.

3396 334 3503 393 90%

227 467 416 529 carnis
442 462 714 537 appellat?
738 460 796 517 Si
819 461 962 516 enim
987 457 1250 528 sapientia
1275 455 1457 511 carnis
1486 453 1701 508 inimica
1737 454 1821 502 est
1846 446 1898 509 Α
1923 445 2265 513 charitatem,
2298 462 2458 515 quem
2495 461 2603 501 non
2632 447 2940 503 divinarum
2968 447 3272 507 litterarum
3293 450 3501 507 studio-

230 562 366 624 Deo,
415 557 635 613 inimica
678 560 856 608 autem
899 558 1026 606 sunt
1064 548 1245 603 omnia
1283 546 1535 614 dogmata
1572 540 1824 597 falsitatis

228 653 346 707 Deo
382 646 759 720 repugnantia,
785 648 1180 713 consequenter
1201 640 1435 694 haereses
1463 636 1694 691 inimica:
1710 634 1822 689 Deo

234 743 307 798 ad
349 741 530 796 carnis
565 753 730 808 opera
759 734 1091 790 referuntur.
1140 729 1371 787 Hacresis
1418 737 1597 783 autem
1632 725 1821 782 Graece

233 833 308 887 ab
329 830 593 886 electione
620 826 841 890 dicitur,
863 824 1006 895 quod
1029 822 1236 877 scilicet
1253 834 1376 876 eam
1402 817 1505 874 sibi
1540 816 1823 885 unusquis-

231 936 343 991 que
370 920 534 993 eligat
575 917 937 988 disciplinam,
982 929 1143 983 quam
1172 919 1327 983 putat
1363 925 1484 967 esse
1516 909 1818 966 meliorem.

234 1014 556 1081 Quicunque
584 1009 751 1080 igitur
792 1006 952 1061 aliter
975 1004 1311 1075 Scripturam
1347 1000 1619 1071 intelligit,
1658 1014 1819 1068 quam

230 1104 432 1163 sensus
455 1103 692 1174 Spiritus
715 1099 888 1155 sancti
912 1097 1139 1169 flagitat,
1164 1110 1271 1165 quo
1294 1094 1600 1164 conscripta
1624 1101 1729 1156 est,
1758 1090 1821 1145 li-

236 1204 329 1255 cet
351 1197 417 1254 de
444 1193 685 1251 Ecclesia
716 1208 821 1247 non
850 1190 1170 1254 recesserit,
1212 1197 1391 1243 tamen
1416 1186 1701 1241 haereticus
1727 1198 1821 1253 ap-

235 1285 430 1358 pellari
454 1291 654 1355 potest,
680 1292 735 1338 et
768 1284 833 1337 de
857 1281 1039 1337 carnis
1064 1280 1317 1339 oneribus
1342 1287 1429 1334 est
1470 1278 1675 1333 eliaens
1698 1291 1820 1346 quae

218 1375 424 1446 'pejora
455 1382 600 1430 sunt.
1298 1366 1329 1400 ‘

310 1465 383 1520 Et
406 1466 488 1520 his
506 1463 735 1529 similia,
762 1478 881 1534 qua:
928 1462 1159 1533 prmdico
1194 1461 1365 1524 vobis,
1398 1460 1532 1515 sicut
1572 1459 1816 1531 prrrdiazi,

234 1557 487 1629 quoniam
515 1556 604 1627 qui
632 1554 765 1609 talia
791 1560 971 1625 agunt,
1007 1569 1221 1624 regnum
1257 1553 1353 1607 Dei
1378 1569 1481 1607 non
1503 1566 1819 1622 consequere-

236 1660 348 1704 tur.
376 1648 563 1703 Potest
598 1654 777 1703 autem
819 1659 1037 1700 movere
1069 1646 1214 1716 quod
1251 1646 1347 1711 ait,
1370 1659 1489 1716 quia
1525 1644 1643 1698 dico
1676 1643 1817 1698 vobis

236 1741 378 1796 sicut
405 1738 648 1809 pradixi,
676 1737 927 1807 quoniam
957 1735 1048 1806 qui
1088 1734 1219 1790 talia
1255 1744 1438 1805 agunt,
1466 1748 1683 1804 regnum
1720 1732 1818 1786 Dei

238 1846 349 1886 non
374 1827 731 1900 possidebunt,
746 1827 791 1881 si
814 1833 1089 1896 quaeratur
1107 1825 1198 1881 ubi
1218 1827 1320 1880 ista
1341 1823 1672 1896 praedixerit,
1692 1837 1820 1877 nam

239 1919 302 1975 in
324 1920 427 1974 hac
453 1917 692 1987 Epistola
714 1931 820 1970 non
841 1914 1133 1971 invenitur.
1160 1915 1304 1987 Ergo
1328 1922 1421 1970 aut
1438 1929 1677 1985 praesens
1696 1928 1821 1969 cum

238 2015 409 2072 esset,
444 2006 547 2061 hoc
572 2005 897 2075 praedixerat
918 2020 933 2070 ;
956 2012 1051 2059 aut
1077 2012 1403 2075 cognoverat
1425 2003 1733 2074 pervenisse
1752 2002 1820 2059 ad

236 2095 365 2151 illos
384 2095 676 2165 Epistolam
693 2109 813 2163 quae
837 2094 1000 2149 missa
1025 2103 1109 2151 est
1132 2096 1199 2151 ad
1221 2095 1550 2150 Corinthios.
1573 2095 1649 2150 lbi
1674 2094 1819 2150 enim

238 2186 324 2241 sic
348 2184 455 2240 ait:
487 2185 667 2242 Nolite
683 2202 882 2253 errare,
907 2202 1068 2258 neque
1087 2186 1452 2256 fornicatores,
1479 2201 1641 2255 neque
1663 2184 1819 2240 idolis

236 2276 535 2341 sentientes,
566 2292 728 2345 neque
748 2275 996 2341 adulteri,
1019 2292 1183 2347 neque
1204 2274 1406 2341 molles,
1430 2291 1593 2346 neque
1612 2292 1822 2330 mascu-

238 2367 415 2422 lorum
442 2368 818 2433 concubitores,
851 2386 1013 2440 neque
1039 2368 1202 2439 fures,
1246 2384 1409 2439 neque
1443 2370 1612 2434 avari,
1658 2385 1821 2441 neque

237 2459 434 2515 ebriosi
452 2461 482 2526 ,’
514 2477 677 2532 neque
704 2461 984 2527 maledici,
1027 2478 1190 2533 neque
1220 2477 1433 2533 rapaces
1468 2478 1680 2531 regnum
1720 2459 1821 2516 Dei

238 2550 578 2622 possidebunt
622 2551 683 2623 (Ι
713 2550 838 2607 Car.
877 2554 985 2623 vx).
1026 2552 1125 2608 [lic
1145 2568 1276 2625 ergo
1298 2567 1421 2609 cum
1449 2563 1821 2610 enumerasset

238 2656 406 2712 opera
423 2641 630 2708 carnis,
656 2642 853 2713 quibus
877 2643 1118 2699 clausum
1151 2653 1236 2698 est
1256 2641 1352 2697 Dei
1376 2657 1621 2713 regnum,
1644 2644 1823 2714 subje-

240 2729 323 2785 cit
348 2729 514 2785 etiam
541 2744 705 2800 Opera
728 2731 970 2802 spiritus,
1000 2747 1120 2802 quae
1141 2730 1370 2787 fructum
1399 2732 1622 2802 spiritus
1639 2740 1817 2789 vocat.

315 2819 549 2877 Fructus
573 2831 747 2877 autem
783 2824 998 2895 spiritus
1040 2834 1116 2879 est
1157 2824 1405 2878 charitus.
1437 2823 1687 2880 Omnium
1713 2826 1822 2880 vir-

245 2916 424 2965 tutum
450 2912 624 2980 prima
652 2920 737 2967 est
764 2912 1021 2979 Charitas,
1051 2929 1191 2984 quae,
1216 2914 1355 2969 sicut
1390 2915 1693 2971 notavimus
1712 2955 1727 2981 ,
1765 2915 1822 2970 in

243 3009 481 3069 quatuor
509 3001 766 3058 dividitur
798 3012 1016 3074 partes:
1056 3004 1110 3059 in
1157 3004 1444 3061 dilectione
1474 3005 1602 3071 Dei,
1634 3005 1689 3061 in
1723 3021 1822 3061 sua

245 3090 686 3162 uniuscujusque,
720 3094 772 3148 in
802 3095 1057 3163 proximi,
1078 3102 1133 3149 et
1161 3094 1384 3150 inimici.

318 3177 586 3235 Gaudium
607 3182 875 3252 spiritale,
918 3199 1042 3253 pax.
1073 3183 1131 3239 Si
1160 3186 1445 3255 tranquilla
1484 3202 1639 3243 mens
1662 3188 1822 3245 nullis

240 3272 587 3341 passionibns
610 3275 978 3344 perturbetur.

319 3362 734 3434 Longanimitas.
763 3366 943 3422 lllatas
969 3365 1195 3435 injurias
1224 3368 1510 3425 sustinere.

318 3453 559 3510 Bonitas.
592 3455 817 3527 Semper
844 3457 1164 3514 benefacere
1190 3459 1348 3514 velle.

319 3541 644 3614 Benignitas.
668 3545 806 3602 Nulli
831 3546 1081 3616 injuriam
1101 3548 1252 3614 facit,
1276 3565 1376 3605 nec
1396 3548 1664 3606 desiderat
1685 3550 1819 3606 ﬁeri.

245 3635 554 3692 Notandum
583 3637 725 3708 quod
769 3647 826 3693 et
874 3638 1006 3694 fides
1038 3654 1070 3693 a
1105 3639 1215 3696 Deo
1261 3642 1449 3706 detur,
1483 3658 1650 3712 quam
1680 3642 1825 3697 inter

247 3729 276 3783 f
276 3737 460 3786 ructus
479 3728 703 3800 spiritus
725 3732 953 3801 septimo
971 3731 1090 3789 loco
1108 3733 1396 3803 Apostolus
1415 3734 1623 3791 posuit:
1648 3743 1702 3790 et
1723 3736 1824 3792 hoc

247 3822 547 3879 notandum
573 3823 697 3892 quia
720 3838 751 3878 a
778 3823 890 3879 Deo
912 3832 1012 3878 est.

326 3910 507 3967 Fides.
540 3911 638 3967 Vel
680 3912 792 3969 Deo
819 3913 1042 3969 credere
1061 3954 1078 3980 ,
1108 3913 1190 3970 vel
1226 3899 1532 3971 hominibus
1558 3916 1824 3984 promissa

247 4002 543 4071 complere.

323 4090 607 4147 Hodestia.
642 4091 759 4148 Non
788 4092 968 4149 irasci.

324 4182 676 4241 Continentia.
706 4185 1046 4242 Continentia
1074 4201 1174 4256 pro
1202 4194 1442 4257 tempore
1466 4194 1566 4243 est.

324 4274 573 4332 Castitas.
612 4275 979 4347 Sempitcrua:
1008 4287 1063 4333 et
1084 4295 1190 4336 non
1211 4279 1826 4347 solumafornicatione,

252 4367 352 4423 sed
388 4367 457 4421 ab
483 4368 631 4423 omni
649 4368 931 4438 iniquitate
956 4371 1248 4427 continere.

325 4457 587 4512 Adversus
624 4458 927 4528 Imjusmodi
959 4476 1063 4514 non
1106 4470 1180 4515 est
1218 4461 1322 4516 lex.
1379 4461 1497 4518 Non
1547 4463 1690 4518 enim
1721 4463 1824 4518 ista

252 4548 552 4620 prohibuit,
581 4556 638 4604 et
663 4550 753 4619 qui
780 4550 989 4606 Novum
1017 4551 1222 4621 implet,
1267 4566 1376 4607 non
1398 4561 1483 4609 est
1516 4555 1616 4610 sub
1644 4555 1827 4618 Veteri

256 4640 628 4697 Testamento.
680 4641 818 4697 llinc
852 4642 1214 4714 intelligamus
1252 4644 1372 4700 illos
1400 4647 1503 4712 sub
1525 4645 1643 4717 lege
1683 4649 1830 4717 posi-

256 4739 365 4797 tos,
393 4732 448 4787 in
475 4731 672 4801 quibus
699 4731 801 4788 ista
830 4749 938 4789 non
969 4741 1219 4804 regnant.
1262 4734 1398 4788 Nam
1420 4735 1475 4789 in
1496 4736 1692 4803 quibus
1712 4738 1828 4794 haec

258 4831 494 4894 regnant
532 4823 633 4893 ipsi
653 4823 770 4892 lege
808 4822 1045 4893 legitime
1063 4831 1313 4890 utuntur,
1332 4824 1459 4894 quia
1483 4841 1589 4880 non
1618 4835 1704 4881 est
1729 4828 1834 4884 illis

254 4911 347 4968 lex
372 4914 440 4970 ad
463 4914 820 4969 coercendum
843 4913 1040 4984 posita.
1090 4913 1259 4985 Major
1279 4916 1421 4970 enim
1442 4926 1495 4972 et
1519 4918 1834 4989 praepollen-

259 5004 368 5059 tior
399 5002 684 5058 delectatio
724 5018 934 5068 eorum,
960 5002 1172 5072 justitia
1195 5013 1301 5060 est.
1357 5005 1473 5063 Non
1518 5009 1684 5072 enim,
1734 5012 1831 5076 ait,

260 5094 524 5150 adversus
552 5094 665 5149 haec
698 5109 805 5149 non
827 5101 911 5150 est
946 5093 1052 5160 lex,
1097 5095 1195 5151 sed
1227 5097 1474 5152 adversus
1507 5098 1832 5168 hujusmodi,

232 5188 366 5243 -hoc
382 5196 487 5254 est,
513 5187 628 5243 sive
652 5187 776 5253 ista,
803 5187 917 5243 sive
939 5188 1104 5242 etiam
1125 5196 1325 5244 caetera
1357 5189 1681 5260 hujusmodi.
1727 5190 1837 5248 Sed

261 5286 447 5331 tamen
501 5277 787 5348 diligenter
829 5276 1331 5343 considerantibus,
1402 5295 1507 5334 non
1554 5280 1643 5335 hic
1685 5281 1835 5336 omni

262 5369 424 5424 modo
445 5369 744 5424 carnalium
770 5368 1199 5440 spiritaliumque
1223 5386 1442 5441 operum
1465 5373 1730 5442 oppositio
1756 5374 1839 5429 in-

260 5460 512 5516 ordinata
535 5469 696 5531 atque
718 5459 942 5517 confusa
966 5469 1067 5516 est.
1115 5458 1196 5516 Ob
1214 5462 1317 5518 hoc
1341 5470 1520 5519 autem
1543 5464 1691 5531 latet,
1710 5465 1837 5536 quia

259 5551 517 5621 pauciora
541 5551 623 5607 vel
638 5551 845 5622 singula
868 5553 1190 5622 quibusdam
1210 5553 1453 5623 pluribus
1474 5567 1836 5627 Opponuntur.

263 5639 399 5696 Nam
426 5658 489 5695 ex
520 5658 586 5697 co
606 5644 748 5713 quod
774 5646 827 5698 in
851 5644 1029 5715 capite
1048 5645 1347 5700 carnalium
1370 5647 1625 5703 vitiorum
1663 5650 1842 5720 posuit

266 5733 677 5801 fornicationes,
711 5735 763 5791 in
805 5737 980 5806 capite
1011 5746 1189 5793 autem
1218 5738 1476 5796 virtutum
1513 5743 1837 5812 spiritalium

1931 553 2052 594 sum
2106 538 2271 594 faciat
2315 540 2581 594 intentum
2624 540 2691 595 ad
2725 542 3113 611 perscrutanda
3143 544 3389 599 cetera?
3441 542 3505 602 Si

1927 629 2072 685 enim
2093 628 2487 686 fornicatioest
2506 646 2658 686 amor
2676 647 2706 685 a
2728 631 2966 703 legitimo
2990 633 3258 690 connubio
3288 634 3502 691 solutus

1926 729 1982 776 et
2024 735 2193 790 vagus
2220 722 2500 791 explenda)
2541 721 2779 777 libidinis
2820 723 3180 778 consectando
3232 723 3501 792 laetitiam,
3588 748 3605 757 τ’

1923 814 2054 883 quid
2096 821 2206 869 tam
2235 815 2472 886 legitime
2503 816 2571 872 ad
2615 815 2915 885 spiritalem
2953 815 3339 874 fecunditatem
3375 834 3503 876 con-

1916 905 2185 977 jungitur,
2227 922 2390 976 quam
2436 908 2614 963 anima
2642 908 2773 970 Deo,
2805 909 2891 963 cui
2917 916 3119 977 quanto
3150 909 3312 965 lixius
3333 910 3502 967 iuba:-

1922 999 2077 1066 serit,
2108 1007 2259 1055 tanto
2281 1008 2364 1055 est
2400 1000 2796 1070 incorruptior?
2846 1001 3111 1059 [uiuerent
3139 1010 3321 1057 autem
3362 1004 3501 1060 cha-

1922 1092 2100 1148 ritate.
2145 1093 2313 1149 Recte
2337 1094 2501 1164 igitur
2531 1093 2871 1148 fornicationi
2903 1095 3195 1165 opponitur
3227 1095 3495 1162 Charitas,

1922 1184 1977 1239 in
2002 1199 2108 1253 qua
2146 1184 2263 1239 sola
2290 1194 2374 1240 est
2399 1185 2644 1240 custodia
2670 1186 2959 1243 castitatis.
3016 1186 3377 1244 Immunditiae
3403 1203 3502 1245 au-

1922 1283 2032 1330 tem
2069 1282 2195 1330 sunt
2225 1290 2415 1330 omnes
2453 1275 2884 1344 perturbationes
2930 1276 2996 1330 de
3017 1276 3108 1331 illa
3136 1275 3500 1334 fornicatione

1919 1372 2212 1433 conceptae,
2249 1364 2444 1434 quibus
2482 1364 2736 1435 gaudium
2758 1364 3162 1435 tranquillitatis
3182 1368 3523 1438 opponitur.,

1918 1453 2189 1511 ldolorum
2208 1463 2392 1511 autem
2415 1456 2647 1511 servitus
2666 1456 2853 1511 ultima
2869 1457 3157 1513 fornicatio
3176 1470 3262 1514 est
3279 1459 3499 1527 animae,

1918 1554 2141 1615 propter
2162 1561 2325 1615 quam
2351 1546 2518 1602 etiam
2545 1546 2744 1602 bellum
2766 1546 3024 1604 adversus
3046 1549 3396 1621 Evangelium
3412 1566 3499 1607 re-

1920 1635 2225 1691 conciliatis
2253 1635 2349 1691 Dei
2395 1635 2808 1693 furiosissimum
2833 1646 3044 1709 gestum
3064 1648 3181 1695 est:
3229 1639 3384 1709 cujus
3405 1654 3497 1699 re-

1918 1724 2121 1796 liquiae,
2165 1728 2413 1797 quamvis
2454 1741 2593 1798 pene
2617 1729 2805 1798 sopitae
2830 1730 3050 1796 fuerint,
3101 1730 3278 1786 adhuc
3314 1739 3499 1787 tamen

1845 1806 1894 1867 B
1922 1816 2181 1873 recalent.
2231 1817 2369 1874 lluic
2390 1818 2574 1889 itaque
2596 1834 2699 1889 pax
2730 1821 3004 1875 contraria
3028 1830 3133 1887 est,
3163 1835 3269 1891 qua
3305 1838 3499 1879 recon-

1922 1905 2173 1962 ciliamur
2206 1907 2338 1973 Deo,
2368 1909 2665 1979 eademque
2691 1924 2825 1980 pace
2847 1911 3011 1987 etiam
3038 1926 3160 1966 cum
3188 1911 3498 1968 hominibus

1921 1997 2191 2052 custodita
2235 1997 2658 2063 veneficiorum,
2708 1998 3134 2066 inimicitiarum,
3189 2002 3497 2058 contentio-

1920 2102 2070 2152 num,
2094 2088 2519 2155 :cmulatiouum,
2548 2089 2952 2145 animositatum
2992 2091 3496 2163 dissensionumquo

1919 2178 2048 2233 vitia
2075 2188 2336 2236 sanantur
2355 2181 2410 2236 in
2428 2181 2603 2236 nobis.
2656 2182 2728 2237 Ut
2755 2190 2932 2237 autem
2958 2183 3014 2237 in
3035 2184 3176 2250 aliis,
3202 2186 3342 2240 inter
3359 2202 3498 2258 quos

1920 2272 2174 2339 vivimus,
2199 2274 2346 2344 justa
2387 2276 2757 2333 moderatione
2802 2291 3101 2342 versemur,
3140 2287 3197 2334 et
3236 2280 3305 2335 ad
3334 2282 3498 2337 susti-

1917 2363 2154 2419 nendum
2185 2363 2591 2436 longanimitas,
2641 2374 2697 2421 et
2743 2367 2813 2422 ad
2840 2368 3139 2424 curandum
3166 2369 3494 2442 benignitas,

1918 2460 1974 2507 ct
1998 2452 2067 2507 ad
2091 2453 2476 2523 ignoscendum
2497 2456 2712 2513 bonitas
2743 2457 2959 2515 militat.
3020 2456 3143 2527 Jam
3173 2474 3304 2517 vero
3325 2460 3498 2516 ller-

1919 2546 2069 2602 sibus
2098 2547 2252 2614 fides,
2274 2548 2489 2605 invidia:
2519 2550 2897 2616 mansuetudo,
2920 2550 3276 2607 ebrietatibus
3303 2558 3359 2607 et
3405 2567 3496 2608 co-

1919 2637 2344 2694 messationibus
2359 2639 2688 2694 continentia
2708 2639 3028 2695 reluctatur.
3096 2640 3177 2695 Ne
3214 2641 3338 2711 quis
3357 2656 3493 2697 sane

1919 2726 2216 2784 arbitretur
2242 2731 2349 2787 hoc
2370 2746 2490 2787 esse
2531 2731 2734 2787 invidia
2778 2733 2923 2803 quod
2944 2739 3031 2788 est
3052 2733 3343 2789 aemulatio.
3402 2733 3497 2791 Vi-

1920 2818 2057 2875 cina:
2083 2821 2228 2876 enim
2258 2829 2407 2888 sunt,
2452 2831 2508 2878 et
2533 2831 2756 2894 propter
2800 2824 2973 2894 ipsam
3026 2823 3358 2880 vicinitatem
3382 2824 3497 2894 ple-

1922 2925 2149 2980 rumque
2168 2912 2482 2969 utrumlibet
2506 2914 2699 2971 horum
2726 2930 2825 2984 pro
2850 2916 3042 2981 altero,
3073 2916 3349 2972 aemulatio
3396 2932 3498 2987 pro

1920 3001 2144 3067 invidia,
2176 3004 2261 3059 vel
2320 3005 2520 3060 invidia
2563 3022 2662 3077 pro
2700 3007 3042 3062 aemulatione
3081 3008 3320 3089 ponitur.
3389 3007 3498 3067 Sed

1923 3095 2048 3165 quia
2068 3104 2358 3166 utrumque
2382 3099 2471 3153 hic
2504 3098 2637 3154 locis
2655 3099 2768 3154 suis
2797 3099 3001 3154 dictum
3030 3109 3136 3166 est,
3160 3101 3346 3171 utique
3387 3102 3499 3157 dis-

1925 3186 2238 3249 tinctionem
2293 3189 2361 3245 de
2407 3191 2563 3245 nobis
2593 3188 2856 3260 ﬂagitant.
2920 3190 3055 3247 Nam
3100 3191 3373 3257 aemulatio
3414 3202 3501 3249 est

1923 3274 2077 3328 dolor
2114 3276 2280 3332 animi
2322 3293 2442 3332 cum
2474 3278 2610 3333 alius
2656 3279 2904 3348 pervenit
2936 3280 3003 3335 ad
3040 3295 3155 3335 rem
3203 3295 3369 3351 quam
3393 3282 3499 3337 duo

1923 3364 2172 3435 pluresve
2193 3367 2516 3437 appetebant
2540 3379 2595 3424 et
2621 3370 2724 3425 nisi
2749 3370 2818 3425 ab
2837 3385 2945 3425 uno
2966 3370 3156 3427 haberi
3174 3386 3281 3427 non
3298 3381 3499 3442 potest.

1922 3458 2086 3514 Istam
2114 3470 2418 3531 sanatpax,
2449 3478 2555 3532 qua
2581 3463 2636 3518 id
2662 3461 2966 3532 appetimus
3023 3464 3168 3533 quod
3195 3479 3386 3520 omnes
3407 3466 3501 3534 qui

1922 3559 2182 3620 appetunt
2203 3553 2248 3607 si
2270 3562 2651 3623 assequamur,
2699 3570 2864 3609 unum
2889 3554 2943 3608 in
2975 3571 3083 3611 uno
3105 3555 3260 3610 liunt.
3294 3555 3502 3613 Invidia

1923 3656 2054 3698 vero
2082 3643 2238 3698 dolor
2265 3645 2441 3705 animi
2470 3654 2572 3711 est,
2619 3661 2742 3701 cum
2771 3647 3021 3718 indignus
3045 3647 3260 3702 videtur
3297 3648 3503 3718 aliquid

1923 3733 2156 3802 assequi,
2182 3733 2345 3789 etiam
2378 3736 2522 3805 quod
2542 3745 2598 3790 tu
2622 3752 2728 3791 non
2757 3737 3064 3805 appetebas.
3095 3735 3242 3791 Inter
3261 3736 3502 3791 invidum

1925 3831 2102 3878 autem
2130 3831 2185 3876 et
2217 3824 2538 3880 invidiosum
2573 3826 2675 3880 hoc
2709 3826 2933 3880 interest
2959 3825 3102 3895 quod
3146 3826 3363 3881 invidus
3386 3826 3504 3881 feli-

1927 3912 2059 3967 ciori
2089 3913 2312 3977 invidet,
2358 3914 2657 3969 invidiosus
2683 3924 2862 3969 autem
2902 3915 3016 3984 ipse
3045 3923 3130 3970 est
3179 3915 3272 3984 qui
3305 3917 3374 3971 ab
3396 3916 3503 3972 alio

1926 4000 2127 4069 patitur
2142 3999 2416 4055 invidiam.
2465 4000 2616 4055 Hanc
2630 4008 2787 4056 sanat
2802 4002 3172 4057 mansuetudo.
3199 4000 3332 4057 Cum
3355 4002 3505 4073 quis-

1927 4111 2034 4167 que
2059 4098 2124 4152 ad
2134 4093 2399 4163 judicium
2426 4096 2523 4150 Dei
2549 4110 2808 4152 revocans
2835 4112 2943 4153 non
2984 4096 3192 4153 resistit
3234 4096 3504 4153 voluntati

1927 4184 2062 4256 ejus,
2092 4196 2148 4241 et
2168 4185 2339 4257 magis
2365 4186 2414 4241 ei
2444 4185 2618 4242 credit
2644 4193 2792 4242 recte
2815 4184 3019 4242 factum
3050 4202 3171 4243 esse
3214 4202 3373 4256 quam
3400 4187 3504 4244 sibi
3581 4174 3592 4187 ’

1928 4278 2071 4349 quod
2096 4277 2319 4347 putabat
2346 4277 2644 4348 indignum.
2688 4276 2938 4348 Regnant
2956 4292 3085 4349 ergo
3127 4278 3399 4347 spiritales
3417 4277 3505 4332 isti

1931 4368 2205 4424 fructusin
2232 4367 2469 4432 homine,
2494 4367 2547 4421 in
2576 4382 2685 4436 quo
2710 4376 2930 4436 peccata
2952 4383 3059 4422 non
3087 4375 3334 4438 regnant.
3396 4366 3505 4422 Re-

1931 4466 2099 4528 gnant
2141 4463 2320 4511 autem
2344 4454 2447 4509 ista
2476 4454 2640 4520 bona,
2688 4454 2733 4509 si
2757 4462 2964 4509 tantum
2991 4452 3282 4519 delectant,
3312 4454 3505 4524 utipsa

1934 4557 2154 4606 teneant
2176 4548 2416 4603 animum
2440 4547 2495 4602 in
2522 4547 2933 4613 tentationibus,
2978 4560 3043 4601 ne
3068 4546 3122 4601 in
3144 4545 3352 4618 peccati
3378 4562 3506 4602 con-

1933 4642 2235 4699 sensionem
2265 4648 2404 4695 ruat.

2010 4733 2114 4800 Qui
2141 4742 2313 4787 autem
2341 4739 2462 4785 sunt
2480 4729 2695 4793 Christi,
2726 4745 2935 4784 carnem
2955 4745 3107 4785 suam
3132 4727 3507 4797 cruci/icerant

1936 4843 2057 4882 cum
2084 4826 2220 4881 vitiis
2246 4834 2293 4879 et
2322 4825 2768 4895 concupiscentiis.
2826 4823 2978 4879 Unde
3012 4828 3192 4876 autem
3221 4818 3507 4876 crucifixe-

1938 4928 2085 4983 runt,
2100 4916 2204 4973 nisi
2221 4919 2416 4971 timore
2431 4915 2521 4970 illo
2536 4922 2686 4970 casto
2698 4920 3049 4984 permanente
3068 4911 3121 4966 in
3140 4910 3394 4967 saeculum
3409 4924 3485 4965 sa:
3497 4938 3510 4949 η

1934 5009 2064 5075 culi,
2089 5022 2196 5079 quo
2215 5021 2473 5063 cavemus
2488 5004 2759 5061 oﬂ‘endere
2789 5003 2963 5069 illum,
2985 5016 3143 5071 quem
3173 5007 3288 5055 toto
3320 4998 3505 5063 corde,

1935 5108 2048 5155 tota
2094 5098 2298 5162 anima,
2338 5103 2453 5151 tota
2482 5103 2664 5149 mente
2681 5094 2988 5163 diligimus:
3040 5099 3096 5146 et
3143 5090 3265 5146 ideo
3309 5089 3357 5147 si
3408 5088 3510 5145 hoc

1935 5193 2096 5249 modo
2111 5191 2293 5248 omnia
2322 5188 2480 5244 simul
2498 5186 2753 5243 crucifixa
2779 5192 2904 5241 sunt
2930 5183 3195 5248 membra,
3220 5189 3275 5237 et
3300 5181 3511 5239 destru-

1935 5292 2082 5341 ctum
2116 5292 2200 5338 est
2227 5283 2281 5338 in
2308 5280 2464 5337 nobis
2492 5293 2652 5345 omne
2681 5292 2817 5348 opus
2849 5275 3077 5345 peccati,
3118 5282 3175 5330 et
3199 5289 3327 5329 caro
3353 5271 3511 5343 quasi

1939 5376 2181 5447 pendens
2206 5373 2261 5428 in
2299 5386 2478 5447 cruce,
2506 5369 2687 5426 smculi
2716 5367 3000 5425 desideriis
3038 5367 3304 5424 exstincta
3350 5373 3512 5435 atque

1939 5464 2302 5528 mortiﬁcata,
2353 5460 2484 5515 nihil
2523 5459 2809 5514 adversum
2859 5457 2958 5514 Dei
2996 5464 3261 5531 praecepta
3311 5457 3367 5511 in
3413 5469 3515 5511 sm-

1940 5554 2063 5615 culo
2083 5551 2454 5622 concupiscit:
2500 5560 2562 5605 ut
2587 5550 2715 5620 quid
2767 5551 2848 5609 eis
2897 5550 3068 5620 legem
3089 5550 3244 5620 juxta
3273 5546 3514 5602 litteram

1942 5655 2128 5701 tenere
2183 5644 2476 5710 convenit,
2529 5660 2649 5714 qua:
2690 5644 2757 5698 ad
2800 5643 2932 5699 vitia
2974 5651 3320 5714 peccatorum
3359 5651 3514 5694 coer-

1942 5738 2110 5795 cenda
2156 5737 2280 5792 data
2330 5737 2462 5795 est?
2513 5735 2669 5792 simul
2721 5734 2848 5791 illud
2897 5733 3191 5791 notandum
3241 5727 3383 5800 quod
3416 5740 3513 5793 eos
