4056 6350
558 316 664 374 903

1628 309 1902 366 CLAUDII
1942 305 2408 364 TAURINENSIS
2447 305 2754 364 EPISCOPI

3711 304 3817 361 θοι

553 428 962 487 dixeritCln-isti
986 441 1125 493 esse,
1141 427 1233 498 qui
1254 441 1474 481 carnem
1503 440 1656 480 suam
1683 439 1806 478 cum
1829 422 1976 476 vitiis
2005 437 2129 476 cru-
2158 422 2210 483 Α
2234 434 2301 474 ne
2332 420 2552 490 rigidus,
2595 435 2664 474 ne
2691 420 2884 483 iratus,
2914 427 2969 472 et
2993 418 3168 475 tristis
3191 417 3470 488 corrigere
3515 419 3705 489 cupiat
3730 435 3817 473 er-

553 521 860 578 ciﬁxerunt.
919 519 1045 573 Haec
1073 517 1340 573 sententia
1393 516 1515 570 illos
1545 515 1772 569 revincit
1809 515 1900 583 qui
1957 513 2129 568 solam

551 611 712 667 fidem
753 611 820 666 ad
858 610 1084 666 salutem
1122 609 1424 663 animarum
1460 622 1680 661 suarum
1710 605 1956 661 sufﬁcere
1986 606 2130 661 arbi-

552 711 786 759 trantur.

1114 796 1185 850 IN
1209 795 1438 851 CAPUT
1476 796 1563 850 Vl.

625 885 686 942 Si
721 886 936 941 vivimus
956 885 1166 957 spiritu,
1210 887 1399 957 spiritu
1426 895 1473 940 et
1504 884 1848 940 ambulemus.
1917 883 2130 953 Nequa-

549 991 714 1046 quam
747 991 842 1046 per
863 976 1054 1046 legem,
1107 975 1201 1030 sed
1239 991 1336 1046 per
1363 975 1686 1030 charitatem
1711 975 1867 1030 nobis
1896 974 2129 1030 invicem

551 1067 870 1123 servientes.
910 1066 1025 1122 Non
1048 1067 1305 1122 debemus
1330 1068 1397 1122 de
1421 1067 1824 1135 Scripturarum
1861 1067 2129 1136 interpre-

552 1159 756 1215 tatione
780 1163 1122 1225 contendere,
1145 1169 1200 1214 et
1229 1161 1414 1214 dicere
1448 1161 1596 1214 verbi
1645 1161 1841 1230 gratia,
1885 1159 2131 1214 Circum-

553 1249 688 1303 cisio
707 1250 896 1304 melior
917 1258 1020 1304 est.
1066 1248 1204 1314 Non,
1235 1249 1328 1304 sed
1350 1250 1692 1318 praeputium.
1726 1249 2130 1304 Contemnenda

553 1338 802 1403 historia,
841 1346 896 1392 et
920 1338 1175 1406 allegoria
1203 1339 1496 1406 sequenda.
1554 1337 1666 1391 lmo
1691 1337 1946 1407 allegoria
1989 1352 2129 1391 vana

551 1437 657 1492 est,
679 1436 736 1482 et
755 1429 1074 1492 umbratica,
1113 1437 1168 1483 et
1191 1428 1353 1482 nullis
1378 1428 1625 1483 veritatis
1659 1426 1791 1481 fulta
1822 1429 2126 1482 radicibus:

552 1519 696 1573 unde
718 1519 895 1573 evenit
919 1527 978 1572 ut
1001 1520 1233 1574 invicem
1253 1529 1549 1573 nascantur
1568 1519 1800 1572 invidiae.
1834 1517 2130 1572 Excludere

551 1614 712 1676 enim,
743 1614 840 1678 ait,
871 1630 958 1667 vos
989 1613 1190 1678 volunt,
1223 1622 1277 1666 ut
1311 1612 1430 1666 illos
1467 1611 1804 1666 (emulemini.
1857 1609 1972 1664 Non
2021 1618 2130 1663 tam

549 1706 834 1762 veritatem
855 1707 989 1776 legis
1016 1707 1258 1762 volentes
1286 1705 1502 1770 docere,
1524 1720 1686 1774 quam
1723 1705 1959 1758 vincere.
1996 1703 2132 1758 lneo

550 1804 731 1849 autem
759 1796 835 1850 illi
856 1795 1196 1859 fallebantur,
1230 1797 1372 1865 quod
1399 1811 1596 1866 negare
1617 1795 1835 1864 quidem
1886 1809 1990 1847 non
2031 1808 2130 1862 po-
2156 1776 2204 1835 B

549 1893 748 1953 terant,
773 1887 1087 1942 sectandum
1111 1887 1212 1942 sibi
1235 1902 1355 1941 esse
1382 1887 1641 1956 Spiritum
1664 1897 1930 1949 sanctum,
1960 1901 2133 1939 asser-

550 1986 722 2034 torem
749 1987 806 2034 et
833 1981 1019 2034 ducem
1061 1980 1328 2034 libertatis
1357 1995 1488 2043 suae,
1514 1980 1608 2033 sed
1635 1980 1702 2034 ad
1721 1994 1887 2048 opera
1915 1978 2130 2033 servilia

549 2062 842 2125 carnaliter
871 2071 1142 2135 conversi,
1171 2079 1469 2125 retrorsum
1499 2084 1559 2124 se
1585 2071 1769 2124 conari
1801 2085 1905 2125 non
1931 2069 2130 2124 intelli—

547 2164 764 2233 gebant.
814 2163 1104 2232 Propterea
1126 2177 1230 2217 non
1255 2165 1349 2226 ait,
1382 2162 1442 2217 Si
1469 2162 1662 2232 spiritu
1690 2163 1941 2225 vivimus,
1971 2161 2129 2232 spiri-

547 2260 662 2306 tum
692 2262 981 2307 sectemur.
1035 2252 1365 2307 Fatebantur
1391 2253 1534 2307 enim
1559 2252 1783 2322 Spiritui
1811 2261 1998 2306 sancto
2021 2267 2131 2306 ser-

546 2345 662 2398 vire
691 2353 963 2414 oportere,
990 2353 1044 2400 et
1070 2360 1194 2400 eum
1215 2360 1320 2400 non
1347 2345 1538 2415 spiritu
1565 2360 1671 2411 suo
1731 2346 1824 2399 sed
1843 2359 2005 2400 carne
2035 2360 2130 2399 vo—

544 2433 728 2488 lebant
756 2436 990 2490 sectari:
1047 2452 1153 2491 non
1203 2434 1519 2505 spiritaliter
1555 2437 1862 2492 obtinentes
1898 2437 2128 2506 gratiam

544 2522 662 2589 Dei,
685 2525 779 2579 sed
827 2527 880 2579 in
911 2526 1327 2582 circumcisione
1369 2527 1593 2591 carnali,
1646 2535 1700 2580 et
1733 2528 1910 2582 caeteri
1937 2527 2128 2597 hujus-

543 2617 711 2682 modi,
730 2632 880 2687 spem
902 2619 1295 2672 constituentes
1309 2618 1516 2672 salutis.
1561 2618 1671 2673 illis
1690 2619 1832 2673 enim
1860 2618 2007 2682 dicit,
2032 2619 2125 2688 qui

541 2718 728 2764 mutua
751 2712 1153 2766 concertatione
1179 2724 1237 2764 se
1266 2710 1584 2764 alterutrum
1606 2725 1920 2780 praeponere
1945 2712 2127 2780 cupie-

540 2795 694 2862 bant,
739 2798 845 2852 Per
871 2800 1142 2868 spiritum,
1177 2800 1370 2869 inquit,
1426 2801 1593 2854 vitam
1637 2801 1918 2864 habemus,
1942 2801 2036 2854 sed
2078 2801 2125 2854 si

542 2886 858 2954 spiritaliter
879 2903 1282 2954 eonversemur,
1333 2899 1388 2944 et
1409 2904 1515 2943 non
1550 2889 1653 2959 legi
1688 2890 1980 2944 carnaliter
2011 2905 2125 2945 ser-

545 2977 758 3032 viamus
789 2977 967 3048 (Rom.
994 2980 1134 3049 vnn).

617 3069 742 3123 Non
769 3069 1053 3139 eﬁiciamur
1081 3069 1254 3124 inanis
1289 3069 1470 3140 gloria:
1502 3074 1698 3142 cupidi,
1735 3076 1951 3127 invicem
2007 3091 2124 3144 pro-

539 3167 798 3224 vocantes,
843 3159 1060 3212 invicem
1108 3160 1414 3214 invidentes.
1472 3161 1701 3216 Prorsus
1747 3163 2028 3234 magniﬁce
2067 3172 2121 3218 et

542 3249 764 3303 omnino
797 3249 980 3304 divino
1004 3248 1195 3304 ordine
1217 3261 1568 3322 posteaquam
1601 3268 1694 3308 eos
1725 3254 1984 3309 instruxit
2027 3257 2122 3310 ad-

538 3354 730 3394 versus
767 3339 906 3405 illos,
939 3355 969 3394 a
993 3341 1188 3410 quibus
1212 3342 1264 3395 in
1294 3343 1607 3401 servitutem
1633 3344 1768 3414 legis
1791 3346 2123 3402 seduceban—

539 3437 648 3493 tur,
680 3429 782 3483 hoc
809 3429 862 3482 in
884 3430 964 3483 eis
992 3439 1168 3496 caute,
1199 3447 1266 3486 ne
1288 3433 1665 3488 instructiores
1697 3435 1823 3490 facti
1859 3445 1913 3490 et
1939 3438 2123 3492 volen-

540 3514 744 3583 tesjam
769 3517 1052 3574 calumniis
1077 3521 1370 3574 carnalium
1399 3522 1746 3591 respondere,
1764 3525 2122 3580 contentioni-

539 3603 642 3659 bus
659 3606 920 3661 studeant
953 3616 1007 3661 et
1029 3610 1268 3678 appetitu
1299 3611 1476 3665 inanis
1498 3611 1684 3681 glorize
1711 3612 1841 3680 legis
1867 3615 2122 3671 oneribus

539 3709 648 3749 non
696 3698 1016 3763 servientes,
1062 3701 1214 3754 vanis
1244 3701 1630 3770 cupiditatibus
1653 3705 1910 3758 serviant.
1976 3706 2121 3762 Nihil

537 3795 717 3842 autem
735 3789 814 3844 sic
838 3791 1031 3860 probat
1053 3793 1350 3861 Spiritalem
1365 3793 1540 3848 virum
1555 3811 1715 3863 quam
1730 3798 1936 3866 peccati
1959 3799 2121 3854 alieni

538 3879 814 3945 tractatio,
844 3896 967 3935 cum
995 3882 1369 3937 liberationem
1391 3883 1506 3953 ejus
1527 3887 1704 3954 potius
1754 3902 1915 3956 quam
1945 3888 2119 3943 insul-

539 3971 800 4026 tationem
829 4013 844 4037 ,
885 3975 1172 4044 potiusque
1206 3978 1408 4032 auxilia
1469 3995 1630 4048 quam
1673 3982 1915 4036 convicia
1951 3983 2120 4037 medi-

538 4067 717 4114 tatur:
751 4071 805 4116 et
838 4072 1098 4119 auantmn
1127 4065 1354 4121 facultas
1397 4069 1602 4134 tribuit,
1652 4072 1879 4140 suscipit
1911 4081 1967 4127 et
1997 4073 2120 4128 ideo

437 4132 449 4143 '
533 4150 668 4205 dicit
697 4169 710 4205 ε

605 4241 848 4310 Fratres,
875 4255 921 4299 et
955 4249 1001 4301 si
1028 4260 1424 4321 pra'occupatus
1458 4252 1619 4322 fuerit
1647 4255 1800 4309 homo
1839 4257 1893 4310 in
1941 4257 2117 4327 aliqua

530 4335 740 4400 delicto,
797 4353 883 4393 vos
919 4341 1018 4410 gui
1043 4342 1307 4411 spiritales
1347 4346 1470 4400 estis
1515 4347 1818 4416 hujusmodi
1869 4351 2114 4406 instruite

529 4425 586 4479 in
605 4426 791 4494 spiritu
821 4425 1072 4482 lenitatis.
1151 4431 1285 4486 Eum
1345 4451 1559 4504 quoque
1603 4439 1694 4506 qui
1743 4439 1999 4507 spiritalis
2034 4451 2116 4496 est

531 4515 866 4582 cohortatur,
909 4533 1030 4573 cum
1063 4522 1144 4575 sui
1197 4523 1392 4579 timore
1430 4543 1498 4580 ne
1527 4537 1705 4582 cesset
1743 4546 1962 4586 manum
1990 4550 2115 4604 por-

531 4608 708 4678 rigere
738 4613 1058 4667 corruenti:
1104 4622 1158 4670 et
1183 4616 1406 4687 pulchre
1445 4633 1880 4692 praeoccupatum
1923 4627 1977 4680 in
2022 4629 2113 4683 de-

528 4698 659 4755 licto
686 4703 958 4758 hominem
981 4715 1156 4772 vocat,
1208 4709 1299 4778 qul
1351 4712 1487 4765 mori
1536 4714 1728 4780 possit,
1779 4724 1834 4768 et
1867 4717 1981 4786 ipso
2011 4735 2111 4772 no-

529 4790 678 4846 mine
700 4792 1046 4864 fragilitatem
1087 4799 1412 4855 conditionis
1447 4805 1758 4868 ostendens,
1805 4816 1865 4860 ut
1919 4809 2112 4878 dignus

529 4881 603 4935 sit
630 4885 812 4950 venia,
841 4887 931 4955 qui
961 4889 1105 4942 velut
1131 4891 1294 4945 homo
1319 4908 1506 4947 errore
1535 4895 1817 4965 deceptus,
1873 4908 1927 4952 et
1970 4917 2112 4956 mer-

529 4986 622 5026 sus
668 4973 720 5028 in
766 4978 1101 5049 voraginem,
1158 4979 1394 5051 seipsum
1443 4985 1558 5039 sine
1605 4988 1808 5042 auxilio
1864 4998 1919 5044 et
1953 4991 2106 5058 adju-

528 5069 648 5116 tore
670 5065 880 5134 erigere
907 5084 1010 5122 non
1037 5071 1229 5138 possit.
1285 5071 1522 5141 Spiritali
1547 5085 1728 5132 autem
1756 5095 1862 5134 non
1886 5083 2104 5137 additur

525 5153 711 5220 homo,
734 5159 827 5212 sed
849 5161 1001 5228 quasi
1029 5159 1140 5216 Deo
1177 5164 1512 5234 pnecipitur,
1562 5176 1622 5221 ut
1665 5169 1937 5226 hominem
1960 5188 2100 5243 prce-

523 5257 844 5316 occupatnm
876 5251 926 5305 in
955 5254 1150 5309 delicto
1180 5256 1414 5312 instruat
1444 5275 1456 5312 :
1506 5261 1638 5324 sive,
1685 5274 1744 5317 ut
1778 5265 1970 5321 melius
2001 5268 2101 5322 ba-

523 5335 683 5390 betur
720 5339 771 5392 in
804 5339 1010 5409 Graeco,
1052 5345 1300 5416 perficiat
1347 5349 1398 5403 in
1447 5351 1640 5422 spiritu
1677 5353 1935 5410 lenitatls.
1997 5358 2102 5424 Qui

523 5436 702 5482 autem
729 5434 1026 5502 perficitur,
1048 5454 1152 5493 non
1181 5441 1230 5494 ei
1258 5440 1452 5496 desunt
1483 5444 1756 5510 universa,
1779 5447 1872 5502 sed
1899 5447 2100 5518 aliqua.

523 5516 761 5590 Denique
791 5525 834 5578 si
883 5543 988 5581 non
1019 5532 1257 5598 peccatis
1305 5533 1570 5601 pluribus,
1610 5537 1705 5592 sed
1755 5539 1888 5593 vitio
1920 5516 2100 5611 aliquo

521 5619 910 5686 praeoccupatis
928 5621 1146 5681 erravit,
1199 5622 1439 5679 lenitatis
1467 5628 1734 5697 spiritum,
1767 5638 1818 5683 et
1849 5647 2098 5689 mansue-

525 5703 723 5758 tudinis
753 5706 804 5758 in
841 5708 1176 5764 correctione
1199 5717 1491 5780 peccantis.
1527 5719 1785 5787 spiritalis
1820 5723 2095 5791 adhibeat,

2235 519 2462 576 rantem,
2492 512 2587 566 sed
2629 518 2886 580 provocet
2930 526 3074 575 eum,
3128 510 3400 580 spondens
3441 510 3700 572 salutem,
3727 526 3817 566 ve-

2232 603 2379 656 niam
2425 602 2846 672 repromittens;
2887 600 3090 656 Christi
3141 601 3510 656 testimonium
3552 599 3816 669 proferat,

2231 693 2376 761 quod
2406 694 2555 764 gravi
2582 693 2715 765 legis
2745 701 2799 748 et
2825 702 3172 763 peccatorum
3217 709 3386 748 onere
3433 693 3729 762 depressus
3751 692 3818 746 ad

2224 782 2412 853 jugum
2466 799 2622 838 suum
2653 800 2837 850 suave,
2895 785 3014 840 leve
3067 785 3259 839 invitet
3285 799 3442 847 onus,
3491 793 3556 838 ut
3601 783 3820 838 discant

2231 877 2356 945 quia
2387 875 2605 930 humilis
2629 876 2724 944 sit,
2751 885 2806 932 et
2833 877 2999 941 mitis,-
3020 885 3076 931 et
3102 884 3416 931 mansuetus
3441 876 3634 939 corde,
3668 884 3726 929 et
3747 875 3820 928 in-

2230 970 2448 1025 veniant
2493 970 2736 1039 requiem
2778 971 3062 1025 animabus
3085 971 3198 1025 suis
3249 970 3464 1041 (Matth.
3493 968 3600 1040 ιι).
3640 967 3820 1021 Locus

2233 1063 2334 1117 iste
2357 1061 2424 1117 de
2463 1063 2702 1131 Epistola
2738 1063 2806 1116 ad
2838 1063 3110 1117 Romanos
3142 1064 3196 1117 in
3222 1061 3328 1116 ﬁne
3365 1060 3692 1130 pandendus
3715 1069 3818 1114 est.

2230 1154 2306 1208 lbi
2333 1155 2477 1208 enim
2523 1169 2647 1208 cum
2678 1155 2930 1208 similiter
2979 1155 3047 1209 de
3074 1155 3215 1210 escis
3241 1163 3298 1209 et
3335 1152 3821 1208 observationibus

2233 1245 2497 1299 scriberet
2516 1243 2844 1308 Judazorum,
2883 1255 2939 1299 et
2962 1261 3057 1300 eos
3079 1246 3173 1315 qui
3210 1244 3524 1314 legisjuxta
3572 1244 3820 1298 litteram

2230 1344 2497 1406 praecepta
2558 1344 2987 1399 contemnerent,
3051 1335 3237 1391 ﬁrmos
3289 1345 3453 1406 atque
3492 1335 3818 1406 perfectos:

2232 1427 2352 1481 illos
2378 1442 2528 1492 vero,
2549 1428 2641 1494 qni
2665 1428 2840 1482 adhuc
2877 1429 3096 1498 antiqua
3121 1429 3514 1484 consuetudine
3547 1429 3822 1483 duceban-

2235 1524 2340 1582 tur,
2371 1518 2616 1572 inﬁrmos
2647 1517 3006 1587 parvulosque
3055 1527 3321 1583 narraret,
3378 1527 3434 1574 et
3457 1519 3679 1574 videret
3702 1520 3816 1588 jurv

2232 1609 2380 1680 gium
2409 1624 2528 1664 esse
2558 1609 2699 1663 inter
2731 1609 3002 1680 spiritales
3037 1619 3094 1665 et
3117 1627 3378 1676 carneos;
3405 1611 3700 1666 admonuit
3721 1613 3822 1681 spi-

2235 1701 2420 1757 ritales
2468 1718 2536 1757 ne
2567 1710 2975 1758 contemnerent
3007 1704 3274 1768 carnales,
3323 1713 3379 1758 et
3404 1705 3501 1769 ait,
3531 1704 3823 1772 Inﬁrmata

2231 1803 2404 1848 autem
2420 1794 2474 1848 in
2499 1794 2604 1862 ﬁde
2629 1795 2900 1860 assumite,
2949 1811 3051 1849 non
3079 1795 3135 1849 in
3167 1795 3642 1865 disceptationibus
3681 1798 3824 1866 cogi-

2231 1885 2527 1938 talionum:
2555 1885 2692 1940 alius
2721 1886 2860 1939 enim
2913 1886 3074 1940 credit
3128 1886 3452 1940 manducare
3494 1890 3706 1952 omnia,
3733 1890 3824 1958 qui

2230 1984 2404 2028 autem
2441 1973 2683 2042 inﬁrmus
2729 1983 2803 2029 est
2835 1973 2977 2029 solus
3026 1976 3324 2029 manducet.
3363 1975 3422 2030 Is
3452 1978 3544 2048 qui
3592 1979 3825 2030 artandu-

2229 2074 2332 2130 cat,
2365 2081 2468 2118 non
2499 2065 2903 2119 manducantem
2933 2082 3036 2119 non
3075 2076 3308 2136 spernat,
3339 2075 3388 2120 et
3409 2068 3500 2138 qui
3531 2084 3640 2121 non
3665 2085 3825 2122 man-

2229 2155 2411 2221 ducat,
2446 2156 2853 2211 manducantem
2908 2173 3011 2211 non
3033 2157 3258 2227 judicet.
3308 2157 3451 2212 Deus
3479 2160 3623 2212 enim
3661 2159 3824 2212 illum

2229 2249 2532 2319 assumpsit.
2573 2248 2651 2302 Tu
2671 2251 2788 2321 quis
2811 2267 2864 2305 es
2901 2252 2989 2321 qui
3017 2251 3234 2321 judicas
3282 2250 3513 2306 alienum
3560 2254 3826 2306 servum?

2227 2358 2324 2395 suo
2357 2341 2568 2396 domino
2599 2352 2706 2396 stat
2750 2353 2843 2396 aut
2870 2343 3030 2397 cadit.
3062 2343 3240 2398 Stabit
3286 2354 3485 2409 autem,
3521 2355 3716 2416 potens
3746 2356 3825 2399 est

2227 2434 2366 2488 enim
2420 2433 2563 2488 Deus
2597 2442 2827 2489 statuere
2878 2434 3029 2490 illum
3059 2431 3238 2506 (Rom.
3265 2435 3419 2507 xlv);
3471 2444 3525 2491 et
3560 2437 3742 2491 multa
3768 2437 3827 2493 in

2227 2524 2408 2580 medio
2443 2541 2606 2595 super
2635 2526 2740 2580 hoc
2768 2541 2932 2582 sensu
2957 2527 3250 2592 disserens,
3287 2526 3484 2596 adjecit
3515 2528 3573 2582 in
3601 2528 3778 2583 fine
3809 2549 3822 2582 :

2230 2616 2360 2670 Noli
2396 2626 2608 2688 propter
2627 2633 2799 2672 escam
2839 2619 3106 2673 destruere
3140 2635 3269 2689 opus
3306 2619 3424 2673 Dei.
3473 2619 3540 2674 Et
3567 2621 3824 2676 iterum:

2225 2705 2483 2761 Debemus
2531 2716 2707 2762 autem
2757 2725 2853 2763 nos
2903 2709 3163 2778 ﬁrmiores
3221 2709 3604 2764 imbecillitates
3650 2711 3824 2778 inﬁr-

2226 2812 2431 2848 morum
2457 2797 2734 2863 sustinere,
2758 2806 2818 2868 _et
2857 2814 2962 2851 non
2987 2798 3132 2852 nobis
3162 2798 3387 2870 placere.
3444 2797 3828 2871 Unusquisque

2225 2895 2466 2944 vestrum
2497 2889 2737 2956 proximo
2773 2904 2870 2942 suo
2907 2887 3110 2959 placeat
3159 2890 3228 2943 ad
3269 2889 3458 2944 bonum
3493 2875 3824 2959 adiﬁcatio—

2227 2993 2343 3030 nem
2378 2976 2556 3048 (Rom.
2592 2978 2704 3050 xv).

2295 3065 2904 3140 Consideransteipsum,
2922 3088 2984 3126 ne
3006 3081 3053 3126 et
3070 3074 3373 3127 tutenteris.
3409 3072 3728 3127 Nihilcnim
3751 3076 3828 3130 ad

2226 3159 2654 3214 misericordiam
2679 3161 2760 3215 sic
2789 3161 3014 3217 inclinat
3045 3203 3060 3226 ,
3111 3179 3274 3232 quam
3325 3165 3526 3235 proprii
3581 3166 3830 3234 periculi

2224 3249 2499 3318 cogitatio.
2573 3248 2978 3305 Considerando
3036 3253 3412 3322 temetipsum,
3461 3253 3588 3323 quia
3644 3265 3708 3307 et
3765 3265 3826 3310 tu

2224 3340 2386 3394 homo
2411 3355 2490 3406 es,
2530 3349 2586 3395 et
2609 3343 2813 3410 poteris
2853 3343 3036 3413 aliquo
3057 3347 3342 3415 praeveniri
3365 3355 3610 3417 peccato,
3647 3358 3714 3402 et
3743 3349 3825 3403 ita

2223 3431 2436 3485 demum
2485 3433 2728 3504 indigere
2774 3436 3046 3506 adjutorio
3091 3438 3210 3504 Dei,
3263 3450 3319 3494 et
3347 3441 3622 3510 proximi:
3680 3446 3826 3513 quia

2221 3522 2341 3575 sani
2371 3522 2616 3579 inﬁrmos
2645 3527 2911 3583 sustinere
2934 3529 3149 3592 debent,
3199 3539 3254 3585 et
3280 3544 3520 3589 mortuos
3547 3536 3824 3605 sepelire,

2221 3613 2350 3681 quia
2374 3615 2562 3684 procul
2592 3617 2758 3674 dubio
2783 3628 2839 3675 et
2867 3620 3132 3677 inﬁrmari
3159 3632 3216 3678 et
3237 3625 3372 3680 mori
3407 3641 3566 3695 posse
3606 3643 3665 3681 se
3695 3645 3829 3684 cm

2221 3704 2356 3757 dunt

2291 3795 2438 3850 Alter
2469 3797 2686 3854 alterius
2713 3819 2870 3856 onera
2902 3813 3126 3872 portate,
3154 3815 3203 3860 et
3239 3807 3314 3861 sic
3344 3807 3698 3878 adimpleastis
3733 3810 3821 3863 le-

2219 3903 2330 3956 gem
2377 3888 2592 3944 Christi.
2666 3892 2803 3959 Quia
2831 3894 3041 3949 Veteris
3066 3895 3401 3952 Tcstamenti
3443 3899 3688 3952 custodia
3746 3902 3822 3954 ti-

2219 3993 2426 4034 morem
2456 3981 2711 4049 habebat,
2745 4000 2848 4038 non
2873 3987 3049 4054 potuit
3075 3989 3314 4057 apertius
3331 3990 3639 4060 signiﬁcare
3668 3990 3820 4048 Novi

2219 4073 2549 4130 Testamenti
2576 4078 2775 4133 donum
2805 4097 2926 4135 esse
2947 4082 3294 4150 charitatem,
3348 4102 3510 4157 quam
3534 4087 3637 4142 hoc
3657 4088 3819 4152 loco,

2217 4165 2307 4219 ubi
2338 4164 2627 4234 Apostolus
2651 4170 2781 4225 dicit
2815 4190 2828 4224 :
2872 4172 3106 4229 Invicem
3134 4191 3303 4231 onera
3333 4187 3512 4232 vestra
3555 4187 3821 4246 portate,

2216 4264 2271 4308 et
2297 4257 2376 4311 sic
2420 4259 2780 4329 adimplebitis
2823 4263 2995 4331 legem
3047 4267 3268 4323 Christi.
3333 4269 3482 4326 Hanc
3527 4269 3668 4323 enim
3722 4270 3822 4326 le-

2216 4360 2336 4416 gem
2382 4348 2581 4404 Christi
2636 4352 2818 4408 dicere
2872 4356 3230 4428 intelligitur,
3282 4377 3388 4430 qua
3443 4364 3552 4432 ipse
3607 4363 3817 4420 Domi-

2139 4483 2193 4542 D
2218 4453 2321 4492 nus
2366 4441 2623 4510 praecepit
2664 4451 2721 4497 ut
2748 4459 2846 4498 nos
2889 4447 3122 4503 invicem
3171 4451 3457 4522 diligamus
3505 4462 3718 4510 tantum
3753 4459 3815 4512 in

2217 4545 2280 4595 ea
2325 4535 2588 4589 sententia
2637 4540 2890 4607 praacepti
2927 4543 3137 4610 pondus
3187 4547 3523 4603 constituens
3549 4558 3610 4602 ut
3663 4551 3816 4608 dice-

2213 4631 2298 4676 ret
2321 4638 2336 4678 :
2388 4623 2455 4678 In
2482 4625 2578 4680 hoc
2607 4632 2938 4698 cognoscitur
2966 4636 3216 4703 quoniam
3239 4637 3484 4708 discipuli
3521 4641 3627 4694 mei
3650 4645 3809 4708 estis,

2210 4715 2256 4766 si
2307 4733 2394 4769 vos
2429 4717 2645 4772 invicem
2693 4720 2925 4791 diligatis
2975 4724 3154 4793 (Joan.
3204 4729 3346 4799 xm).
3399 4729 3568 4798 Hujus
3614 4744 3808 4792 autem

2211 4805 2512 4863 dilectionis
2561 4809 2793 4866 ofﬁcium
2837 4825 2922 4869 est
2959 4817 3190 4874 invicem
3244 4835 3408 4876 onera
3460 4832 3644 4880 vestra
3675 4843 3810 4896 por-

2211 4902 2346 4950 tare.
2406 4897 2512 4954 Sed
2544 4901 2644 4956 hoc
2668 4903 2901 4958 ofﬁcium
2934 4922 3038 4961 non
3068 4918 3153 4963 est
3183 4913 3573 4981 sempiternum
3602 4958 3618 4980 ,
3675 4935 3810 4988 per-

2209 4984 2362 5040 ducit
2413 5002 2544 5044 sane
2592 4991 2658 5044 ad
2706 4992 3052 5052 beatudinem
3099 5003 3487 5070 sempiternam
3515 5048 3530 5068 ,
3582 5010 3638 5062 in
3675 4984 3806 5079 qua

2209 5076 2354 5130 nulla
2378 5089 2539 5134 erunt
2555 5095 2718 5136 onera
2746 5095 2950 5152 nostra,
2976 5105 3095 5159 qua:
3117 5091 3347 5148 invicem
3373 5106 3589 5164 portare
3603 5076 3804 5166 jubea-

2209 5182 2351 5220 mur.
2395 5167 2548 5224 Nunc
2576 5185 2706 5227 vero
2736 5174 2790 5228 in
2830 5176 2929 5231 hac
2971 5180 3102 5244 vita,
3160 5182 3211 5235 id
3238 5192 3319 5237 est
3342 5185 3466 5238 dum
3500 5187 3555 5240 in
3580 5189 3681 5241 hac
3706 5191 3802 5245 via

2208 5273 2415 5324 sumus,
2439 5275 2605 5315 onera
2629 5273 2812 5320 nostra
2842 5276 3138 5336 portemus,
3159 5282 3217 5326 ut
3239 5275 3306 5327 ad
3329 5290 3450 5329 eam
3478 5279 3644 5332 vitam
3672 5297 3803 5350 qua:

2208 5358 2354 5404 caret
2390 5352 2539 5406 omni
2565 5367 2730 5408 onere
2753 5396 2767 5417 ,
2802 5361 3104 5427 pervenias.
3147 5363 3290 5418 Nihil
3315 5366 3458 5420 enim
3490 5368 3572 5422 sic
3599 5373 3802 5439 prohat

2210 5443 2464 5508 amicum,
2491 5449 2943 5514 quemadmodum
2972 5456 3152 5510 oneris
3190 5459 3350 5513 amici
3382 5464 3644 5530 portatio.
3681 5465 3799 5522 Nec

2211 5540 2390 5588 tamen
2431 5536 2663 5592 invicem
2705 5550 3047 5609 portaremus
3089 5562 3255 5602 onera
3295 5562 3503 5617 nostra,
3547 5555 3595 5608 si
3621 5572 3797 5613 unum

2211 5634 2416 5697 tempus
2448 5638 2595 5686 esset
2632 5632 2963 5693 inﬁrmitatis
3011 5640 3311 5708 amborum,
3350 5647 3440 5714 qui
3496 5662 3669 5703 onera
3695 5668 3794 5705 sua

2205 5725 2455 5791 sustinet,
2488 5736 2579 5781 aut
2610 5742 2774 5784 unum
2823 5732 3153 5791 inﬁrmitatis
3205 5753 3405 5808 genus;
3439 5744 3537 5797 sed
3577 5743 3796 5800 diversa
