4056 6350
215 422 326 485 905

1170 413 1425 477 ENARR.
1467 413 1535 472 IN
1574 410 1792 471 EPIST.
1830 413 1893 470 D.
1935 412 2138 474 PAULI
2171 416 2265 474 AD
2300 416 2549 475 GALAT.

3383 432 3490 490 906

213 551 466 616 tempora
510 547 567 598 et
609 536 821 598 diversa
866 553 1065 612 genera
1114 537 1448 594 intirmitatis
1487 536 1694 591 faciunt
1744 542 1807 587 ut
1829 537 1882 596 Α
1906 534 2051 602 licet,
2073 537 2333 593 docemur
2353 555 2453 609 per
2473 541 2616 596 hanc
2633 543 3012 601 sententiolam
3041 562 3240 608 novum
3264 551 3484 625 dogma,

214 652 386 694 onera
413 643 598 691 nostra
636 634 865 689 invicem
891 642 1110 704 portare
1154 631 1447 686 valeamus.
1482 628 1644 684 Verbi
1685 643 1806 698 gra-

215 731 296 786 tia
337 747 352 784 :
397 729 539 783 Iram
594 726 776 782 fratris
813 735 940 782 tunc
995 725 1259 796 portabis,
1313 739 1434 778 cum
1462 729 1521 776 tu
1549 720 1809 776 adversus

213 837 343 880 eum
372 836 481 879 non
534 819 810 882 irasceris,
864 827 925 872 ut
964 832 1178 872 rursum
1208 830 1273 870 eo
1319 822 1564 885 tempore
1617 827 1726 882 quo
1754 819 1808 866 te

214 915 301 970 ira
336 911 818 984 praeoccupaverit,
848 910 940 966 ille
987 919 1040 966 te
1071 910 1292 967 lenitate
1317 915 1373 962 et
1419 905 1809 976 tranquillitate

213 1013 518 1076 supportet.
554 1004 665 1060 Sed
689 1011 743 1059 et
765 1005 909 1059 hunc
937 1002 1116 1058 locum
1152 1017 1274 1057 cum
1306 999 1678 1071 superioribus
1704 1011 1796 1051 co-

213 1097 490 1169 pulemus,
525 1095 791 1166 duplicem
818 1094 964 1149 enim
993 1092 1238 1162 sequitur
1289 1088 1719 1161 intelligentiam.
1749 1085 1806 1141 Si

216 1189 346 1259 quis
365 1187 618 1242 infirmus
647 1187 699 1241 in
724 1186 831 1241 llde
854 1193 956 1250 est,
989 1191 1046 1239 et
1073 1183 1249 1238 adhuc
1297 1180 1437 1237 lacte
1461 1179 1699 1235 nutritus
1726 1177 1808 1231 in-

215 1280 429 1344 fantiae,
489 1293 590 1334 nec
635 1285 816 1348 potest
858 1285 969 1332 tam
993 1277 1100 1333 cito
1142 1292 1173 1331 a
1221 1274 1378 1347 legali
1425 1272 1808 1329 observatione

213 1373 288 1429 ad
315 1371 581 1444 spiritalia
608 1377 947 1426 sacramenta
981 1367 1233 1434 transire,
1273 1382 1368 1422 vos
1394 1366 1487 1436 qui
1534 1364 1807 1420 robustio-

214 1478 309 1520 res
337 1463 492 1527 estis,
521 1460 641 1532 ejus
663 1475 830 1516 onera
881 1466 1115 1529 portate,
1146 1472 1216 1513 ne
1249 1469 1348 1528 per
1393 1454 1679 1510 scientiam
1706 1466 1804 1509 ve-

214 1564 391 1612 stram
436 1552 606 1608 frater
633 1560 841 1624 pereat,
867 1567 966 1622 pro
992 1566 1100 1621 quo
1120 1549 1370 1606 Christus
1390 1556 1639 1604 mortuus
1668 1553 1756 1601 est
1786 1563 1800 1600 :

213 1653 400 1718 portat
451 1659 667 1716 quoque
728 1643 914 1698 fratris
963 1641 1347 1698 necessitatem
1395 1640 1487 1710 qui
1521 1644 1805 1710 gravatum

211 1751 512 1810 pauperem
539 1749 706 1792 onere
733 1734 988 1805 egestatis
1022 1733 1256 1804 adjuvat.

291 1828 434 1884 Nam
459 1827 506 1882 si
530 1827 646 1899 quis
667 1825 930 1880 existimat
957 1841 1013 1879 se
1035 1841 1147 1880 esse
1172 1822 1395 1895 aliquid,
1414 1838 1531 1877 cum
1556 1820 1687 1876 nihil
1710 1822 1802 1888 sit,

213 1920 449 1990 scipsum
475 1918 697 1973 seducit.
749 1916 867 1972 Non
899 1931 1025 1972 eum
1053 1916 1318 1972 seducunt
1339 1915 1648 1970 laudatores
1669 1913 1809 1984 ejus,

213 2008 314 2065 sed
342 2009 460 2079 ipse
488 2008 692 2079 potius,
717 2006 847 2077 quia
879 2021 1003 2062 cum
1026 2006 1132 2062 sibi
1181 2007 1255 2061 sit
1288 2005 1613 2075 praesentior
1641 2019 1807 2075 quam

213 2101 316 2167 illi,
342 2102 516 2172 magis
545 2101 659 2155 vult
698 2115 758 2156 se
790 2099 844 2154 in
875 2099 981 2155 illis
1031 2112 1276 2169 quaerere
1306 2112 1468 2168 quam
1516 2097 1571 2151 in
1604 2097 1804 2167 seipso.

212 2195 289 2252 Et
311 2195 433 2250 ideo
455 2195 571 2249 ait:
606 2192 666 2249 Si
693 2193 818 2263 quis
845 2191 1123 2248 existimat
1160 2205 1222 2247 se
1251 2204 1373 2246 esse
1407 2189 1630 2259 aliquid,
1657 2190 1711 2244 in
1741 2202 1807 2244 eo

214 2289 365 2361 quod
413 2295 568 2359 putat
599 2301 659 2341 se
698 2299 819 2342 esse
865 2283 1089 2354 aliquid,
1115 2291 1171 2339 et
1195 2297 1304 2339 non
1335 2297 1400 2337 ex
1439 2279 1725 2336 clementia
1750 2280 1807 2334 in

216 2379 553 2450 proximum,
608 2376 704 2432 sed
750 2390 818 2432 ex
843 2390 943 2430 suo
986 2388 1151 2445 opere
1175 2381 1230 2428 et
1275 2373 1460 2428 labore
1503 2385 1563 2426 se
1578 2369 1803 2440 judicat,

214 2483 318 2524 sua
349 2474 562 2522 tantum
590 2466 793 2521 virtute
819 2472 1106 2520 contentus
1136 2481 1149 2517 :
1194 2463 1299 2518 iste
1333 2476 1402 2517 ex
1434 2462 1538 2516 hac
1573 2461 1690 2532 ipsa
1719 2475 1808 2516 ar-

213 2561 469 2631 rogantia
498 2558 633 2615 nihil
662 2556 743 2623 ﬁt,
777 2566 831 2614 et
853 2558 970 2628 ipse
1015 2571 1075 2612 se
1103 2556 1325 2627 decipit.
1359 2555 1596 2610 Mentem
1623 2562 1805 2610 autem

213 2653 439 2724 decipit,
473 2652 566 2723 qui
593 2665 652 2708 se
675 2658 832 2723 putat
880 2663 1004 2706 esse
1039 2649 1360 2720 sapientem.
1412 2647 1481 2702 Et
1507 2647 1804 2703 secundum

217 2745 448 2811 Isaiam,
477 2744 701 2816 Sapiens
746 2744 805 2798 in
832 2759 887 2798 se
917 2750 966 2797 et
986 2742 1043 2796 in
1071 2749 1349 2812 conspectu
1387 2756 1484 2793 suo
1511 2737 1808 2810 intelligens

214 2837 356 2910 (ιω.
382 2836 460 2910 v).
491 2837 575 2892 Ad
593 2835 1062 2892 circumcisionem
1099 2841 1155 2890 et
1177 2833 1248 2889 ad
1290 2833 1463 2906 legem
1483 2833 1559 2887 ita
1580 2831 1683 2887 loci
1711 2831 1809 2887 hu-

210 2927 306 2998 jus
327 2929 668 2984 connectitur
702 2926 1007 2983 intellectus
1033 2944 1047 2980 :
1081 2923 1185 2993 Qui
1209 2922 1472 2995 spiritalis
1501 2929 1608 2988 est,
1637 2928 1694 2976 et
1712 2920 1811 2976 mi-

213 3017 572 3074 sericordiam
621 3017 678 3071 in
726 3015 1038 3087 proximum
1083 3028 1194 3070 non
1237 3014 1423 3079 habet,
1447 3019 1807 3069 contemnens

215 3107 503 3174 humilem,
557 3106 685 3177 quia
713 3107 831 3176 ipse
851 3105 1132 3161 sublimior
1174 3112 1278 3171 est,
1327 3105 1444 3176 ipse
1465 3117 1527 3159 se
1557 3101 1758 3173 decipit
1787 3119 1802 3157 :

214 3199 469 3256 nesciens
496 3198 639 3254 hanc
676 3197 898 3269 spiritus
930 3211 1053 3253 esse
1093 3196 1292 3268 legem,
1321 3202 1384 3250 ut
1430 3208 1532 3251 nos
1567 3193 1802 3249 invicem

219 3288 540 3359 diligamus.
754 3295 760 3300 ‘

205 3410 212 3414 -
301 3379 446 3452 Opus
466 3388 641 3435 autem
650 3395 807 3436 suum
815 3379 994 3450 probet
1013 3378 1454 3450 unusquisque,let
1475 3379 1553 3435 sic
1571 3379 1630 3434 in
1641 3393 1809 3450 seipse

215 3479 428 3526 tantum
458 3471 684 3543 gloriam
709 3471 940 3537 habebit,
985 3478 1036 3525 et
1058 3486 1164 3524 non
1186 3469 1244 3524 in
1271 3468 1456 3525 altero.
1519 3467 1812 3541 Unusquis-

214 3579 320 3634 que
343 3563 483 3618 enim
506 3563 776 3634 proprium
798 3578 930 3617 onus
956 3561 1204 3632 portabit.
1235 3560 1305 3616 Et
1323 3575 1434 3616 non
1454 3559 1511 3615 in
1535 3559 1729 3626 altero,
1753 3559 1808 3616 id

217 3663 330 3721 est,
359 3670 484 3710 cum
503 3654 642 3710 alter
669 3669 793 3711 eum
826 3653 1030 3709 laudat.
1084 3651 1204 3708 Non
1227 3666 1359 3724 ergo
1387 3651 1697 3708 laudatores
1718 3666 1810 3708 no-

221 3747 328 3802 stri
353 3746 605 3802 minuunt
629 3759 796 3802 onera
831 3743 1176 3802 conscientia:
1219 3751 1441 3809 nostrae,
1497 3751 1661 3814 atque
1697 3743 1807 3798 uti-

217 3854 350 3894 nam
384 3855 493 3894 non
520 3839 684 3895 etiam
732 3837 1076 3896 accumulent
1117 3837 1459 3908 plerumque,
1496 3851 1568 3890 ne
1593 3835 1698 3890 illis
1727 3833 1811 3890 of-

220 3931 400 3988 fensis
443 3931 561 3988 laus
598 3940 782 3989 nostra
834 3932 1130 3998 minuatur,
1163 3945 1286 3986 cum
1311 3937 1406 3984 aut
1435 3927 1809 3999 objurgatione

225 4022 354 4079 illos
401 4037 594 4078 curare
641 4023 982 4095 negligimus,
1031 4030 1126 4078 aut
1174 4020 1447 4092 jactanter
1475 4021 1555 4076 eis
1607 4019 1809 4090 aliquid

222 4121 480 4170 nostrum
499 4122 855 4180 ostentamus,
879 4114 1060 4185 potius
1093 4129 1256 4184 quam
1296 4121 1609 4168 constanter
1630 4120 1810 4167 osten-

224 4205 430 4261 dimus.
485 4203 688 4262 Omitto
715 4219 780 4260 ea
807 4220 926 4276 qua:
959 4205 1170 4276 lingunt
1214 4213 1270 4260 et
1296 4205 1631 4260 mentiuntur
1655 4203 1722 4259 de
1750 4217 1810 4258 se

222 4296 478 4354 homines
519 4305 742 4369 propter
773 4297 1053 4353 hominum
1096 4296 1300 4352 laudes.
1351 4296 1493 4365 Quid
1534 4296 1681 4352 enim
1702 4297 1809 4351 ista

222 4392 470 4448 cacitate
523 4391 883 4458 tenebrosius,
914 4392 982 4447 ad
1035 4391 1381 4448 obtinendam
1433 4391 1808 4446 inanissimam

223 4485 460 4554 gloriam
489 4500 841 4556 erroremque
889 4485 1125 4541 hominis
1151 4485 1430 4556 aucupari,
1454 4492 1510 4540 et
1533 4484 1703 4538 Deum
1731 4492 1811 4540 te-

222 4587 368 4633 stem
419 4577 475 4632 in
520 4576 680 4633 corde
725 4578 1116 4634 contemnere?
1141 4577 1298 4647 quasi
1343 4591 1474 4631 vero
1511 4575 1621 4630 ullo
1648 4575 1809 4632 modo

221 4669 625 4740 comparandus
652 4669 725 4726 sit
747 4684 903 4725 error
927 4669 1072 4724 illius
1099 4668 1191 4738 qui
1225 4677 1280 4723 te
1309 4668 1506 4724 bonum
1529 4676 1700 4738 putat,
1727 4683 1810 4724 er-

223 4761 340 4818 rori
369 4771 481 4826 tuo,
505 4762 598 4832 qui
614 4761 820 4818 homini
847 4762 913 4818 de
936 4761 1073 4817 falso
1097 4763 1240 4818 bono
1263 4761 1482 4833 placere
1501 4760 1710 4828 studes,
1739 4760 1808 4816 de

224 4855 375 4914 malo
407 4870 537 4911 vero
563 4854 817 4926 displices
841 4854 974 4910 Deo.

304 4945 670 5020 Unusquisque
697 4947 835 5002 enim
863 4962 995 5002 onus
1015 4962 1168 5000 suum
1196 4946 1446 5018 portabit.
1481 4939 1700 5004 Videtur
1718 4962 1806 5003 su-

221 5040 537 5113 perioribus
575 5038 872 5106 contraire,
918 5038 1011 5093 ubi
1053 5038 1171 5093 ait:
1223 5037 1370 5092 Alter
1405 5036 1622 5094 alterius
1645 5055 1807 5094 onera

224 5133 720 5208 portate.,Si’enim
757 5133 1131 5204 unusquisque
1179 5148 1316 5189 onus
1342 5148 1498 5189 suum
1546 5133 1806 5204 portabit,

227 5231 370 5286 alter
395 5229 622 5286 alterius
648 5244 816 5285 onera
845 5236 1064 5298 portare
1104 5243 1210 5283 non
1239 5228 1455 5296 poterit.
1494 5226 1600 5283 Sed
1619 5228 1810 5283 viden-

229 5324 386 5388 dum,
431 5322 577 5393 quod
604 5320 678 5377 ibi
723 5319 1046 5392 praeceperit
1067 5327 1127 5374 ut
1152 5327 1441 5389 peccantes
1483 5320 1539 5375 in
1565 5320 1669 5376 hac
1696 5320 1810 5376 vita

229 5413 586 5470 nosinvicem
615 5420 1002 5477 sustentemus,
1045 5418 1102 5466 et
1127 5410 1181 5464 in
1224 5411 1478 5480 praesenti
1523 5410 1720 5466 sacculo
1741 5410 1812 5466 al-

227 5512 502 5562 terutrum
521 5503 725 5561 auxilio
743 5504 914 5562 simus
941 5522 954 5559 :
991 5502 1082 5560 hic
1126 5509 1307 5558 autem
1334 5502 1400 5558 de
1430 5502 1642 5559 Domini
1667 5503 1814 5559 dicat

228 5595 286 5650 in
323 5594 968 5665 resurrectionejudicio,
1005 5595 1150 5667 quod
1185 5610 1295 5651 non
1319 5609 1388 5651 ex
1437 5595 1663 5652 alterius
1686 5611 1815 5668 pec-

227 5694 358 5744 cato
378 5695 434 5742 et
451 5688 858 5757 comparatione
882 5687 1188 5751 deterioris,
1231 5686 1327 5742 sed
1363 5683 1520 5755 juxta
1565 5693 1812 5742 nostrum

226 5792 389 5850 opus,
412 5784 838 5848 autpeccatores
868 5777 938 5832 ab
951 5792 1017 5832 eo
1035 5777 1361 5849 iudicemur,
1394 5784 1489 5834 aut
1515 5776 1709 5842 sancti,
1728 5790 1814 5832 re-

227 5869 472 5942 cipiente
506 5883 832 5942 unoquoque
853 5870 1151 5926 secundum
1175 5885 1311 5943 opus
1346 5885 1524 5928 suum.
1570 5868 1816 5928 Obscure

674 5981 950 6044 ΡΑτιιοι..
995 5981 1152 6045 CIV.

1910 629 2053 696 quod
2081 628 2291 684 latitat:
2338 631 2466 686 dum
2513 631 2566 686 in
2601 635 2852 703 praesenti
2892 639 3088 694 sarculo
3125 657 3334 710 sumus,
3377 647 3491 704 sive

1909 718 2266 786 orationibus,
2311 722 2424 776 sive
2445 723 2688 778 consiliis
2726 724 2956 781 invicem
2988 743 3148 798 posse
3194 748 3293 789 nos
3336 738 3490 809 adju-

1908 807 2044 861 vari.
2107 807 2239 862 Cum
2263 818 2441 865 autem
2471 820 2596 865 ante
2647 813 2882 868 tribunal
2905 814 3107 872 Christi
3159 807 3490 895 venerimus,

1909 912 2011 951 nec
2041 895 2142 952 Job
2167 937 2182 962 ,
2235 914 2335 954 nec
2369 900 2578 967 Daniel,
2629 917 2729 957 nec
2771 903 2915 970 Noe,
2963 921 3156 977 rogare
3191 926 3351 981 posse
3392 932 3492 986 pro

1908 1006 2219 1062 quoquam,
2268 993 2363 1048 sed
2415 1009 2855 1067 unumquemque
2886 1007 3104 1067 portare
3152 1015 3290 1058 onus
3331 1019 3490 1062 suum

1911 1081 2128 1154 (Ezech.
2161 1083 2295 1158 xw).
3472 1139 3478 1146 .

1979 1174 2336 1231 Communicet
2365 1187 2541 1234 autem
2560 1180 2606 1234 is
2633 1181 3093 1252 qutcatechizatur
3122 1187 3296 1254 verbo,
3327 1190 3375 1243 ei
3401 1192 3494 1262 qui

1906 1281 1964 1320 se
1975 1267 2262 1321 catecltizat
2283 1267 2338 1322 in
2364 1268 2603 1324 omnibus
2625 1269 2795 1326 bonis.
2834 1271 3041 1330 Sensus
3064 1276 3248 1347 itaque
3267 1279 3371 1335 iste
3383 1289 3491 1350 est,

1907 1360 2033 1429 quia
2055 1362 2302 1432 superius
2324 1363 2660 1434 spiritalibus
2682 1360 3036 1438 praeceperat,
3053 1381 3113 1426 ut
3131 1388 3224 1429 eos
3246 1377 3338 1446 qui
3360 1393 3494 1448 pra:-

1906 1453 2154 1522 occupati
2180 1451 2394 1509 fuerant
2418 1454 2472 1509 in
2499 1455 2680 1526 aliquo
2703 1457 2918 1522 delicto,
2948 1459 3278 1518 instruerent
3305 1466 3357 1520 in
3377 1467 3492 1538 spi-

1907 1540 2013 1595 ritu
2032 1540 2290 1606 lenitatis,
2307 1550 2362 1599 et
2387 1543 2524 1599 alter
2550 1545 2776 1601 alterius
2802 1563 2965 1604 onera
2989 1559 3288 1621 portarent,
3315 1555 3491 1611 adim-

1904 1629 2115 1702 pientes
2130 1631 2303 1704 legem
2317 1633 2522 1688 Christi
2548 1652 2562 1688 :
2593 1651 2736 1692 nunc
2752 1651 2783 1692 e
2805 1641 3080 1695 contrario
3093 1642 3178 1697 his
3193 1644 3284 1714 qui
3309 1646 3488 1703 adhuc

1904 1720 2311 1791 imbecilliores,
2330 1733 2387 1780 et
2411 1725 2680 1798 discipuli,
2719 1736 2774 1783 et
2801 1731 3048 1788 carnales
3075 1743 3234 1789 erant
3261 1736 3492 1807 imperat

1907 1824 1970 1870 ut
2008 1818 2279 1886 quomodo
2312 1818 2415 1889 ipsi
2455 1835 2486 1874 a
2518 1821 2796 1892 magistris
2839 1825 3106 1894 spiritalia
3136 1837 3377 1895 metunt,
3417 1831 3498 1886 sic

1836 1903 2190 1979 Bmagistris
2240 1909 2478 1965 carnalia
2511 1913 2815 1982 praebeant,
2864 1915 2957 1985 qui
3005 1924 3147 1973 totos
3198 1934 3256 1974 se
3301 1921 3497 1977 divinae

1910 2001 2226 2067 eruditioni,
2248 2009 2304 2055 et
2325 2002 2502 2058 studio
2523 2003 2824 2071 tradentes,
2845 2006 2971 2061 vitae
2990 2008 3148 2080 hujus
3172 2013 3497 2068 necessariis

1910 2089 2176 2160 indigent,
2205 2101 2260 2147 et
2297 2092 2394 2147 fiat
2432 2093 2562 2148 illud
2589 2096 2734 2164 quod
2756 2096 2823 2150 de
2847 2112 3044 2154 manna
3077 2102 3338 2171 scriptum
3387 2110 3493 2170 est,

1907 2185 1997 2256 qui
2018 2185 2259 2250 multum,
2295 2204 2399 2242 non
2420 2188 2740 2255 abundavit;
2775 2199 2825 2244 et
2846 2191 2935 2262 qui
2957 2194 3241 2261 modicum,
3268 2213 3371 2251 non
3394 2196 3496 2251 mi-

1908 2279 2118 2332 noravit
2148 2277 2234 2351 (II
2258 2278 2382 2334 Cor.
2416 2280 2561 2350 vui).
2598 2281 2746 2336 Bona
2776 2291 2958 2338 autem
2990 2285 3046 2339 in
3070 2288 3326 2355 praesenti
3352 2288 3492 2356 loco,

1903 2367 2061 2437 juxta
2088 2368 2233 2440 vulgi
2273 2371 2718 2428 consuetudinem
2760 2389 3077 2445 moremque
3127 2391 3494 2446 communem,

1907 2461 2110 2515 victum
2158 2469 2213 2516 et
2245 2464 2522 2530 vestitum,
2553 2475 2857 2536 ceteraque
2897 2483 3016 2538 quae
3059 2469 3307 2526 homines
3353 2472 3498 2529 inter

1906 2555 2048 2611 bona
2074 2564 2383 2622 numerant,
2412 2557 2717 2628 appellavit.
2774 2559 3039 2616 [labentes
3071 2562 3216 2616 enim
3237 2564 3430 2618 victum
3445 2572 3496 2620 et

1907 2647 2166 2712 vestitum,
2189 2647 2270 2700 his
2298 2647 2523 2701 contenti
2553 2647 2718 2702 simus
2740 2646 2825 2720 (11
2852 2647 2986 2703 Tim.
3019 2647 3099 2721 Χ).
3154 2649 3267 2706 Nec
3294 2653 3495 2708 mirum

1908 2736 1956 2791 si
1999 2735 2199 2792 Paulus
2245 2752 2310 2791 ea
2369 2752 2489 2808 qua:
2535 2745 2694 2792 erant
2733 2739 2949 2808 corpori
3008 2740 3314 2796 necessaria
3368 2740 3497 2798 boni

1909 2827 2266 2896 appellatione
2286 2828 2556 2899 signavit:
2613 2845 2738 2885 cum
2783 2832 2948 2885 etiam
2998 2830 3248 2889 Salvator
3308 2843 3496 2890 noster

1909 2920 1979 2975 ad
2019 2934 2114 2975 eos
2160 2921 2254 2990 qui
2308 2922 2538 2976 necdum
2582 2923 2650 2976 ad
2688 2921 2951 2977 virtutum
2988 2922 3201 2980 culmen
3231 2925 3496 2983 ascendeé

1910 3017 2054 3076 rant,
2094 3011 2188 3065 sed
2239 3011 2418 3066 adhuc
2456 3012 2716 3068 humilius
2760 3013 3104 3082 incedebant,
3155 3023 3212 3072 et
3239 3015 3342 3072 sibi
3370 3017 3500 3074 addi

1909 3104 2204 3174 poscebant
2227 3104 2408 3169 ﬁdem,
2434 3105 2652 3160 dixerit.
2685 3103 2746 3162 Si
2769 3122 2891 3178 ergo
2923 3125 3030 3175 vos,
3055 3125 3174 3163 cum
3196 3109 3327 3164 mali
3356 3109 3494 3177 sitis,

1909 3196 2054 3250 scitis
2082 3195 2214 3250 bona
2235 3197 2362 3252 data
2385 3197 2513 3252 dare
2532 3197 2660 3268 filiis
2683 3200 2866 3254 vestris
2893 3241 2907 3263 ,
2933 3211 3128 3272 quanto
3155 3202 3320 3274 magis
3333 3200 3498 3259 Pater

1837 3263 1883 3329 ε
1913 3287 2130 3343 εωιεειὶδ
2150 3289 2295 3343 dabit
2320 3289 2454 3344 bona
2493 3263 2780 3360 petentibus
2798 3308 2854 3346 se
2881 3263 3097 3363 (blattis.
3115 3292 3214 3364 vn)

1987 3378 2167 3435 Nolite
2185 3397 2380 3445 errare,
2411 3378 2555 3437 Deus
2577 3398 2682 3437 non
2709 3382 2962 3438 irridetur
2987 3398 3005 3436 :
3035 3401 3154 3456 qua:
3173 3386 3312 3440 enim
3334 3388 3494 3443 semi-

1913 3473 2111 3528 naverit
2144 3473 2318 3536 homo,
2375 3472 2486 3528 haec
2514 3484 2563 3528 et
2591 3483 2793 3560 metet.
2823 3475 3134 3534 Pitevidens
3167 3477 3223 3533 in
3276 3479 3494 3548 spiritu,

1911 3581 2006 3621 eos
2041 3566 2134 3637 qui
2166 3565 2449 3630 docentur,
2477 3573 2534 3621 et
2569 3565 2766 3623 debent
2814 3569 3092 3641 magistris
3141 3578 3389 3640 sumptus
3440 3576 3495 3625 et

1911 3657 2036 3712 vitm
2060 3658 2365 3712 necessaria
2395 3657 2728 3725 ministrare,
2758 3674 2919 3728 posse
2937 3661 3232 3717 obtendere
3261 3677 3495 3732 pauper-

1913 3753 2080 3801 tatem
2103 3756 2158 3802 et
2185 3747 2394 3802 dicere:
2419 3746 2563 3818 Ager
2586 3763 2740 3803 meus
2760 3749 2864 3804 hoc
2887 3765 3028 3805 anno
3055 3751 3199 3805 aruit
3226 3753 3492 3819 siccitate,

1912 3840 2139 3895 Vineam
2170 3840 2376 3910 grando
2412 3840 2687 3906 contrivit,
2721 3839 3007 3906 Redditus,
3055 3842 3147 3910 qui
3187 3857 3309 3897 esse
3338 3850 3493 3912 pote-

1911 3940 2055 3995 rant,
2085 3931 2285 3985 tributa
2331 3940 2643 4001 rapuerunt,
2682 3930 2801 3986 Non
2856 3931 3030 3987 habeo
3063 3935 3204 3988 unde
3253 3934 3489 3992 tribuam

1913 4027 2052 4097 quod
2071 4025 2328 4095 jubetur;
2357 4025 2573 4094 adjecit,
2620 4025 2800 4080 Nolite
2823 4043 3022 4091 errare,
3071 4027 3213 4082 Deus
3235 4045 3340 4083 non
3370 4029 3498 4084 irri-

1913 4120 2084 4174 detur.
2144 4118 2276 4183 Scit,
2304 4118 2497 4188 inquit,
2529 4119 2690 4173 corda
2717 4130 2929 4184 vestra;
2954 4136 3062 4176 non
3086 4121 3298 4191 ignorat
3324 4121 3493 4179 facul-

1912 4218 2072 4265 tates.
2121 4209 2410 4264 Excusatio
2437 4210 2747 4265 verisimilis
2780 4211 2983 4266 homini
3015 4223 3193 4283 potest
3216 4224 3496 4286 utcunque

1911 4301 2152 4374 placere,
2178 4301 2345 4356 Deum
2382 4315 2490 4356 non
2523 4309 2704 4371 potest
2743 4300 2952 4358 fallere.
3022 4303 3088 4359 Et
3119 4306 3278 4360 simul
3303 4307 3497 4363 cohor-

1913 4402 2060 4450 tatur
2086 4393 2226 4448 adid
2255 4391 2397 4464 quod
2423 4402 2750 4463 praeceptum
2773 4403 2858 4450 est
2886 4395 3270 4463 exhibendum,
3305 4413 3495 4455 semen

1911 4485 2220 4551 nominans,
2269 4502 2337 4541 ne
2355 4493 2509 4556 putet
2542 4487 2812 4556 perditum
2859 4489 3003 4560 quod
3028 4490 3383 4562 multiplicato
3411 4491 3495 4549 fe-

1913 4592 2045 4633 nore
2075 4587 2391 4649 recepturus
2424 4586 2526 4634 est.

1986 4667 2247 4734 Quoniam
2271 4669 2360 4740 qui
2394 4670 2614 4724 seminat
2636 4671 2692 4725 in
2720 4687 2876 4727 carne
2903 4689 3023 4739 sua,
3048 4674 3112 4729 de
3137 4691 3296 4730 carne
3320 4686 3368 4731 et
3391 4693 3497 4734 me-

1912 4769 1983 4815 tet
2014 4759 2420 4830 corruptionem.
2454 4760 2568 4815 lIoc
2598 4761 2730 4816 dicit
2777 4763 2842 4817 de
2868 4764 3202 4820 amatoribus
3249 4764 3496 4836 volupta-

1911 4861 2027 4908 tum
2074 4851 2248 4923 magis
2303 4866 2464 4922 quam
2493 4851 2609 4908 Dei.
2643 4851 2701 4907 In
2725 4868 2887 4908 carne
2912 4855 3056 4910 enim
3088 4869 3186 4910 sua
3238 4855 3495 4926 seminat,

1913 4943 2006 5015 qui
2031 4943 2211 4999 omnia
2254 4959 2374 5014 quae
2403 4941 2551 5009 fecit,
2583 4943 2797 4998 etiamsi
2847 4943 2987 4999 bona
3015 4946 3328 5014 videantur,
3357 4962 3488 5018 pro-

1912 5043 2098 5106 pterea
2125 5040 2306 5088 tamen
2329 5031 2462 5088 facit
2481 5041 2543 5088 ut
2560 5033 2850 5088 carnaliter
2878 5034 2928 5088 ei
2949 5034 3087 5091 bene
3111 5037 3201 5092 sit.

1989 5127 2091 5194 Qui
2122 5134 2296 5180 autem
2326 5125 2547 5179 seminat
2595 5124 2651 5180 in
2674 5125 2885 5195 spiritu,
2921 5126 2986 5182 de
3017 5128 3208 5199 spiritu
3238 5139 3395 5186 metet
3421 5131 3496 5189 ui-

1917 5229 2026 5274 tam
2076 5227 2344 5274 teternam.
2382 5215 2681 5272 Seminatio
2708 5216 2762 5272 in
2789 5218 2983 5288 spiritu
3036 5227 3122 5276 est
3149 5234 3217 5276 ex
3245 5219 3351 5278 fide
3369 5237 3496 5280 cum

1917 5314 2184 5370 charitate
2204 5313 2413 5368 servire
2435 5311 2678 5383 justitiaa,
2712 5319 2769 5366 et
2801 5327 2908 5366 non
2957 5311 3178 5368 obedire
3206 5312 3494 5372 desideriis

1915 5403 2142 5475 peccati,
2168 5402 2414 5472 quamvis
2437 5401 2504 5456 de
2525 5401 2737 5456 mortali
2765 5416 2932 5457 carne
2953 5402 3329 5460 existentibus.
3360 5402 3500 5462 Mes-

1916 5498 1992 5552 sis
2017 5506 2199 5552 autem
2235 5495 2356 5550 viue
2401 5501 2618 5550 aeterna:
2660 5508 2783 5549 cum
2824 5493 3042 5552 inimica
3086 5495 3382 5552 novissime
3406 5493 3500 5550 de-

1914 5597 2156 5645 struetur
2207 5603 2378 5653 mors,
2408 5593 2464 5642 et
2508 5585 2884 5642 absorbebitur
2934 5585 3165 5643 mortale
3201 5601 3234 5640 a
3277 5585 3410 5650 vita,
3439 5589 3500 5639 et

1912 5681 2264 5751 corruptibile
2297 5681 2402 5735 hoc
2430 5680 2615 5735 induet
2651 5679 3128 5751 incorruptionem.
3159 5677 3220 5734 In
3240 5677 3344 5734 hoc
3362 5687 3497 5748 ergo

1913 5775 2073 5830 tertio
2098 5771 2289 5843 gradu,
2314 5786 2423 5844 quo
2441 5771 2542 5827 sub
2579 5771 2752 5844 gratia
2800 5786 3008 5838 sumus,
3035 5768 3303 5827 seminare
3332 5764 3496 5822 debo-

1916 5882 2035 5924 mus
2066 5880 2232 5939 opera
2251 5865 2395 5924 bona
2441 5879 2562 5937 quae
2583 5879 2749 5936 supra
2774 5863 2890 5935 jam
2927 5863 3075 5948 dicta
3099 5867 3246 5917 sunt.
3277 5855 3493 5914 Aliter:

2973 5975 3052 6059 29.
