4056 6350
258 395 374 459 Μ

1197 348 1454 449 sum.
1495 391 1566 451 1N
1602 390 1824 450 EPtsr.
1867 388 1939 449 ι).
1972 385 2182 446 PAULI
2215 385 2310 444 AD
2346 384 2593 445 GALAT.

3422 386 3530 448 910

261 515 555 580 timebant,
585 525 750 583 quam
792 508 1029 578 ludatis,-
1082 510 1281 582 quibus
1328 512 1582 568 volebant
1609 511 1844 583 placere,
1874 509 1927 573 Α
1950 521 2058 562 ιιοη
2111 506 2347 578 appetit,
2401 506 2555 579 quasi
2598 513 2845 564 mortuus
2896 515 3170 566 mortuum
3214 523 3326 567 non
3354 516 3538 567 atten-

261 608 737 669 eircuncisionem
780 607 833 662 in
878 609 1261 676 persecutione
1285 613 1670 679 proponerent.
1714 604 1849 659 Nam

262 718 368 760 nec
386 701 559 758 induti
586 700 840 772 prosequi
875 714 970 756 eos
994 708 1271 771 poterant,
1293 714 1393 755 nec
1426 700 1677 772 gentiles,
1715 712 1852 770 quos

261 795 523 851 videbant
546 800 602 849 et
655 792 963 865 proselytos
1005 793 1415 860 circumcidere,
1464 801 1520 848 et
1544 792 1692 864 ipsos
1716 789 1852 861 legis

259 894 535 959 praerepta
564 900 806 941 servare.

337 979 527 1050 Neque
551 979 688 1033 enim
716 977 808 1049 qui
849 977 1294 1033 circumciduntur
1311 974 1476 1048 legem
1513 975 1848 1039 custodiunt;

262 1070 357 1126 sed
384 1069 565 1126 uolunt
592 1086 681 1125 vos
710 1068 1037 1124 circumcidi.
1084 1068 1180 1124 Vel
1211 1068 1261 1123 si
1303 1066 1646 1125 circumcisio
1678 1065 1850 1137 legem

266 1165 479 1223 iaceret
519 1163 808 1228 custodiri,
838 1162 1044 1233 aliquid
1087 1163 1364 1218 videretur
1390 1162 1592 1216 habere
1624 1158 1851 1215 rationis

264 1259 375 1315 ista
400 1258 703 1329 persuasio,
728 1257 825 1313 sed
845 1265 1067 1328 propter
1090 1265 1361 1311 terrenam
1388 1253 1726 1319 felicitatem,
1762 1250 1850 1308 vel

262 1349 564 1418 cupiditate
590 1348 946 1427 adipiscendi,
971 1347 1059 1403 vel
1085 1363 1272 1404 amore
1295 1348 1596 1403 amittendi.
1624 1346 1690 1402 Et
1726 1346 1850 1401 ideo

265 1456 374 1496 non
411 1455 544 1496 vere
588 1441 900 1497 custoliunt
932 1458 945 1494 :
980 1442 1234 1511 quoniam
1270 1441 1505 1498 carnalis
1553 1442 1847 1513 cupiditas,

264 1549 370 1606 qua
397 1541 653 1604 peccator
674 1543 916 1589 mutatur
941 1536 1121 1604 potius
1164 1551 1327 1606 quam
1356 1543 1606 1607 augetur,
1634 1535 1845 1606 cupidi-

266 1633 378 1679 tate
414 1625 520 1679 alia
548 1640 651 1679 non
693 1633 916 1680 sanatur
944 1643 958 1681 :
990 1626 1117 1694 quia
1142 1625 1271 1681 facit
1300 1641 1395 1682 eos
1423 1627 1658 1682 carnalis
1690 1628 1851 1683 timor

265 1724 324 1771 et
350 1716 621 1786 cupiditas
650 1730 839 1772 servos
877 1716 969 1786 qui
1008 1717 1303 1773 carnaliter
1337 1726 1534 1775 cuncta
1558 1720 1855 1776 observare

265 1823 326 1863 se
365 1808 612 1863 credunt.
662 1808 816 1864 Unde
870 1808 975 1863 hoc
1032 1816 1120 1864 est
1175 1824 1337 1867 omne
1391 1811 1536 1880 quod
1592 1813 1871 1877 student;

1953 599 2051 655 dit.
2088 598 2225 668 Quia
2276 600 2440 671 igitur
2483 615 2583 657 nec
2629 599 2828 655 Paulus
2861 603 3045 657 mundi
3100 604 3330 675 gloriam
3383 618 3535 674 qua:-

1953 691 2110 746 rebat
2132 732 2148 756 ,
2190 706 2289 746 nec
2319 707 2350 745 a
2380 692 2563 747 mundi
2603 693 2773 765 gloria
2818 693 2931 763 ipse
2968 695 3343 763 quaerebatur,
3383 704 3440 752 et
3476 710 3539 754 se

1952 784 2153 839 mundo
2197 791 2251 839 et
2305 785 2564 840 mundum
2624 785 2727 841 sibi
2789 786 3111 840 crucifixum
3170 802 3291 844 esse
3339 789 3540 861 gloria-

1954 881 2059 929 tur.
2098 874 2251 943 Quod
2303 877 2429 948 quia
2469 876 2623 931 multi
2667 883 2947 948 appetunt,
2981 878 3077 933 sed
3123 886 3304 934 tamen
3362 895 3539 953 usque

1951 965 2021 1021 ad
2044 966 2260 1021 culmen
2293 965 2676 1024 exstinctionis
2704 968 3028 1024 omnimodas
3055 982 3165 1025 non
3207 978 3536 1044 assurgunt,

1949 1056 2074 1114 ideo
2095 1057 2173 1112 ait
2204 1075 2219 1112 :

2021 1148 2090 1205 In
2118 1147 2327 1206 Christo
2380 1151 2516 1205 enim
2572 1149 2702 1206 Jesu
2758 1168 2921 1225 neque
2973 1153 3302 1209 circumcisio
3331 1153 3537 1227 aliquid

1950 1240 2109 1307 valet,
2132 1258 2297 1314 neque
2321 1244 2655 1313 praeputium.
2683 1241 2797 1299 Hoc
2820 1252 3066 1316 tempore
3096 1260 3275 1316 neque
3299 1246 3538 1304 circum-

1951 1333 2085 1389 cisio
2115 1333 2368 1402 prodest,
2406 1348 2579 1403 neque
2610 1335 2935 1404 praeputium
2966 1344 3154 1403 nocet,
3193 1338 3287 1393 sed
3311 1339 3416 1395 hoc
3444 1322 3539 1396 so-

1950 1424 2061 1480 lum
2088 1425 2355 1495 prodest:
2402 1423 2460 1479 Si
2505 1424 2628 1495 quis
2662 1433 2883 1481 renatus
2933 1441 3073 1482 nova
3120 1428 3540 1489 circumcisione

1950 1527 2154 1573 utatur.
2183 1517 2376 1573 Servat
2388 1517 2620 1574 bocloco
2632 1517 2923 1591 Apostolus
2943 1534 3115 1590 usque
3130 1520 3184 1575 in
3201 1520 3362 1577 tinem
3386 1522 3538 1580 illam

1948 1609 2396 1677 indidemntiam,
2428 1612 2645 1682 nequis
2664 1627 2791 1667 eum
2814 1620 3038 1683 putaret
3060 1612 3145 1667 vel
3179 1613 3241 1668 in
3264 1613 3539 1671 Timothei

1949 1704 2368 1760 circumcisione
2389 1704 2645 1761 simulate
2676 1705 2880 1775 aliquid
2910 1707 3107 1777 egisse,
3150 1706 3238 1762 vel
3275 1707 3330 1761 in
3357 1706 3540 1778 cujus-

1950 1809 2114 1865 quam
2155 1809 2338 1865 agere,
2375 1794 2423 1850 si
2449 1793 2589 1851 forte
2614 1795 2795 1867 aliqua
2824 1797 2947 1852 talis
2993 1812 3158 1853 causa
3210 1798 3535 1853 exstitisset.

264 1901 413 1971 quod
461 1908 630 1971 agunt
649 1941 666 1964 ,
699 1902 847 1975 quod
886 1901 1137 1957 nituntur
1161 1942 1177 1969 ,
1219 1911 1283 1957 ιιι
1324 1903 1468 1973 apud
1513 1902 1728 1960 Iudaeos
1780 1904 1848 1960 de
1874 1889 1923 1951 B
1949 1891 2203 1948 Ostendit
2223 1895 2368 1948 enim
2392 1907 2498 1948 non
2529 1893 2701 1963 ipsam
2727 1894 3196 1949 circumcisionem
3223 1894 3417 1949 obesse
3438 1893 3539 1949 ali-

265 1999 451 2046 vestra
508 1991 688 2053 carnis
749 1992 946 2063 inauris
992 1992 1292 2064 glorientur
1345 2003 1403 2052 et
1443 1996 1698 2067 jactitent
1749 2008 1848 2052 suo

263 2092 453 2156 gentes
497 2076 809 2155 magisterio
860 2085 1232 2144 circumcisos.
1275 2086 1392 2145 Hoc
1440 2098 1622 2145 autem
1674 2084 1847 2145 tutum

264 2180 474 2234 faciunt
516 2187 576 2235 ut
614 2180 816 2236 Iudaeis
864 2182 1160 2251 placeant,
1216 2192 1273 2239 et
1318 2194 1665 2256 expugnante
1712 2185 1849 2258 legis

262 2270 468 2329 invidia
491 2274 879 2344 conquiescant
899 2274 980 2348 [et
997 2286 1316 2350 expugnatae
1334 2277 1469 2349 legis
1492 2280 1848 2347 invidiacon-

258 2366 594 2439 qiescant].
618 2364 749 2423 Sive
763 2367 923 2423 aliter
946 2387 960 2422 :

338 2456 523 2530 Neque
557 2460 697 2514 enim
740 2461 831 2531 qui
862 2458 1312 2515 circumciduntur
1332 2460 1494 2533 legem
1518 2462 1841 2520 custodiunt.

260 2551 417 2609 Illam
444 2552 590 2609 enim
633 2553 763 2609 dicit
802 2552 1219 2609 custoditionem
1249 2554 1405 2623 legis,
1438 2571 1545 2612 non
1574 2555 1841 2622 occidere,

261 2659 372 2701 non
394 2646 680 2712 mmchari,
714 2661 823 2701 non
848 2645 1041 2701 falsum
1066 2646 1437 2701 testimonium
1464 2647 1668 2715 dicere,
1699 2656 1753 2703 et
1798 2649 1845 2704 si

259 2750 371 2807 qua
418 2735 627 2793 homini
668 2738 736 2792 ad
766 2738 939 2795 bonos
975 2752 1158 2795 mOres
1184 2739 1459 2809 pertinere
1490 2738 1844 2796 manifestum

260 2836 379 2894 est;
411 2830 540 2900 quia
566 2829 673 2885 nisi
696 2829 964 2887 charitate
990 2840 1049 2887 et
1081 2847 1177 2903 spe
1211 2831 1477 2888 bonorum
1513 2840 1845 2890 aeternorum

261 2937 385 2992 qum
411 2937 511 2992 per
547 2922 708 2979 ﬁdem
735 2924 1095 2996 accipiuntur,
1139 2926 1354 2999 impleri
1384 2942 1494 2983 non
1526 2943 1687 2999 posse
1727 2927 1843 2999 jam

259 3010 469 3068 dictum
499 3020 601 3071 est.

332 3101 405 3157 Ut
444 3105 500 3159 in
538 3121 697 3162 carne
731 3115 904 3163 uestra
940 3106 1249 3178 glorientur.
1292 3110 1351 3166 Id
1379 3119 1497 3178 est,
1530 3119 1591 3167 ut
1618 3127 1727 3168 non
1756 3127 1846 3185 so-

258 3193 371 3253 lum
395 3211 505 3251 non
527 3199 804 3268 patiantur
829 3202 1260 3270 persecutionem
1283 3219 1314 3258 a
1333 3202 1551 3273 Judaeis,
1576 3207 1668 3276 qui
1694 3207 1843 3263 nullo

260 3288 425 3345 modo
452 3288 702 3347 ferebant
725 3292 1123 3351 incircumcisis
1144 3296 1318 3365 legem
1340 3298 1532 3368 prodi,
1564 3301 1657 3355 sed
1679 3300 1845 3357 etiam

258 3381 566 3454 glorientur
601 3386 742 3456 apud
794 3402 924 3452 eos,
960 3389 1101 3458 quod
1144 3397 1254 3444 tam
1300 3391 1498 3448 multos
1540 3393 1846 3466 prosclytos

260 3474 514 3531 fecerint.
560 3474 632 3532 Ut
687 3478 833 3533 enim
885 3496 1055 3535 unum
1099 3482 1433 3555 proselytum
1461 3484 1708 3542 facerent
1744 3484 1844 3543 Ju-

258 3570 386 3634 ἀεὶ,
412 3585 565 3627 mare
609 3580 664 3628 et
703 3582 907 3630 terram
953 3591 1051 3634 eos
1086 3578 1324 3637 circuire
1361 3581 1538 3640 solere
1582 3583 1846 3643 Dominus

257 3659 402 3719 dixit
436 3662 653 3735 (Matth.
696 3666 879 3738 χχιιι).

334 3753 473 3811 llihi
500 3765 677 3813 autem
707 3759 842 3815 absit
869 3759 1124 3831 gloriari,
1177 3780 1279 3819 mss
1328 3782 1386 3820 tn
1433 3784 1587 3824 cruce
1630 3768 1853 3827 Domini

256 3846 431 3900 nostri
452 3845 583 3902 Iesu
610 3846 838 3916 Christi,
861 3867 954 3921 per
971 3868 1126 3922 quem
1152 3855 1281 3909 mihi
1301 3857 1529 3913 mundus
1558 3860 1844 3929 cruciﬁxus

256 3945 360 4002 est,
392 3947 441 3992 et
466 3955 561 4010 ego
595 3941 814 3996 mando.
849 3942 964 3999 Non
999 3944 1053 3999 in
1082 3947 1298 4015 propria
1334 3946 1546 4016 justitia
1572 3991 1589 4016 ,
1638 3952 1724 4008 vel
1754 3953 1846 4009 do-

255 4030 439 4087 ctrina
464 4071 477 4093 ,
520 4033 615 4089 sed
636 4033 691 4088 in
724 4033 828 4090 ﬁde
847 4036 1028 4092 crucis
1050 4052 1150 4107 per
1173 4053 1336 4108 quam
1357 4041 1488 4096 mihi
1511 4043 1692 4098 omnia
1720 4060 1844 4113 pec-

256 4127 384 4176 cata
420 4120 640 4179 dimissa
667 4132 813 4180 sunt.
848 4126 920 4183 Ut
951 4142 1052 4198 ego
1081 4130 1283 4185 mundo
1325 4145 1586 4195 morerer,
1616 4141 1675 4187 ut
1719 4150 1844 4190 eum

257 4227 369 4275 non
416 4220 651 4282 teneam,
684 4216 735 4272 id
765 4226 870 4282 est,
921 4227 981 4273 ut
1025 4235 1201 4290 neque
1226 4224 1458 4279 mundus
1485 4224 1618 4280 mihi
1647 4241 1845 4283 nocere

256 4306 464 4376 possit,
491 4322 666 4378 neque
686 4324 785 4381 ego
814 4312 881 4367 de
903 4314 1105 4369 mundo
1133 4315 1337 4386 aliquid
1354 4319 1591 4389 cupiam.
1624 4319 1726 4389 Qui
1747 4336 1848 4377 au-

258 4404 371 4453 tem
414 4399 473 4457 in
509 4416 673 4458 cruce
710 4402 913 4459 Christi
941 4405 1220 4477 gloriatur,
1258 4424 1361 4463 non
1387 4410 1502 4466 vult
1538 4411 1752 4482 placere
1789 4414 1845 4470 in

257 4503 451 4557 carne,
468 4492 594 4563 quia
620 4496 1024 4565 persecutiones
1052 4499 1347 4554 carnalium
1371 4517 1478 4556 non
1501 4503 1677 4568 timet,
1707 4520 1845 4575 quas

257 4584 432 4653 prior,
488 4592 549 4641 ut
584 4586 1024 4660 cruciﬁgeretur,
1058 4590 1149 4646 ille
1199 4592 1484 4667 sustinuit,
1512 4602 1574 4649 ut
1617 4597 1843 4669 vesﬁgia

208 4728 219 4733 μ
260 4687 361 4737 sua
409 4676 746 4732 sectantibus
804 4680 1075 4750 praeberet
1122 4683 1450 4753 exemplum.
1504 4683 1632 4757 Sive
1681 4687 1845 4745 aliter

259 4766 499 4823 mundus
520 4767 574 4823 ei
627 4769 922 4827 cruciﬁxus
965 4771 1163 4840 fuerat,
1196 4775 1322 4844 quia
1375 4777 1519 4834 hunc
1565 4779 1715 4834 cordi
1745 4759 1845 4851 suo

248 4854 371 4925 jam
400 4867 672 4933 mortuum
714 4876 820 4917 non
857 4864 1114 4919 amabat:
1148 4866 1241 4921 scd
1273 4877 1329 4922 et
1358 4882 1417 4922 se
1444 4868 1618 4941 ipsum
1641 4874 1845 4935 mundo

258 5052 326 5092 eo
354 5039 507 5108 quasi
557 5050 802 5099 morulas
851 5044 1158 5113 concupisci
1193 5062 1300 5103 non
1354 5049 1548 5119 possit.
1606 5050 1663 5106 Si
1697 5054 1847 5111 enim

263 5143 374 5183 uno
398 5129 452 5185 in
482 5130 602 5189 loco
634 5132 744 5189 sint
772 5142 1021 5192 mortuus
1064 5145 1121 5193 et
1164 5138 1388 5207 vivens,
1430 5152 1484 5197 et
1511 5143 1560 5198 si
1599 5153 1853 5206 mortuus

258 5219 447 5277 vivum
467 5239 572 5279 non
598 5225 779 5292 videt,
825 5227 983 5283 vivus
1011 5237 1193 5284 tamen
1241 5242 1518 5290 mortuum
1566 5235 1734 5291 videt.
1782 5235 1845 5295 Si

258 5327 392 5368 vero
421 5316 638 5388 utrique
660 5326 786 5374 sunt
810 5319 1039 5385 mortui,
1074 5320 1214 5377 alter
1234 5322 1465 5380 alterum
1493 5341 1842 5399 nequaquam

255 5403 430 5460 videt.
458 5404 537 5462 Ita
558 5408 651 5478 qui
673 5407 788 5480 jam
820 5411 1079 5468 mundum
1108 5428 1218 5469 non
1239 5422 1387 5470 amat
1403 5456 1422 5482 ,
1448 5416 1543 5472 sed
1568 5425 1749 5475 tamen
1774 5420 1845 5477 ab

258 5493 353 5550 illo
378 5511 488 5553 non
520 5499 709 5557 videns
728 5511 945 5558 amatur
966 5543 983 5570 ,
1019 5510 1075 5559 et
1098 5504 1215 5577 ipse
1238 5507 1387 5563 velut
1421 5517 1668 5568 mortuus
1687 5528 1845 5570 mun-

258 5582 390 5640 dum
421 5600 530 5643 non
559 5589 705 5645 videt
737 5608 750 5644 :
781 5591 927 5649 hunc
979 5602 1158 5651 tamen
1206 5598 1440 5654 mundus
1486 5601 1663 5658 adhuc
1699 5619 1847 5659 mor-

260 5683 387 5735 tuus
415 5680 578 5741 videt.
617 5681 677 5741 Si
715 5698 848 5743 vero
869 5702 974 5744 nec
995 5688 1187 5760 ipsein
1223 5706 1408 5749 amore
1434 5694 1693 5751 mundum
1720 5697 1848 5753 reti-

210 5828 219 5837 ,
256 5778 372 5839 net,
413 5789 516 5830 nec
543 5792 760 5834 rursum
787 5794 817 5834 a
842 5778 1027 5837 mundi
1053 5797 1239 5839 amore
1264 5786 1562 5855 retinetur,
1600 5788 1843 5845 vicissim

256 5861 365 5920 sibi
392 5874 621 5942 uterque
644 5872 899 5930 exstincti
924 5882 1069 5936 sunt.
1100 5876 1227 5949 quia
1261 5876 1389 5933 dum
1431 5878 1569 5936 alter
1609 5880 1840 5938 alterum
1903 5956 1909 5962 θ

1868 4637 1923 4700 D

1952 1986 2085 2058 quid
2113 1984 2477 2048 credentibus,
2509 1986 2603 2042 sed
2634 2000 2784 2056 spem
2821 1985 3011 2042 salutis
3039 1986 3093 2042 in
3124 1987 3321 2044 talibus
3343 1988 3569 2053 obser-,.

1948 2081 2259 2137 rationibus
2289 2081 2606 2138 constituta.
2639 2080 2777 2135 Nam
2804 2087 2859 2136 et
2894 2079 3122 2137 Actibus
3165 2082 3540 2153 apostolorum

1950 2172 2057 2231 hoc
2106 2172 2270 2228 modo
2306 2170 2663 2227 inveniuntur
2692 2170 2766 2226 illi
2805 2172 3279 2229 circumcisionem
3308 2188 3542 2243 persua-

1950 2263 2081 2320 dere
2099 2304 2115 2330 ,
2137 2271 2199 2319 ut
2224 2262 2386 2318 aliter
2408 2277 2504 2319 eos
2524 2261 2615 2333 qui
2643 2276 2712 2317 ex
2746 2262 2998 2332 gentibus
3023 2263 3384 2331 crediderant,
3432 2263 3543 2319 sal-

1948 2348 2063 2412 vos‘
2098 2357 2219 2413 ﬁeri
2270 2364 2473 2428 negent
2523 2371 2703 2429 posse.
2758 2355 2877 2413 Non
2926 2373 3057 2428 ergo
3103 2358 3277 2429 ipsius
3316 2359 3543 2430 operis,

1950 2450 2047 2505 sed
2095 2448 2261 2518 hujus
2318 2449 2526 2506 erroris
2581 2448 2879 2521 perniciem
2938 2448 3138 2507 refellit
3199 2449 3494 2523 Apostolus
3520 2490 3541 2520 ,

1950 2555 2075 2597 cum
2118 2540 2256 2596 dicit
2293 2559 2309 2595 :
2352 2540 2543 2613 Neque
2574 2541 2905 2599 circumcisio
2953 2542 3158 2617 aliquid
3209 2553 3331 2610 est,
3374 2561 3545 2619 neque

1950 2633 2289 2704 prtcputium.

2022 2724 2131 2782 Sed
2165 2743 2298 2782 nova
2327 2734 2593 2781 creatura.
2637 2724 2845 2781 Novam
2871 2731 3180 2783 creaturam
3206 2727 3338 2785 dicit
3368 2728 3543 2790 vitam

1920 2833 2148 2876 .novam
2175 2833 2275 2889 per
2298 2817 2460 2874 fidem
2481 2817 2609 2875 Jesu
2632 2817 2860 2883 Christi,
2883 2818 2939 2874 in
2973 2834 3079 2890 qua
3107 2835 3248 2877 nova
3286 2831 3545 2881 creatura

1949 2908 2428 2982 transﬁgurabitur
2447 2924 2645 2982 corpus
2664 2909 2989 2965 humilitatis
3008 2918 3208 2967 nostrae
3227 2910 3543 2983 configura-

1951 3012 2068 3061 tum
2084 3005 2299 3075 corpori
2311 3004 2580 3061 claritatis
2600 3004 2825 3072 Christi,
2848 3019 2973 3061 cum
2992 3012 3180 3063 vetera
3196 3006 3544 3075 transierint,

1948 3106 2009 3155 et
2029 3096 2173 3154 facta
2198 3098 2402 3154 fuerint
2423 3097 2605 3154 omnia
2634 3113 2792 3153 nova.

2022 3189 2091 3245 Et
2120 3193 2417 3263 quicunque
2461 3190 2599 3246 hanc
2629 3189 2868 3262 regulam
2911 3198 3220 3262 sequuntur,
3249 3206 3359 3262 pan:
3381 3204 3546 3263 super

1871 3265 1922 3332 Β
1947 3282 2095 3351 illos,
2122 3292 2173 3339 et
2191 3282 2555 3339 misericordia
2572 3322 2589 3349 ,
2612 3290 2661 3337 et
2691 3298 2849 3354 super
2870 3279 3043 3337 Israel
3071 3280 3192 3337 Dei.
3220 3281 3278 3337 Id
3299 3290 3405 3349 est,
3442 3294 3541 3339 eos

1950 3377 2045 3449 qui
2072 3391 2201 3432 vere
2228 3376 2297 3432 ad
2324 3375 2590 3432 visionem
2621 3375 2719 3431 Dei
2743 3383 3141 3447 praeparantur,
3169 3392 3279 3432 non
3313 3376 3407 3447 qui
3433 3391 3536 3434 vo-

1916 3504 1921 3509 -
1948 3477 2146 3524 cantur
2168 3468 2273 3524 hoc
2298 3467 2517 3523 nomine
2543 3475 2599 3523 et
2621 3465 2827 3524 carnali
2853 3467 3098 3524 excitate
3126 3467 3309 3523 videre
3356 3468 3537 3525 Deum

1948 3556 2158 3618 nolunt.
2193 3558 2412 3627 quando
2436 3557 2668 3629 gratiam
2713 3555 2832 3627 ejus
2860 3565 3180 3629 reSpuentes
3199 3597 3216 3624 ,
3247 3559 3392 3615 servi
3416 3573 3544 3617 esse

1946 3656 2253 3722 temporum
2278 3650 2521 3721 cupiunt.
2552 3650 2647 3707 Dei
2673 3666 2803 3706 vero
2829 3649 2996 3706 Israel
3017 3650 3197 3706 dictus
3221 3659 3305 3707 est
3333 3650 3402 3706 ad
3431 3651 3541 3708 disv

1949 3742 2266 3799 tiuctionem
2300 3742 2419 3814 ejus
2459 3743 2553 3814 qui
2583 3741 2679 3797 Dei
2706 3741 2876 3797 Israel
2902 3754 3024 3797 esse
3045 3741 3301 3797 cessavit.
3337 3741 3542 3798 Dicunt

1947 3834 2092 3889 enim
2118 3848 2177 3889 se
2205 3848 2328 3890 esse
2355 3833 2590 3900 Iudaeos,
2616 3841 2671 3889 et
2699 3848 2807 3888 non
2832 3841 2963 3888 sunt
2995 3850 3008 3887 :
3041 3834 3138 3888 sed
3170 3833 3536 3904 mentiuntur,

1946 3940 2072 3981 cum
2104 3925 2214 3979 sint
2243 3925 2310 3980 de
2336 3940 2606 3995 synagoga
2635 3922 2872 3979 Satanae.
2902 3922 3011 3978 Nec
3042 3924 3351 3979 mirandum
3379 3923 3538 3983 estsi

1948 4015 2017 4070 ad
2037 4014 2440 4070 distinctionem
2472 4012 2735 4083 spiritalis
2754 4012 2918 4069 lsrael
2947 4013 3186 4070 carnalis
3203 4013 3371 4070 Israel
3400 4014 3538 4072 dici-

1948 4114 2054 4170 tur,
2084 4105 2175 4176 qui
2210 4120 2313 4160 nec
2335 4120 2525 4175 pacem
2556 4105 2775 4171 habeat,
2820 4120 2923 4161 nec
2976 4106 3435 4176 misericordiam,
3464 4109 3537 4169 de

1948 4213 2056 4268 quo
2086 4207 2144 4255 et
2165 4196 2232 4253 ad
2258 4194 2573 4253 Corinthios
2602 4198 2862 4255 scribitur
2891 4216 2907 4255 :
2939 4197 3121 4256 Videte
3156 4198 3330 4257 Israel
3350 4219 3538 4260 secun-

1946 4289 2073 4344 dum
2102 4305 2313 4345 carnem
2344 4287 2405 4362 (Ι
2434 4289 2557 4344 Cor.
2587 4290 2665 4361 ι).

2016 4377 2097 4438 De
2123 4392 2309 4437 ca'tero
2332 4398 2481 4437 nemo
2505 4382 2633 4437 mihi
2657 4381 2907 4439 molestus
2933 4385 3020 4440 sit.
3093 4382 3265 4440 Nemo
3302 4400 3392 4441 me
3416 4371 3536 4443 am;

1946 4471 2088 4543 plius
2115 4472 2435 4543 interroget,
2473 4472 2626 4544 quasi
2652 4473 2905 4528 dubitans
2946 4489 2962 4528 :
2992 4489 3209 4531 omnem
3245 4476 3390 4532 enim
3414 4474 3534 4547 jam

1948 4568 2173 4641 exposui
2210 4568 2516 4623 veritatem.
2596 4567 2802 4624 Idcirco
2826 4568 2929 4624 hoc
2950 4569 3085 4625 dicit
3115 4571 3242 4640 quia
3264 4587 3370 4627 non
3415 4570 3534 4630 vult

1946 4679 2044 4736 per
2092 4662 2430 4717 turbulentas
2473 4662 2848 4718 contentiones
2894 4662 3112 4718 taedium
3152 4662 3258 4719 sibi
3286 4661 3405 4719 fieri
3434 4664 3531 4720 deq-

1944 4758 2074 4813 bere
2102 4763 2362 4828 quantum
2385 4756 2523 4813 satis
2554 4764 2674 4812 erat
2720 4756 2962 4826 exposita
3004 4757 3228 4813 materia
3259 4772 3381 4814 cum
3410 4754 3529 4829 jam

1912 4854 1915 4859 '
1944 4850 2002 4905 in
2043 4847 2283 4919 Epistula
2305 4863 2468 4920 quam
2490 4848 2560 4903 ad
2578 4846 2853 4903 Romanos
2875 4846 3112 4921 scripsit,
3168 4855 3283 4905 tum
3324 4850 3381 4906 in
3407 4850 3530 4908 hac

258 4948 629 5017 cruciﬁserat,
653 4951 779 5022 quia
812 4954 976 5010 talem
1005 4970 1064 5011 se
1085 4956 1133 5011 ei
1155 4958 1413 5016 exhibere
1439 4938 1666 5028 studuit,
1692 4972 1754 5019 ut
1776 4965 1846 5035 ab
1905 4938 1912 5023 Ϊ
1946 4940 2082 5014 ipsa.

2017 5051 2133 5125 Ego
2153 5055 2291 5110 enim
2310 5054 2559 5127 stigmata
2569 5052 2697 5110 Iesu
2716 5071 2772 5111 tu
2791 5070 3008 5125 corpore
3019 5072 3135 5111 meo
3147 5066 3318 5128 porto.
3341 5057 3400 5118 Id
3420 5067 3525 5131 est,

1947 5161 2049 5219 ego
2079 5147 2229 5222 signa
2259 5156 2317 5204 et
2344 5148 2713 5215 characteres,
2762 5162 2870 5206 non
2917 5149 3381 5221 circumcisionis,
3430 5154 3528 5212 sed

1947 5241 2128 5298 crucis
2180 5255 2279 5311 per
2329 5239 2635 5311 passionem
2674 5240 2729 5297 in
2756 5255 2984 5312 corpore
3016 5258 3140 5301 meo
3175 5243 3527 5313 circumfero,

1904 5392 1911 5397 _
1945 5339 2002 5389 et
2027 5330 2212 5403 plagas
2252 5329 2337 5387 vel
2382 5328 2757 5402 flagella,qute
2804 5339 3027 5405 prapter
3074 5332 3349 5392 Christum
3406 5351 3529 5395 sus-

1949 5425 2112 5489 tineo,
2167 5432 2242 5481 et.
2264 5424 2441 5480 habeo
2479 5422 2617 5480 alios
2643 5421 2945 5492 conﬂictus,
2997 5432 3053 5483 et
3079 5427 3379 5485 certamina
3401 5442 3529 5485 cum

1947 5531 2113 5575 carne
2159 5531 2280 5573 mea
2307 5557 2326 5584 ,
2374 5531 2495 5586 quin
2548 5516 2604 5572 in
2652 5517 3124 5588 persecutionibus
3172 5537 3309 5594 quas
3350 5522 3533 5595 patior

1946 5624 2157 5666 mecum
2207 5607 2488 5664 dimicant.
2573 5607 2841 5682 Stigmata
2878 5611 3025 5668 enim
3083 5612 3337 5670 dicuntur
3386 5620 3531 5669 notas

1944 5699 2191 5773 quaedam
2211 5714 2494 5773 prunarum
2532 5700 2830 5770 servilium,
2853 5711 2917 5759 ut
2940 5704 3137 5776 siquis
3162 5704 3314 5762 verbi
3347 5703 3524 5778 gratia

1951 5806 2140 5848 servus
2161 5791 2216 5847 in
2250 5793 2596 5865 compedibus
2623 5792 2790 5851 fuerit
2819 5805 3044 5869 propter
3086 5812 3307 5865 noxam,
3346 5795 3400 5852 id
3421 5802 3531 5866 est,

1947 5890 2167 5965 propter
2184 5884 2416 5967 culpam,
2462 5885 2547 5942 vel
2562 5883 2871 5960 huiusmodi
2898 5888 3101 5967 aliquid
3119 5902 3315 5963 passus
3338 5887 3530 5966 fuerit,
