4056 6350
554 419 653 479 9ll

1625 407 1913 466 CLAUDII,
1941 405 2408 466 TAURINENSIS
2446 401 2757 462 EPISCOPI

3735 403 3844 461 912

554 532 810 604 stigmata
855 529 1055 585 habere
1084 527 1318 583 dicatur.
1385 526 1452 581 Et
1474 525 1592 582 ideo
1617 527 1670 580 in
1689 524 1814 594 jure
1850 525 2146 581 manumis—
2172 533 2225 594 Α
2248 525 2477 581 lationes
2517 540 2624 579 non
2653 523 2702 578 ei
2727 521 2979 578 valebant
3005 520 3074 578 ad
3102 521 3422 592 perniciem,
3455 521 3552 579 sed
3589 523 3661 579 ad
3693 540 3850 582 coro-

553 625 726 684 sionis
761 621 1038 678 inferioris
1071 628 1155 676 est
1197 619 1424 675 ordinis.
1479 619 1633 675 Nunc
1679 635 1808 691 ergo
1858 618 2148 691 Apostolus

552 719 810 791 stigmata
856 715 1028 771 voluit
1087 711 1380 784 appellare,
1435 712 1590 782 quasi
1645 720 1804 768 notas
1861 726 2146 783 plenarum

552 814 620 871 de
642 807 1114 884 persecutionibus
1140 822 1275 877 quas
1328 805 1654 877 patiebatur.
1683 804 1909 875 Propter
1929 804 2141 875 culpam

551 904 700 960 enim
743 902 1140 974 persecutionis
1188 917 1293 972 qua
1343 910 1660 973 persecutus
1708 911 1829 957 erat
1876 901 2146 958 Ecclesias

553 992 780 1058 Christi,
808 994 926 1049 htec
970 992 1069 1048 sibi
1119 992 1343 1049 retribui
1371 1000 1723 1065 cognoverat,
1750 993 1892 1048 sicut
1933 991 2001 1048 ab
2028 992 2146 1063 ipso

542 1084 785 1162 Domino
811 1085 1016 1142 dictum
1038 1093 1123 1142 est
1145 1085 1388 1150 Ananize,
1421 1100 1543 1139 cum
1569 1084 1708 1140 idem
1733 1083 1882 1139 illum
1906 1083 2146 1138 Anauias

558 1185 814 1248 tanquam
861 1186 1268 1246 persecutorem
1326 1176 1760 1233 Christianorum
1803 1175 2141 1233 formidaret.

553 1268 672 1343 Ego
700 1269 779 1326 illi
807 1269 1099 1336 ostendam,
1137 1269 1332 1342 inquit,
1365 1286 1484 1341 quw
1514 1279 1748 1340 oporteat
1771 1286 1888 1324 eum
1917 1269 2029 1341 pati
2050 1284 2146 1339 pro

556 1363 770 1418 nomine
792 1379 925 1418 meo.
971 1361 1355 1420 Verumtamen
1378 1371 1602 1436 propter
1624 1362 1999 1417 remissionem
2029 1375 2151 1433 pec-

556 1460 830 1520 catorum,
874 1453 928 1509 in
956 1467 1062 1524 qua
1081 1453 1388 1525 baptizatus
1435 1462 1576 1521 erat,
1625 1468 1814 1510 omnes
1844 1453 1947 1508 illae
1979 1452 2151 1509 tribu-

565 1594 2107 1622 Mnus—W-

1356 1709 2119 1825 CLAUDII
2200 1703 3038 1825 EPISCOPI

983 1931 1576 2092 EXPOSIT10
1683 1930 2236 2091 EPISTMJM
2348 1929 2507 2084 ΑΙ)
2612 1922 3405 2084 PlllllllllllNElll.

2249 635 2375 675 nam
2420 617 2663 674 victoria:
2703 615 3078 689 proficiebant.
3118 613 3409 671 Conclusio
3437 615 3698 686 Epistolae
3728 625 3847 674 tan-

2249 730 2413 784 quam
2440 711 2766 782 subscriptio
2795 708 3082 766 manilesta
3105 715 3206 765 est.
3240 707 3381 764 Nam
3401 716 3458 765 et
3489 710 3545 765 in
3569 711 3845 768 nonnullis

2250 802 2370 859 aliis
2400 803 2655 875 Epistolis
2681 803 2783 858 hac
2821 802 2894 856 ita
2923 801 3132 856 utitur:

2321 893 2510 950 Gratia
2542 894 2759 949 Domini
2793 894 2960 948 nostri
2985 891 3118 948 Iesu
3147 891 3345 949 Christi
3374 909 3494 948 cum
3520 893 3720 964 spiritu
3765 909 3847 948 ro-

2249 996 2390 1053 stro,
2441 985 2627 1041 Amen.
2683 985 3025 1055 Subscriptio
3069 982 3222 1039 Pauli
3250 983 3377 1040 talis
3418 993 3524 1041 est.
3558 983 3731 1056 Optat
3759 999 3849 1040 au-

2253 1088 2362 1136 tem
2402 1088 2463 1134 ut
2491 1078 2666 1150 gratia
2702 1094 2826 1134 cum
2865 1078 2947 1134 eis
2989 1077 3234 1144 Dominl,
3285 1092 3395 1132 non
3446 1077 3586 1149 legis
3637 1092 3846 1148 opera,

2254 1172 2560 1227 comitetur.
2598 1169 2735 1226 Cum
2781 1170 3010 1242 spiritu,
3048 1169 3261 1239 inquit,
3308 1185 3417 1225 non
3469 1184 3596 1225 cum
3639 1185 3845 1226 carne:

2255 1265 2310 1320 in
2339 1262 2492 1334 cujus
2532 1262 2948 1319 circumcisione
2981 1262 3284 1334 gloriantur
3305 1261 3582 1317 carnales.
3612 1261 3730 1317 Vos
3753 1276 3846 1317 au-

2254 1363 2366 1412 tem
2403 1355 2718 1427 spiritaliter
2737 1354 3047 1412 circumcisi
3072 1353 3237 1421 estis,
3271 1363 3328 1410 et
3358 1351 3690 1425 spiritaliter
3725 1367 3849 1411 cou-

2255 1466 2552 1507 versamini
2565 1490 2574 1504 .

2893 1589 3842 1618 -———_

1867 2181 1966 2245 (Ex
1991 2180 2104 2233 Maii
2127 2179 2296 2246 Spicll.
2323 2182 2439 2231 tom.
2471 2176 2602 2242 lX.)'

1013 2349 1333 2453 nonnum
1370 2393 1711 2451 EDITORIS.

635 2532 846 2593 Claudii
895 2531 1247 2590 Taunnensis
1297 2531 1563 2602 episcopi,
1614 2530 1708 2602 qui
1755 2530 1853 2587 sub
1876 2530 2150 2587 Ludovico

561 2606 660 2663 Pio
687 2605 840 2668 vixit,
893 2602 1255 2674 expositiones
1292 2602 1855 2674 EpistolarumﬂPauli
1899 2603 2145 2674 apostoli,

559 2692 685 2734 cum
729 2674 855 2729 alibi
904 2672 1018 2729 tuin
1046 2675 1099 2729 in
1152 2673 1388 2743 antiquis
1434 2674 1598 2729 etiam
1633 2672 2148 2730 .Vaticante’biblio-

561 2747 736 2816 thecae
761 2745 1036 2802 codicibus
1076 2745 1281 2816 jacent.
1317 2744 1423 2800 Has
1471 2743 1749 2816 divulgare
1774 2743 1909 2816 olim,
1946 2744 2150 2816 cogita-

558 2815 704 2881 bam,
745 2814 1118 2886 quotempore
1168 2815 1451 2886 prologum
1491 2815 1545 2868 in
1573 2814 1812 2886 priorem
1848 2815 1915 2870 ad
1959 2814 2150 2869 COrin-

562 2887 709 2940 thios
736 2885 878 2939 edidi
902 2885 1100 2954 Script.
1126 2894 1235 2939 vet.
1267 2885 1464 2948 T.’Vll,
1503 2901 1557 2954 p.
1585 2885 1709 2938 274.
1762 2885 2147 2941 Verumtamen

561 2956 718 3010 lectis
740 2963 922 3023 postea
953 2954 1247 3024 studiosius
1272 2955 1358 3009 his
1391 2955 1598 3010 Claudii
1633 2955 1870 3024 scriptis,
1903 2955 2033 3008 mihi
2057 2956 2149 3010 de-

562 3041 712 3097 mum
735 3024 987 3097 innotuit,
1024 3025 1158 3097 nihil
1210 3023 1419 3097 ἴριδεμίὺί
1444 3041 1563 3080 esse
1594 3023 1858 3095 (exceptis
1887 3024 2146 3097 prologis)

563 3095 669 3151 nisi
698 3111 765 3151 ex
787 3096 1016 3166 cognitis
1063 3095 1294 3166 aliorum
1321 3095 1542 3166 Patrum
1594 3094 2000 3166 commentariis
2027 3094 2150 3152 bre-

561 3166 708 3222 Viata
736 3165 1023 3237 excerpta;
1075 3166 1218 3237 quod
1252 3165 1448 3237 alioqui
1479 3165 1692 3221 Claudii
1729 3167 1921 3222 vitium
1969 3165 2149 3223 Simo-

561 3237 685 3309 nius
707 3244 870 3309 atque
906 3235 1266 3309 Trombellius
1287 3235 1493 3305 jamdiu
1539 3245 1940 3309 persenserant.
1980 3237 2148 3309 Igitur

562 3306 735 3378 delegi
762 3305 980 3378 unicum
1009 3305 1216 3363 Claudii
1252 3305 1700 3378 commentarium
1735 3324 1897 3378 super
1936 3305 2146 3365 brevis-

562 3377 700 3449 sima
725 3377 791 3432 ad
818 3377 1188 3434 Philemonem
1210 3377 1468 3449 Epistola,
1502 3393 1660 3448 quem
1690 3377 1812 3434 hoc
1844 3379 1962 3436 loco
1986 3379 2148 3436 lecto-

562 3446 713 3502 ribus
758 3456 1108 3517 reprtesento,
1164 3457 1226 3503 ut
1255 3446 1484 3504 'Inecum
1519 3446 1754 3504 Videant
1801 3450 1934 3506 nihil
1985 3450 2146 3507 Clau-

561 3517 969 3591 dium___habere
1007 3519 1176 3591 quod
1218 3519 1652 3591 uberius__a_tqu_e
1710 3520 2040 3591 splendidius
2089 3523 2144 3578 in

561 3587 673 3643 divi
689 3586 1023 3712 llliei-onymi
1063 3589 1130 3644 ad
1157 3588 1404 3645 eamdem
1430 3586 2144 3660 Epistolam'commentario

561 3671 668 3712 non
708 3673 807 3712 eaa
834 3675 918 3712 ur.

560 3671 668 3715 non
689 3667 918 3731 legatur.

823 3807 1224 3887 INCIPIT
1319 3787 1896 3891 EXPOSITlO.

517 4011 524 4018 .
628 3964 926 4022 Philemoni
963 3964 1258 4023 familiares
1300 3966 1510 4024 litteras
1560 3967 1690 4024 facit
1736 3985 1835 4041 pro
1890 3969 2145 4026 Onesimo

553 4072 712 4115 servo
743 4057 880 4128 ejus.
912 4057 1143 4129 Scripsit
1175 4069 1356 4115 autem
1385 4061 1436 4116 ei
1462 4061 1530 4117 ab
1571 4063 1706 4117 urbe
1729 4061 1900 4117 Roma
1931 4065 1996 4119 de
2025 4079 2147 4119 car-

553 4165 696 4215 cere,
730 4158 786 4206 et
830 4150 934 4205 hoc
977 4151 1095 4220 ejus
1139 4151 1466 4223 principium
1513 4160 1598 4208 est
1633 4171 1646 4206 :
1693 4150 1898 4208 Paulus
1942 4155 2144 4211 vinctus

552 4237 682 4293 Jesu
737 4235 951 4293 Christi.
980 4237 1037 4292 ln
1067 4239 1209 4294 nulla
1247 4240 1483 4311 Epistula
1524 4241 1628 4297 hoc
1645 4245 1964 4316 cognomine
2013 4261 2148 4302 usus

517 4381 522 4386 .
551 4338 656 4394 est,
689 4329 813 4385 licet
845 4330 899 4384 in
931 4345 1160 4401 corpore
1187 4332 1558 4402 epistolarum,
1591 4334 1658 4389 ad
1689 4334 1951 4405 Ephesios
1993 4337 2144 4394 vide-

550 4416 679 4472 licet
704 4424 759 4470 et
779 4414 1154 4486 Philippenses
1180 4427 1234 4472 et
1270 4417 1644 4482 Colossenses,
1674 4435 1792 4476 esse
1821 4437 1880 4477 se
1912 4422 1966 4477 in
2024 4423 2143 4478 vin-

547 4507 688 4564 culis
726 4523 826 4578 pro
859 4507 1202 4565 confessione
1234 4517 1478 4566 testetur.
1537 4510 1753 4580 Majoris
1799 4521 1978 4569 autem
2006 4513 2140 4569 mihi

547 4597 762 4655 videtur
781 4600 1088 4670 supercilii,
1139 4601 1379 4656 vinctum
1426 4599 1552 4656 Jesu
1601 4602 1803 4658 Christi
1854 4618 1911 4658 se
1959 4604 2141 4660 dicere

547 4704 713 4761 quam
742 4689 1044 4760 apostolum
1078 4707 1093 4745 :
1123 4690 1498 4762 gloriabantur
1519 4693 1717 4762 quippe
1745 4694 1974 4763 apostoli
1997 4696 2140 4764 quod

549 4781 694 4855 digni
718 4782 894 4838 habiti
924 4794 1052 4839 sunt
1076 4799 1177 4855 pro
1197 4784 1418 4840 nomine
1443 4783 1572 4840 Jesu
1603 4787 1980 4842 contumeliam
2002 4789 2135 4858 pati.

549 4871 656 4928 Sed
682 4874 990 4929 necessaria
1015 4885 1099 4930 est
1123 4875 1417 4930 auctoritas
1446 4875 1804 4930 vinculorum.
1829 4876 2139 4949 Rogaturus

548 4976 650 5032 pro
675 4961 951 5029 Onesimo,
978 4963 1102 5020 talis
1118 4980 1311 5036 rogare
1331 4965 1515 5020 debuit
1534 4965 1624 5035 qui
1647 4974 1830 5036 posset
1848 4967 2139 5038 impetrare

547 5055 690 5124 quod
723 5065 989 5126 posceret.
1018 5057 1170 5112 Felix
1197 5058 1472 5124 nimirum,
1505 5059 1596 5130 qui
1629 5076 1735 5114 non
1763 5060 1817 5115 in
1846 5062 2133 5132 sapientia,

2173 2397 2224 2458 Β
2254 2391 2348 2447 illo
2391 2388 2765 2462 perseveravit
2804 2404 2818 2442 :
2874 2403 2982 2461 quo
3025 2395 3273 2460 tempore
3314 2385 3576 2443 videntur
3629 2387 3703 2444 ad
3728 2386 3850 2447 Phi-

2252 2487 2542 2558 lippenses,
2582 2484 2931 2541 Colossenses
2955 2490 3012 2539 et
3037 2482 3106 2538 ad
3129 2481 3393 2552 Ephesios
3434 2479 3700 2552 Epistula:
3737 2497 3852 2540 esse

2251 2577 2484 2633 dictatze.
2523 2576 2700 2650 (Vers.
2725 2575 2806 2647 2.)
2843 2573 3145 2629 Philemoni
3181 2573 3371 2628 dilecto
3419 2582 3468 2627 et
3495 2573 3746 2644 adjutori
3765 2591 3853 2628 no-

2249 2679 2381 2735 stro,
2432 2678 2480 2725 et
2532 2669 2713 2740 Appia:
2757 2667 2930 2722 sorori
2981 2665 3328 2720 charissimte.
3381 2663 3650 2720 Scribunt
3693 2665 3854 2736 igitur

2250 2762 2449 2818 Paulus
2477 2769 2532 2817 et
2554 2761 2874 2816 Timotheus
2893 2758 3196 2814 Philemoni
3221 2757 3552 2814 charissimo
3573 2767 3631 2813 et
3659 2774 3852 2830 coope-

2251 2857 2440 2920 ratori,
2479 2856 2569 2927 qui
2598 2855 2716 2910 ideo
2739 2854 3094 2909 charissimus
3129 2851 3304 2907 dictus
3325 2859 3427 2914 est,
3473 2849 3623 2921 quod
3651 2851 3710 2905 in
3768 2866 3851 2906 eo-

2250 2946 2373 3002 dem
2425 2944 2628 3000 Christi
2653 2959 2819 3015 Opere
2872 2951 3142 2998 versetur.
3175 2941 3362 3012 Appiae
3402 2956 3625 3013 quoque
3654 2942 3849 3002 sorori.

2249 3055 2370 3110 quae
2414 3038 2499 3095 vel
2521 3053 2676 3093 soror
2706 3037 2791 3102 vel
2816 3036 3012 3106 conjux
3039 3037 3157 3108 ejus
3205 3035 3452 3092 creditur
3493 3051 3642 3092 esse.
3705 3035 3852 3091 Inter

2250 3132 2386 3188 duos
2433 3133 2630 3204 quippe
2667 3131 2816 3186 viros
2841 3139 2896 3186 et
2940 3130 3288 3201 apostolicos,
3340 3131 3486 3184 inter
3531 3138 3852 3201 cooperato-

2245 3240 2366 3280 rem
2411 3223 2562 3278 Pauli
2598 3231 2655 3278 et
2699 3222 3123 3279 commilitonem
3173 3219 3311 3290 ejus,
3363 3219 3609 3274 medium
3666 3218 3852 3290 Appia:

2248 3330 2446 3370 nomen
2497 3313 2780 3378 inseritur,
2833 3319 2895 3367 ut
2957 3310 3054 3366 tali
3088 3327 3156 3366 ex
3212 3317 3449 3380 utroque
3506 3308 3686 3365 latere
3723 3309 3850 3365 fulta

2248 3407 2530 3471 comitatu,
2557 3420 2662 3460 non
2711 3405 2960 3460 videatur
2987 3403 3233 3461 ordinem
3274 3418 3437 3458 sexus
3490 3402 3725 3467 habere,
3757 3402 3845 3459 sed

2249 3498 2446 3554 meriti.
2471 3497 2540 3552 Et
2563 3497 2822 3568 Archippo
2843 3494 3185 3552 commilitoni
3212 3504 3409 3549 nostro.
3439 3493 3602 3548 Hunc
3623 3493 3850 3567 Archip-

2245 3605 2373 3661 pum
2401 3589 2776 3645 arbitrandum
2804 3595 2888 3644 est
2910 3601 3037 3642 cum
3054 3586 3222 3641 Paulo
3249 3594 3304 3641 et
3340 3584 3636 3640 Timotheo
3658 3593 3846 3647 contra

2246 3680 2587 3737 adversarios
2608 3694 2707 3750 pro
2727 3677 2930 3735 Christi
2953 3677 3172 3732 nomine
3193 3675 3545 3731 dimicantem
3569 3675 3848 3732 exstitisse

2172 3782 2218 3847 α
2248 3773 2508 3828 victorem
2534 3813 2548 3838 ,
2608 3778 2664 3825 et
2710 3777 2998 3841 propterea
3042 3784 3185 3824 nunc
3233 3767 3668 3824 commilitonem
3707 3769 3843 3834 dici.

2248 3866 2392 3938 quod
2423 3866 2476 3920 in
2506 3864 2696 3920 eodem
2726 3863 3022 3920 certamine
3051 3862 3300 3934 belloque
3350 3864 3719 3932 superaverit.
3775 3861 3842 3917 Et

2248 3958 2478 4014 ecclesiis
2514 3975 2633 4030 qua:
2678 3967 2754 4012 est
2793 3956 2849 4010 in
2887 3956 3042 4012 domo
3097 3965 3209 4010 tua.
3275 3955 3550 4011 Scribitur
3601 3955 3845 4012 ecclesia:

2249 4066 2368 4120 quae
2409 4051 2462 4104 in
2495 4053 2654 4104 domo
2684 4049 2800 4121 ejus
2839 4057 2940 4104 est.
2977 4049 3176 4103 Verum
3221 4048 3324 4104 hoc
3369 4048 3689 4118 ambiguum
3736 4053 3838 4110 est,

2249 4149 2431 4194 utrum
2478 4140 2722 4195 ecclesiae
2751 4157 2869 4210 quae
2923 4140 2978 4194 in
3034 4140 3196 4196 domo
3243 4138 3505 4210 Archippi
3548 4140 3642 4204 sit,
3694 4155 3763 4194 an
3792 4139 3843 4196 ei

2247 4248 2367 4303 qua:
2406 4233 2462 4286 in
2508 4233 2667 4287 domo
2708 4231 3078 4298 Philemonis;
3134 4230 3229 4286 sed
3259 4239 3319 4284 ut
3353 4232 3553 4285 certius
3582 4239 3836 4300 putatur,

2248 4341 2355 4380 non
2385 4325 2451 4378 ad
2477 4324 2757 4394 Archippi,
2789 4325 2884 4380 sed
2912 4323 2980 4379 ad
3015 4323 3350 4378 Philemonis
3379 4321 3723 4378 referendum
3755 4331 3845 4380 est

2245 4433 2554 4488 personam,
2584 4416 2669 4470 cui
2703 4416 2818 4486 ipsa
2848 4430 3064 4486 quoque
3091 4413 3317 4485 epistola
3343 4415 3660 4486 deputatur.

2319 4509 2495 4582 (Vers.
2521 4509 2598 4580 5.)
2629 4505 2814 4562 Gratia
2841 4507 2980 4562 vobis
3005 4516 3054 4561 et
3093 4523 3198 4578 paa:
3235 4525 3267 4561 a
3297 4506 3407 4561 Deo
3449 4505 3620 4562 Patre
3665 4517 3840 4564 nostro

2244 4611 2291 4656 et
2326 4601 2548 4656 Domino
2589 4602 2716 4656 Jcsu
2748 4599 2977 4654 Christo.
3026 4599 3219 4655 Adhuc
3246 4615 3274 4653 a
3300 4599 3512 4655 duobus
3557 4601 3631 4656 ad
3659 4600 3840 4672 plures

2245 4694 2522 4759 scribitur,
2557 4702 2612 4749 et
2646 4693 2698 4747 in
2726 4691 2977 4747 omnibus
3003 4707 3143 4763 pene
3170 4690 3424 4762 Epistolis
3452 4691 3668 4762 :equale
3688 4692 3838 4765 prino

2245 4786 2444 4855 cipium
2465 4792 2568 4850 est,
2615 4792 2674 4839 ut
2703 4785 2932 4855 gratiam
2973 4792 3031 4839 et
3075 4799 3264 4856 pacem
3291 4799 3322 4838 a
3351 4784 3464 4840 Deo
3489 4783 3684 4851 Patre,
3714 4794 3768 4841 et
3805 4799 3838 4840 ι

2243 4876 2463 4932 Christo
2488 4875 2714 4931 Domino
2738 4877 3083 4948 imprecetur.
3109 4876 3188 4931 Ex
3209 4893 3317 4948 quo
3335 4878 3652 4934 ostenditur
3676 4893 3837 4934 unam

2240 4967 2366 5023 Filii
2392 4969 2677 5040 Patrisque
2696 4984 2816 5024 esse
2837 4978 3108 5037 naturam,
3130 4986 3253 5025 cum
3276 4971 3418 5026 idem
3444 4979 3632 5042 potest
3669 4969 3838 5026 Filius

2241 5070 2498 5134 prtestare
2547 5063 2690 5133 quod
2737 5061 2920 5128 Pater,
2951 5069 3006 5117 et
3042 5063 3098 5118 id
3135 5062 3336 5118 dicitur
3365 5064 3532 5118 Pater
3569 5072 3836 5136 prrsum

547 5159 653 5200 non
683 5145 734 5199 in
781 5147 1004 5216 divitiis,
1037 5163 1143 5204 non
1173 5149 1228 5203 in
1256 5148 1563 5220 eloquentia
1609 5158 1666 5206 et
1697 5153 1938 5222 potentia
1964 5169 2135 5209 saecu-
2160 5152 2215 5214 D
2241 5155 2383 5226 quod
2403 5153 2591 5210 Filius.
2609 5153 2797 5210 Gratia
2821 5165 3001 5210 autem
3025 5163 3132 5222 est,
3163 5155 3289 5225 quia
3318 5155 3464 5211 nullo
3488 5156 3707 5220 merito,
3732 5169 3833 5212 nec

545 5237 666 5300 lari,
697 5240 790 5295 sed
814 5240 866 5294 in
893 5241 1097 5298 Christi
1123 5241 1466 5313 passionibus
1499 5241 1787 5314 gloriatur!
1822 5244 1935 5300 Non
1958 5245 2137 5302 omnis

545 5336 728 5384 autem
759 5330 851 5401 qui
881 5333 1094 5389 vinctus
1121 5341 1226 5401 est,
1270 5334 1483 5389 vinctus
1509 5343 1593 5390 est
1633 5333 1869 5402 Christi;
1897 5337 1989 5392 sed
2015 5337 2134 5408 qui-

543 5437 757 5491 cunque
783 5439 882 5494 pro
904 5423 1108 5483 Christi
1136 5428 1373 5494 nomine,
1399 5437 1456 5484 et
1476 5445 1577 5500 pro
1601 5429 1769 5501 ipsius
1791 5429 2134 5487 confessione

543 5516 800 5586 vincitur,
832 5520 922 5576 ille
954 5537 1082 5578 vere
1122 5525 1336 5581 vinctus
1363 5523 1559 5580 dicitur
1610 5523 1737 5580 Jesu
1786 5524 2019 5593 Christi;
2071 5531 2133 5581 ut

542 5611 766 5684 sanguis
789 5609 994 5670 ell‘usus
1008 5614 1100 5671 ille
1127 5625 1338 5672 tantum
1378 5625 1673 5689 martyrem
1708 5616 1856 5682 facit,
1887 5618 1979 5688 qui
2031 5631 2130 5689 pro

541 5703 743 5762 Christi
762 5707 982 5763 nomine
1024 5705 1285 5766 funditur.
1331 5709 1400 5764 Et
1427 5707 1727 5766 Timotheus
1777 5710 1960 5781 frater.
2019 5709 2133 5766 Hoc

543 5795 665 5852 ideo
691 5806 748 5852 ut
801 5799 1062 5864 sciamus,
1095 5800 1235 5856 hanc
1261 5816 1476 5871 quoque
1521 5803 1587 5856 de
1641 5818 1862 5858 carcere
1891 5814 1946 5858 et
1990 5802 2132 5858 inter

544 5887 753 5946 vincula
789 5891 954 5949 fuisse
986 5893 1266 5959 dictatam,
1297 5892 1386 5946 ubi
1415 5908 1624 5962 semper
1651 5893 1964 5952 Timotheus
2007 5910 2130 5952 cum

2239 5261 2403 5318 opere
2452 5245 2746 5300 salvamur.
2777 5245 2913 5313 Pax,
2961 5261 3068 5316 qua
3119 5246 3543 5301 reconciliamur
3591 5246 3703 5303 Deo
3732 5263 3836 5318 per

2235 5336 2513 5394 Christum
2559 5353 2736 5392 suum.
2769 5338 2924 5394 Licet
2970 5337 3170 5395 Paulus
3191 5347 3247 5394 et
3274 5338 3591 5395 Timotheus
3625 5340 3834 5410 pariter

2237 5429 2499 5495 scribant,
2527 5435 2583 5484 et
2611 5427 2679 5483 ad
2709 5428 3100 5496 Philemonem,
3124 5441 3180 5485 et
3209 5430 3458 5502 Appiam,
3510 5439 3566 5487 et
3593 5430 3833 5503 Archip-

2235 5541 2382 5595 pum,
2414 5532 2596 5581 tamen
2631 5526 2686 5581 in
2733 5525 3084 5596 sequentibus
3107 5526 3439 5598 approbatur
3465 5525 3669 5581 Paulus
3710 5536 3829 5582 tan-

2236 5616 2608 5672 tantummodo
2638 5615 2705 5671 ad
2731 5616 3100 5672 Philemonem
3121 5616 3380 5683 scribere,
3415 5625 3470 5673 et
3500 5633 3670 5673 unum
3697 5633 3826 5674 cum

2231 5726 2339 5766 uno
2359 5711 2731 5767 sermocinari.
2757 5710 2937 5784 (Vers.
2950 5710 3029 5784 -l.)
3052 5708 3264 5767 Gratias
3277 5728 3378 5784 ago
3395 5710 3504 5766 Deo
3531 5727 3670 5778 meo,
3691 5729 3829 5766 sem-

2229 5821 2321 5875 per
2333 5803 2636 5857 memoriam
2660 5805 2948 5874 lui/'aciens
2969 5805 3023 5858 in
3050 5804 3371 5858 orationibus
3395 5803 3543 5858 meis.
3569 5803 3821 5872 Haecjam

2231 5907 2336 5953 non
2365 5905 2422 5950 ut
2453 5893 2669 5959 Paulus,
2721 5902 2774 5950 et
2801 5895 3118 5954 Timotheus
3145 5895 3464 5962 Philemoni.
3497 5904 3553 5951 et
3577 5894 3820 5954 ceteris.
