4056 6350
247 315 358 376 915

1330 349 1335 354 -
1419 305 1670 366 EXPOS.
1713 305 1936 365 EPIST.
1977 307 2070 362 AD
2108 302 2387 362 PHILEM.

3427 307 3534 366 9H

247 426 348 488 sed
399 425 546 483 solus
591 421 790 481 Paulus
819 423 887 478 ad
928 421 1105 480 solum
1153 421 1526 478 Philemonem
1580 423 1837 494 loquitur.
1869 425 1921 483 Α
1947 419 2085 474 riam
2117 417 2460 489 prodegerat.
2492 411 2605 468 Hoc
2641 428 2714 470 ne
2762 413 2886 485 quis
2930 423 3083 486 putet
3108 425 3334 488 temere,
3371 432 3431 476 et
3471 433 3535 477 ut

247 521 408 578 Hunc
432 527 612 575 autem
633 531 842 574 morem
867 513 1141 572 scribendi
1178 515 1234 570 in
1268 513 1391 570 aliis
1413 513 1668 585 Epistolis
1715 513 1832 584 ejus

245 612 495 670 invenire
521 624 832 682 possumus,
855 608 999 678 quod
1021 621 1144 663 cum
1170 604 1239 662 ad
1259 605 1442 676 plures
1468 613 1525 660 ct
1563 605 1746 675 plures
1779 604 1834 659 in

242 704 567 778 praefatione
596 710 889 775 ponantur,
933 709 1121 772 postea
1157 714 1256 770 per
1283 707 1456 755 totum
1484 714 1680 768 corpus
1710 698 1835 768 Epi-

243 798 428 865 stolaz,
455 812 596 852 unus
619 795 901 866 disputans
927 793 1229 848 inducatur.
1260 791 1412 859 Quod
1433 806 1560 846 vero
1589 790 1684 855 ait,
1713 804 1836 858 gra-

244 889 354 946 tias
377 903 479 960 ago
503 887 616 942 Deo
639 901 763 942 meo
791 899 1028 955 semper,
1059 891 1114 939 et
1139 883 1461 938 memoriam
1491 880 1571 936 tui
1616 878 1756 935 facio
1779 879 1835 935 in

243 982 588 1041 orationibus
609 979 767 1046 meis,
791 978 1042 1049 ambigue
1070 978 1273 1034 dictum
1299 984 1382 1032 est
1406 983 1589 1030 utrum
1635 972 1836 1045 gratias

243 1084 374 1148 agat
399 1075 512 1132 Deo
550 1088 784 1143 semper,
825 1088 893 1126 an
928 1072 1243 1127 memoriam
1277 1068 1395 1138 ejus
1423 1067 1587 1123 faciat
1617 1067 1671 1121 in
1705 1082 1833 1122 ora-

243 1167 484 1225 tionibus
521 1167 633 1222 suis
677 1179 912 1234 semper.
945 1163 1052 1219 Sed
1080 1171 1260 1218 tamen
1293 1169 1584 1230 utrumque
1611 1158 1836 1230 intelligi

240 1265 446 1329 potest,
477 1255 621 1326 quod
650 1254 738 1310 ille
767 1254 860 1325 qui
893 1253 1152 1325 praecepit
1196 1251 1339 1318 aliis,
1384 1259 1446 1306 ut
1490 1251 1545 1306 in
1583 1249 1836 1306 omnibus

242 1347 452 1420 gratias
478 1354 641 1420 agant
668 1345 801 1411 Deo,
832 1345 994 1400 nullis
1023 1343 1290 1412 angustiis
1317 1341 1519 1412 poterit
1541 1341 1832 1406 coarclari,

238 1449 302 1496 ut
325 1440 531 1513 gratias
557 1455 768 1510 semper
789 1438 900 1493 Deo
925 1438 1040 1508 ipse
1065 1450 1172 1490 non
1201 1435 1420 1492 referat.
1446 1433 1503 1490 Si
1532 1443 1712 1488 autem
1735 1445 1835 1503 pro

239 1532 449 1591 sanctis
473 1539 529 1586 et
568 1528 881 1586 melioribus
918 1529 1222 1599 quibusque
1245 1525 1445 1582 Paulus
1469 1540 1684 1595 semper
1711 1538 1836 1579 ora-

236 1623 354 1692 bat,
394 1633 616 1682 sanctus
653 1632 836 1678 autem
861 1631 919 1678 et
937 1621 1222 1678 Philemon
1249 1630 1363 1687 est,
1397 1629 1605 1676 tantam
1627 1619 1833 1675 habens

236 1717 296 1772 in
343 1731 402 1773 se
448 1717 610 1773 ﬁdem
638 1723 692 1770 et
718 1714 1063 1779 charitatem,
1092 1721 1154 1768 ut
1181 1729 1288 1768 non
1334 1711 1507 1768 solum
1536 1711 1721 1767 auditu
1752 1711 1826 1776 ei,

1937 511 2070 568 libet
2092 526 2125 567 a
2154 511 2309 567 nobis
2330 510 2536 575 ﬁctum,
2566 509 2621 564 in
2649 508 3001 578 sequentibus
3023 509 3216 566 discat.
3240 511 3535 582 Nunquam

1937 606 2082 660 enim
2116 602 2317 659 Paulus
2359 602 2584 668 diceret,
2617 599 2675 656 Si
2707 599 2836 670 quid
2862 601 3040 654 nocuit
3068 602 3180 670 tibi,
3207 613 3298 658 aut
3357 603 3531 672 debet,

1937 700 2033 753 hoc
2059 698 2187 751 mihi
2217 698 2438 767 imputo.
2470 695 2583 767 Ego
2611 693 2816 750 Paulus
2849 694 3037 764 scripsi
3061 710 3177 748 mea
3203 711 3391 762 manu,
3437 713 3533 768 ego

1938 788 2155 843 reddam
2178 805 2196 852 ,-
2239 801 2342 841 nec
2383 800 2613 857 sponsor
2638 784 2716 841 rei
2738 783 2892 840 ﬁeret
2917 783 3128 851 ablatas,
3172 785 3277 841 nisi
3301 795 3445 843 esset
3476 784 3536 845 id

1936 873 2082 950 quod
2106 877 2346 933 ablatum
2382 877 2562 933 fuerat
2589 877 2929 947 dissipatum.
2973 876 3074 932 Hic
3103 877 3270 949 igitur
3293 895 3417 935 cum
3462 880 3534 938 ob

1935 968 2333 1026 confessionem
2361 967 2567 1025 Christi
2597 967 2797 1024 Paulus
2817 969 3004 1024 Romae
3030 977 3176 1025 esset
3206 970 3261 1025 in
3288 986 3531 1041 carcere,

1936 1061 2163 1118 credidit
2179 1061 2234 1116 in
2259 1060 2546 1117 Dominum
2568 1059 2774 1127 Iesum,
2791 1061 2927 1116 etab
2941 1076 3008 1117 eo
3036 1061 3347 1133 baptizatus
3371 1064 3534 1136 digna

1935 1154 2256 1225 poenitentia
2278 1153 2520 1209 maculas
2549 1153 2673 1209 vitae
2698 1154 2898 1225 prioris
2919 1153 3196 1223 abstersit,
3227 1155 3284 1211 in
3319 1164 3533 1214 tantum

1935 1253 1997 1300 ut
2048 1245 2340 1316 Apostolus
2397 1245 2828 1302 conversationis
2873 1245 2992 1317 ejus
3037 1248 3194 1304 testis
3225 1249 3403 1316 ﬁeret,
3436 1249 3533 1321 qui

1935 1335 2205 1406 quondam
2221 1336 2441 1392 Petrum
2459 1336 2922 1407 increpueratnon
2945 1346 3097 1394 recto
3121 1339 3257 1409 pede
3278 1341 3333 1395 in
3355 1339 3534 1397 Evan-

1935 1429 2059 1501 gelii
2089 1431 2318 1486 veritate
2345 1431 2702 1501 gradientem.
2729 1418 3002 1499 Quantum
3036 1433 3206 1504 igitur
3237 1435 3305 1490 ad
3337 1449 3536 1505 pecca-

1937 1528 2051 1577 tum
2083 1530 2138 1577 et
2165 1522 2234 1578 ad
2269 1521 2482 1578 facinus
2523 1523 2763 1594 pertinet
2809 1523 2952 1594 quod
2999 1525 3247 1581 homines
3290 1526 3532 1596 laeserat,

1933 1611 2151 1665 veniam
2189 1628 2298 1668 non
2351 1621 2595 1668 meretur
2675 1613 2949 1681 Quantum
2993 1631 3125 1673 vero
3173 1618 3242 1674 ad
3288 1619 3534 1691 Apostoli

1935 1705 2302 1760 testimonium
2346 1706 2438 1775 qui
2495 1707 2601 1763 scit
2639 1721 2766 1762 eum
2794 1707 2954 1780 plene
3007 1725 3129 1767 esse
3183 1726 3530 1781 conversum,

235 1821 427 1863 verum
448 1821 612 1877 opere
639 1812 990 1870 nosceretur;
1029 1813 1084 1861 et
1117 1819 1217 1875 pro
1244 1803 1561 1859 Philemone
1601 1801 1830 1858 Paulum
1857 1797 1906 1857 B
1933 1797 2122 1868 grandi
2149 1798 2388 1868 pondere
2418 1801 2688 1869 premitur
2723 1803 2816 1857 oui
2842 1811 3097 1875 rogatur;
3131 1805 3259 1875 quia
3302 1821 3334 1861 e
3371 1820 3531 1862 servo

235 1911 454 1969 semper
503 1911 690 1952 orasse
732 1895 992 1952 credibile
1018 1902 1124 1962 est,
1173 1910 1280 1966 quo
1331 1894 1543 1950 scilicet
1594 1891 1728 1947 ﬁdes
1777 1897 1834 1946 et

235 1987 478 2045 charitas
506 2001 672 2058 quam
701 1987 940 2043 habebat
957 1985 1012 2041 in
1037 1983 1274 2052 Christo,
1316 1992 1371 2040 et
1414 1985 1468 2039 in
1489 1999 1679 2040 omnes
1707 1996 1832 2038 san-

234 2088 359 2136 ctos
417 2080 554 2150 ejus,
608 2094 708 2151 per
760 2077 1307 2134 communicationem
1361 2076 1507 2144 ﬁdei,
1539 2085 1596 2133 et
1637 2091 1830 2148 opera-

235 2173 439 2228 tionem
462 2171 756 2244 agnitionis
778 2171 833 2227 in
855 2171 1003 2228 omni
1027 2170 1190 2237 bono,
1222 2169 1425 2226 Christi
1454 2170 1830 2226 misericordia

233 2273 566 2319 servaretur.

309 2352 490 2427 (γει-ε.
527 2352 608 2426 5.)
633 2354 864 2410 Audiens
887 2354 1198 2410 charitatem
1220 2362 1390 2421 tuam,
1412 2361 1460 2408 et
1484 2353 1643 2423 ﬁdem
1666 2369 1826 2424 quam

234 2447 396 2502 habes
439 2448 494 2502 in
540 2446 768 2502 Domino
818 2448 969 2514 Iesu,
999 2456 1049 2502 et
1095 2448 1153 2502 in
1181 2463 1359 2502 omnes
1397 2455 1628 2501 sanctos.
1679 2443 1833 2512 Quod

235 2539 558 2596 charitatem
583 2541 810 2596 haberet
843 2539 1125 2596 Philemon
1148 2541 1203 2596 in
1230 2540 1478 2606 Domino,
1538 2555 1647 2595 non
1697 2535 1834 2592 difﬂ-

237 2630 360 2687 cilis
408 2631 783 2703 interpretatio
811 2640 914 2697 est,
946 2632 1072 2702 quia
1122 2640 1246 2704 post
1266 2631 1436 2686 Deum
1466 2630 1692 2702 diligere
1738 2630 1829 2700 ju-

234 2722 431 2778 bemur
462 2732 517 2778 et
550 2724 861 2794 proximos;
899 2730 953 2779 et
991 2739 1100 2780 non
1137 2721 1312 2779 solum
1342 2723 1504 2780 ﬁdem
1544 2731 1601 2780 et
1656 2721 1836 2778 chari-

236 2823 406 2871 tatem
443 2815 496 2870 in
549 2816 744 2882 Deum,
797 2824 854 2872 et
880 2816 936 2872 in
967 2826 1186 2874 sanctos
1241 2818 1359 2890 ejus
1390 2814 1635 2873 sufﬁcere
1677 2816 1835 2873 nobis

232 2920 395 2978 posse
423 2907 731 2974 credamus,
756 2907 852 2963 sed
879 2915 937 2962 ut
965 2907 1016 2963 id
1037 2908 1181 2979 quod
1206 2908 1482 2965 credimus
1506 2923 1670 2980 opere
1692 2923 1835 2964 com-

234 2996 470 3069 pleatur.
501 2999 680 3074 (Vers.
714 2999 793 3072 6.)
828 2997 894 3054 Ut
928 3002 1334 3056 communicatio
1355 3001 1481 3071 ﬁdei
1500 3012 1606 3057 tua?
1626 3002 1835 3057 cuidem

234 3089 406 3162 [Satin
441 3091 710 3164 agnitione
729 3092 899 3147 omnis
929 3091 1049 3147 boni
1077 3093 1130 3147 in
1166 3089 1376 3147 Christo
1401 3091 1552 3148 Iesu.
1606 3092 1835 3161 Quantis

233 3163 493 3254 gradibus
516 3183 840 3254 quantisque
862 3182 1190 3254 profectibus
1214 3184 1548 3256 apostolicus
1570 3184 1624 3238 in
1640 3183 1833 3240 altiora
1861 3163 1908 3228 (ἶ

234 3289 419 3330 sermo
462 3289 522 3329 se
551 3274 756 3329 tendit!
813 3283 871 3330 ut
926 3275 1188 3346 quidquid
1220 3275 1348 3330 boni
1404 3275 1460 3329 in
1507 3274 1825 3331 Philemone
1848 3351 1857 3354 η

235 3366 511 3433 laudatur,
544 3366 611 3423 de
639 3366 1008 3439 apostolorum
1037 3366 1286 3438 exemplo
1314 3373 1562 3422 sumatur
1590 3384 1602 3420 :
1635 3374 1690 3422 et
1711 3352 1852 3424 inde“

234 3462 437 3519 bonum
463 3461 556 3529 sit,
586 3461 713 3532 quia
743 3463 807 3518 de
836 3460 1037 3518 Christi
1071 3459 1221 3516 fonte
1260 3459 1512 3515 ducatur.
1544 3458 1724 3532 (Vers.
1754 3457 1834 3531 7.)

237 3552 507 3611 Gaudium
559 3553 699 3608 enim
738 3569 987 3625 magnum
1014 3550 1207 3617 habui,
1233 3559 1283 3606 et
1323 3549 1731 3607 consolationem
1779 3551 1837 3608 in

239 3645 501 3700 charitate
556 3654 672 3710 tua,
719 3645 845 3716 quia
885 3643 1084 3698 viscera
1122 3652 1424 3698 sanctorum
1472 3643 1835 3714 requieverunt

237 3751 332 3806 per
357 3744 424 3798 te,
452 3733 638 3804 frater.
666 3733 885 3789 Plenius
927 3729 1163 3789 inculcat
1192 3741 1248 3787 et
1275 3732 1466 3788 edocet
1495 3747 1665 3804 quare
1686 3731 1841 3788 dixe-

241 3820 315 3883 rit
341 3826 557 3882 Gratias
579 3844 679 3898 ago
720 3825 832 3881 Deo
859 3843 996 3892 meo,
1055 3842 1259 3897 semper
1284 3827 1594 3882 memoriam
1636 3826 1715 3880 tui
1753 3825 1838 3896 fa-

241 3922 384 3977 ciens
409 3920 464 3974 in
486 3920 807 3975 orationibus
833 3920 985 3975 meis.
1014 3920 1246 3991 Dignum
1270 3919 1540 3990 siquidem
1571 3927 1692 3974 erat
1712 3933 1836 3990 age-

243 4027 305 4068 re
331 4012 534 4084 gratias
562 4011 674 4067 Deo
700 4027 914 4082 semper
938 4027 1037 4082 pro
1062 4011 1329 4066 charitate
1348 4009 1701 4074 Philemonis,
1740 4009 1836 4080 qui

241 4105 518 4161 internum
546 4105 723 4162 cordis
745 4103 1020 4171 affectum,
1042 4112 1096 4159 et
1113 4102 1411 4176 profundos
1440 4103 1606 4159 animi
1627 4111 1840 4160 sancto-

241 4200 369 4254 rum
389 4213 638 4254 recessus
663 4198 1008 4270 suscipiendo
1030 4194 1467 4270 relrigeravcrat.

212 4367 216 4370 η
317 4309 498 4383 (Vers.
523 4307 580 4374 8,
611 4307 690 4380 9.)
707 4307 932 4379 Propter
953 4308 1094 4380 quod
1123 4308 1345 4364 multam
1367 4309 1620 4380 ﬁduciam
1641 4311 1836 4366 habens

243 4400 304 4456 in
332 4399 542 4455 Christo
563 4399 693 4455 Iesu
713 4400 1006 4471 imperandi
1025 4399 1120 4454 tibi
1156 4401 1296 4471 quod
1322 4400 1390 4454 ad
1417 4418 1525 4456 rem
1579 4403 1836 4473 pertinet;

244 4501 296 4546 et
319 4500 531 4564 propter
549 4492 857 4547 charitatem
894 4493 1062 4563 magis
1093 4492 1325 4559 obsecro,
1349 4509 1466 4547 cum
1491 4495 1564 4548 sis
1585 4493 1729 4559 talis,
1779 4502 1838 4548 ut
1863 4533 1917 4593 Β

246 4581 456 4640 Paulus
501 4601 676 4652 teneat,
706 4602 845 4640 nunc
882 4595 1059 4640 autem
1099 4595 1148 4640 et
1197 4587 1398 4641 vinctus
1442 4585 1573 4641 Iesu
1619 4584 1834 4641 Christi.

251 4675 434 4732 Multis
487 4693 616 4751 erga
643 4677 1016 4735 Philemonem
1046 4679 1296 4736 laudibus
1343 4689 1468 4736 ante
1517 4681 1836 4750 praemissis,

249 4785 377 4827 cum
405 4785 494 4827 res
523 4770 646 4827 talis
673 4771 745 4827 sit
771 4786 871 4842 pro
899 4786 1007 4841 qua
1034 4780 1323 4844 rogaturus
1351 4781 1456 4837 est,
1482 4787 1604 4842 quae
1623 4780 1678 4828 et
1699 4787 1841 4843 prat-

247 4865 418 4921 stanti
443 4865 516 4921 sit
538 4863 688 4920 utilis
716 4874 772 4922 et
793 4865 1028 4936 roganti,
1077 4873 1286 4936 poterat
1310 4864 1510 4922 Paulus
1537 4865 1711 4935 magis
1738 4865 1841 4920 im-

247 4970 448 5029 perare
475 4971 638 5028 quam
662 4964 881 5028 petere;
937 4956 1032 5012 sed
1074 4957 1179 5013 hoc
1207 4972 1275 5012 ex
1304 4956 1502 5013 ﬁducia
1532 4954 1625 5012 illa
1653 4956 1840 5012 venie-

249 5047 367 5112 bat,
388 5046 532 5120 quod
557 5048 650 5120 qui
691 5055 841 5104 tanta
873 5047 944 5104 ob
967 5045 1242 5104 Christum
1278 5062 1443 5119 opera
1472 5055 1836 5118 perpetrarat,

252 5139 448 5210 utique
483 5140 659 5210 impar
688 5140 771 5195 sui
822 5139 879 5196 in
927 5140 1139 5196 cmteris
1163 5155 1284 5196 esse
1335 5156 1442 5196 non
1472 5147 1704 5210 poterat.
1735 5137 1843 5196 Sed

255 5233 376 5289 vult
403 5234 576 5305 magis
615 5241 803 5304 petere
827 5249 990 5304 quam
1010 5233 1226 5304 jubere,
1251 5233 1440 5306 grandi
1483 5232 1716 5303 petentis
1743 5248 1841 5288 au-

256 5326 513 5383 ctoritate
545 5325 845 5397 proposita,
904 5338 1002 5395 per
1049 5341 1214 5394 quam
1255 5324 1544 5395 Apostolus
1569 5327 1842 5391 obsecrat,

255 5425 314 5474 et
343 5432 509 5474 senex
534 5426 589 5472 et
616 5417 832 5473 vinctus
881 5414 1011 5472 Iesu
1038 5415 1262 5472 Christi.
1292 5416 1487 5471 Totum
1516 5424 1699 5472 autem
1746 5430 1846 5486 pro

255 5522 367 5578 quo
397 5515 574 5578 rogat,
631 5507 765 5564 illud
792 5516 894 5564 est.
948 5505 1234 5563 Onesimus
1277 5522 1465 5562 servus
1515 5503 1850 5563 Philemonis

256 5596 444 5668 fugam
478 5597 625 5654 furto
643 5599 938 5653 cumulans‘
961 5597 1207 5668 qumdam
1233 5596 1312 5651 rei
1365 5596 1674 5652 domesticae
1701 5612 1848 5652 com-

258 5690 478 5762 pilarat.
528 5691 627 5746 Hic
652 5706 880 5764 pergens
905 5692 974 5748 ad
995 5691 1226 5756 Italiam,
1261 5706 1330 5745 ne
1351 5691 1416 5746 de
1437 5691 1686 5761 proximo
1716 5690 1849 5746 faci-

257 5777 371 5836 lius
394 5789 580 5852 posset
603 5781 957 5856 apprehendi,
1007 5781 1295 5856 pecuniam
1325 5781 1528 5842 domini
1569 5796 1668 5852 per
1693 5779 1850 5840 luxu-

1930 1890 2161 1961 lugitivo
2189 1899 2353 1961 atque
2399 1903 2620 1964 raptore
2648 1894 2901 1950 minister
2928 1899 3158 1968 apostoli
3187 1898 3361 1956 factus
3389 1909 3530 1958 erat.

1931 1980 2086 2050 Quod
2115 1991 2300 2038 autem
2349 1983 2494 2040 aliud
2546 1985 3100 2059 habebat'Apostolus
3144 1991 3530 2061 ministerium,

1930 2074 2034 2131 nisi
2083 2073 2362 2146 Evangelii
2415 2075 2621 2132 Christi
2669 2077 2834 2135 Iesu?
2883 2078 3003 2136 Iam
3045 2097 3154 2137 non
3180 2085 3334 2154 quasi
3367 2101 3399 2140 a
3436 2086 3536 2142 do-

1930 2167 2100 2234 mino,
2154 2165 2251 2223 sed
2293 2169 2446 2238 quasi
2485 2184 2518 2224 a
2569 2184 2834 2227 conservo
2861 2181 2919 2226 et
2947 2174 3352 2245 coevangelista
3380 2176 3533 2247 igno-

1930 2267 2178 2314 sceretur
2205 2259 2258 2314 ei
2281 2259 2376 2330 qui
2404 2273 2597 2316 servus
2645 2267 2791 2317 esset
2819 2259 3024 2318 Christi
3054 2263 3307 2321 similiter
3333 2274 3388 2322 et
3431 2267 3533 2322 mi-

1931 2349 2128 2406 nister.

2006 2461 2184 2535 (Vers.
2220 2462 2334 2536 10.)
2366 2462 2591 2520 Obsecro
2613 2474 2662 2522 te
2689 2483 2784 2538 pro
2817 2484 2931 2523 meo
2951 2468 3066 2539 ﬁlio
3089 2487 3244 2542 quem
3268 2473 3428 2544 genui
3473 2474 3533 2530 in

1932 2553 2155 2609 uinculis
2179 2552 2446 2611 Onesimo.
2495 2556 2694 2613 Volens
2739 2559 3032 2628 impetrare
3085 2562 3230 2631 quod
3273 2563 3531 2635 postulat,

1926 2644 2041 2716 jam
2069 2663 2177 2704 non
2204 2663 2304 2720 pro
2326 2663 2484 2713 servo
2525 2649 2876 2716 Philemonis,
2911 2653 3006 2709 sed
3049 2668 3150 2723 pro
3177 2654 3291 2710 ﬁlio
3320 2671 3420 2712 suo
3475 2669 3536 2713 se

1937 2737 2130 2794 asserit
2154 2739 2463 2811 deprecari,
2493 2749 2546 2796 et
2567 2741 2657 2797 illo
2693 2742 2804 2798 ﬁlio
2832 2759 3008 2815 quem
3038 2755 3304 2816 genuerat
3332 2748 3388 2804 in
3414 2749 3538 2805 vin-

1936 2826 2074 2884 culis
2101 2828 2399 2900 Evangelii,
2432 2831 2536 2885 hoc
2563 2841 2648 2888 est
2691 2847 2855 2902 quem
2877 2849 2978 2904 pro
3004 2834 3208 2892 Christi
3240 2837 3538 2910 Evangelio

1937 2920 2261 2976 sustinebat.
2317 2920 2498 2993 (Vers.
2551 2923 2665 2995 Η.)
2707 2924 2812 2992 Qui
2861 2925 2955 2980 tibi
2997 2926 3536 2999 aliquandojnutilis

1938 3010 2057 3083 fuit.
2084 3011 2226 3079 Tibi,
2255 3013 2452 3084 inquit,
2482 3014 2605 3080 soli,
2631 3032 2738 3072 non
2767 3018 3000 3073 caeteris.
3025 3017 3179 3075 Nunc
3201 3035 3232 3076 e
3260 3021 3537 3078 contrario

1937 3105 2191 3160 utilitatis
2216 3108 2677 3176 compensatione,
2711 3124 2817 3180 qua
2845 3118 2900 3163 et
2921 3109 3023 3180 ipsi
3052 3110 3272 3167 domino
3293 3120 3349 3166 et
3367 3111 3538 3170 Paulo

1938 3194 2090 3251 utilis
2128 3203 2234 3264 est,
2286 3197 2609 3268 ueterisque
2653 3214 2752 3270 per
2779 3199 3029 3267 Paulum,
3077 3201 3198 3272 plus
3250 3203 3539 3262 charitatis

1937 3295 2198 3355 meretur,
2232 3303 2394 3359 quam
2415 3290 2524 3345 odii
2562 3299 2688 3346 ante
2727 3301 3020 3348 meruerat.
3055 3293 3209 3351 Unde
3231 3297 3309 3351 ait
3337 3314 3350 3350 :
3385 3313 3530 3354 nunc

1939 3387 2114 3434 autem
2161 3389 2211 3434 et
2235 3379 2330 3434 tibi
2371 3391 2420 3436 et
2451 3382 2581 3436 mihi
2611 3381 2756 3438 utilis
2784 3385 2964 3457 (Vers.
2994 3384 3142 3459 l2.);
3191 3388 3321 3458 quia
3357 3387 3450 3444 illo
3477 3388 3536 3446 in

1937 3486 2160 3528 carcere
2182 3473 2519 3546 vinculisque
2565 3475 2806 3544 detento,
2845 3485 3033 3549 posset
3056 3478 3107 3535 ei
3147 3479 3203 3535 in
3235 3479 3530 3552 Evangelio

1937 3561 2271 3620 ministrare.
2310 3563 2391 3619 Tu
2417 3574 2592 3622 autem
2621 3565 2772 3622 illum
2826 3578 2882 3623 ut
2922 3585 3039 3625 mea
3067 3570 3268 3627 uiscera
3301 3575 3534 3644 suscipe.

1939 3651 2159 3710 Viscera
2185 3655 2492 3728 signiﬁcant
2511 3658 2785 3714 interdum
2820 3661 3002 3717 cordis
3025 3660 3299 3730 allectum,
3343 3673 3400 3720 et
3420 3663 3537 3735 ple-

1938 3759 2066 3799 nam
2096 3760 2164 3801 ex
2205 3747 2400 3804 animo
2420 3749 2778 3818 voluntatem,
2822 3768 2945 3807 cum
2989 3760 3162 3808 totum
3201 3755 3463 3823 quidquid
3499 3769 3534 3810 a

1937 3839 2094 3894 nobis
2132 3848 2218 3896 est
2247 3842 2542 3912 suscipitur
2578 3859 2610 3898 a
2639 3853 2848 3914 rogato.
2878 3844 3054 3899 Aliter
3081 3854 3285 3910 autem,
3339 3862 3533 3913 omnes

1936 3926 2092 3985 liberi
2133 3928 2344 3986 viscera
2370 3940 2497 3985 sunt
2525 3931 2870 4003 intelligenda
2899 3943 3205 4004 parentum.
3247 3935 3414 4002 Quem
3437 3953 3534 4009 ego

1939 4017 2210 4078 volueram
2258 4037 2463 4077 meeum
2489 4025 2731 4091 retinere,
2762 4035 2820 4079 ut
2841 4043 2936 4096 pro
2975 4035 3024 4081 te
3046 4029 3173 4081 mihi
3211 4029 3537 4086 ministraret

1936 4111 1991 4164 in
2018 4111 2237 4167 vinculis
2277 4112 2552 4185 Evangelii
2589 4114 2765 4188 (Vers.
2799 4117 2910 4189 15.)
2933 4117 3140 4175 Idcirco
3167 4120 3339 4176 lilium
3371 4138 3533 4179 suum

1941 4211 1995 4257 et
2027 4201 2197 4260 ﬁlium
2220 4205 2558 4262 vinculorum
2584 4217 2639 4263 et
2659 4209 2968 4268 ministrum
2998 4211 3276 4285 Evangelii
3323 4215 3377 4269 in
3418 4216 3538 4272 vin-

1938 4295 2074 4350 culis
2104 4298 2383 4353 constituti
2411 4298 2644 4355 inculcat
2686 4311 2848 4372 atque
2877 4303 3124 4375 replicat,
3151 4313 3211 4360 ut
3249 4306 3537 4370 Philemon

1941 4387 2030 4441 ille
2055 4388 2350 4458 prudenter
2383 4398 2438 4446 et
2466 4392 2859 4462 dispensatorie
2883 4405 3094 4452 tantum
3132 4397 3186 4452 in
3217 4398 3537 4468 prmfatione

1942 4476 2212 4546 laudatus,
2259 4496 2367 4536 non
2407 4483 2632 4540 auderet
2679 4501 2898 4558 negare,
2932 4505 3001 4546 ne
3028 4489 3142 4545 suis
3172 4488 3426 4547 laudibus
3453 4491 3537 4547 vi-

1946 4571 2170 4626 deretur
2215 4572 2487 4646 indignus.
2538 4575 2716 4648 (Vers.
2762 4580 2877 4653 14.)
2909 4580 3036 4639 Sine
3090 4581 3309 4636 consilio
3356 4592 3535 4638 autent

1945 4671 2037 4717 tuo
2062 4662 2192 4717 nihil
2221 4663 2361 4720 volui
2385 4665 2592 4737 facere;
2615 4671 2696 4725 uti
2739 4689 2804 4727 ne
2826 4673 2961 4728 velut
3010 4691 3076 4729 ea:
3104 4677 3412 4731 necessitate
3445 4677 3537 4732 bo—

1945 4770 2071 4808 num
2097 4763 2245 4810 tuum
2273 4768 2424 4826 esset,
2462 4759 2553 4815 sed
2576 4760 2947 4820 voluntarium.
2979 4765 3161 4823 Potuit
3192 4767 3372 4838 itaque
3407 4785 3539 4840 apo-

1945 4846 2116 4904 stolus
2134 4847 2330 4905 Paulus
2352 4851 2557 4922 absque
2577 4854 2852 4912 voluntate
2872 4856 3201 4916 Philemonis
3222 4860 3539 4920 Onesimum

1947 4937 2049 4993 sibi
2075 4939 2384 4996 ministrum
2409 4952 2715 5012 retentare;
2746 4947 2839 5001 sed
2867 4948 2912 5002 si
2937 4948 3040 5004 hoc
3061 4949 3179 5005 sine
3203 4949 3537 5012 Philemonis

1948 5028 2224 5085 voluntate
2245 5029 2482 5100 fecisset,
2515 5035 2715 5090 bonum
2735 5037 2952 5106 quidem
2987 5046 3106 5094 erat
3126 5040 3244 5111 ejus
3261 5083 3275 5109 ,
3309 5044 3404 5099 sed
3428 5059 3540 5100 non

1948 5123 2336 5178 voluntarium.
2367 5123 2522 5194 Quod
2544 5135 2726 5182 autem
2747 5141 2855 5184 non
2875 5139 2994 5185 erat
3012 5131 3398 5201 voluntarium,
3429 5135 3538 5193 alio

1951 5229 2151 5286 genere
2196 5218 2527 5287 arguebatur
2577 5233 2684 5274 non
2730 5235 2852 5276 esse
2889 5221 3110 5277 bonum.
3152 5222 3295 5280 Nihil
3339 5227 3540 5298 quippe

1950 5307 2152 5363 bonum
2183 5310 2288 5365 dici
2310 5321 2508 5381 potest,
2531 5313 2675 5385 quod
2697 5313 3002 5372 ultroneum
3029 5326 3133 5374 est.
3165 5319 3244 5373 Ex
3267 5336 3376 5390 quo
3395 5321 3540 5392 Apo-

1954 5400 2078 5456 stoli
2108 5404 2498 5461 consideranda
2537 5408 2846 5477 prudentia,
2897 5411 2989 5482 qui
3016 5412 3220 5468 idcirco
3249 5413 3539 5486 fugitivum

1954 5511 2169 5553 servum
2202 5500 2430 5554 remittit
2470 5501 2537 5554 ad
2562 5500 2862 5568 dominum,
2912 5513 2972 5558 ut
2998 5505 3170 5575 possit
3195 5507 3414 5564 domino
3440 5524 3540 5564 suo

1953 5593 2232 5662 prodesse,
2263 5595 2354 5664 qui
2382 5594 2642 5664 prodesse
2668 5612 2774 5652 non
2804 5605 3019 5666 poterat
3046 5597 3092 5653 si
3133 5598 3353 5654 domino
3393 5608 3541 5656 tene-

1955 5694 2105 5740 retur
2125 5684 2369 5741 absente.

2027 5777 2214 5854 (Vers.
2238 5777 2366 5857 15.)
2388 5777 2634 5837 Forsitan
2659 5781 2774 5840 ideo
2810 5781 3063 5840 discessit.
3085 5782 3316 5842 Pulchre
3356 5790 3540 5853 autem
