4056 6350
556 286 666 382 sis
1640 324 1915 384 CLAUDII
1951 322 2417 383 TAUBJNENSIS
2454 296 2763 381 Episcopi
3714 325 3865 385 9η»

552 445 759 500 addens
785 435 1033 513 forsitan,
1061 440 1382 496 sententiam
1413 443 1762 509 temperavit;
1786 440 1996 496 occulta
2009 449 2133 496 sunt
2159 440 2207 501 Α
2235 452 2334 506 per
2357 451 2520 506 quam
2540 437 2586 491 si
2616 435 2917 503 transieris,
2949 450 3178 511 eamque
3220 439 3286 495 ad
3322 439 3450 495 illud
3486 441 3581 497 ubi
3615 458 3832 514 perma—

553 537 751 610 quippe
767 533 969 605 judicia
994 532 1113 599 Dei,
1142 542 1196 588 et
1225 533 1569 590 temerarium
1598 542 1681 589 est
1713 534 1870 603 quasi
1893 533 1960 589 de
1984 542 2134 589 certo
2236 529 2470 583 nendum
2501 536 2584 582 est
2603 527 2873 594 retuleris,
2905 530 3071 584 uteris
3091 546 3175 596 ea,
3218 539 3275 586 et
3311 531 3534 587 abusive
3567 549 3676 588 nou
3711 552 3834 606 pro-

548 618 906 703 pronuntiare
937 625 1081 695 quod
1110 624 1329 679 dubium
1352 633 1455 680 est.
1485 621 1760 691 Forsitan,
1788 625 1982 696 inquit,
2018 627 2136 682 ideo
2235 621 2353 690 prie
2378 621 2573 676 diceris
2592 620 2719 677 frui.
2755 621 2814 675 Si
2852 637 2982 677 vero
3018 624 3302 679 inhaeseris
3340 640 3403 679 ac
3436 630 3827 697 permanseris,

549 712 812 779 discessit.
839 719 1032 785 Caute,
1061 718 1267 783 timide,
1307 715 1641 788 trepidando,
1665 727 1720 773 et
1748 734 1857 773 non
1884 727 1998 774 toto
2026 719 2136 775 fixo
2236 705 2404 764 ﬁnem
2427 711 2481 766 in
2512 725 2576 766 ea
2604 727 2811 782 P011803
2835 710 3035 766 Ῑεῑίιίτθ
3062 719 3191 779 tum:
3214 720 3346 768 ωηο
3369 728 3498 768 vel“
3521 724 3579 769 ει
3614 717 3835 786 ιποιπίο

548 814 747 891 gradu.
780 810 839 867 Si
867 826 974 867 non
998 810 1269 881 posuisset
1297 809 1540 880 forsitan,
1565 811 1814 875 omnibus
1843 813 2016 868 servis
2052 810 2136 868 fu-

2239 798 2341 856 frui
2368 802 2626 859 dicendus
2649 820 2736 872 es;
2771 804 3022 875 quoniam
3048 819 3155 858 non
3186 801 3477 859 fruendum
3514 816 3601 861 est
3641 808 3748 861 nisi
3775 810 3830 863 in

550 905 808 974 giendum
834 911 998 969 esset,
1024 912 1082 959 ut
1103 901 1343 973 Apostoli
1372 902 1564 957 fierent
1603 903 1870 974 discipuli.
1910 904 1993 959 Ad
2026 904 2134 960 Ito-

549 1010 670 1050 ram
693 1004 819 1050 ate.
851 992 1005 1063 Quod
1029 1002 1207 1048 autem
1231 992 1301 1069 ad
1326 992 1508 1061 horam
1548 991 1750 1063 junxit,
1795 995 1987 1051 horam
2038 1012 2138 1066 pro

550 1094 797 1158 tempore
814 1085 1072 1141 debemus
1099 1080 1366 1155 accipere.
1396 1083 1477 1139 Ad
1498 1087 1958 1157 comparationem
1992 1090 2136 1145 enim

551 1178 890 1243 aeternitatis,
915 1190 1076 1231 omne
1106 1186 1315 1247 tempus
1346 1175 1513 1231 breve
1539 1186 1641 1232 est.
1688 1178 1867 1247 (Vers.
1912 1180 1996 1235 16.
2028 1179 2137 1252 )Ut

554 1275 813 1334 «ternum.
859 1264 1010 1321 illum
1079 1267 1348 1339 reciperes,
1400 1269 1520 1339 jam
1571 1286 1674 1323 non
1722 1271 1858 1325 sicut
1912 1288 2138 1338 servum,

550 1346 645 1412 sed
692 1375 788 1430 pro
833 1375 981 1413 servo
1036 1357 1402 1414 charissimam
1453 1359 1692 1429 fratrem.
1741 1361 1932 1419 Nullus
1980 1372 2140 1419 teter-

550 1438 659 1507 iius
698 1450 947 1507 dominus
996 1452 1140 1507 servi
1198 1452 1311 1520 sui;
1359 1448 1599 1523 potestas
1653 1456 1851 1527 quippe
1902 1455 2039 1525 ejus,
2085 1467 2143 1516 et

550 1543 836 1614 utriusque
893 1546 1152 1612 conditio,
1209 1556 1383 1602 morte
1423 1539 1630 1601 ﬁnitur.
1669 1547 1958 1607 Onesimus
2007 1565 2140 1607 vero

549 1633 643 1704 qui
695 1649 762 1690 ex
812 1634 920 1689 ﬁde
971 1635 1173 1691 Christi
1237 1634 1415 1693 factus
1476 1646 1710 1695 mternus
1780 1649 1865 1695 est
1935 1652 2140 1698 aeterno

547 1722 872 1791 Philemoni,
902 1726 1030 1798 quia
1057 1727 1111 1781 in
1133 1725 1409 1783 Christum
1444 1737 1499 1783 et
1531 1730 1641 1800 ipse
1665 1732 1986 1799 crediderat,
2030 1735 2134 1806 spi-

2234 892 2323 949 illa
2350 894 2632 961 Trinitate,
2659 898 2712 953 id
2738 906 2823 952 est
2853 912 3064 952 summo
3104 905 3160 951 et
3197 897 3628 953 incommutalsili
3669 898 3831 955 bono.

2234 982 2406 1055 Reﬁce
2424 989 2625 1043 viscera
2647 1006 2760 1044 mea
2781 990 2836 1044 in
2872 986 3100 1043 Christo.
3142 986 3298 1045 Sicut
3334 990 3450 1060 ipse
3493 990 3613 1044 vult
3653 989 3833 1047 Phile-

2236 1078 2397 1132 mone
2406 1076 2515 1134 ἢουί
2541 1080 2596 1134 in
2614 1081 2862 1149 Domino,
2881 1082 2954 1137 ita
2978 1083 3187 1137 viscera
3204 1098 3300 1138 sua
3316 1081 3659 1150 Onesimum,
3675 1099 3837 1156 quem

2238 1178 2293 1223 et
2316 1173 2563 1242 superius
2596 1176 2783 1231 eodem
2819 1178 3037 1232 nomine
3068 1176 3379 1248 appellavit,
3407 1178 3562 1233 reﬁci
3596 1177 3717 1232 vult
3744 1192 3839 1249 pa

2239 1259 2627 1320 Philemonem.
2661 1264 2941 1336 Conﬁdens
2964 1269 3019 1322 in
3041 1268 3333 1323 obedientia
3366 1278 3458 1322 tua
3495 1269 3693 1338 scripsi
3726 1269 3835 1336 tibi,

2238 1354 2407 1407 sciens
2454 1358 2704 1427 quoniam
2750 1368 2797 1410 et
2842 1375 2998 1429 super
3016 1359 3070 1411 id
3118 1360 3258 1430 quod
3277 1359 3393 1413 dico
3433 1360 3620 1429 facies.
3659 1359 3835 1431 (Vera.

2239 1443 2482 1514 21.)Qui
2532 1450 2875 1520 praesumpsit
2933 1450 3000 1506 de
3047 1467 3110 1506 eo
3155 1468 3319 1523 quem
3377 1463 3674 1523 rogaturus
3736 1462 3836 1521 est,

2240 1533 2413 1607 ipsam
2463 1539 2856 1607 quodammodo
2884 1544 3358 1612 prazsumptionem
3396 1544 3743 1613 praeiudicat,
3776 1560 3839 1600 ne

2257 1629 2307 1683 ei
2346 1644 2541 1700 negare
2587 1630 2748 1686 liceat
2790 1633 2931 1701 quod
2967 1642 3206 1704 rogatur.
3227 1634 3396 1690 Porro
3427 1637 3470 1691 si
3496 1636 3605 1690 scit
3634 1636 3729 1691 ille
3751 1638 3838 1708 qui

2240 1722 2479 1791 postulat
2499 1722 2619 1793 plus
2666 1740 2827 1796 quam
2858 1735 3079 1796 rogatur
3110 1736 3355 1798 rogatum
3386 1742 3507 1784 esse
3540 1727 3837 1797 facturum,

547 1817 658 1875 ritu
676 1796 948 1874 libertatis
963 1828 1204 1891 accepto,
1223 1818 1336 1889 jam
1358 1838 1462 1877 non
1487 1796 1698 1889 servus,
1719 1825 1812 1879 sed
1841 1796 2009 1882 frater
2026 1796 2136 1882 coe-

2241 1816 2362 1872 ideo
2383 1808 2593 1872 minora
2615 1819 2768 1888 petit,
2793 1828 2852 1873 ut
2890 1818 3088 1874 habeat
3130 1796 3349 1891 rogatus
3382 1821 3749 1876 voluntariam

546 1910 630 1981 pit
653 1924 775 1966 esse
796 1912 861 1967 de
881 1926 1057 1978 servo,
1083 1910 1254 1967 frater
1275 1914 1650 1981 charissimus,
1668 1916 1845 1971 frater
1873 1926 2131 1987 aeternus,

548 2008 753 2057 teterno
763 2002 943 2071 etipse
956 2004 1198 2072 apostolo
1221 2004 1546 2078 dominoque
1567 2023 1696 2075 suo;
1721 2008 1806 2063 cui
1821 2008 2136 2067 Onesimum

546 2090 613 2144 'ut
641 2092 821 2146 carnis
850 2093 1107 2159 conditio,
1134 2094 1300 2149 multo
1330 2097 1559 2167 amplius
1582 2108 1773 2171 postea
1802 2100 2023 2171 Spiritus
2046 2117 2135 2156 co—

547 2185 793 2256 pulabat.
821 2185 891 2239 Et
917 2194 1033 2241 tum
1062 2188 1277 2258 quidem
1309 2189 1524 2259 quando
1545 2201 1663 2246 erat
1690 2192 1737 2246 ei
1769 2191 2044 2262 subjectus
2079 2193 2137 2249 in

550 2271 742 2341 carne,
770 2290 877 2330 non
906 2285 1025 2331 erat
1050 2279 1097 2332 ei
1120 2278 1340 2348 junctus
1368 2280 1421 2334 in
1450 2280 1697 2335 Domino.
1730 2283 1810 2337 Ex
1839 2300 1946 2354 quo
1979 2285 2137 2341 intel-

547 2361 792 2434 ligimus,
838 2379 1055 2420 servum
1084 2368 1176 2438 qui
1207 2370 1498 2425 crediderit
1544 2371 1598 2425 in
1653 2371 1889 2439 Christo,
1938 2370 2136 2447 duplici

547 2448 771 2509 domino
790 2469 895 2512 suo
921 2455 1039 2527 lege
1063 2459 1380 2529 constringi,
1404 2468 1462 2514 ut
1482 2462 1533 2516 ei
1555 2469 1608 2516 ct
1638 2465 1817 2519 carnis
1838 2467 2134 2521 necessita-

548 2550 608 2598 te
634 2543 894 2615 jungatur
925 2548 993 2603 ad
1026 2556 1260 2619 tempus,
1295 2559 1350 2605 et
1380 2552 1433 2606 in
1464 2559 1724 2608 aeternum
1753 2554 1945 2625 spiritu
1972 2572 2137 2627 copu-

546 2631 710 2690 letur.
737 2635 757 2709 (
773 2637 923 2694 Vers.
941 2639 1053 2713 i7.)
1068 2639 1125 2697 Si
1137 2659 1260 2714 ergo
1274 2643 1430 2698 habes
1440 2661 1523 2699 me
1533 2645 1752 2712 socium,
1768 2648 1969 2719 suscipe
1983 2649 2137 2705 illum

542 2727 685 2781 sicut
709 2745 810 2784 me.
837 2729 989 2798 Quod
1010 2734 1159 2801 dicit,
1196 2736 1504 2807 huiusmodi
1528 2748 1613 2795 est
1635 2757 1649 2793 :
1674 2738 1730 2795 Si
1754 2756 1840 2795 me
1863 2742 1946 2797 vis
1970 2743 2137 2799 babe-

544 2832 613 2874 re
658 2821 885 2887 socium,
924 2825 1122 2881 habeto
1150 2837 1206 2882 et
1237 2828 1748 2902 Onesimum,quem
1781 2850 1881 2905 ego
1916 2851 2136 2892 consor-

546 2912 663 2960 tem
691 2909 1262 2971 etﬁliumetviscera
1309 2935 1428 2974 mea
1475 2920 1668 2976 habeo.
1716 2924 1886 2990 Quem
1937 2928 1982 2983 si
2027 2945 2135 2985 non

548 2998 831 3093 suscipere
858 3018 957 3058 nec
978 3005 1178 3062 habere
1207 3008 1533 3079 volueris,et
1553 3014 1668 3084 ipse
1700 3015 1967 3090 intelliges
1991 3023 2136 3093 quod

546 3089 860 3147 Inchabere
895 3108 1001 3149 non
1039 3098 1235 3166 possis.

622 3201 949 3278 (\'ers.18.)
972 3204 1031 3261 Si
1061 3218 1236 3264 autem
1274 3210 1474 3284 aliquid
1498 3216 1672 3270 nocuit
1712 3227 1805 3272 aut
1843 3217 2009 3286 debet,
2036 3218 2135 3275 hoc

548 3294 913 3383 inihiimputa.
937 3298 1179 3383 imitator
1205 3303 1408 3362 domini
1453 3308 1559 3374 sui,
1599 3318 1654 3364 et
1683 3309 1957 3368 Christum
1993 3315 2044 3369 in
2075 3330 2135 3371 se

548 3381 857 3454 loquentem
886 3381 1109 3459 habens,
1136 3409 1198 3450 ea
1227 3395 1382 3468 juxta
1422 3400 1566 3456 vires
1599 3418 1725 3459 suas
1755 3406 1915 3459 debet
1952 3403 2135 3463 facere

552 3491 672 3546 qua:
692 3477 955 3537 Christus.
978 3481 1040 3538 Si
1062 3485 1202 3541 enim
1232 3487 1320 3544 ille
1356 3490 1697 3550 infirmitates
1719 3506 1931 3551 nostras
1952 3507 2136 3567 porta-

546 3568 650 3658 vit,
692 3578 748 3625 et
794 3570 982 3642 plagas
1045 3584 1259 3633 nostras
1298 3579 1489 3648 doluit,
1532 3581 1678 3651 juste
1712 3585 1998 3655 Apostolus
2036 3603 2136 3658 pro

544 3655 809 3718 Onesimo
830 3678 887 3719 se
911 3667 1150 3736 opponit,
1174 3676 1228 3724 et
1247 3672 1471 3741 spondet
1497 3691 1616 3745 quae
1648 3675 1736 3731 ille
1774 3655 2136 3736 debeam-Ut

548 3758 733 3806 autem
755 3769 917 3824 supra
940 3758 1194 3825 diximus,
1222 3768 1393 3816 totum
1430 3762 1558 3819 illud
1594 3746 1698 3822 est.
1714 3769 1858 3837 quod
1893 3769 2133 3825 ablatum

546 3840 718 3933 furto,
741 3853 795 3901 et
816 3846 1029 3905 luxuria
1052 3851 1344 3921 perditum,
1376 3869 1481 3912 non
1510 3866 1724 3929 poterat
1746 3860 2134 3933 absolvi,quod

550 3931 833 3992 Philemon
850 3940 1034 4009 grandi
1062 3945 1239 4011 pretio
1258 3949 1662 4018 compensabat,
1682 3952 1808 4007 dum
1841 3969 1942 4022 pro
1974 3931 2134 4009 servo

546 4023 800 4096 fugitivo,
823 4040 877 4085 et
895 4035 1121 4101 pecunia
1140 4037 1370 4105 perdita,
1403 4040 1625 4096 fratrem
1654 4043 2032 4099 cbarissimum
2077 4053 2135 4100 et

552 4116 782 4173 fratrem
811 4124 1072 4192 reciperet
1090 4137 1371 4195 aeternum,
1398 4139 1453 4186 et
1471 4147 1568 4201 per
1594 4150 1716 4188 eum
1756 4135 1857 4190 sibi
1895 4137 2130 4205 Aposto-

552 4208 667 4265 lutn
699 4208 900 4267 faceret
915 4212 1229 4273 debitorem.
1255 4219 1368 4290 Ego
1389 4218 1593 4278 Paulus
1612 4226 1796 4297 scripsi
1816 4245 1928 4282 mea
1948 4245 2130 4298 manu,

552 4316 649 4372 ego
673 4301 909 4357 reddam.
945 4304 1133 4378 (Vers.
1167 4310 1290 4383 i9.)
1324 4311 1477 4379 Quod
1526 4313 1815 4373 Onesimus
1855 4316 2001 4373 furto
2046 4333 2135 4374 ra-

542 4400 689 4471 puit,
710 4414 810 4471 ego
838 4405 926 4456 m'e
961 4402 1196 4470 spondeo
1224 4402 1578 4461 redditurum.
1612 4407 1783 4477 Hujus
1824 4409 2133 4480 sponsionis

2163 3162 2211 3227 C

2236 1909 2502 1979 majorum
2522 1911 2870 1980 praestatione
2890 1912 3217 1967 mercedem.
3252 1911 3310 1966 Si
3341 1921 3520 1967 autem
3551 1910 3839 1968 Philemon

2236 2000 2344 2057 hoc
2371 2001 2437 2056 ad
2481 2001 2715 2058 hominis
2764 2013 3093 2073 praeceptum
3137 2001 3289 2070 facit,
3319 2010 3528 2073 quanto
3548 2004 3732 2076 magis
3758 2004 3839 2058 fa-

2237 2086 2344 2152 ciet
2383 2095 2451 2152 ol
2482 2096 2824 2152 dilectionem
2855 2096 2988 2152 Dei?
3033 2096 3187 2153 Unde
3236 2104 3291 2152 et
3345 2097 3542 2152 merito
3590 2096 3836 2167 Apostoii

2237 2203 2373 2243 voce
2424 2187 2697 2256 laudatur,
2747 2189 2889 2260 quod
2942 2190 3197 2245 mandata
3247 2188 3364 2259 ejus
3419 2204 3593 2260 opere
3649 2205 3840 2262 perpe-

2237 2280 2418 2335 trarit.

2310 2368 2846 2442 (Vers.22.)Simul
2879 2378 3053 2424 autem
3092 2378 3144 2425 et
3178 2385 3311 2441 para
3354 2370 3484 2424 mihi
3525 2370 3834 2441 hospitium.

2239 2459 2355 2516 Hoc
2409 2460 2614 2516 idcirco
2645 2461 2775 2516 dicit
2802 2467 2864 2515 ut
2899 2461 3026 2515 dum
3068 2474 3193 2515 eum
3222 2469 3504 2531 exspectat
3551 2460 3837 2516 Philemon

2238 2554 2308 2608 ad
2333 2568 2392 2609 se
2414 2568 2532 2610 esse
2563 2562 2871 2621 venturum,
2897 2554 3069 2625 magis
3100 2553 3268 2608 faciat
3300 2553 3444 2625 quod
3482 2562 3715 2623 rogatus
3734 2559 3836 2620 est,

2238 2657 2295 2705 et
2332 2656 2394 2704 ut
2448 2657 2707 2704 venturus
2750 2649 2820 2704 ad
2866 2664 3061 2704 novam
3104 2648 3389 2704 veritatem
3436 2650 3835 2718 pmdicatum

2240 2730 2580 2807 crucifixum,
2610 2749 2665 2796 et
2704 2739 2945 2796 inaudita
2990 2742 3242 2812 dogmata
3288 2740 3588 2806 delaturus,
3634 2742 3835 2798 sciebat

2242 2834 2307 2888 ad
2339 2849 2396 2888 se
2418 2833 2678 2904 plurimos
2714 2848 3103 2898 concursuros;
3137 2843 3191 2889 et
3233 2848 3454 2890 necesse
3496 2842 3622 2889 erat
3669 2834 3835 2905 pluri-

2239 2940 2410 2988 mum,
2448 2934 2507 2978 ut
2536 2924 2727 2981 domus
2757 2925 2811 2978 in
2836 2923 3034 2980 celebri
3063 2934 3206 2980 esset
3238 2926 3388 2981 urbis
3416 2925 3558 2993 loco,
3592 2927 3833 2997 adquam

2242 3016 2399 3073 facile
2428 3018 2839 3084 conveniretur;
2859 3018 3053 3087 deinde
3077 3028 3139 3074 ut
3156 3019 3224 3074 ab
3252 3019 3400 3073 omni
3418 3018 3835 3090 importunitate

2242 3126 2433 3177 vacua,
2461 3121 2521 3166 ut
2542 3109 2741 3183 ampla,
2770 3127 2891 3182 qua:
2917 3111 3180 3184 plurimos
3211 3120 3430 3182 caperet
3456 3110 3833 3176 audientes,et

2242 3218 2311 3257 ne
2340 3202 2585 3272 proxima
2615 3205 3042 3274 spectaculorum
3071 3204 3223 3269 locis,
3261 3218 3329 3259 ne
3351 3204 3496 3275 turpi
3519 3204 3723 3260 vicinia
3745 3203 3833 3260 de-

2242 3295 2508 3351 testabilis
2538 3313 2551 3349 :
2577 3306 2856 3366 postremo
2886 3305 2945 3350 ut
2970 3295 3023 3350 in
3049 3295 3209 3365 plano
3231 3296 3410 3367 potius
3431 3304 3580 3351 esset
3608 3298 3741 3362 sita;
3764 3296 3828 3351 ob

2238 3401 2401 3455 quam
2429 3401 2645 3443 causam
2671 3401 2794 3441 eum
2825 3387 3031 3442 aestima
3057 3386 3219 3441 etiam
3253 3385 3439 3441 Romae
3478 3386 3532 3440 in
3562 3388 3827 3442 conducto

2237 3478 2504 3533 mansisse
2531 3477 2767 3533 biennio.
2799 3476 2908 3533 Nec
2937 3492 3102 3548 parva
3136 3484 3194 3531 ut
3222 3492 3347 3532 reor
3364 3485 3484 3531 erat
3504 3476 3746 3540 mansio,
3760 3475 3823 3531 ad

2238 3583 2397 3637 quam
2424 3567 2731 3624 Judmorum
2771 3570 2941 3624 turba:
2968 3568 3207 3638 quotidie
3246 3567 3616 3624 conﬂuebant.
3668 3568 3826 3637 Spero

2236 3660 2376 3713 enim
2395 3676 2485 3731 per
2507 3646 2769 3715 orationes
2790 3668 2986 3715 vestras
3007 3660 3198 3715 donari
3219 3675 3298 3714 me
3318 3660 3480 3714 vobis.
3505 3658 3711 3714 Filium
3738 3672 3826 3729 pa-

2238 3754 2309 3810 tri
2334 3753 2477 3810 Deus
2510 3762 2730 3827 rogatus
2755 3754 3013 3828 indulget,
3041 3762 3097 3810 et
3123 3752 3294 3810 frater
3318 3768 3458 3824 saepe
3492 3750 3685 3809 fratris
3713 3767 3827 3808 ora-

2237 3845 2389 3901 tione
2427 3856 2705 3914 servatur;
2730 3848 3005 3920 apostolus
3029 3863 3158 3903 vero
3184 3848 3351 3902 totius
3377 3844 3644 3902 Ecclesia?
3659 3846 3826 3917 preci-

2236 3935 2341 3995 bus
2389 3939 2722 4004 conceditur,
2768 3941 2838 3996 ob
2884 3954 3071 3994 eorum
3113 3939 3205 4009 qui
3255 3952 3379 3992 eum
3415 3938 3658 3993 audituri
3705 3944 3827 3993 sunt

2237 4029 2544 4086 utilitatem.
2592 4032 2659 4086 Et
2687 4034 2790 4088 hoc
2834 4032 3035 4088 donum
3078 4047 3187 4087 non
3234 4041 3343 4087 tam
3386 4032 3443 4087 in
3476 4047 3605 4087 eum
3634 4030 3829 4089 dicitur

2237 4134 2358 4176 esse
2383 4122 2474 4190 qui
2488 4121 2732 4177 differtur
2752 4124 3010 4195 martyrio
3031 4123 3097 4178 ad
3118 4123 3436 4194 martyrium
3458 4132 3824 4193 preparatus,

2238 4226 2400 4281 quam
2427 4212 2481 4266 in
2517 4227 2611 4268 eos
2640 4214 2708 4269 ad
2743 4229 2879 4283 quos
2924 4214 3199 4285 apostolus
3244 4213 3502 4269 mittitur.
3543 4212 3693 4280 Quod
3731 4228 3833 4267 an-

2236 4308 2349 4359 tem
2382 4304 2576 4361 crebro
2609 4304 2809 4362 Paulus
2845 4306 2900 4362 in
2939 4322 3161 4363 carcere
3188 4306 3374 4373 fuerit,
3402 4315 3460 4361 et
3486 4306 3553 4362 de
3584 4304 3830 4362 vinariis

2238 4391 2499 4451 liberatus
2527 4396 2619 4462 sit,
2653 4398 2766 4468 ipse
2787 4396 2893 4452 alio
2912 4397 3032 4453 loco
3067 4398 3199 4454 dicit
3229 4416 3242 4452 :
3286 4398 3342 4451 in
3371 4396 3669 4452 carceribus
3716 4394 3830 4466 fre-

552 4493 779 4565 epistola
815 4492 934 4551 bmc
987 4502 1045 4551 et
1095 4511 1287 4554 manus
1343 4499 1498 4557 testis
1544 4509 1626 4557 est
1669 4501 1910 4573 propria,
1967 4518 2131 4573 quam

2239 4496 2488 4558 quenter;
2534 4488 2600 4543 de
2620 4488 2818 4559 quibus
2847 4504 3233 4560 nonnunquam
3260 4488 3473 4544 Domini
3491 4488 3832 4544 mitiﬁcae-

548 4600 662 4641 non
720 4584 877 4642 solito
941 4601 1090 4643 more
1145 4590 1364 4658 dictavi,
1423 4594 1516 4649 sed
1541 4609 1661 4648 mea
1726 4608 1892 4650 manu
1954 4594 2129 4667 ipsam

2239 4582 2337 4638 bro
2364 4581 2497 4652 ipsis
2522 4583 2961 4654 persecutoribus
2981 4582 3116 4638 nihil
3134 4583 3359 4654 dignum
3381 4583 3436 4637 in
3460 4597 3530 4637 eo
3548 4582 3825 4636 morteino

551 4678 873 4750 conscripsi.
926 4677 990 4734 Et
1028 4697 1130 4735 non
1170 4682 1345 4737 dicam
1402 4685 1516 4751 tibi,
1571 4684 1709 4757 quod
1754 4694 1805 4741 et
1859 4696 1908 4742 te
1955 4688 2129 4756 ipsum

548 4769 681 4824 mihi
700 4769 873 4825 debes.
907 4768 1131 4843 Propter
1173 4789 1477 4831 sermonem
1524 4775 1670 4830 enim
1716 4774 1919 4832 Christi
1970 4792 2133 4847 quem

544 4861 652 4918 tibi
690 4862 1077 4935 evangelizavi,
1103 4883 1201 4938 per
1255 4883 1416 4939 quem
1469 4877 1525 4924 et
1593 4867 1935 4924 Christianus
2002 4867 2134 4924 eil'e—

552 4963 675 5011 ctus
704 4967 807 5026 est,
850 4965 905 5013 te
951 4958 1083 5014 mihi
1131 4960 1306 5031 ipsum
1349 4959 1529 5016 debes.
1570 4958 1725 5027 Quod
1780 4959 1826 5015 si
1866 4975 2018 5015 meus
2050 4973 2132 5029 es,

554 5055 613 5105 et
632 5058 723 5105 tua
745 5054 927 5109 omnia
963 5069 1080 5110 mea
1122 5064 1268 5119 sunt,
1292 5053 1575 5111 Onesimus
1603 5068 1818 5124 quoque
1866 5053 1959 5125 qui
2010 5059 2137 5109 tuus

555 5150 662 5210 est,
703 5160 854 5203 meus
910 5148 1266 5203 est.Poteram
1301 5148 1465 5218 igitur
1508 5161 1575 5202 eo
1633 5146 1710 5201 uti
1750 5153 1808 5199 ut
1851 5159 1992 5210 meo,
2041 5143 2138 5199 sed

555 5235 819 5294 voluntati
850 5247 955 5296 tute
993 5240 1261 5313 relinquo,
1291 5250 1351 5297 ut
1374 5240 1681 5297 mercedem
1726 5239 1929 5295 habeas
1982 5238 2139 5310 igno-

555 5327 775 5384 scendo.
806 5328 894 5384 Ita
919 5371 935 5397 ,
960 5331 1144 5401 frater,
1179 5349 1272 5403 ego
1308 5344 1357 5387 te
1386 5332 1539 5403 fruar
1587 5332 1642 5387 in
1690 5328 2135 5403 Domino.(Vers.

556 5419 684 5496 20.)
737 5420 798 5478 Si
849 5425 994 5479 enim
1040 5441 1147 5481 non
1196 5426 1491 5481 addidisset
1541 5427 1597 5480 in
1643 5423 1890 5490 Domino,
1937 5422 2030 5479 sed
2089 5432 2140 5477 te

554 5515 712 5587 fruar
782 5522 990 5570 tantum
1054 5516 1298 5583 dixisset,
1341 5517 1395 5572 in
1461 5532 1527 5572 eo
1572 5516 1939 5572 constituisset
1990 5529 2141 5585 spem

553 5604 909 5663 beatitudinis
925 5621 1035 5661 sua:
1051 5623 1065 5673 ;
1082 5622 1389 5678 quanquam
1410 5608 1574 5663 etiam
1596 5607 1924 5662 vicinissime
1944 5606 2144 5661 dicitur

552 5700 689 5765 frui.
716 5716 838 5757 cum
867 5701 1156 5757 dilectione
1183 5702 1280 5755 uti.
1313 5701 1447 5757 Cum
1476 5703 1620 5756 enim
1651 5702 1803 5756 adest
1836 5701 1928 5770 qui
1969 5698 2144 5771 diligi-

558 5807 672 5873 tur,
705 5797 871 5859 etiam
890 5794 1323 5875 delectationem
1353 5808 1538 5853 secum
1565 5808 1789 5854 necesse
1830 5801 1917 5852 est
1953 5804 2141 5868 gerat;

2236 4676 2578 4731 venientibus
2604 4676 2993 4731 dimittebatur.
3028 4675 3268 4731 Necdum
3290 4674 3667 4730 Christianum
3696 4689 3825 4729 san-

2236 4770 2453 4841 guinem
2480 4769 2707 4825 Neronis
2731 4769 2938 4840 gladius
2960 4769 3431 4831 dedicaverat,sed
3448 4782 3554 4836 pro
3579 4767 3824 4821 novitate

2232 4861 2639 4930 praedicationis
2669 4862 2783 4916 sive
2806 4877 2834 4915 a
2856 4860 3059 4917 Judaeis
3084 4859 3470 4923 invidentibns,
3501 4858 3620 4913 sive
3644 4856 3714 4911 ab
3732 4856 3828 4912 tis

2236 4951 2330 5022 qui
2361 4967 2455 5006 sua
2483 4953 2740 5008 videbant
2760 4952 2904 5008 idola
2943 4952 3171 5017 destrui,
3216 4952 3284 5006 ad
3328 4949 3569 5004 furorem
3611 4946 3828 5018 populi

2235 5042 2522 5099 concitatis
2550 5043 2699 5099 missi
2729 5044 2783 5098 in
2812 5058 3103 5108 carcerem,
3132 5056 3349 5098 rursum
3374 5042 3579 5110 impetu
3602 5038 3827 5095 εαυτο-

2233 5147 2298 5190 re
2320 5134 2562 5204 deposito
2584 5133 2924 5190 laxabantur.
2954 5135 3023 5191 Et
3048 5135 3148 5191 hoc
3177 5136 3252 5189 ita
3285 5149 3426 5199 esse,
3472 5140 3534 5187 ut
3570 5131 3818 5195 dicimus,

2238 5227 2602 5299 apostolorum
2647 5228 2782 5284 Acta
2834 5237 3121 5293 testantur,
3171 5228 3226 5283 in
3273 5228 3469 5297 quibus
3491 5234 3549 5281 et
3580 5225 3822 5296 Agrippa

2236 5322 2477 5393 loquitur
2496 5324 2563 5377 ad
2584 5322 2803 5378 Festum
2833 5323 3069 5394 potuisse
3107 5320 3304 5376 dimitti
3344 5320 3574 5375 Paulum
3617 5319 3665 5372 si
3712 5332 3825 5372 non

2238 5413 2559 5483 appellasset
2583 5413 2870 5479 Caesarem,
2910 5423 2966 5468 et
2991 5414 3115 5483 quia
3149 5412 3350 5466 nullam
3381 5411 3653 5465 invenerit
3682 5423 3822 5464 eau-

2236 5518 2375 5570 sam,
2412 5513 2610 5575 praeter
2630 5505 2954 5575 quaestiones
2983 5504 3240 5573 quasdam
3279 5502 3350 5558 de
3395 5501 3657 5571 religione
3700 5514 3827 5569 pro-

2240 5596 2378 5667 pria,
2407 5597 2472 5651 de
2509 5597 2745 5667 quodam
2788 5594 2914 5651 Jesn
2957 5609 3118 5665 quem
3166 5592 3366 5649 Paulus
3407 5593 3591 5645 vivere
3625 5590 3827 5661 prandi-

2243 5698 2410 5745 caret.
2448 5689 2527 5745 Ex
2563 5705 2672 5760 quo
2718 5688 3230 5752 animadvertemus,
3261 5693 3317 5741 et
3349 5701 3381 5740 a
3424 5683 3639 5739 exteris
3672 5680 3825 5750 judi-

2244 5787 2396 5848 Cibus
2422 5781 2685 5865 similiter
2707 5796 2805 5848 eos
2835 5781 3077 5863 potuisse
3110 5778 3332 5855 dimitti,
3380 5776 3437 5841 id
3470 5784 3668 5852 agente
3714 5774 3826 5833 Do-
