4056 6350
206 287 310 343 917

1536 280 1788 339 BREVIS
1824 281 2199 342 CHRONICA.

3375 283 3480 338 918

203 403 358 458 mino
383 405 445 454 ut
486 397 542 452 in
591 403 706 451 toto
747 393 882 452 orbe
938 409 1079 452 nova
1125 391 1440 466 praedicatio
1490 395 1812 453 dissemina-
1840 401 1893 462 Α
1920 417 2063 466 rum,
2097 414 2222 454 cum
2265 398 2331 452 ad
2351 395 2720 453 Philemonem
2745 397 3042 468 Epistolam
3066 400 3346 464 scriberet,
3365 401 3505 456 litar-

209 503 388 550 ιπεωτ.

283 582 481 651 (Vers.
514 579 606 643 25,
637 576 763 650 24.)
802 576 1012 632 Salutat
1057 585 1108 631 te
1145 576 1424 648 Epaphras
1473 581 1808 652 concaptivus

209 689 360 728 meus
392 671 446 725 in
471 669 682 725 Christo
719 667 871 732 Iesu,
895 667 1131 735 Marcus,
1156 669 1510 738 Aristarchus,
1531 670 1810 736 Demas,et

209 762 408 828 Lucas,
435 761 706 833 adjutores
728 763 850 816 mei.
872 761 929 816 ld
953 762 1094 831 quod
1115 761 1170 815 in
1191 762 1458 832 principio
1477 763 1808 831 dicebamus,

211 857 476 928 quoniam
505 857 574 911 ad
601 855 952 910 Colossrnses
993 854 1288 924 Epistolam
1320 855 1508 910 eodem
1544 864 1809 926 tempore,

212 959 270 1007 et
292 964 391 1020 per
409 949 660 1005 eumdem
675 963 795 1004 esse
816 949 1075 1019 scriptam
1101 948 1338 1019 bajulum
1365 950 1688 1017 litterarum,
1704 966 1812 1021 quo

213 1045 284 1100 ad
306 1043 680 1098 Philemonem
703 1057 917 1114 quoque
939 1042 1144 1113 scripta
1161 1050 1268 1108 est,
1295 1044 1460 1098 etiam
1493 1059 1683 1100 eorum
1719 1044 1812 1116 qui

212 1136 539 1200 salutatur,
579 1137 798 1192 nomina
836 1136 1220 1192 docentznam
1258 1138 1388 1192 etin
1429 1138 1544 1207 ipsa
1587 1138 1662 1192 ita
1702 1137 1815 1194 fere

213 1229 479 1286 scribitur
503 1246 517 1284 :
545 1227 759 1284 Salutat
775 1245 864 1283 ros
890 1229 1228 1284 Aristarchus
1273 1231 1603 1300 concaptiuus
1644 1247 1812 1297 meus,

216 1334 268 1381 et
291 1323 349 1377 Μ
353 1341 510 1378 arcus
532 1324 872 1379 consobrinus
895 1323 1179 1388 Baruabw,
1203 1333 1252 1377 et
1293 1323 1570 1394 Epaphras
1611 1324 1700 1395 qui
1738 1334 1815 1378 est

219 1432 285 1471 ex
306 1415 451 1469 vobis
470 1433 649 1471 servus
674 1414 888 1470 Christi.
911 1417 980 1470 Et
997 1417 1157 1487 paqu
1197 1415 1424 1472 inferius
1448 1435 1460 1470 :
1489 1415 1695 1471 Salutat
1726 1433 1816 1471 vos

217 1509 396 1563 Lucas
417 1508 650 1563 medicus
667 1508 1026 1572 charissims,
1043 1516 1091 1561 et
1107 1507 1319 1560 Demus.
1339 1507 1405 1560 Et
1428 1507 1581 1560 dicite
1597 1507 1818 1577 Archip-

219 1618 328 1672 po:
365 1599 494 1655 Vide
537 1601 887 1654 ministerium
926 1599 1066 1670 quod
1109 1598 1350 1668 accepisti
1389 1597 1443 1651 in
1470 1597 1714 1662 Domino,
1759 1604 1818 1650 ut

223 1689 361 1743 illud
384 1689 624 1760 impleas.
649 1689 717 1742 Et
741 1707 990 1743 memores
1016 1698 1177 1742 estote
1200 1687 1525 1743 riuculorum
1559 1703 1812 1740 meorum.

1909 505 2030 546 cum
2053 489 2222 558 ponit,
2246 503 2404 558 quem
2427 495 2556 557 puto
2576 487 2849 558 Evangelii
2876 490 3230 560 scriptorem;
3283 500 3338 545 et
3377 491 3504 546 Ario

1911 582 2208 645 starchum,
2227 579 2378 647 cujus
2393 595 2552 650 supra
2565 577 2791 633 fecimus
2804 581 3133 636 mentionem
3151 600 3164 647 ;
3186 591 3240 636 et
3255 584 3476 638 Demam
3487 623 3506 650 ,

1912 674 2107 743 dequo
2147 673 2200 727 in
2243 672 2350 727 alio
2390 671 2508 726 loco
2550 671 2712 727 dicit:
2738 672 2936 728 Demas
2978 690 3066 729 me
3103 674 3512 745 dereliquit;et

1913 762 2113 818 Lucam
2137 763 2422 827 medicum,
2452 763 2543 832 qui
2564 760 2911 835 Evangelium
2950 772 3002 820 et
3042 765 3208 821 Actus
3247 767 3514 836 apostolo-

1913 871 2033 910 rum
2059 855 2311 911 Ecclesiis
2331 857 2617 912 scribendo
2641 857 2876 912 tradidit.
2902 856 3184 924 Quomodo
3207 859 3350 913 enim
3371 875 3510 929 apo.

1915 947 2037 1003 stoli
2061 961 2090 1000 e
2110 947 2468 1017 piscatoribus
2488 949 2716 1018 piscium
2736 951 3032 1018 piscatores
3064 951 3342 1007 hominum
3380 951 3512 1008 facti

1916 1050 2063 1107 sunt,
2088 1043 2161 1097 ita
2182 1043 2273 1097 hic
2294 1043 2358 1096 de
2380 1042 2588 1098 medico
2609 1059 2896 1113 corporum
2921 1045 2975 1098 in
3009 1045 3279 1100 medicum
3320 1059 3513 1101 versus

1916 1144 2000 1190 est
2020 1136 2350 1201 animarum;
2379 1135 2444 1191 de
2464 1151 2570 1204 quo
2591 1144 2647 1190 et
2669 1135 2723 1190 in
2765 1136 2870 1192 alio
2907 1136 3026 1192 loco
3066 1138 3235 1192 dicit:
3265 1137 3511 1193 Misimus

1917 1244 2035 1281 cum
2057 1226 2149 1282 illo
2172 1227 2412 1298 fratrem,
2429 1228 2581 1298 cujus
2606 1227 2723 1283 laus
2739 1239 2820 1290 est
2843 1230 2897 1283 in
2923 1228 3206 1299 Evangelia
3226 1247 3317 1301 per
3334 1245 3514 1284 omnes

1919 1318 2184 1373 Ecclesias
2203 1336 2221 1383 ;
2241 1318 2394 1388 cujus
2416 1320 2554 1374 liber
2573 1320 3002 1391 quotiescunque
3023 1321 3219 1391 legitur
3245 1321 3299 1374 in
3339 1321 3514 1376 eccle-

1920 1412 2022 1477 sia,
2047 1411 2206 1466 toties
2225 1409 2340 1480 ejus
2360 1412 2627 1466 medicina
2652 1428 2757 1466 non
2781 1421 2978 1467 cessat.

1991 1503 2182 1574 (Vers.
2204 1502 2537 1574 25.)Cratia
2559 1501 2770 1570 Domini
2791 1504 2956 1558 nostri
2989 1502 3116 1557 Iesu
3159 1501 3356 1557 Christi
3397 1520 3516 1558 cum

1919 1593 2105 1663 spiritu
2128 1601 2318 1646 uestro.
2336 1592 2472 1647 Cum
2493 1591 2638 1647 enim
2660 1593 2716 1646 in
2741 1593 2935 1662 spiritu
2977 1593 3147 1663 gratia
3171 1593 3352 1648 divina
3400 1591 3521 1649 fue-

1921 1685 2014 1749 rit,
2052 1693 2224 1740 totum
2269 1685 2544 1740 hominem
2595 1684 2726 1740 facit
2786 1686 3105 1756 spiritalem,
3148 1693 3206 1739 ut
3241 1685 3520 1740 adhaereat

221 1780 286 1839 Si
303 1781 461 1836 aliter
477 1796 546 1836 ex
571 1797 638 1836 eo
659 1782 858 1850 aliquis
881 1797 987 1836 non
1012 1789 1166 1852 putat
1186 1780 1394 1849 pariter
1405 1780 1659 1850 scriptas,
1675 1777 1817 1848 quod
1844 1792 1893 1854 Β
1923 1775 2152 1830 Domino
2178 1783 2358 1830 mente
2389 1783 2444 1829 et
2472 1790 2718 1845 corpore,
2758 1784 2814 1830 et
2856 1776 3142 1845 impleatur
3182 1776 3237 1830 in
3288 1791 3353 1831 eo
3373 1773 3520 1845 quod

222 1874 295 1928 ad
317 1872 668 1928 Colossenses
689 1887 862 1942 pauca
882 1874 994 1928 sint
1014 1876 1232 1929 nomina
1254 1889 1375 1944 qum
1397 1873 1486 1928 hic
1510 1888 1615 1926 non
1638 1871 1820 1926 feran-

225 1973 319 2020 tur
340 1965 598 2034 ascripta,
625 1965 761 2020 sciat
788 1979 894 2018 non
927 1980 1121 2021 omnes
1157 1963 1409 2019 omnibus
1462 1970 1556 2018 aut
1607 1963 1814 2017 amicos

223 2072 350 2113 esse
372 2066 464 2112 aut
487 2064 681 2124 notos;
703 2066 758 2112 et
780 2057 939 2112 aliter
957 2058 1228 2128 privatam
1248 2057 1314 2112 ad
1339 2071 1504 2112 unum
1524 2056 1822 2121 hominem,

222 2146 387 2204 aliter
423 2147 696 2218 publicam
743 2148 812 2203 ad
852 2148 1162 2203 universam
1201 2148 1499 2203 Ecclesiam
1537 2145 1825 2217 epistolam

225 2237 366 2292 ﬁeri.
393 2236 496 2304 Qui
516 2239 588 2293 sit
608 2246 788 2294 autem
822 2238 1106 2309 Epaphras
1141 2239 1497 2308 concaptivus
1537 2237 1714 2302 Pauli,
1755 2251 1826 2292 ex

224 2345 293 2386 eo
314 2330 462 2400 quod
478 2331 567 2385 hic
589 2331 972 2398 additum-est,
1015 2333 1070 2387 in
1106 2331 1313 2387 Christo
1347 2332 1496 2398 Jesu,
1538 2345 1828 2401 possumus

229 2421 525 2490 suspicari,
545 2423 734 2477 eadem
755 2437 883 2478 eum
904 2422 1090 2478 Romae
1111 2440 1211 2494 pro
1233 2423 1455 2480 Christo
1475 2423 1688 2477 vincula
1711 2437 1830 2477 sus-

227 2517 457 2572 tinuisse
479 2533 600 2588 quae
623 2518 878 2584 Paulum;
904 2529 958 2573 et
980 2519 1219 2574 vinctum
1251 2517 1479 2583 Christi,
1518 2517 1592 2572 ita
1633 2531 1830 2572 conca-

221 2609 437 2679 ptivum
460 2625 674 2679 quoque
697 2611 814 2681 ejus
834 2612 1076 2680 potuisse
1095 2611 1221 2666 dici.
1244 2611 1354 2666 Aut
1381 2618 1532 2665 certe
1571 2611 1646 2665 ita
1686 2609 1832 2680 quod

223 2701 428 2757 nobilis
447 2711 503 2756 et
520 2703 632 2773 ipse
656 2705 726 2758 sit
748 2705 800 2759 in
823 2705 1099 2774 apostolis,
1118 2714 1182 2759 nt
1198 2705 1537 2761 Andronicus
1554 2714 1607 2759 et
1629 2702 1787 2758 Junia
1811 2720 1826 2768 ;

227 2792 300 2849 de
320 2793 517 2862 quibus
538 2796 796 2851 scribitur
831 2797 896 2850 ad
934 2796 1210 2852 Romanos
1235 2815 1247 2849 :
1275 2794 1516 2851 Salutate
1557 2795 1830 2850 Androni-

235 2901 360 2940 cum
377 2896 424 2939 et
448 2884 670 2941 Iuniam
690 2899 939 2958 cognatos
961 2899 1010 2942 et
1035 2889 1368 2960 concaptiuos
1399 2905 1559 2951 meos,
1597 2887 1687 2959 qui
1708 2895 1833 2942 sunt

232 2977 433 3032 nobiles
455 2981 512 3033 in
533 2981 802 3050 apostolis,
826 2982 917 3053 qui
937 2993 986 3038 et
1005 2993 1127 3038 ante
1146 2998 1228 3038 ms
1260 2983 1474 3054 fuerunt
1504 2983 1560 3038 in
1599 2980 1829 3038 Christo.

229 3066 366 3126 Haec
388 3072 455 3126 de
476 3072 745 3143 Epaphra.

307 3158 579 3218 Ceterum
599 3174 978 3235 cooperatores
998 3167 1275 3240 Evangelii
1291 3176 1346 3223 et
1359 3168 1696 3224 vinculomm
1714 3183 1841 3224 suo-
1867 3159 1916 3224 C

1925 1868 2187 1937 scriptum
2211 1875 2328 1922 est:
2355 1865 2460 1932 Qui
2485 1866 2716 1922 adhwret
2741 1868 2984 1933 Domino,
3022 1885 3157 1922 unus
3190 1868 3402 1939 spiritus
3422 1875 3520 1926 est.

1923 1959 2351 2030 [interpretantur
2373 1968 2554 2014 autem
2578 1961 2870 2016 secundum
2896 1960 3173 2026 Hebraeos,
3195 1960 3412 2026 Paulus,
3430 1961 3527 2016 ad-

1927 2052 2226 2118 mirabilis;
2250 2053 2586 2119 Timotheus,
2606 2053 2881 2108 benelicus
2901 2070 2914 2118 ;
2938 2052 3236 2119 Philemon,
3274 2053 3408 2107 mire
3429 2051 3525 2107 do-

1928 2155 2108 2211 natus,
2133 2146 2246 2200 sive
2267 2160 2329 2201 os
2347 2145 2520 2214 panis,
2543 2145 2612 2200 ab
2648 2159 2744 2199 ore
2776 2161 2881 2199 non
2917 2142 2984 2199 ab
3004 2159 3156 2211 osse;
3179 2144 3374 2214 Appia,
3397 2159 3525 2198 con-

1929 2238 2109 2293 tinens
2121 2246 2214 2292 aut
2227 2237 2451 2292 libertas
2469 2253 2482 2302 ;
2505 2237 2830 2306 Archippus,
2864 2235 3141 2308 longitudo
3155 2239 3362 2306 operis;
3386 2234 3529 2292 One-

1930 2331 2124 2399 simus,
2149 2331 2512 2403 respondens;
2537 2330 2839 2402 Epaphras,
2863 2327 3090 2400 frugifer
3106 2337 3156 2384 et
3192 2329 3384 2384 videns
3413 2328 3530 2384 sive

1932 2440 2316 2493 succrescens;
2359 2424 2592 2491 Marcus,
2632 2424 2864 2480 sublime
2901 2425 3249 2491 mandatum;
3286 2421 3529 2479 Aristar-

1932 2518 2088 2583 chus,
2112 2531 2269 2571 mons
2289 2516 2504 2585 operis;
2527 2514 2743 2578 Demas,
2772 2515 2968 2581 silens;
3009 2513 3204 2579 Lucas,
3251 2513 3366 2583 ipse
3406 2528 3533 2569 con-

1933 2624 2178 2679 surgens.
2206 2607 2337 2675 Quae
2356 2607 2576 2662 nomina
2596 2607 2640 2662 si
2658 2606 2810 2677 juxta
2845 2603 3346 2674 interpretationem
3371 2617 3529 2658 suam

1933 2711 2263 2766 voluerimus
2286 2708 2608 2779 intelligere,
2632 2724 2739 2763 non
2761 2717 2842 2763 est
2877 2705 3090 2762 dilIicile
3117 2725 3129 2759 :
3155 2704 3532 2761 admirabilem

1936 2810 2098 2871 atque
2119 2800 2418 2856 beneﬁcum
2439 2800 2705 2872 przecipue
2725 2802 2792 2855 ad
2807 2817 2930 2855 eum
2954 2801 3190 2856 scribere
3205 2801 3289 2855 cui
3319 2799 3537 2854 univer-

1937 2909 1998 2952 sa
2017 2910 2273 2950 concessa
2298 2902 2427 2949 sunt
2446 2894 2600 2960 vitia,
2619 2901 2676 2948 et
2697 2910 2758 2948 os
2780 2893 2897 2964 ejus
2931 2903 3115 2964 pateat
3161 2893 3227 2948 ad
3253 2891 3532 2956 cmlestia;

1937 2988 2133 3044 deinde
2154 2987 2221 3043 ad
2255 2988 2622 3044 continentem
2661 2992 2717 3042 et
2754 2985 2982 3042 liberam
3023 2994 3079 3043 et
3115 2984 3528 3058 longitudinem.

1937 3080 2193 3152 Explicit.

232 3297 3529 3332 W

1213 3430 1710 3515 CLAUDII
1785 3430 2602 3524 CHRONOLOGI

297 3579 510 3659 Quem
544 3583 1019 3650 Taurinensem
1055 3584 1436 3667 episcoimm
1472 3604 1606 3650 non
1648 3593 1896 3652 temere
1945 3591 2396 3672 suspicamur,
2441 3594 2560 3678 qui
2605 3613 2774 3662 anno
2804 3615 3081 3663 ncccxxv
3113 3599 3473 3680 scribebat,

1507 3729 1797 3792 BREVlS
1840 3731 2276 3798 CHRONICA.

1075 3868 1239 3934 (Apud
1260 3869 1515 3922 Labbeum
1562 3871 1874 3924 Bibliotheca
1899 3887 2024 3926 nova
2049 3879 2504 3944 manuscriptorum,
2529 3892 2578 3944 p.
2601 3878 2740 3943 309.)

322 4082 460 4156 Quia
485 4085 650 4157 igitur
675 4084 887 4140 factore
906 4084 1018 4140 Deo
1045 4099 1219 4141 annos
1253 4101 1282 4142 a
1311 4089 1621 4147 conditione
1651 4094 1837 4149 mundi

252 4194 380 4235 cum
427 4180 565 4233 serie
609 4177 978 4249 generationis
1019 4176 1176 4246 juxta
1205 4178 1524 4237 Hebraicam
1550 4185 1838 4242 veritatem

248 4271 463 4341 pariter
496 4270 781 4325 adnotatos
811 4269 919 4324 Deo
945 4265 1171 4338 iuvante
1215 4285 1410 4341 magna
1457 4288 1523 4328 ex
1552 4283 1710 4344 parte
1750 4291 1842 4332 su-

249 4363 437 4434 perius
464 4361 578 4431 jam
613 4362 974 4426 ostendimus,
999 4377 1144 4418 nunc
1171 4365 1392 4419 eosdem
1420 4365 1600 4422 denuo
1625 4369 1842 4440 recapi-

251 4456 477 4509 tulando
508 4455 669 4510 latius
696 4470 1048 4524 exponemus.

324 4549 494 4618 Igitur
535 4551 879 4618 omnipotens
905 4547 1134 4603 Creator
1163 4564 1286 4604 cum
1321 4551 1634 4606 universum
1661 4553 1842 4624 perfe-

253 4640 423 4696 cisset
454 4641 637 4694 mundi
665 4647 942 4705 ornatum,
986 4640 1147 4695 tertia
1181 4642 1266 4696 die
1294 4652 1414 4712 post
1440 4652 1691 4699 ornatum
1723 4647 1847 4703 caeli

255 4737 500 4794 condidit
544 4737 839 4790 hominem.
882 4737 982 4805 Qui
1024 4746 1251 4791 ornatus
1280 4738 1423 4803 εαξη,
1459 4739 1512 4792 id
1557 4750 1640 4794 est
1678 4741 1757 4796 sol
1794 4751 1850 4798 et

253 4825 405 4891 luna,
456 4836 511 4882 et
541 4827 732 4892 stelke,
766 4827 978 4882 ratione
1012 4830 1249 4883 veridica
1286 4829 1338 4883 in
1374 4830 1698 4900 acquinoctio
1728 4849 1850 4888 ver-

253 4919 366 4973 nali
409 4919 758 4973 inveniuntur
784 4920 962 4990 primo
999 4935 1122 4975 esse
1158 4930 1354 4975 orente
1391 4923 1533 4991 quod
1566 4925 1704 4994 apud
1751 4942 1850 4983 nos

256 5011 555 5066 secundum
603 5011 720 5065 dies
782 5012 988 5067 solares
1045 5029 1122 5067 xu
1177 5011 1297 5066 Kal.
1348 5011 1551 5083 Aprilis
1611 5017 1849 5072 solemus

255 5118 576 5172 nuncupare
601 5117 616 5156 :
640 5113 696 5158 et
721 5103 794 5158 ita
821 5105 1030 5159 ratione
1058 5105 1285 5160 deducta
1314 5122 1342 5160 χ
1369 5105 1485 5160 Kal.
1504 5107 1705 5178 Aprilis
1726 5109 1852 5164 luna

258 5197 494 5266 cptima
548 5197 756 5252 decima
830 5197 1105 5252 invenitur
1159 5198 1524 5269 protoplastus
1572 5200 1742 5255 Adam
1784 5219 1853 5257 ex

259 5293 427 5341 terra:
473 5286 601 5341 limo
641 5303 762 5344 esse
811 5288 1077 5345 formatus
1120 5290 1327 5358 pariter
1371 5301 1536 5361 atque
1583 5293 1854 5349 animatus

261 5379 561 5436 secundum
603 5382 746 5438 hanc
792 5390 1033 5436 nostram
1073 5385 1532 5452 supputationem.
1571 5385 1856 5443 Secundus

262 5467 439 5524 Adam
457 5470 707 5529 Christus
731 5474 826 5529 Dei
853 5474 1037 5537 Filius,
1055 5473 1197 5529 Deus
1221 5477 1428 5545 pariter
1446 5479 1694 5543 ethomo,
1715 5480 1857 5539 Deus

263 5570 398 5616 ante
425 5565 640 5630 saecula,
662 5567 824 5621 homo
862 5567 916 5622 in
945 5567 1056 5622 line
1080 5569 1424 5636 SiBClIiOl‘llm,
1457 5572 1600 5628 Deus
1627 5574 1691 5629 de
1719 5575 1854 5645 Deo,

266 5653 435 5710 homo
459 5657 526 5713 de
548 5660 788 5726 homine,
814 5661 956 5716 Deus
976 5662 1042 5718 de
1061 5661 1220 5718 Patre
1246 5664 1362 5718 sine
1394 5666 1550 5721 initio
1577 5679 1632 5724 et
1658 5680 1855 5741 matre,

265 5744 436 5808 homo
489 5767 522 5808 a
570 5763 720 5811 certo
767 5754 924 5812 initio
970 5754 1039 5814 de
1081 5763 1258 5814 matre
1298 5757 1419 5815 sine
1458 5759 1676 5820 homine
1702 5774 1857 5838 patre

1945 4098 2136 4153 eodem
2167 4105 2429 4168 tempore,
2461 4097 2556 4154 sed
2596 4113 2706 4153 non
2733 4098 2923 4154 eadem
2972 4099 3131 4168 feria,
3159 4102 3213 4159 id
3241 4111 3328 4163 est
3349 4121 3388 4167 ι
3412 4104 3535 4166 Kal.

1945 4191 2148 4262 Aprilis
2186 4191 2460 4246 invenitur
2496 4192 2863 4248 resurrexisse
2899 4210 2929 4249 a
2959 4197 3210 4254 mortuis.

2023 4279 2080 4336 Si
2115 4282 2237 4352 quis
2269 4281 2408 4337 forte
2447 4283 2624 4338 minus
2655 4282 3063 4356 Seripturarum
3092 4289 3396 4346 divinarum
3426 4299 3544 4348 stn-

1949 4370 2052 4427 diis
2087 4373 2330 4428 eruditus
2374 4375 2439 4429 de
2472 4375 2576 4430 hoc
2605 4391 2771 4446 opere
2809 4378 3059 4435 dubitare
3096 4383 3408 4448 tentaverit,
3450 4398 3541 4440 re-

1871 4442 2076 4519 I)deat
2123 4466 2191 4520 ad
2235 4466 2447 4522 divinos
2509 4442 2807 4523 secundum
2869 4469 3193 4528 llebraicam
3255 4442 3542 4532 veritatem

1949 4555 2185 4625 scriptos
2234 4555 2426 4622 libros,
2465 4565 2522 4612 et
2558 4559 2822 4629 quidquid
2867 4562 3064 4638 ibidem
3119 4565 3404 4629 invenerit,
3449 4581 3546 4623 eos

1950 4654 2136 4703 teneat
2176 4656 2231 4703 et
2273 4651 2484 4717 credat,
2524 4667 2720 4720 meque
2759 4654 3018 4712 damnare
3064 4657 3310 4713 desistat.
3356 4659 3545 4730 Neque

1951 4740 2095 4792 enim
2132 4739 2460 4797 Christianis
2507 4741 2590 4798 fas
2632 4753 2717 4799 est
2764 4746 2928 4801 talem
2974 4748 3106 4803 dare
3156 4751 3541 4808 auctoritatem

1950 4831 2230 4886 hominum
2287 4834 2596 4902 chronicis,
2651 4838 2826 4906 qualis
2873 4839 3054 4894 danda
3101 4849 3186 4896 est
3233 4843 3340 4896 illis
3389 4844 3545 4902 libris

1951 4925 2044 4994 qui
2077 4923 2310 4994 Spiritus
2357 4929 2530 4983 sancti
2577 4941 2702 4984 sunt
2748 4913 3074 4988 auctoritate
3111 4949 3210 5004 per
3247 4939 3542 5007 prophetas

1954 5019 2162 5089 scripti.
2203 5019 2270 5073 Et
2296 5021 2340 5074 si
2368 5019 2524 5090 cujus
2552 5020 2692 5077 forte
2729 5022 2782 5076 in
2815 5025 2919 5079 hac
2953 5038 3012 5079 re
3048 5025 3319 5082 obstinata
3347 5031 3545 5087 mentis

1952 5113 2213 5185 perdurat
2259 5113 2523 5181 intentio,
2588 5125 2677 5170 eat
2715 5115 2780 5170 ad
2811 5115 3027 5173 Judrms
3064 5120 3320 5178 Ecclesiae
3361 5123 3546 5180 inimi-

1955 5221 2084 5273 cos,
2115 5216 2170 5262 et
2209 5207 2262 5261 in
2301 5223 2492 5262 eorum
2529 5208 2805 5265 codicibus
2844 5210 3070 5266 Hebraea
3107 5213 3288 5286 lingua
3324 5217 3546 5287 scriptis

1957 5311 2222 5354 annorum
2254 5315 2519 5353 summam
2549 5301 2813 5370 requirat,
2852 5313 2908 5358 et
2936 5303 3198 5375 quidquid
3233 5307 3431 5363 ibidem
3462 5311 3546 5364 in-

1957 5391 2186 5455 venerit,
2219 5391 2320 5445 hoc
2367 5390 2554 5445 credat
2593 5399 2648 5446 et
2691 5401 2890 5459 teneat,
2936 5396 3084 5466 quia,
3135 5406 3192 5452 ut
3241 5401 3315 5454 ait
3349 5401 3544 5458 beatus

1956 5480 2292 5554 Augustinus
2337 5481 2394 5536 in
2444 5482 2580 5538 libro
2619 5485 2685 5540 de
2723 5485 2953 5542 Civitate
2984 5491 3078 5544 Dei
3128 5507 3219 5557 xv,
3251 5494 3299 5548 ei
3343 5496 3540 5566 lingua

1957 5574 2140 5643 potius
2183 5575 2438 5628 credatur
2478 5575 2620 5631 unde
2661 5585 2747 5633 est
2789 5578 2843 5633 in
2885 5579 3044 5635 aliam
3089 5598 3186 5653 per
3221 5585 3545 5656 interpretes

1961 5666 2104 5724 facta
2141 5667 2444 5723 translatio.

2031 5759 2206 5820 Adam
2237 5777 2270 5820 a
2299 5761 2388 5820 die
2417 5760 2742 5826 conditiOnis
2761 5779 2878 5828 suae
2898 5781 3046 5828 anno
3063 5767 3168 5832 150
3187 5769 3372 5840 genuit
3389 5768 3540 5830 Seth.
