4056 6350
533 338 638 397 919

1609 325 1891 389 CLAUDII
1929 329 2394 389 TAURINENSIS
2434 332 2742 394 EPISCOPI

601 449 735 505 Seth
781 461 906 504 cum
952 453 1098 503 esset
1145 459 1412 503 annorum
1469 445 1594 512 105,
1651 446 1835 518 genuit
1875 446 2039 510 Enos,
2071 452 2126 500 et
2152 448 2205 508 A
2228 457 2283 504 et
2313 458 2538 519 quartus
2575 450 2858 520 epactalis,
2888 463 3004 505 xxn
3035 448 3255 506 fuerunt
3294 448 3349 507 in
3375 450 3606 524 Epacta,
3634 463 3696 512 et
3728 455 3857 514 fuit

531 539 737 610 impleti
765 548 889 596 sunt
920 539 1034 595 dies
1060 539 1186 594 vitae
1219 539 1391 594 Adam
1431 539 1486 593 in
1511 540 1793 593 nativitate
1824 539 1967 594 Enos
1995 538 2120 593 255.

600 631 746 687 Enos
776 646 921 687 anno
957 631 1080 686 vitae
1116 646 1228 685 suae
1255 630 1324 685 90
1359 632 1546 702 genuit
1571 628 1798 694 Cainan,
1829 639 1883 686 et
1921 630 2124 702 impleti

530 736 658 784 sunt
686 728 805 784 dies
827 728 956 784 vitae
980 726 1154 783 Adam
1185 727 1240 781 in
1269 726 1555 782 nativitate
1581 726 1786 782 Cainan
1817 727 1942 781 525.

600 817 806 874 Cainan
836 833 977 874 anno
1005 818 1131 873 vita:
1156 833 1266 873 suae
1293 817 1360 871 70
1389 819 1577 889 genuit
1604 817 1906 882 Malalehel,
1937 825 1992 872 et
2018 819 2123 873 im-

528 912 664 984 pleti
720 921 848 968 sunt
892 913 1008 969 dies
1045 912 1171 968 vitae
1206 912 1380 968 Adam
1429 913 1486 968 in
1527 914 1813 969 nativitate
1844 913 2125 970 Malalehel

530 1005 657 1061 595.

601 1100 883 1157 Malalehel
912 1117 1054 1156 anno
1077 1102 1203 1157 vitae
1236 1118 1348 1157 suae
1373 1102 1442 1157 60
1471 1102 1656 1174 genuit
1683 1100 1890 1166 Jareth,
1923 1111 1980 1157 et
2025 1102 2124 1158 im-

528 1191 659 1262 pleti
689 1201 815 1248 sunt
855 1193 981 1247 anni
1030 1194 1154 1249 vitae
1179 1193 1351 1250 Adam
1382 1195 1435 1249 in
1466 1195 1753 1250 nativitate
1781 1193 1969 1250 Jareth
1995 1194 2120 1249 460.

603 1282 790 1338 Jareth
827 1300 969 1338 anno
999 1285 1121 1339 vitm
1150 1265 1276 1340 sum.
1293 1285 1363 1339 62
1389 1286 1572 1356 genuit
1599 1286 1806 1350 Enoch,
1831 1294 1886 1341 et
1917 1285 2124 1356 impleti

528 1383 657 1432 sunt
683 1375 810 1430 anni
834 1375 961 1431 vitae
985 1375 1160 1431 Adam
1197 1377 1252 1432 in
1289 1378 1572 1433 nativitate
1601 1379 1786 1433 Enoch
1818 1377 1940 1432 622.

597 1467 783 1526 Enoch
829 1484 972 1525 anno
1005 1469 1134 1524 vitze
1180 1485 1292 1525 suae
1319 1469 1388 1525 65
1434 1470 1619 1540 genuit
1655 1469 2036 1533 Mathusalem,
2069 1477 2125 1525 et

528 1559 734 1630 impleti
763 1569 889 1615 sunt
927 1561 1053 1614 anni
1079 1562 1204 1616 vita:
1230 1561 1399 1616 Adam
1446 1563 1502 1617 in
1534 1563 1816 1618 nativitate
1849 1562 2124 1628 Mathusa-

525 1647 633 1704 lem
672 1649 796 1714 687,
824 1650 1228 1720 ambulavitque
1251 1652 1435 1707 Enoch
1466 1667 1652 1707 coram
1679 1653 1789 1709 Deo
1830 1661 2119 1724 postquam

527 1739 715 1809 genuit
754 1738 1110 1794 Mathusalem
1143 1741 1300 1795 annis
1326 1741 1452 1807 500,
1481 1750 1534 1796 et
1561 1757 1668 1796 non
1716 1743 1968 1813 apparuit
1995 1743 2123 1812 quia

525 1829 647 1884 tulit
685 1845 811 1885 eum
844 1831 986 1886 Deus
1021 1847 1164 1886 anno
1193 1831 1258 1886 57
1309 1840 1431 1903 post
1461 1844 1692 1889 mortem
1718 1833 1866 1889 Adre.

599 1922 956 1980 Mathusalem
1011 1938 1155 1978 anno
1197 1925 1264 1979 87
1311 1925 1497 1996 genuit
1515 1925 1773 1990 Lamecli,
1820 1935 1876 1981 et
1916 1927 2123 1998 impleti

524 2023 651 2068 sunt
707 2015 833 2069 anni
888 2031 919 2069 a
971 2015 1282 2071 conditione
1329 2016 1515 2071 mundi
1563 2017 1620 2071 in
1668 2024 1857 2072 natum
1887 2017 2124 2073 Lamech

522 2105 630 2162 874
673 2114 728 2161 et
773 2106 910 2160 vixit
947 2107 1139 2173 Adam,
1172 2116 1464 2179 postquam
1514 2116 1673 2163 natus
1723 2115 1809 2164 est
1865 2107 2120 2177 Lamech,

533 2200 692 2255 annis
719 2197 807 2254 56.

605 2291 842 2346 Lamecli
869 2307 1012 2347 anno
1040 2292 1167 2347 vitze
1202 2308 1312 2348 sum
1341 2293 1445 2349 182
1474 2294 1662 2362 genuit
1688 2293 1820 2360 Noe,
1851 2309 1994 2349 anno
2021 2293 2124 2349 125

526 2392 653 2452 post
679 2391 910 2438 mortem
934 2382 1086 2450 Adae,
1113 2391 1165 2438 et
1193 2383 1400 2452 impleti
1439 2393 1563 2439 sunt
1585 2385 1713 2439 anni
1757 2401 1787 2439 a
1813 2385 2124 2440 conditione

524 2472 713 2526 mundi
750 2471 805 2526 in
834 2471 1177 2526 nativitatem
1207 2471 1320 2528 Noe
1351 2472 1508 2528 1065.

598 2561 708 2618 Noe
744 2579 888 2619 anno
924 2564 1050 2619 vitae
1097 2579 1208 2619 sum
1264 2563 1369 2619 500
1409 2566 1595 2636 genuit
1643 2573 1753 2621 tres
1793 2566 1933 2621 ﬁlios
1970 2566 2118 2633 Sem,

522 2651 690 2707 Cham
724 2661 778 2709 et
805 2653 1022 2725 Japhet,
1058 2664 1114 2709 et
1143 2670 1284 2710 anno
1314 2660 1440 2710 vitae
1488 2655 1633 2710 illius
1672 2655 1775 2710 600
1806 2657 1949 2711 venit
1978 2656 2117 2712 dilu-

523 2747 670 2801 vium
700 2747 996 2802 sccundum
1025 2747 1140 2802 dies
1180 2747 1419 2812 lunares,
1449 2763 1636 2802 mense
1661 2748 1858 2818 primo,
1889 2750 2119 2819 septima

527 2836 738 2891 decima
786 2838 872 2892 die
919 2839 1154 2902 mensis;
1208 2839 1504 2894 secundum
1558 2839 1766 2894 solares
1810 2854 1938 2895 vero
1978 2841 2113 2908 dies,

524 2925 778 2981 Kalendis
807 2927 1031 2997 Aprilis,
1079 2929 1208 2982 luna
1259 2930 1490 2999 septima
1521 2931 1764 2996 decima;
1816 2947 1978 3000 quem
2006 2931 2116 2986 He-

520 3016 676 3081 ιιι-ξεῖ,
705 3016 797 3086 qui
829 3032 1044 3072 menses
1074 3034 1180 3073 non
1217 3035 1246 3072 a
1273 3020 1404 3085 sole,
1441 3020 1535 3075 sed
1567 3035 1597 3074 a
1625 3021 1746 3074 luna
1774 3029 2114 3092 computant,

522 3107 807 3177 septimum
849 3109 1120 3164 decimum
1161 3111 1303 3170 diem
1363 3121 1694 3167 vocaverunt
1742 3114 1904 3183 primi
1964 3130 2115 3170 men-

2223 558 2304 597 vu
2335 541 2462 597 ldus
2493 542 2670 598 Martii
2708 543 2911 598 mensis
2935 540 3252 610 Neomenia,
3283 544 3336 599 id
3373 552 3458 601 est
3497 562 3654 604 nova!
3681 549 3854 607 luna

2232 635 2579 707 principium.
2627 635 2695 690 Et
2735 635 2854 691 hac
2889 635 2994 691 fuit
3034 637 3332 692 secundum
3364 637 3622 698 Hebraeos
3663 644 3848 714 primi

2233 729 2438 786 mensis
2467 731 2701 796 initium,
2729 739 2785 784 et
2813 730 2941 784 anni
2969 731 3316 801 principium.

2299 821 2463 878 Juxta
2509 824 2650 879 hanc
2694 830 2936 879 nostram
2986 825 3444 894 supputationem,
3475 842 3598 897 qua
3627 826 3698 882 ﬁt
3743 844 3851 899 per

2225 916 2341 972 dies
2375 917 2606 980 solares,
2639 917 2820 973 exisse
2850 916 3199 973 inveniuntur
3225 918 3292 974 de
3321 933 3450 974 arca
3485 919 3620 986 Noe,
3652 930 3720 976 et
3747 921 3848 977 ﬁlii

2226 1010 2342 1080 ejus
2382 1010 2574 1080 quinto
2612 1008 2798 1064 Nonas
2843 1009 3049 1064 mensis
3078 1007 3224 1076 Maii,
3267 1009 3398 1064 luna
3423 1012 3697 1083 vigesima
3760 1026 3852 1067 μ

2224 1103 2414 1172 ptima,
2466 1102 2792 1172 stetisseque
2841 1101 3192 1156 inveniuntur
3233 1101 3291 1156 in
3338 1117 3468 1158 arca
3507 1101 3672 1170 juxta
3723 1103 3852 1159 dies

2226 1194 2429 1250 solares
2459 1209 2662 1250 annum
2694 1194 2997 1263 integrum,
3026 1194 3120 1264 qui
3161 1192 3294 1250 facit
3318 1193 3436 1249 dies
3458 1194 3565 1249 565
3593 1206 3653 1250 et
3694 1211 3847 1264 qua-

2229 1287 2326 1341 dra
2363 1302 2490 1352 una,
2529 1286 2582 1341 id
2611 1297 2696 1342 est
2722 1288 2888 1342 horas
2919 1301 3038 1352 sex,
3073 1293 3130 1342 et
3167 1287 3533 1343 hebdomadas
3566 1299 3851 1359 quatuor,

2228 1377 2281 1431 id
2303 1385 2387 1431 est
2415 1375 2532 1431 dies
2560 1377 2660 1443 28;
2692 1384 2888 1448 quater
2924 1377 3068 1433 enim
3111 1387 3318 1447 septem
3350 1376 3486 1432 ﬁunt
3512 1378 3606 1434 28.

2303 1469 2430 1526 Sem
2460 1487 2584 1526 cum
2615 1478 2764 1526 esset
2806 1480 3026 1526 centum
3055 1486 3341 1537 annorum,
3371 1473 3555 1543 genuit
3585 1471 3850 1529 Arfaxad

2227 1564 2452 1620 biennio
2499 1572 2625 1634 post
2667 1562 2951 1630 diluvium,
2989 1564 3117 1634 quia
3147 1565 3216 1621 98
3247 1580 3392 1621 anno
3434 1567 3564 1620 vita:
3592 1581 3722 1622 suae
3750 1581 3850 1621 ve-

2230 1655 2313 1709 nit
2340 1654 2621 1709 diluvium.

2299 1746 2526 1800 Arfaxat
2555 1762 2697 1802 anno
2725 1748 2852 1803 vitae
2879 1762 2990 1803 suae
3035 1747 3105 1804 55
3137 1750 3324 1820 genuit
3354 1750 3510 1816 Sale;
3542 1752 3599 1806 in
3630 1752 3850 1808 nativi-

2152 1842 2200 1903 B
2231 1846 2342 1894 tate
2384 1838 2509 1894 Sale
2539 1840 2749 1910 impleti
2786 1849 2913 1896 sunt
2938 1841 3066 1897 anni
3095 1851 3222 1912 post
3255 1843 3514 1900 diluvium
3541 1846 3631 1900 57.

2302 1931 2427 1988 Sale
2479 1948 2622 1988 anno
2671 1933 2794 1988 vita:
2825 1949 2937 1988 suae
2965 1933 3029 1988 51
3071 1935 3258 2005 genuit
3286 1934 3495 2007 Heber;
3534 1938 3589 1991 in
3619 1938 3849 1995 nativio

2231 2035 2344 2081 tate
2375 2025 2553 2080 Heber
2582 2026 2789 2097 impleti
2819 2035 2944 2082 sunt
2969 2029 3097 2082 anni
3119 2036 3244 2098 post
3269 2029 3527 2085 diluvium
3558 2031 3650 2086 67.

2303 2117 2481 2172 Heber
2510 2131 2652 2171 anno
2681 2117 2806 2172 vitae
2853 2132 2964 2172 sua:
2991 2118 3064 2173 54
3093 2119 3279 2190 genuit
3305 2118 3505 2189 Faleg;
3541 2121 3602 2175 in
3627 2123 3848 2179 nativi-

2227 2216 2339 2264 tate
2385 2206 2549 2279 Faleg
2598 2209 2854 2279 impletus
2882 2218 2966 2265 est
3007 2225 3182 2266 annus
3227 2222 3350 2281 post
3387 2213 3648 2268 diluvium
3709 2215 3847 2280 101,

2229 2303 2322 2372 qui
2360 2303 2460 2357 fuit
2490 2318 2664 2363 anuus
2709 2303 2836 2358 vitae
2879 2303 2994 2358 Noe
3026 2304 3161 2370 701;
3193 2314 3247 2360 et
3275 2306 3379 2361 hac
3419 2307 3631 2362 ratione
3658 2308 3848 2363 dedu-

2233 2405 2319 2452 cta
2349 2396 2552 2451 vixisse
2582 2397 2857 2451 invenitur
2890 2395 3006 2453 Noe
3032 2404 3156 2468 post
3178 2397 3378 2454 factam
3406 2399 3730 2472 linguarum
3762 2403 3846 2457 di-

2224 2487 2488 2543 visionem
2528 2487 2685 2542 annis
2707 2486 2835 2543 249.

2295 2579 2461 2650 Faleg
2513 2579 2903 2650 interpretatur
2958 2581 3174 2646 divisio,
3216 2582 3301 2637 cui
3349 2593 3636 2654 propterea
3669 2595 3845 2654 pater

2223 2672 2332 2728 tale
2361 2687 2558 2728 nomen
2587 2671 2863 2741 imposuit,
2894 2673 3020 2743 quia
3050 2683 3291 2744 tempore
3318 2675 3619 2732 nativitatis
3648 2676 3844 2747 ipsius

2225 2774 2372 2820 terra
2422 2779 2522 2834 per
2575 2763 2884 2835 linguarum
2941 2763 3317 2821 confusionem
3367 2766 3536 2820 divisa
3580 2776 3690 2821 est.
3733 2767 3842 2835 Qui

2223 2870 2365 2909 anno
2415 2855 2540 2909 vitae
2583 2868 2696 2909 sua:
2723 2853 2792 2908 50
2821 2855 3009 2926 genuit
3050 2854 3201 2921 Reu;
3242 2857 3296 2911 in
3337 2857 3626 2912 nativitate
3674 2858 3835 2926 Ben,

2221 2946 2474 3016 impletus
2493 2954 2579 3002 est
2605 2962 2782 3002 annus
2809 2957 2938 3017 post
2971 2947 3233 3003 diluvium
3264 2949 3390 3004 151.

2290 3037 2406 3092 Reu
2443 3053 2587 3094 anno
2616 3039 2742 3093 vitae
2766 3054 2878 3095 sua:
2923 3039 2993 3093 52
3019 3041 3210 3111 genuit
3245 3039 3457 3098 Seruch
3482 3059 3498 3106 ;
3525 3043 3582 3097 in
3620 3045 3838 3100 nativi-

2219 3135 2329 3184 tate
2359 3128 2569 3185 Seruch
2597 3129 2802 3200 impleti
2831 3137 2958 3186 sunt
2980 3132 3106 3186 anni
3136 3140 3260 3202 post
3287 3133 3545 3188 diluvium
3583 3134 3693 3188 145

521 3199 614 3265 sis,
641 3200 868 3270 septima
893 3199 1053 3266 feria,
1085 3217 1247 3295 quam
1273 3220 1370 3259 nos
1397 3204 1682 3260 sabbatum
1713 3223 2111 3278 nuncupamus,
2144 3219 2188 3281 ρ
2296 3219 2508 3276 Seruch
2562 3199 2704 3276 εηηέ)
2758 3221 2884 3277 vim
2941 3237 3053 3279 sua;
3115 3199 3186 3279 30
3232 3225 3418 3295 genuit
3465 3224 3732 3292 Nachor;
3781 3227 3836 3284 in

520 3302 796 3362 Ingressus
835 3301 919 3346 est
957 3293 1070 3347 Noe
1111 3293 1166 3347 in
1212 3310 1418 3360 arcam,
1465 3304 1520 3350 et
1555 3297 1658 3351 hac
1700 3298 1814 3367 ipsa
1853 3299 1939 3354 die
1967 3301 2118 3355 venit

526 3381 807 3437 diluvium.
844 3384 1038 3439 Mirum
1076 3388 1463 3456 omnipotentis
1489 3389 1587 3444 Dei
1624 3390 1887 3460 judicium
1922 3393 1976 3446 in
2017 3394 2116 3448 hu-

521 3486 742 3527 manum
776 3490 961 3541 genus,
990 3477 1131 3546 quod
1157 3493 1254 3546 per
1279 3477 1451 3534 Adam
1481 3481 1606 3535 luna
1637 3483 1868 3551 septima
1899 3485 2114 3540 decima

521 3564 732 3634 accepit
765 3563 1002 3632 initium,
1035 3566 1090 3620 in
1133 3583 1242 3623 non
1277 3571 1630 3628 custodiendo
1659 3573 1754 3627 Dei
1784 3583 2115 3646 praeceptum

521 3653 746 3723 septima
775 3654 984 3711 decima
1025 3656 1078 3710 in
1109 3657 1309 3714 diluvio
1337 3660 1644 3718 incurreret
1681 3665 1874 3719 mortis
1911 3664 2115 3736 suppli-

521 3758 685 3798 cium.

588 3835 742 3892 Anno
769 3837 896 3892 vita:
922 3837 1036 3894 Noe
1096 3839 1201 3894 600
1235 3841 1441 3912 impleti
1494 3852 1620 3898 sunt
1663 3846 1791 3900 anni
1839 3861 1870 3900 a
1918 3848 2108 3906 condi-

521 3925 666 3980 tione
692 3929 878 3982 mundi
914 3928 1079 3997 1656;
1122 3944 1188 3985 eo
1217 3932 1364 3986 enim
1393 3948 1536 3988 anno
1561 3950 1670 4005 quo
1699 3935 1960 3992 diluvium
1989 3936 2110 4006 fuit,

519 4034 694 4074 annus
737 4020 1033 4077 bissextilis
1074 4024 1327 4078 exstitit:
1359 4033 1415 4079 et
1447 4025 1493 4079 si
1533 4041 1684 4080 more
1727 4035 1915 4083 nostro
1959 4044 2108 4084 com-

517 4119 839 4181 putarentur
875 4113 1026 4169 feriae
1052 4115 1137 4170 vel
1175 4115 1444 4182 Kalendae,
1474 4127 1654 4172 essent
1686 4118 1804 4188 ipso
1840 4136 1981 4176 anno
2007 4120 2114 4176 Ka-

518 4203 690 4260 lendae
739 4207 942 4262 mensis
989 4207 1232 4263 Januarii
1288 4210 1420 4264 feria
1469 4221 1710 4281 quarta:
1753 4222 1807 4270 et
1843 4215 1967 4284 quia
2010 4215 2112 4272 fuit

517 4312 693 4352 annus
721 4299 856 4369 cycli
898 4300 1091 4356 solaris
1113 4301 1171 4366 4,
1221 4302 1424 4357 idcirco
1451 4321 1507 4358 ιιι
1558 4304 1776 4362 fuerunt
1820 4309 1875 4362 in
1902 4310 2109 4380 Epacta

517 4396 575 4440 et
618 4403 717 4442 xm
747 4388 1019 4444 Kalendas
1043 4391 1248 4462 Aprilis
1289 4391 1391 4447 fuit
1421 4393 1734 4462 Neomenia,
1768 4398 1822 4453 id
1846 4408 1930 4453 est
1956 4415 2110 4456 novae

516 4480 658 4536 lunae
696 4483 1047 4552 principium,
1088 4494 1144 4539 et
1182 4486 1349 4556 ipsius
1384 4489 1510 4542 anni
1559 4492 1853 4545 secundum
1893 4508 2108 4549 menses

2220 3311 2506 3367 nativitate
2560 3311 2778 3368 Nachor
2843 3313 3048 3385 impleti
3101 3323 3230 3372 sunt
3299 3316 3426 3372 anni
3495 3327 3621 3389 post
3676 3319 3834 3374 dilu-

2219 3401 2367 3457 vium
2400 3401 2503 3458 195

2289 3496 2509 3552 Naclior
2565 3512 2708 3553 anno
2772 3498 2900 3554 vitae
2956 3515 3067 3556 suae
3131 3501 3203 3559 28
3255 3502 3443 3573 genuit
3497 3501 3730 3568 Thare;
3775 3502 3830 3558 in

2216 3588 2499 3645 nativitate
2573 3588 2751 3646 Thare
2833 3589 3039 3662 impleti
3102 3600 3230 3648 sunt
3299 3593 3425 3646 anni
3481 3601 3607 3663 post
3672 3591 3826 3648 dilu-

2217 3678 2365 3733 vium
2387 3679 2516 3734 222.

2289 3771 2469 3827 Thare
2518 3786 2662 3828 anno
2690 3775 2816 3828 vitae
2845 3789 2956 3830 suae
2982 3774 3049 3829 70
3077 3775 3264 3848 genuit
3294 3775 3502 3831 Abram
3528 3793 3542 3843 ;
3588 3777 3643 3832 in
3675 3780 3831 3835 nati-

2221 3863 2391 3919 vitate
2420 3863 2582 3920 Abrae
2607 3865 2812 3936 impleti
2846 3877 2973 3922 sunt
2997 3868 3125 3924 anni
3152 3878 3274 3941 post
3296 3869 3555 3926 diluvium
3581 3871 3711 3927 292.

2286 3955 2443 4011 Anno
2487 3957 2614 4011 vitae
2642 3957 2755 4012 Noe
2800 3957 2907 4013 892
2929 3969 3089 4015 natus
3135 3970 3218 4016 est
3249 3961 3547 4029 Abraham,
3576 3966 3671 4034 qui
3715 3965 3829 4022 fuit

2215 4062 2388 4103 annus
2415 4049 2538 4104 vitae
2593 4047 2719 4104 Sem
2763 4049 2900 4117 390;
2940 4051 3142 4109 vixisse
3191 4054 3465 4110 invenitur
3510 4055 3648 4120 Noe,
3693 4068 3828 4128 post

2214 4140 2556 4195 nativitatem
2583 4140 2836 4207 Abrahaa,
2869 4144 3028 4198 annis
3055 4143 3142 4200 58.

2284 4233 2449 4288 Fiunt
2482 4234 2665 4304 igitur,
2693 4233 2847 4304 juxta
2871 4238 3336 4308 supputationem,
3359 4255 3389 4294 a
3421 4239 3617 4296 diluvio
3633 4256 3823 4312 usque

2213 4323 2281 4378 ad
2334 4324 2675 4380 nativitatem
2701 4325 2959 4393 Abrahae,
3009 4329 3139 4384 anni
3197 4329 3327 4398 292,
3358 4340 3414 4387 et
3439 4347 3468 4387 a
3497 4333 3824 4391 conditione

2213 4417 2400 4471 mundi
2427 4416 2588 4474 1948.
2973 4489 3042 4546 m

515 4570 740 4628 lunares
768 4575 929 4644 primi
962 4575 1166 4641 mensis
1213 4577 1451 4645 initium,
1482 4581 1797 4652 impletique
1834 4592 1959 4638 sunt
1988 4585 2106 4655 ipso
2132 4593 2185 4653 Ι)
2282 4580 2466 4637 Tertia
2490 4583 2676 4639 mundi
2701 4592 2835 4640 mlas
2860 4601 2892 4640 a
2923 4586 3206 4644 nativitate
3242 4590 3410 4662 αοερῆ
3448 4590 3687 4649 Αιπθιιω
3715 4609 3817 4664 pa-

515 4676 659 4718 anno
695 4665 822 4719 anni
857 4663 1066 4720 Jubilaei
1116 4683 1146 4720 a
1193 4670 1580 4726 constitutione
1623 4675 1808 4729 mundi
1841 4675 1931 4743 55,
1968 4677 2105 4747 cycli

515 4753 926 4810 decemnovales
949 4755 1041 4821 82,
1071 4755 1186 4811 dies
1212 4756 1519 4814 bissextiles
1547 4760 1674 4815 414.

1279 4849 1342 4902 ll.

591 4937 838 4994 Secunda
883 4941 1064 4996 steculi
1103 4950 1278 5006 :etate,
1319 4944 1496 5012 prima
1535 4943 1695 5014 hujus
1735 4946 1841 5012 die,
1875 4963 1995 5017 quae
2022 4959 2107 5005 est

519 5029 725 5085 decima
773 5034 1004 5103 septima
1051 5035 1164 5089 dies
1215 5037 1418 5091 mensis
1463 5039 1984 5111 secundi,egressus
2021 5049 2105 5099 est

519 5118 635 5174 Noe
673 5123 738 5176 de
775 5139 920 5189 arca,
978 5141 1116 5180 uxor
1145 5125 1282 5195 ejus,
1311 5136 1367 5182 et
1395 5127 1515 5193 ﬁlii,
1549 5139 1604 5185 et
1648 5147 1845 5186 uxores
1869 5132 2104 5190 ﬁliorum

516 5207 654 5278 ejus,
681 5211 769 5266 die
796 5214 971 5282 prima
999 5215 1154 5281 feria,
1179 5233 1341 5286 quam
1373 5235 1470 5274 nos
1498 5229 1718 5290 propter
1744 5225 2103 5280 resurrectio-

515 5315 640 5356 nem
671 5301 882 5358 Domini
915 5305 1248 5362 Dominicam
1303 5327 1676 5380 nuneupamus
1713 5331 1725 5366 :
1768 5319 1912 5382 quia,
1964 5315 2105 5370 sicut

516 5409 680 5464 supra
711 5392 826 5462 jam
855 5394 988 5459 dixi,
1020 5397 1063 5450 si
1095 5413 1248 5453 more
1289 5411 1477 5455 nostro
1517 5401 1634 5470 ipso
1667 5411 1911 5472 tempore
1956 5418 2103 5458 com-

511 5495 837 5556 pularentur
863 5489 1009 5545 feriae
1035 5491 1117 5546 vel
1140 5492 1410 5560 Kalendze,
1439 5506 1622 5551 essent
1660 5497 1776 5567 ipso
1805 5515 1965 5564 anno,
1994 5518 2102 5573 quo

511 5582 716 5653 egressi
756 5593 880 5638 sunt
905 5585 970 5640 de
1011 5603 1158 5653 arca,
1197 5589 1451 5645 Kalendae
1491 5593 1693 5648 mensis
1719 5593 1986 5662 Januarii,
2019 5597 2100 5653 fe-

510 5676 592 5729 ria
619 5677 806 5747 quinta
843 5694 985 5733 anno
1010 5681 1188 5749 primo
1219 5689 1339 5749 post
1370 5681 1688 5738 bissextum.
1732 5685 1799 5739 Et
1827 5688 1953 5755 quia
1997 5687 2102 5745 fuit

511 5780 686 5822 annus
720 5768 942 5840 quintus
981 5768 1118 5838 eveli
1163 5769 1388 5838 solaris,
1419 5774 1512 5844 qui
1552 5785 1636 5831 est
1677 5775 2096 5850 decemnovalis,

2210 4672 2485 4742 triarchaa,
2522 4675 2616 4746 qui
2645 4691 2770 4732 cum
2797 4678 2866 4732 75
2896 4693 3165 4734 annorum
3199 4692 3366 4748 esset,
3415 4699 3562 4742 anno
3593 4687 3662 4740 17
3685 4698 3812 4758 post

2209 4773 2442 4820 mortem
2496 4765 2629 4833 Noe,
2661 4768 2753 4838 qui
2787 4768 2890 4824 fuit
2915 4786 3092 4827 annus
3127 4772 3256 4828 vitae
3294 4773 3426 4829 Scin
3466 4775 3598 4842 465,
3630 4788 3685 4833 et
3709 4794 3815 4850 pa.

2210 4858 2308 4913 tris
2337 4860 2421 4914 sui
2449 4859 2626 4917 Thare
2679 4862 2805 4928 145,
2839 4864 3030 4920 relicta
3059 4877 3220 4939 gente
3267 4877 3325 4924 et
3351 4871 3530 4940 patria
3579 4888 3700 4940 sua,
3725 4889 3814 4931 se-

2207 4952 2444 5006 cundum
2475 4954 2716 5010 divinum
2767 4959 3068 5026 oraculum,
3124 4962 3271 5016 venit
3311 4963 3365 5017 in
3418 4971 3623 5021 terram
3657 4967 3808 5023 Cha-

2209 5059 2376 5109 naan,
2417 5047 2692 5116 accipiens
2722 5052 3140 5119 promissionem
3165 5056 3507 5112 nasciturum
3538 5059 3607 5114 de
3644 5061 3807 5117 semi-

2209 5153 2279 5192 ne
2319 5153 2419 5193 suo
2474 5138 2835 5209 Salvatorem,
2876 5145 2930 5199 in
2977 5161 3085 5216 quo
3133 5148 3594 5206 benedicerentur
3618 5167 3809 5209 omnes

2207 5239 2421 5300 gentes-
2453 5234 2738 5290 creditura
2780 5237 2836 5291 in
2881 5236 3175 5304 Christum,
3227 5250 3284 5297 et
3311 5243 3550 5313 seipsum
3591 5245 3644 5299 in
3670 5261 3809 5316 gen-

2209 5331 2318 5378 tem
2350 5340 2602 5396 magnam
2633 5341 2751 5381 esse
2790 5325 3030 5384 futurum
3063 5349 3076 5385 :
3110 5345 3340 5400 quarum
3381 5348 3487 5388 una
3515 5335 3807 5404 spiritalis,

2209 5415 2380 5470 altera
2416 5425 2499 5472 est
2535 5419 2824 5489 promissio
2864 5421 3122 5477 carnalis.

2279 5506 2373 5561 His
2414 5511 2745 5579 temporibus
2784 5511 2954 5568 Ninus
3002 5523 3058 5570 et
3100 5514 3422 5572 Semiramis
3455 5517 3509 5572 in
3561 5517 3806 5589 Assyriis

2208 5610 2587 5668 regnaverunt.

2274 5690 2547 5746 Abraham
2593 5709 2735 5750 anno
2766 5697 2888 5751 vitae
2935 5714 3046 5753 sum
3085 5700 3405 5766 centesimo,
3460 5703 3640 5773 patris
3671 5716 3799 5759 ven

2203 5781 2286 5838 sui
2318 5779 2496 5838 Thare
2525 5783 2649 5854 170,
2681 5793 2735 5844 et
2780 5787 2906 5845 Sem
2936 5789 3062 5861 490,
3119 5791 3308 5864 genuit
3357 5791 3507 5853 Isaac
3548 5794 3621 5854 42
3647 5808 3794 5857 anno
