4056 6350
267 341 364 401 921

1557 331 1803 390 ΒΒΕΠΞ
1837 330 2199 390 CHRONICA.

261 460 389 526 post
411 457 644 506 mortem
669 446 800 504 Noe.
839 445 940 514 Qui
969 447 1120 502 Isaae
1161 445 1367 518 primus
1392 453 1448 501 et
1476 445 1624 500 solus
1646 447 1700 499 in
1726 453 1836 500 tota
1862 447 1916 507 Α
1939 460 2065 497 num
2090 443 2188 497 erit
2212 458 2386 497 semen
2412 450 2558 496 tuum
2578 443 2635 497 in
2658 450 2798 497 terra
2819 482 2833 508 ,
2870 460 2974 499 non
3002 461 3126 511 sua,
3163 456 3221 504 et
3241 451 3503 512 servitute

266 542 604 601 Testamenti
629 540 840 597 Veteris
865 541 1006 596 serie
1039 539 1235 611 legitur
1261 548 1450 595 octava
1477 539 1564 593 die
1583 552 1704 593 esse
1739 537 1840 592 cir-

265 634 562 696 cumcisus,
602 629 745 702 quod
777 646 882 686 non
931 631 1049 686 sine
1092 645 1288 702 magno
1317 628 1577 700 mysterio
1621 627 1840 699 privile—

263 725 416 796 gium
438 723 693 778 donatum
717 728 800 776 est
823 720 932 776 ﬁlio
964 721 1352 791 promissionis.

333 817 487 871 Isaac
514 827 656 868 anno
681 813 805 868 vitae
828 828 938 868 suae
963 811 1031 866 60
1059 821 1115 868 et
1139 812 1310 882 patris
1339 812 1422 866 sui
1450 809 1572 875 160,
1601 811 1693 882 qui
1719 817 1840 866 erat

267 923 442 965 annus
484 909 606 963 vitae
647 907 774 963 Sem
819 905 943 971 550,
972 914 1094 977 post
1122 916 1352 962 mortem
1385 905 1497 961 Noe
1530 920 1672 960 anno
1703 905 1837 970 102,

269 1002 353 1056 avi
383 1015 513 1057 vero
549 1000 633 1056 sui
662 998 837 1054 Thare
867 998 955 1064 25,
997 997 1186 1068 genuit
1220 998 1361 1053 Esau
1388 1005 1443 1052 et
1471 995 1658 1052 Iacob.
1693 994 1842 1050 Vixit

267 1110 398 1150 vero
435 1094 710 1150 Abraham
736 1101 1025 1164 postquam
1073 1097 1187 1148 nati
1234 1102 1358 1148 sunt
1406 1091 1549 1146 Esau
1590 1101 1646 1146 et
1673 1089 1841 1146 Iacob

265 1187 424 1244 annis
455 1186 541 1252 15,
575 1195 630 1242 et
651 1187 788 1241 vixit
811 1183 960 1249 Sem,
986 1195 1270 1255 postquam
1298 1192 1542 1240 mortuus
1561 1191 1646 1237 est
1665 1181 1838 1237 Abra-

264 1278 392 1334 ham
418 1277 576 1333 annis
619 1277 710 1343 55,
749 1285 805 1333 et
827 1276 1032 1345 impleti
1054 1285 1180 1331 sunt
1226 1275 1342 1330 dies
1386 1275 1512 1330 vitae
1538 1274 1682 1329 illius
1710 1271 1838 1328 anni

263 1367 389 1424 600.
426 1368 567 1424 Ante
599 1368 858 1424 diluvium
878 1367 1013 1422 vixit
1031 1381 1200 1421 annos
1226 1367 1314 1429 98,
1345 1373 1401 1421 et
1427 1375 1552 1436 post
1580 1363 1839 1420 diluvium

262 1458 390 1525 502,
418 1468 473 1514 et
495 1468 742 1514 mortuus
756 1467 842 1514 est
860 1474 1002 1513 anno
1022 1458 1146 1514 vita:
1164 1472 1274 1513 sua:
1296 1455 1400 1511 600
1421 1456 1513 1526 qui
1533 1464 1652 1510 erat
1665 1468 1840 1510 annus

263 1550 390 1606 vitae
422 1551 576 1606 Isaac
601 1549 694 1604 101
738 1559 793 1606 et
836 1548 1002 1605 Iacob
1037 1549 1136 1616 50;
1167 1549 1222 1603 in
1244 1547 1526 1604 nativitate
1545 1546 1712 1602 Iacob
1733 1547 1837 1600 im-

261 1642 393 1714 pleti
430 1649 555 1698 sunt
585 1643 712 1698 anni
737 1642 910 1699 tertiae
959 1642 1134 1698 aetatis
1177 1639 1302 1706 160,
1349 1647 1404 1695 et
1451 1655 1484 1694 a
1535 1638 1838 1695 conditione

261 1734 449 1789 mundi
477 1733 642 1790 2108.
1051 1747 1054 1750 ’

1939 549 2032 589 eos
2055 533 2289 588 aﬁicient
2313 534 2470 588 annis
2489 533 2612 588 400.
2645 534 2759 588 Non
2785 535 2990 605 itaque,
3016 538 3158 607 quod
3179 541 3276 606 ait,
3303 544 3358 596 iu
3386 558 3506 600 ser—

1937 625 2110 680 vitute
2141 626 2387 694 redigent
2417 641 2512 681 eos
2531 666 2545 692 ,
2575 627 2641 680 ad
2665 625 2768 680 400
2798 640 2968 681 annos
3000 629 3343 686 referendum
3382 642 3503 704 est,

1940 722 2198 785 tanquam
2224 729 2320 787 per
2346 724 2426 771 tot
2449 731 2620 772 annos
2659 732 2754 772 eos
2779 717 3065 773 habuerint
3116 720 3171 775 in
3201 724 3500 795 servitute;

1939 809 2034 865 sed
2057 806 2325 862 referendi
2351 816 2475 863 sunt
2513 806 2622 862 400
2642 809 2767 863 anni
2813 809 2881 863 ad
2906 809 2962 864 id
2987 811 3130 879 quod
3155 811 3358 868 dictum
3385 823 3501 885 est;

1939 900 2282 971 Peregrinum
2307 903 2404 955 erit
2438 918 2612 957 semen
2637 912 2786 957 tuum
2813 904 2870 958 in
2897 912 3036 959 terra
3062 922 3166 960 non
3201 924 3300 962 sua
3327 927 3346 966 :
3377 911 3506 980 quia

1938 993 2054 1050 sive
2081 993 2136 1048 in
2164 1004 2310 1050 terra
2335 993 2590 1050 Chanaan
2607 1037 2620 1060 ,
2649 996 2762 1051 sive
2789 996 2842 1050 in
2868 995 3102 1070 Egypto
3119 1041 3134 1065 ,
3159 1003 3505 1072 peregrinum

1940 1091 2057 1138 erat
2111 1083 2240 1138 illud
2295 1099 2510 1151 semen,
2571 1095 2858 1156 antequam
2888 1087 3203 1146 haereditate
3231 1102 3508 1150 sumerent

1942 1182 2143 1230 terram
2172 1189 2240 1230 ex
2267 1177 2629 1247 promissione
2655 1178 2774 1244 Dei,
2802 1187 3151 1250 posteaquam
3178 1197 3244 1237 ex
3269 1183 3508 1257 Egypto

1939 1264 2149 1321 liberati
2185 1274 2329 1332 sunt,
2358 1275 2418 1322 ut
2438 1282 2536 1338 per
2561 1268 3118 1337 speciemlocutionis,
3146 1288 3306 1343 quam
3329 1291 3510 1346 gram-

1939 1354 2125 1408 matici
2148 1355 2483 1426 hyperbaton
2512 1365 2723 1420 vocant,
2760 1357 2963 1413 dictum
2997 1375 3116 1416 esse
3138 1361 3506 1435 intelligatur:

1939 1448 1994 1494 et
2022 1451 2108 1497 est
2136 1457 2326 1498 sensus
2346 1444 2434 1498 vel
2457 1443 2591 1499 ordo
2620 1446 2906 1500 verborum
2932 1464 2945 1500 :
2967 1448 3197 1506 Sciendo
3217 1452 3357 1508 scias
3383 1455 3510 1524 quia

1937 1533 2280 1603 peregrinum
2328 1533 2436 1587 erit
2467 1548 2652 1588 semen
2683 1542 2834 1589 tuum
2869 1535 2924 1590 in
2957 1546 3101 1592 terra
3131 1554 3240 1595 non
3280 1556 3376 1596 sua
3401 1542 3510 1600 400

1938 1623 2119 1677 anuis.
2166 1622 2304 1678 Illud
2333 1633 2514 1678 autem
2531 1625 2923 1699 interpositum
2952 1626 3181 1698 legatur,
3220 1631 3290 1687 Et
3314 1632 3370 1688 in
3396 1649 3513 1689 ser-

1938 1712 2111 1768 vitute
2151 1713 2398 1785 redigent
2423 1729 2550 1781 eos,
2573 1724 2628 1771 et
2655 1718 2925 1773 nocebunt
2948 1718 3072 1786 illis,
3106 1722 3181 1776 ita
3215 1732 3276 1777 ut
3311 1725 3379 1780 ad
3406 1723 3511 1778 400

332 1825 500 1883 δεοοι,
553 1835 736 1882 autem
780 1843 922 1884 anno
966 1827 1091 1883 vim
1137 1843 1247 1883 sua,
1277 1826 1339 1883 91
1374 1827 1560 1897 genuit
1607 1824 1831 1894 Josepb’
1863 1813 1910 1874 Β
1939 1805 2226 1859 annosista
2246 1805 2584 1876 interpositio
2600 1809 3348 1878 nonpertineat;inextrema
3365 1818 3513 1874 enim

263 1919 358 1989 qui
383 1926 504 1974 erat
543 1934 716 1974 annus
747 1920 870 1974 vita:
901 1918 1054 1975 Isaac
1083 1919 1177 1974 151
1203 1936 1218 1985 ;
1256 1917 1506 1973 venditus
1547 1924 1632 1972 est
1654 1925 1834 1971 autem

262 2011 391 2066 vitae
414 2025 522 2066 suae
556 2011 645 2078 16,
675 2011 767 2081 qui
808 2011 908 2066 fuit
932 2026 1106 2066 annus
1152 2011 1277 2065 vitae
1312 2008 1480 2064 Iacob
1509 2009 1634 2074 107,
1660 2009 1830 2078 patris

261 2117 398 2158 vero
418 2104 502 2158 sui
550 2103 672 2158 167.
709 2101 1016 2159 Permansit
1067 2117 1254 2156 servus
1309 2101 1465 2155 annis
1497 2100 1583 2166 14,
1619 2107 1675 2154 et
1700 2100 1835 2154 edu-

260 2202 380 2250 ctus
429 2195 495 2249 de
538 2209 758 2250 carcere
818 2202 902 2249 est
946 2207 1089 2248 anno
1132 2192 1201 2248 50
1249 2192 1374 2246 vitae
1409 2208 1538 2258 suae,
1594 2192 1685 2262 qui
1736 2191 1840 2246 fuit

263 2301 440 2340 anuus
483 2286 607 2340 vitae
652 2282 819 2341 Iacob
847 2284 971 2350 121,
1005 2292 1059 2338 et
1082 2283 1233 2339 Isaac
1266 2283 1437 2354 patris
1469 2283 1550 2338 sui
1588 2281 1710 2336 181.
1745 2280 1839 2337 Se-

261 2377 496 2434 cundum
521 2379 662 2433 hanc
681 2377 946 2433 rationem
971 2376 1170 2432 vixisse
1195 2375 1466 2430 invenitur
1502 2373 1670 2438 Isaac,
1696 2381 1838 2443 post-

263 2485 424 2540 quam
453 2469 678 2524 eductus
707 2470 771 2524 de
797 2483 1019 2524 carcere
1039 2477 1121 2524 est
1148 2466 1368 2536 Ioseph,
1395 2467 1551 2522 annis
1579 2474 1832 2536 quatuor,

260 2561 390 2630 quia
425 2559 528 2614 185
549 2575 811 2615 annorum
841 2568 959 2615 erat
993 2559 1206 2629 quando
1248 2569 1492 2614 mortuus
1522 2567 1624 2625 est,
1657 2569 1714 2614 et
1746 2560 1836 2615 hic

259 2656 381 2703 erat
406 2663 580 2703 annus
613 2649 736 2703 vitae
766 2647 932 2704 Iacob
977 2648 1098 2713 125,
1141 2648 1233 2718 qui
1262 2648 1425 2703 etiam
1453 2659 1575 2718 post
1603 2658 1835 2706 mortem

263 2739 438 2810 patris
464 2740 546 2794 sui
581 2755 722 2794 anno
743 2741 932 2810 quinto
963 2737 1240 2794 descendit
1274 2740 1328 2793 in
1364 2737 1657 2810 Egyptum
1693 2757 1837 2796 anno

261 2831 390 2885 vitae
409 2827 608 2900 Ioseph
631 2829 723 2895 59,
752 2830 876 2885 vita:
897 2843 1028 2884 vero
1047 2844 1157 2885 sua:
1171 2829 1274 2885 150
1291 2829 1567 2885 descendit
1591 2830 1646 2884 in
1669 2829 1837 2902 Egy-

263 2931 379 2978 tum
409 2923 464 2978 in
489 2924 770 2979 animabus
806 2921 894 2980 70.

333 3013 646 3070 Manserunt
680 3013 774 3068 ﬁlii
811 3012 975 3070 Israel
1023 3014 1078 3069 in
1129 3013 1369 3086 Egypto
1399 3023 1521 3086 post
1550 3015 1835 3070 introitum

259 3105 429 3163 Iacob
465 3107 622 3162 annis
647 3106 752 3161 215
775 3146 791 3173 ,
848 3115 971 3177 post
1001 3113 1232 3162 mortem
1285 3122 1410 3163 vero
1438 3106 1637 3178 Ioseph
1677 3107 1836 3163 annis

261 3197 385 3251 144.
433 3196 577 3252 Inter
623 3204 852 3252 mortem
903 3195 1102 3268 Ioseph
1158 3205 1214 3252 et
1273 3198 1609 3252 nativitatem
1665 3197 1834 3269 Moysi

259 3285 479 3341 fuerunt
524 3285 652 3340 anui
701 3285 803 3354 64,
852 3287 978 3356 quia
1010 3286 1080 3342 80
1123 3301 1388 3342 annorum
1433 3295 1552 3342 erat
1599 3287 1832 3359 Moyses,

259 3378 474 3448 quando
529 3377 781 3449 apparuit
835 3378 888 3432 ei
931 3377 1228 3446 Dominus,
1290 3386 1344 3434 et
1403 3379 1554 3434 misit
1601 3393 1726 3434 eum
1762 3380 1832 3436 ad

255 3471 620 3536 Pharaonem.

329 3571 386 3627 Si
417 3566 540 3642 quis
574 3565 673 3626 ista
702 3565 946 3631 dubitat,
980 3564 1066 3620 vel
1093 3563 1394 3620 calculandi
1441 3572 1496 3619 et
1528 3565 1836 3621 inveniendi

255 3680 526 3722 summam
557 3673 822 3719 annorum
849 3673 957 3718 non
987 3657 1150 3712 habet
1193 3657 1507 3720 scientiam,
1541 3666 1720 3712 sumat
1765 3657 1834 3713 ab

255 3757 479 3812 introitu
505 3754 672 3811 Iacob
702 3754 755 3809 in
802 3752 1126 3824 IEgyptum,
1175 3757 1227 3806 et
1281 3749 1522 3804 inveniet
1567 3763 1738 3819 usque
1768 3749 1835 3804 ad

255 3855 489 3903 mortem
526 3845 725 3916 Ioseph
758 3859 930 3900 annos
958 3844 1019 3896 71
1057 3858 1072 3896 :
1101 3843 1187 3897 his
1227 3841 1363 3897 adde
1388 3840 1489 3907 64,
1524 3839 1659 3896 ﬁunt
1705 3838 1831 3906 155,

256 3939 384 4010 quia
408 3938 476 3991 64
506 3953 649 3993 anno
678 3945 804 4008 post
857 3944 1086 3990 mortem
1116 3933 1314 4004 Ioseph
1365 3933 1634 3988 invenitur
1674 3940 1835 3987 natus

254 4044 377 4084 esse
402 4027 631 4100 Moyses.
663 4027 759 4083 His
786 4027 922 4082 adde
944 4025 1014 4081 80
1060 4039 1230 4079 annos
1255 4025 1380 4078 vitae
1427 4023 1658 4094 Moysis,
1705 4023 1833 4092 quia

256 4118 328 4176 80
357 4133 622 4174 annorum
652 4125 770 4172 erat
803 4115 1042 4187 Moyses,
1094 4114 1250 4169 sicuti
1294 4113 1406 4185 jam
1443 4113 1574 4174 dixi.
1617 4113 1832 4182 quando

255 4213 460 4268 missus
483 4221 567 4268 est
604 4210 672 4264 ad
699 4209 1069 4272 Pharaonem;
1109 4205 1174 4260 ad
1202 4205 1304 4261 155
1333 4205 1470 4260 adde
1499 4205 1590 4271 80,
1618 4213 1671 4261 et
1696 4205 1832 4260 ﬁunt

254 4303 381 4358 215.
411 4304 455 4357 A
482 4303 654 4376 prima
698 4301 862 4372 igitur
895 4297 1254 4370 promissione
1281 4296 1511 4352 Abrahae
1549 4311 1721 4366 usque
1763 4298 1832 4350 ad

254 4395 534 4450 introitum
553 4390 719 4447 Iacob
743 4391 795 4444 in
827 4389 1144 4460 Egyptum,
1179 4387 1396 4442 fuerunt
1437 4387 1564 4441 anni
1607 4386 1741 4451 215,
1774 4393 1830 4442 et

255 4486 382 4541 inde
395 4498 566 4554 usque
581 4483 649 4538 ad
671 4481 955 4536 transitum
983 4479 1148 4535 maris
1179 4478 1348 4534 Rubri
1378 4479 1502 4532 anni
1530 4477 1668 4530 215:
1691 4477 1823 4532 ﬁunt
1853 4519 1906 4579 Β

253 4577 310 4632 in
342 4590 548 4631 summa
574 4572 699 4638 450,
732 4573 915 4628 ethoc
940 4579 1024 4626 est
1049 4570 1191 4639 quod
1214 4570 1290 4624 ait
1309 4568 1600 4639 Apostolus
1621 4569 1673 4622 in
1705 4568 1830 4639 Epi-

253 4669 393 4727 stola
442 4669 510 4724 ad
563 4665 781 4726 Galatas
843 4684 856 4719 :
909 4663 1026 4718 Hoc
1061 4671 1238 4717 autem
1277 4661 1396 4714 dico
1445 4659 1829 4714 Testamentum

253 4763 623 4832 conﬁrmatum
669 4777 702 4814 a
738 4758 848 4813 Deo
881 4797 896 4813 .
953 4774 1057 4828 qua
1114 4767 1226 4827 post
1287 4754 1393 4811 450
1455 4771 1619 4808 annos
1684 4754 1828 4824 facta

251 4864 328 4911 est
351 4854 454 4910 lea'.
525 4909 528 4912 .

322 4967 488 5023 Fiunt
540 4967 705 5039 igitur
738 4981 772 5020 a
814 4965 1092 5021 nativitate
1141 4964 1410 5030 Abrahae,
1469 4965 1610 5019 unde
1667 4964 1828 5019 tertia

251 5074 376 5115 esse
409 5059 574 5128 coepit
615 5057 846 5114 labentis
895 5055 1076 5113 saeculi
1123 5064 1288 5122 tetas,
1331 5070 1501 5125 usque
1532 5056 1599 5110 ad
1631 5055 1827 5110 transi-

251 5159 371 5206 tum
426 5150 594 5205 maris
643 5149 812 5204 Rubri
863 5149 990 5203 anni
1049 5148 1154 5203 505
1187 5190 1201 5213 ,
1253 5156 1310 5203 et
1355 5162 1387 5201 a
1445 5147 1828 5202 constitutione

252 5241 440 5296 mundi
492 5255 664 5312 usque
719 5240 789 5295 ad
845 5240 1125 5294 introitum
1189 5237 1356 5293 Iacob
1417 5239 1471 5292 in
1529 5237 1823 5308 Egyptum

253 5335 384 5389 anni
407 5333 569 5399 2258,
597 5340 654 5389 et
687 5332 811 5388 inde
841 5345 1011 5401 usque
1043 5329 1112 5384 ad
1140 5329 1430 5384 transitum
1460 5329 1626 5383 maris
1658 5328 1826 5382 Rubri

251 5425 382 5480 anni
403 5424 538 5479 2451
551 5464 566 5478 .

324 5515 432 5571 Sed
459 5514 592 5571 dicit
616 5513 844 5584 aliquis,
893 5512 1174 5581 Quomodo
1222 5519 1400 5582 potest
1447 5511 1564 5566 ﬁeri
1610 5519 1669 5565 ut
1713 5519 1822 5566 tam
1871 5573 1876 5576 _

248 5606 442 5678 paucis
474 5605 570 5659 ﬁlii
617 5603 780 5660 Israel
813 5604 866 5658 in
909 5613 1052 5658 terra
1097 5602 1317 5675 Egypti
1364 5601 1612 5657 steterint
1639 5602 1820 5668 annis,

249 5712 376 5754 cum
425 5695 708 5768 Scriptura
759 5697 880 5752 libri
916 5697 1192 5752 Geneseos
1223 5703 1409 5750 narret
1435 5696 1578 5763 quod
1623 5694 1824 5748 dixerit

250 5789 398 5848 Deus
429 5790 496 5847 ad
516 5788 789 5850 Abraham
817 5805 831 5846 :
861 5787 1005 5846 Scito
1024 5803 1380 5853 ortenoscens,
1410 5784 1552 5861 ⁸ιμιὶα
1582 5784 1818 5855 peregri-

1933 1904 2090 1968 parte
2109 1911 2373 1952 annorum
2389 1911 2616 1953 summae
2628 1897 2808 1966 hujus,
2823 1901 2925 1955 hoc
2938 1910 3022 1955 est
3040 1911 3163 1972 post
3177 1913 3406 1960 mortem
3426 1905 3513 1962 Io-

1937 1989 2091 2059 seph,
2125 1988 2325 2044 factum
2367 1998 2452 2046 est
2481 1999 2542 2045 ut
2571 1991 2628 2046 in
2647 1990 2880 2063 Egypto
2927 1993 3155 2064 populus
3177 1993 3276 2051 Dei
3317 1997 3511 2056 duram

1935 2089 2260 2150 peragerent
2281 2082 2615 2138 servitutem,

2007 2179 2264 2235 Testatur
2288 2180 2577 2252 Apostolus
2623 2182 2679 2237 in
2709 2182 2946 2254 Epistola
2993 2187 3060 2242 ad
3086 2187 3380 2245 Hebraeos:
3415 2189 3514 2246 Fi-

1936 2271 2000 2327 de
2029 2271 2236 2342 Moyses
2262 2273 2536 2328 celebravit
2564 2272 2795 2342 Pascha,
2837 2287 2886 2330 et
2927 2280 3199 2350 sanguinis
3233 2272 3512 2352 e/fusione,

1936 2381 2000 2418 ne
2024 2367 2114 2436 qui
2141 2365 2377 2420 vastabat
2421 2367 2686 2437 primitiva
2733 2366 2978 2440 Egypti,
3027 2370 3246 2428 laederet
3270 2390 3377 2430 eos.
3407 2374 3516 2430 Sed

1936 2455 2061 2523 quia
2086 2456 2154 2509 ab
2175 2456 2330 2510 initio
2351 2457 2534 2511 mundi
2569 2473 2739 2527 usque
2766 2460 2834 2513 ad
2852 2475 3091 2529 praesens
3113 2470 3325 2535 tempus
3345 2481 3517 2520 annos

1936 2545 2019 2599 vel
2043 2555 2234 2601 aetates
2281 2554 2582 2617 temporum
2611 2549 2934 2619 inquirendo
2963 2555 3328 2621 pervenimus,
3367 2572 3514 2612 nunc

1937 2638 2106 2708 ipsius
2132 2637 2354 2693 Pascha:
2380 2646 2611 2708 tempus,
2644 2640 2728 2695 vel
2780 2642 2948 2709 diem,
2977 2659 3098 2713 quae
3123 2646 3274 2715 prior
3319 2647 3374 2700 in
3402 2655 3518 2702 toto

1937 2739 2179 2800 tempore
2201 2730 2409 2785 Veteris
2441 2730 2774 2786 Testamenti
2819 2733 3092 2790 celebrata
3119 2744 3224 2801 est,
3251 2737 3521 2794 subtiliter

1938 2821 2294 2891 inquiramus.
2327 2819 2383 2875 Si
2410 2822 2494 2876 vis
2519 2820 2680 2891 hujus
2708 2822 2932 2878 Pascha;
2976 2839 3138 2881 nosse
3165 2835 3400 2898 tempus,
3429 2826 3519 2884 vel

1936 2911 2100 2976 diem,
2131 2912 2217 2966 vel
2246 2912 2457 2977 feriam,
2486 2921 2579 2966 aut
2614 2913 2797 2968 lunam
2825 2955 2840 2980 ,
2881 2929 3034 2970 sume
3063 2931 3233 2974 annos
3267 2921 3335 2973 ab
3364 2918 3520 2974 iniio

1937 3007 2142 3069 mundi,
2175 3007 2270 3076 qui
2295 3015 2420 3062 sunt
2459 3021 2629 3077 usque
2657 3007 2723 3062 ad
2750 3007 2804 3062 id
2841 3017 3050 3080 tempus
3071 3009 3244 3076 2455;
3278 3011 3377 3067 hos
3402 3026 3524 3081 par-

1941 3101 2044 3154 tire
2069 3114 2168 3170 per
2195 3108 2443 3169 quartam
2486 3110 2716 3169 partem,
2770 3109 2825 3155 et
2852 3101 2939 3157 dic
2968 3120 2982 3156 :
3022 3111 3215 3173 quater
3242 3104 3345 3158 600
3384 3104 3521 3159 ﬁunt

1861 3165 1906 3228 C
1937 3165 2098 3257 2400,
2125 3200 2180 3246 et
2207 3165 2504 3261 supersunt
2515 3191 2603 3246 55.
2632 3191 2833 3246 lterum
2867 3193 2953 3248 dic
2983 3211 2998 3247 :
3026 3165 3222 3264 quater
3248 3195 3395 3261 deni,
3421 3195 3517 3264 40,

1936 3292 1992 3338 et
2015 3290 2305 3354 supersunt
2341 3283 2407 3338 15
2433 3299 2448 3349 ;
2475 3290 2669 3351 quater
2689 3283 2850 3348 terni,
2884 3283 2971 3350 12,
3001 3291 3057 3339 et
3087 3293 3336 3355 superest
3367 3285 3431 3352 1;
3461 3293 3520 3341 et

1937 3374 2182 3430 invenies
2209 3375 2352 3443 quod
2377 3373 2586 3446 primus
2608 3388 2781 3428 annus
2810 3381 2938 3428 tunc
2979 3375 3251 3430 exstiterit
3268 3384 3394 3445 post
3413 3377 3520 3432 bis-

1936 3473 2169 3521 sextum.
2205 3463 2369 3520 Sume
2401 3465 2563 3536 igitur
2604 3465 2750 3536 ipsos
2777 3465 2894 3520 dies
2921 3466 3253 3532 bissextiles,
3287 3467 3379 3537 qui
3403 3465 3520 3525 fue-

1936 3567 2064 3613 runt
2101 3558 2155 3613 in
2178 3565 2291 3612 toto
2326 3565 2474 3613 retro
2518 3565 2760 3627 tempore
2808 3556 2933 3622 615,
2970 3557 3070 3613 hos
3100 3557 3238 3613 adde
3268 3557 3336 3612 ad
3362 3573 3522 3628 supe-

1935 3648 2109 3704 riores
2134 3663 2325 3715 annos,
2353 3658 2410 3704 et
2434 3649 2680 3705 invenies
2701 3665 2969 3704 summam
3003 3663 3191 3705 eorum
3219 3649 3360 3704 5066
3387 3665 3402 3705 :
3433 3650 3520 3707 his

1935 3738 2132 3794 iterum
2184 3739 2320 3794 adde
2373 3755 2468 3795 sex
2499 3739 2636 3806 dies,
2695 3754 2831 3810 quos
2862 3739 3214 3795 intercalares
3238 3754 3517 3808 vocamus,

1933 3837 1988 3884 et
2018 3837 2179 3884 erunt
2205 3829 2364 3884 5072.

2003 3943 2072 3997 Et
2096 3950 2156 3995 ut
2186 3942 2378 3997 feriam
2412 3943 2582 4014 ipsius
2631 3943 2759 3998 anni
2810 3943 3053 3999 invenire
3075 3943 3272 4014 possis,
3310 3945 3518 4015 partire

1934 4033 2295 4104 supradictam
2317 4048 2606 4098 summam,
2637 4042 2693 4088 et
2727 4035 2813 4090 dic
2837 4033 3037 4104 septies
3057 4033 3164 4089 400
3191 4033 3328 4089 ﬁunt
3350 4034 3514 4102 2800,

1935 4136 1987 4183 et
2022 4135 2315 4197 supersunt
2342 4125 2466 4179 272.
2523 4125 2724 4181 lterum
2763 4127 2850 4182 dic
2880 4126 3081 4197 septies
3114 4125 3186 4182 50
3217 4127 3354 4182 ﬁunt
3385 4125 3514 4194 210,

1932 4225 1986 4273 et
2015 4227 2305 4288 supersunt
2333 4215 2430 4283 62;
2463 4225 2518 4272 et
2544 4233 2760 4272 rursum
2787 4218 2988 4289 septies
3042 4219 3224 4276 octoni
3256 4219 3394 4274 ﬁunt
3419 4217 3512 4287 56,

1931 4320 1986 4367 et
2013 4319 2306 4382 supersunt
2353 4326 2486 4376 sex;
2526 4319 2580 4366 et
2609 4311 2852 4366 invenies
2877 4311 3021 4382 quod
3067 4309 3205 4366 feria
3250 4323 3402 4365 sexta
3434 4322 3517 4366 se-

1932 4402 2166 4457 cundum
2205 4401 2320 4457 dies
2351 4400 2556 4457 solares
2604 4402 2813 4456 exstitit
2842 4402 3168 4474 principium
3197 4402 3324 4456 anni
3349 4415 3514 4473 quam

1933 4509 2031 4549 nos
2087 4508 2238 4548 more
2290 4493 2570 4565 gentilium
2611 4493 2877 4550 Kalendas
2924 4494 3208 4550 Ianuarias
3239 4508 3514 4564 nuncupa-

1931 4601 2071 4642 mus.
2102 4586 2302 4641 lterum
2346 4600 2499 4640 sume
2524 4587 2831 4657 superiores
2863 4602 3035 4657 annos
3072 4587 3233 4651 2455,
3262 4587 3362 4641 hos
3389 4599 3512 4656 par-

1933 4678 2034 4732 tire
2072 4692 2170 4748 per
2219 4677 2481 4732 decimam
2533 4692 2730 4733 nonam
2777 4687 3022 4748 partem;
3052 4686 3108 4734 et
3162 4679 3269 4745 dic,
3303 4677 3510 4742 centies

1933 4773 2116 4828 decem
2157 4782 2211 4827 et
2239 4788 2432 4828 novem
2461 4772 2594 4827 ﬁunt
2623 4772 2777 4836 1900,
2816 4780 2871 4827 et
2891 4781 3180 4842 supersunt
3224 4770 3370 4827 555:
3408 4771 3510 4828 hos

1932 4865 2128 4920 iterum
2159 4865 2362 4935 partire
2391 4865 2490 4918 sub
2519 4862 2761 4918 eamdem
2805 4870 3034 4932 partem,
3066 4871 3122 4917 et
3155 4861 3242 4918 dic
3271 4876 3287 4916 :
3316 4861 3505 4918 decem

1929 4956 2117 5011 novies
2146 4955 2214 5010 20
2254 4956 2390 5010 ﬁunt
2426 4955 2547 5018 280,
2582 4962 2636 5009 et
2685 4962 2972 5024 supersunt
3020 4953 3164 5020 165;
3204 4954 3304 5009 hos
3332 4954 3508 5010 denuo

1929 5048 2130 5117 partire
2172 5061 2269 5115 per
2322 5046 2564 5100 eamdem
2605 5052 2811 5115 partem
2863 5043 3134 5111 similiter,
3175 5053 3230 5100 et
3247 5045 3382 5100 die:
3414 5045 3507 5101 de-

1929 5155 2046 5194 cem
2069 5141 2254 5194 novies
2285 5153 2474 5192 novcm
2493 5139 2626 5191 ﬁunt
2653 5137 2774 5203 171,
2798 5144 2854 5192 et
2877 5147 3169 5206 supersunt
3196 5138 3330 5204 duo;
3368 5138 3508 5193 adde

1929 5248 2092 5288 unum
2119 5239 2172 5286 et
2220 5232 2350 5286 ﬁunt
2401 5231 2524 5294 tria,
2559 5238 2614 5284 et
2653 5230 2893 5284 invenies
2939 5229 3082 5298 quod
3118 5230 3309 5284 tertius
3342 5227 3508 5284 fuerit

1927 5342 2101 5381 annus
2125 5325 2262 5396 cycli
2299 5324 2511 5388 solaris,
2543 5323 2738 5392 quiest
2769 5321 3166 5376 deccmnovalis
3195 5339 3208 5375 :
3241 5320 3501 5377 subtrahe

1925 5436 2111 5482 unum,
2143 5429 2198 5474 et
2230 5425 2512 5472 remanent
2564 5416 2708 5470 duo:
2737 5416 2853 5484 ipse
2912 5425 2995 5469 est
3032 5413 3297 5470 secundus
3326 5429 3503 5469 annus

1925 5521 2130 5584 epacue
2158 5511 2379 5564 lunaris.
2413 5509 2610 5564 lterum
2641 5507 2730 5562 dic
2759 5526 2771 5560 :
2806 5507 3064 5563 undecies
3090 5508 3200 5562 bini
3250 5507 3386 5561 ﬁunt
3407 5505 3502 5570 22,

1927 5613 2107 5657 tantos
2136 5603 2278 5655 enim
2305 5601 2422 5655 dies
2460 5601 2622 5654 habet
2659 5599 2710 5652 in
2743 5599 2950 5652 duobus
2983 5598 3140 5653 annis
3168 5597 3358 5654 solaris
3379 5611 3504 5650 cur-

1925 5709 2016 5748 sus
2039 5691 2269 5760 amplius
2303 5690 2499 5743 lunari.
2534 5689 2627 5743 llis
2656 5688 2792 5742 adde
2818 5688 2870 5753 8,
2903 5695 2956 5741 et
2997 5686 3132 5740 ﬁunt
3161 5685 3250 5740 50.
3283 5685 3348 5738 Et
3375 5682 3504 5751 quia

1923 5797 2097 5841 annus
2125 5780 2471 5842 embolismus
2513 5778 2634 5848 fuit,
2683 5779 2820 5837 tanti
2848 5778 3172 5836 exstiterunt
3199 5777 3254 5830 in
3281 5779 3497 5844 epacta.
