4056 6350
1583 274 1860 335 CLAUDII
1896 270 2356 331 TAURMNSIS
2390 269 2697 329 EPISCOPI

528 404 730 460 lterum
752 416 910 459 sume
929 405 1194 457 sentinam
1235 397 1447 455 numeri
1477 403 1692 453 centum
1717 395 1790 449 22
1836 406 2097 448 annorum
2125 394 2179 455 Α
2201 403 2386 445 mense
2426 388 2715 453 dedicavit,
2751 384 2844 456 qui
2882 382 2986 439 fuit
3022 394 3201 441 annus
3238 381 3589 441 duodeciI-s
3614 388 3771 460 τῃι

530 497 776 567 triginta,
825 494 919 564 qui
954 491 1169 548 fuerunt
1219 492 1274 545 in
1308 496 1519 559 epacta,
1573 496 1630 543 et
1655 493 1935 541 remanent
1974 481 2094 546 102,
2195 481 2304 539 sui.

534 594 596 642 et
632 585 875 639 invenies
901 583 1046 653 quod
1067 581 1360 636 secundum
1395 578 1512 635 dies
1538 576 1762 638 salares,
1784 573 1957 643 pridie
1976 571 2101 626 ldus

532 673 733 745 Aprilis
758 673 898 728 feria
926 671 1160 726 secunda
1196 670 1323 724 luna
1347 676 1539 738 quarta
1590 666 1799 722 decima
1835 660 2105 717 exstiterit

533 766 712 835 ipsum
734 762 962 818 Pascha.
989 760 1147 817 Juxta
1173 761 1287 816 dies
1314 774 1445 815 vero
1478 759 1699 813 lunares
1726 771 1785 810 ιιι
1809 753 1925 809 Kal.
1953 752 2104 822 Apri.

532 854 603 912 lis
623 855 726 910 fuit
748 853 1061 919 Neomenia,
1098 852 1155 908 id
1181 860 1268 906 est
1312 864 1464 905 nova
1510 848 1650 904 litem
1674 845 2021 918 principium,
2050 849 2106 897 et

533 945 698 1017 primi
726 944 931 1001 mensis
951 942 1156 999 lunaris
1182 942 1391 997 initium
1425 950 1482 995 et
1502 938 1633 994 anni
1663 937 2003 1008 principium.

611 1033 919 1091 Secundum
940 1049 1071 1089 vero
1096 1032 1528 1103 supputationem
1565 1036 1834 1094 nosti-am,
1878 1040 2002 1096 qua:
2042 1021 2106 1077 ﬁt

534 1141 637 1197 per
662 1127 779 1183 dies
814 1126 1038 1191 salares,
1062 1125 1185 1179 ldus
1208 1123 1438 1193 Apriles,
1486 1122 1615 1176 lena
1642 1120 1839 1189 quinta
1874 1115 2099 1177 (bonne,

532 1218 711 1275 altera
735 1218 825 1274 die
862 1224 986 1287 post
1025 1215 1624 1279 Pasehafinveniunmr
1661 1212 1838 1266 exisse
1884 1207 1980 1262 ﬁlii
2026 1206 2105 1260 ls-

538 1308 655 1365 rael
690 1307 1055 1371 deRamesse,
1081 1315 1138 1361 et
1172 1305 1383 1360 venisse
1418 1306 1473 1358 in
1500 1303 1701 1358 Soceth
1736 1309 1792 1358 et
1817 1302 1883 1356 de
1909 1297 2109 1354 Socoth

538 1397 970 1463 xvntKalJlaii,
1001 1397 1126 1451 luna
1152 1406 1305 1451 sexta
1333 1395 1537 1450 decima
1569 1395 1623 1447 in
1642 1391 1953 1465 Phyairoth,
1974 1398 2030 1443 et
2054 1403 2107 1444 vt

538 1482 662 1544 Kal.
710 1485 875 1552 Iunii,
906 1488 1032 1542 luna
1058 1489 1258 1557 prima,
1288 1488 1380 1556 qui
1427 1494 1512 1541 est
1561 1486 1677 1539 dies
1724 1484 1927 1554 primus
1954 1481 2109 1538 tertii

545 1578 750 1634 mensis
777 1578 1005 1643 lunaris,
1031 1584 1298 1632 venerunt
1338 1576 1406 1633 ad
1448 1583 1684 1631 montem
1718 1574 1887 1639 Sinai,
1920 1582 1975 1627 et
2015 1587 2110 1626 ac-

548 1678 809 1740 ceperunt
846 1670 1019 1740 legem
1071 1669 1182 1736 Deo
1216 1669 1467 1737 loquente
1506 1668 1576 1722 ad
1614 1681 1677 1721 se
1720 1681 1817 1736 per
1864 1664 2110 1735 angelum

2267 571 2508 626 Roboam
2536 570 2678 625 ﬁlius
2700 568 3006 624 Salomonis
3034 567 3279 639 regnavit
3300 568 3459 625 antiis
3487 567 3579 624 l7.

2267 665 2403 719 Abia
2430 664 2570 718 ﬁlius
2601 663 2840 718 Roboam
2864 662 3111 733 regnavit
3146 661 3305 716 annis
3328 660 3522 717 tribus.

2268 758 2377 814 Asa
2415 760 2557 815 ﬁlius
2586 759 2720 813 Abia
2754 761 2997 830 regnavit
3025 758 3182 812 annis
3217 757 3307 811 41.

2270 846 2529 919 Josaphat
2556 848 2699 904 ﬁlius
2724 848 2830 904 Aea
2866 848 3111 918 regnavit
3139 848 3300 902 annis
3325 842 3419 903 ΞΒ.
3451 856 3475 867 ’

2268 937 2452 993 Joram
2486 938 2627 994 Illius
2652 937 2913 1008 Josaphat
2943 939 3188 1009 regnavit
3207 936 3367 993 annis
3385 943 3528 994 octo.

2268 1031 2494 1086 Aurias
2511 1030 2655 1086 illius
2680 1029 2865 1086 Soram
2888 1031 3134 1102 regnavit
3160 1043 3307 1085 anno
3328 1044 3455 1086 uno.

2270 1122 2486 1177 Athalia
2518 1122 2766 1193 regnavit
2792 1121 2950 1176 annis
2980 1128 3212 1191 septem.

2272 1212 2401 1267 Joas
2432 1212 2575 1267 ﬁlius
2608 1212 2817 1266 Azaria:
2845 1212 3089 1282 regnavit
3113 1211 3274 1265 annis
3298 1210 3387 1265 40.

2273 1306 2520 1361 Amasias
2548 1305 2690 1360 ﬁlius
2716 1303 2844 1360 Joas
2868 1305 3114 1375 regnavit
3148 1306 3309 1359 annis
3330 1302 3422 1358 29.

2276 1394 2521 1463 Azarias,
2554 1394 2649 1465 qui
2681 1402 2737 1449 et
2764 1394 2925 1451 Ozias
2946 1394 3089 1451 ﬁlius
3115 1394 3371 1462 Amasim,
3398 1393 3651 1467 regnavit
3682 1407 3786 1450 al-

2207 1486 2294 1542 nis
2319 1486 2408 1540 52.

2277 1577 2525 1632 Joatham
2551 1576 2690 1631 ﬁlius
2711 1576 2857 1633 Ozias
2884 1577 3128 1649 regnavit
3148 1576 3309 1633 anuis
3344 1591 3460 1633 sex.

2283 1669 2544 1724 Ezechias
2578 1668 2822 1739 regnavit
2847 1669 3003 1722 anuis
3027 1669 3113 1724 l9.

540 1738 719 1831 pridie
750 1738 1200 1824 KalendasJunii,
1232 1760 1319 1814 die
1355 1757 1796 1829 quinquagesimo
1828 1763 1951 1825 post
1985 1755 2108 1826 agni
2134 1738 2186 1802 Β
2283 1761 2556 1816 Mamsses
2580 1738 2721 1815 ﬁlius
2750 1760 2998 1816 Ezechiae
3020 1761 3265 1830 regnavit
3304 1760 3459 1816 amis
3481 1759 3574 1816 55.

531 1850 893 1914 occisionem,
926 1849 1063 1905 feria
1088 1849 1343 1913 secunda,
1386 1847 1514 1901 luna
1556 1854 1769 1916 quarta,
1797 1859 1905 1915 quo
1948 1844 2035 1901 die
2055 1851 2111 1902 et

538 1937 752 2001 I’ascba
783 1943 841 1997 in
864 1940 1097 2013 Egypto
1122 1940 1547 1996 celebraverunt.

616 2034 826 2105 Moyses
869 2050 1010 2090 anno
1050 2034 1173 2089 vita:
1218 2049 1328 2088 suae
1376 2032 1445 2087 80
1492 2031 1747 2087 eductum
1779 2043 1846 2085 ex
1878 2027 2114 2099 Επμο

538 2125 689 2180 rexit
726 2125 981 2195 populum
1011 2125 1108 2180 Dei
1130 2124 1294 2180 Israel
1324 2123 1384 2177 in
1416 2124 1632 2178 deserto
1664 2122 1824 2178 annis
1846 2121 1937 2188 ω,
1975 2135 2113 2190 quo-

550 2225 669 2272 rum
692 2216 869 2286 primo
902 2231 1045 2271 anno
1082 2215 1489 2271 tabernaculum
1529 2215 1760 2272 Dcmino
1787 2215 2111 2281 construxit,

546 2316 606 2366 et
640 2318 845 2380 septem
877 2310 1154 2367 mensibus
1194 2325 1359 2365 omne
1398 2322 1535 2379 opus
1575 2307 1885 2379 perﬁciens,
1928 2320 2117 2363 mense

546 2398 745 2471 primo,
772 2400 899 2459 anni
923 2400 1143 2457 secundi
1167 2400 1345 2470 prima
1365 2400 1454 2456 die
1485 2399 1687 2454 mensis
1709 2400 1902 2465 et'exit,
1926 2411 2118 2454 secun-

547 2490 679 2545 dum
719 2490 834 2549 dies
869 2490 1075 2551 salares
1116 2492 1233 2560 ipso
1264 2504 1407 2545 anno
1428 2505 1528 2545 xm
1556 2489 1676 2544 Kal.
1721 2488 1944 2559 Aprilis,
1980 2489 2118 2545 feria
2214 2535 2238 2556 ,

545 2583 721 2656 prima
748 2583 850 2640 fuit
873 2583 1188 2650 Neonenia,
1220 2584 1277 2640 id
1305 2590 1390 2639 est
1422 2598 1572 2639 nova:
1600 2582 1744 2638 ltitia:
1766 2582 2114 2653 principium,

538 2684 602 2731 et
631 2676 793 2746 primi
820 2677 1021 2733 mensis
1038 2677 1293 2732 initium:
1330 2685 1387 2731 et
1410 2675 1619 2732 Pascha
1650 2675 1997 2731 Hebraeorum
2032 2674 2115 2729 fe-

547 2765 632 2822 ria
659 2768 906 2836 septima,
934 2775 1133 2835 quarto
1156 2767 1339 2822 Nonas
1372 2767 1594 2837 Aprilis,
1623 2766 1748 2819 luna
1785 2771 1980 2834 quarta
2024 2765 2119 2819 de-

540 2859 689 2915 cima
720 2874 881 2927 quam
905 2859 984 2914 illi
1006 2869 1253 2928 quartam
1274 2858 1539 2914 decimam
1566 2858 1726 2928 primi
1755 2857 1956 2911 mensis
1974 2855 2118 2911 diem

544 2949 845 3007 secundum
879 2949 992 3005 dies
1017 2949 1233 3019 lunares
1262 2949 1532 3021 appellem
1559 2954 1974 3004 consueverunt.

618 3040 741 3098 Jam
771 3041 842 3099 ab
868 3043 972 3098 hoc
1001 3050 1243 3113 tempore
1272 3057 1373 3113 per
1416 3043 1581 3098 duces
1616 3051 1677 3097 et
1718 3041 1930 3109 iudices
1972 3054 2118 3095 sum.

540 3150 698 3196 mam
740 3152 1004 3194 auorum
1046 3137 1326 3208 requirere
1357 3150 1464 3192 non
1489 3137 1646 3192 nobis
1673 3136 1889 3191 videtur
1928 3135 2120 3191 immo-

546 3229 802 3295 randum,
849 3244 975 3285 cum
1010 3237 1124 3284 tam
1159 3228 1434 3284 evidenter
1482 3228 1708 3287 historia
1752 3228 1874 3283 libri
1910 3227 2121 3297 Regum

546 3327 822 3376 testator:
880 3320 1084 3376 factum
1138 3328 1223 3375 est
1277 3321 1444 3391 igitur
1476 3320 2013 3390 quadringentesimo
2064 3326 2123 3373 et

538 3412 882 3481 octogesimo
904 3426 1046 3466 anm
1081 3412 1405 3480 egressionis
1432 3411 1664 3466 ﬁliorum
1692 3411 1855 3466 Israel
1888 3412 1956 3466 de
1977 3418 2122 3465 terra

542 3503 771 3574 Egypti
799 3504 854 3557 in
876 3517 1022 3559 anno
1051 3510 1263 3572 quarto,
1295 3517 1478 3559 mense
1511 3504 1625 3569 Zie,
1668 3504 1783 3573 ipse
1805 3512 1889 3559 est
1919 3504 2122 3559 mensis

546 3597 828 3653 secundus
858 3597 1001 3668 regis
1026 3596 1333 3651 Salomonis
1372 3611 1534 3667 super
1561 3596 1742 3660 Israel,
1772 3603 1828 3651 et
1855 3596 2126 3653 aediﬁcare

546 3690 719 3760 capit
750 3690 968 3744 domum
1000 3688 1233 3753 Domini,
1262 3703 1297 3744 e
1328 3688 1522 3759 quibus
1564 3687 1856 3743 subtractis
1887 3688 1922 3741 4
1965 3687 2122 3742 Salo-

551 3783 726 3839 monis
752 3791 805 3838 et
831 3781 902 3837 40
931 3781 1120 3849 David,
1143 3780 1466 3852 colliguntur
1495 3795 1681 3835 omnes
1709 3779 1833 3834 anni
1855 3777 1925 3835 ab
1950 3794 2127 3851 egres-

543 3888 621 3932 su
644 3872 876 3929 ﬁliorum
911 3872 1077 3930 Israel
1123 3888 1189 3927 ex
1214 3871 1449 3943 Egypto
1474 3887 1643 3941 usque
1673 3872 1740 3928 ad
1773 3872 2008 3941 primum
2034 3886 2127 3927 an-

550 3980 681 4024 nm
709 3965 860 4036 regni
887 3963 1053 4019 David
1077 3962 1211 4029 436;
1241 3979 1271 4018 a
1302 3964 1479 4033 prima
1511 3964 1869 4033 promissione
1892 3963 2125 4021 Abrahae

551 4055 816 4127 usquead
857 4054 1169 4125 pmdictum
1211 4068 1421 4108 annum
1446 4054 1682 4124 primum
1734 4054 1885 4125 regni
1931 4053 2124 4121 David,

552 4146 773 4205 fuerunt
795 4147 925 4207 anni
950 4146 1084 4212 866;
1124 4162 1156 4200 a
1188 4146 1471 4201 nativitate
1512 4161 1641 4201 vero
1682 4146 1915 4203 Abrahae
1956 4160 2127 4216 usque

546 4240 625 4299 ad
651 4239 902 4296 eumdem
936 4254 1139 4296 annum
1180 4248 1307 4295 sunt
1348 4239 1479 4295 anni
1501 4239 1629 4296 941.

623 4419 827 4490 Quarta
870 4419 1052 4476 ηουιὶ
1096 4427 1232 4485 aetas
1269 4420 1457 4491 incipit
1496 4436 1533 4477 a
1565 4436 1742 4492 primo
1782 4435 1923 4477 anno
1974 4419 2124 4493 regni

548 4511 742 4578 David,
790 4521 846 4567 et
892 4521 1201 4598 perseverat
1252 4528 1423 4584 usque
1474 4514 1544 4569 ad
1598 4512 2124 4583 transmigrationem

551 4602 857 4685 Babylonis,
900 4619 1020 4673 quae
1060 4604 1202 4661 facta
1248 4615 1332 4661 est
1377 4621 1476 4676 per
1513 4604 2005 4671 Nabuchodonosor
2036 4622 2125 4662 re-

552 4710 695 4773 gem,
723 4694 927 4750 habens
952 4710 1125 4750 annos
1141 4694 1295 4764 juxta
1324 4693 1643 4749 Hebraicam
1664 4696 1948 4750 veritatem
1986 4695 2124 4762 474;

547 4787 704 4861 juxta
758 4785 902 4841 LXX
963 4787 1322 4858 lnterpretum
1377 4788 1783 4843 translationem
1834 4786 2066 4857 amplius
2110 4805 2124 4842 :

551 4880 928 4953 generationes
946 4879 1103 4950 juxta
1140 4891 1397 4948 utrosque
1429 4878 1643 4935 00dle
1684 4879 1771 4933 l7.

622 4971 912 5031 Davidaex
933 4973 1085 5042 prior
1116 4987 1183 5027 ex
1218 4973 1357 5027 tribu
1389 4971 1528 5027 Juda
1567 4974 1810 5044 regnavit
1849 4973 2007 5029 annis
2032 4972 2124 5029 40.

626 5060 879 5117 Salomon
930 5062 1073 5118 ﬁlius
1127 5063 1296 5118 David
1369 5064 1616 5135 regnavit
1665 5066 1824 5123 annis
1881 5066 1975 5132 40,
2036 5066 2130 5135 qui

555 5160 750 5225 quarto
801 5168 940 5209 anno
988 5154 1137 5225 regni
1184 5155 1266 5210 sui
1326 5156 1595 5213 aediﬁcare
1645 5159 1812 5229 cmpit
1869 5159 2128 5229 templum

556 5243 784 5301 Domino
828 5245 881 5299 in
903 5245 1223 5312 Jerusalem,
1262 5248 1503 5304 collectis
1544 5251 1613 5305 ab
1640 5266 1865 5322 egressu
1893 5251 2129 5306 ﬁliorum

553 5333 721 5397 Israel
742 5348 809 5388 ex
840 5332 1071 5404 Egypto
1104 5336 1262 5391 anuis
1284 5337 1411 5404 480,
1442 5348 1502 5393 ut
1527 5338 1731 5411 Regum
1760 5356 1973 5411 quoque
1992 5341 2130 5397 liber

557 5424 865 5481 testimonio
899 5433 1001 5490 est,
1048 5428 1188 5496 quod
1224 5428 1276 5482 in
1312 5428 1536 5499 ﬁguram
1584 5433 1819 5486 universi
1862 5434 2124 5503 corporis,

556 5531 666 5589 quo
689 5516 744 5571 in
774 5516 878 5572 hoc
901 5517 1095 5573 saeculo
1121 5519 1325 5576 Christi
1353 5523 1649 5579 aediﬁcatur
1685 5524 1929 5582 Ecclesia
1962 5527 2128 5581 nimi-

557 5624 680 5681 rum
707 5616 911 5675 actum,
950 5623 1070 5679 qua
1113 5610 1167 5667 in
1198 5611 1380 5670 futuro
1408 5623 1647 5686 tempore
1679 5619 1957 5689 perﬁcitur
1984 5620 2131 5689 quod

560 5702 823 5779 templum
855 5709 1067 5779 septem
1107 5706 1269 5763 annis
1309 5706 1557 5781 perfecit,
1595 5720 1651 5779 et
1688 5713 1917 5786 septimo
1949 5714 2131 5774 octavi

750 5837 871 5851 0—"?

2280 1854 2453 1910 Anton
2478 1853 2621 1909 ﬁlius
2641 1854 2884 1909 Manasse
2918 1853 3162 1924 regnavit
3194 1855 3355 1909 annis
3375 1855 3608 1911 duobus.

2280 1945 2458 2002 Josias
2493 1947 2637 2001 ﬁlius
2660 1946 2834 2001 Aulon
2853 1946 3098 2018 regnavit
3129 1945 3288 2000 annis
3306 1945 3396 1999 3i.

2283 2036 2518 2093 Joachaa
2548 2037 2690 2092 ﬁlius
2712 2035 2874 2091 Josia:
2891 2052 3048 2107 quem
3071 2036 3311 2091 vinctum
3337 2034 3559 2091 Necliao
3576 2033 3791 2092 Pharao

2214 2144 2311 2187 rex
2336 2129 2558 2202 Egypti
2584 2130 2840 2202 perduxit
2862 2128 2920 2184 in
2960 2127 3276 2202 Egypt“),
3308 2128 3561 2201 regnavit
3589 2128 3793 2185 melli-

2215 2223 2317 2280 bus
2342 2222 2538 2279 tribus.

2407 2536 2424 2552 ο
2498 2535 2516 2553 ο
2588 2535 2610 2552 ι,
2687 2532 2705 2550 ο
2776 2531 2797 2550 Ο
2872 2532 2887 2549 ο
2965 2532 2983 2548 ο
3058 2530 3074 2546 ο
3152 2530 3169 2547 ο
3242 2529 3263 2546 ο
3357 2528 3374 2545 ο
3462 2529 3482 2546 ο
3556 2525 3580 2545 θ
3668 2526 3689 2543 ο
3764 2530 3788 2553 ο

2285 2586 2501 2643 Domini
2531 2584 2828 2643 Salvatoris
2855 2582 2911 2638 in
2955 2595 3120 2638 carne
3150 2596 3218 2636 ex
3244 2579 3391 2636 libro
3436 2578 3625 2637 Este
3668 2595 3798 2650 prs-

2215 2681 2395 2752 phelaa
2445 2689 2502 2735 et
2545 2680 2773 2735 historia
2812 2677 2937 2733 libri
2990 2676 3418 2731 Machabaorum
3466 2683 3524 2729 et
3570 2672 3797 2743 Iosephi

2216 2781 2381 2843 atque
2440 2771 2680 2826 Africani
2744 2767 3161 2840 historiographi
3210 2781 3381 2836 usque
3433 2766 3504 2820 ad
3548 2764 3799 2819 Romana

2218 2871 2460 2935 tempora
2491 2862 2898 2932 comprehendit
2951 2874 3122 2915 annos
3150 2858 3273 2922 ω,
3326 2866 3384 2912 et
3426 2858 3504 2912 ita
3554 2856 3619 2911 ﬁt
3662 2867 3729 2910 ut
3765 2867 3801 2908 a

2217 2954 2606 3012 constitutione
2639 2953 2826 3009 ωηιηῶ
2866 2952 3039 3021 usque
3076 2950 3147 3004 ad
3196 2948 3547 3004 Nativitatem
3576 2946 3795 3001 Domini

2220 3046 2521 3102 Salvatoris
2556 3046 2610 3100 in
2656 3059 2846 3109 carne,
2873 3057 2995 3113 qtae
3029 3040 3173 3096 facta
3210 3049 3294 3095 est
3324 3054 3473 3095 anxio
3512 3035 3802 3094 Octavian‘

2222 3139 2453 3197 casuris
2475 3137 2564 3202 42,
2589 3137 2908 3209 colligantur
2928 3147 3117 3190 omnes
3132 3134 3260 3188 anui
3284 3132 3447 3188 5952.

2294 3231 2404 3287 Sed
2428 3240 2484 3285 et
2506 3230 2562 3285 in
2586 3230 2724 3285 libro
2746 3228 3156 3291 Chronicorum,
3193 3240 3357 3296 quem
3397 3224 3542 3279 idem
3584 3231 3803 3279 eam

2220 3325 2305 3381 vir
2332 3340 2439 3380 non
2467 3324 2588 3394 plus
2617 3322 2850 3378 mirabili
2870 3319 3101 3377 veritate
3127 3334 3290 3388 quam
3328 3317 3615 3375 celeritate
3648 3330 3798 3371 eoat-

2219 3418 2528 3488 prehendit,
2586 3414 2805 3471 eosdem
2854 3428 3026 3467 annos
3077 3410 3239 3466 simili
3288 3409 3452 3464 modo
3502 3406 3804 3464 secum

2221 3506 2544 3564 Hebraicam
2568 3505 2852 3562 veritatem
2882 3520 2915 3559 a
2963 3501 3350 3559 constitutione
3388 3501 3605 3567 modi,
3635 3513 3803 3570 usque

2223 3600 2293 3655 ad
2313 3600 2661 3655 Nativitatem
2712 3596 2925 3654 Domini
2973 3595 3030 3651 in
3071 3609 3236 3651 carne
3278 3593 3536 3650 similiter
3580 3593 3805 3649 abta-

2225 3690 2324 3744 vit.

2296 3778 2454 3836 Unde
2478 3778 2759 3836 sciendum
2788 3787 2873 3835 est
2919 3786 3083 3849 atqne
3112 3776 3421 3831 ﬁrmissime
3446 3775 3800 3839 creandum,

2223 3878 2280 3925 et
2313 3869 2620 3925 nullomodo
2646 3869 3021 3935 dubitandum,
3055 3882 3244 3923 omnes
3284 3881 3457 3922 annos
3484 3883 3519 3922 a
3542 3868 3803 3923 constitu-

2224 3963 2371 4017 tione
2402 3963 2608 4028 mundi,
2649 3963 2944 4017 secundum
2972 3960 3291 4016 Hebraicam
3321 3959 3611 4014 veritatem
3639 3970 3805 4028 usque

2227 4054 2292 4109 ad
2320 4054 2655 4109 eversionem
2688 4051 3045 4118 Hierusalem,
3068 4066 3194 4121 qua
3220 4050 3369 4105 facta
3395 4059 3481 4105 est
3517 4051 3803 4105 nudatam.

2226 4160 2373 4199 anno
2396 4144 2637 4199 Sedecite
2666 4160 2699 4199 a
2729 4144 3222 4201 Nabuchodonosor
3248 4159 3357 4198 non
3379 4157 3540 4213 posse
3566 4141 3803 4211 aulica

2225 4241 2405 4297 minus
2431 4240 2543 4296 ﬁeri
2571 4258 2585 4293 :
2616 4240 2711 4296 sed
2741 4240 2879 4295 sicut
2897 4254 3059 4311 supra
3079 4252 3191 4310 jam
3215 4240 3451 4307 ostendi,
3480 4240 3556 4295 ita
3578 4234 3802 4293 tuendi

2225 4340 2371 4387 sunt.

2299 4422 2568 4493 Quidquid
2597 4436 2727 4477 vero
2769 4422 3037 4493 reliquum
3084 4431 3329 4493 superest
3378 4431 3597 4493 tempus
3635 4436 3804 4494 usque

2231 4516 2300 4571 ad
2336 4517 2623 4571 adventum
2650 4513 2859 4569 Domini
2889 4515 2941 4568 in
2986 4530 3151 4570 carne
3184 4515 3449 4586 majorum
3495 4524 3803 4571 nostrorum

2231 4610 2324 4681 qui
2351 4611 2632 4665 chronicas
2673 4610 3047 4678 scripserunt,
3090 4607 3294 4677 judicio
3342 4607 3609 4679 relinquo.
3673 4607 3803 4665 illam

2231 4705 2277 4760 si
2306 4705 2358 4759 in
2390 4705 2474 4759 his
2512 4719 2620 4757 non
2662 4700 2897 4757 fallimur
2936 4702 3118 4766 annis,
3163 4702 3255 4770 qui
3303 4709 3428 4771 post
3464 4701 3801 4756 evel-sionem

2229 4794 2526 4850 Jerusalem
2575 4793 2945 4863 comprehensi
3020 4800 3165 4857 sunt,
3224 4792 3555 4863 colliguntur
3616 4804 3801 4847 omines

2232 4887 2359 4941 anni
2397 4903 2428 4940 a
2463 4886 2771 4941 conditione
2807 4884 2990 4938 mundi
3027 4900 3199 4953 usque
3236 4885 3308 4939 ad
3338 4892 3667 4954 [restantem
3712 4899 3800 4938 am

2228 4994 2379 5043 num,
2416 4980 2507 5048 qui
2532 4990 2614 5035 est
2641 4977 3033 5034 incarnationis
3057 4978 3267 5035 Domini
3306 4978 3476 5035 nostri
3495 4977 3630 5033 Iesu
3650 4977 3801 5032 Chri-

2228 5070 2295 5129 sti
2326 5068 2453 5135 814,
2491 5084 2599 5138 quo
2629 5070 2731 5138 pizc
2762 5068 3151 5129 recordationis
3178 5078 3236 5127 et
3268 5068 3424 5125 bona
3450 5084 3669 5139 semper
3696 5082 3799 5123 me-

2229 5161 2416 5217 morize
2441 5160 2665 5217 Carolus
2706 5161 2971 5233 gloriosus
3010 5163 3259 5232 princeps
3286 5177 3359 5217 ex
3404 5162 3508 5217 hoc
3552 5160 3801 5232 migravit

2230 5254 2444 5310 mortali
2471 5255 2684 5320 saeculo,
2731 5264 2786 5310 et
2811 5256 2863 5311 ei
2890 5256 3019 5326 pius,
3040 5255 3291 5325 princeps
3328 5264 3531 5313 sancta
3568 5254 3666 5310 Dei
3707 5253 3803 5309 Ec-

2234 5346 2412 5401 clesia:
2451 5349 2729 5403 catholica:
2756 5348 3059 5404 Ludovicus
3097 5349 3363 5404 successit
3395 5348 3649 5421 impaio,
3678 5347 3803 5404 anni

2233 5435 2393 5491 4766.

2307 5525 2414 5581 Sed
2458 5535 2518 5582 ut
2545 5528 2784 5597 apertius
2811 5536 3069 5599 appareat
3104 5529 3248 5598 quod
3270 5529 3525 5596 dicimus,
3553 5538 3798 5600 computa

2234 5621 2455 5676 eosdem
2483 5636 2653 5678 annos
2688 5636 2784 5691 per
2804 5632 3053 5691 quartam
3090 5631 3322 5693 partem,
3359 5631 3417 5680 et
3451 5623 3580 5680 dic:
3609 5632 3799 5694 quater

2233 5715 2417 5787 mille,
2462 5715 2636 5788 4000,
2692 5725 2749 5774 et
2792 5727 3090 5792 supersunt
3125 5716 3266 5792 766;
3319 5723 3514 5793 quater
3560 5727 3794 5788 omni.
