4056 6350
224 346 338 413 925

1017 340 1197 398 LOCA
1234 338 1548 409 QUEDAN
1585 339 1682 396 EX
1717 336 1887 399 EJUS
1920 335 2261 397 OPERIBUS
2299 334 2691 393 EXCERPTA.

3367 333 3481 395 926.

220 454 352 541 μοι),
377 461 434 510 ει
459 457 750 524 supersunt
770 449 907 517 566;
943 460 1134 522 quater
1158 452 1450 524 nonaginta
1474 450 1601 517 360,
1625 459 1681 507 et
1701 466 1796 508 su-
1823 455 1878 516 Α
1901 453 2183 517 erubesco,
2206 451 2330 521 quia
2352 450 2583 507 lectione
2620 465 2727 506 non
2758 448 2977 514 docear,
3008 465 3109 506 nec
3129 450 3196 507 de
3231 451 3476 521 periculo

221 553 458 621 persunt
506 561 626 612 ses,
672 561 738 600 ex
780 544 974 614 quibus
1009 559 1225 600 assume
1256 555 1487 615 quatuor
1528 554 1583 601 et
1621 560 1807 615 super-

222 646 353 699 sunt
381 640 527 694 duo:
569 651 812 707 praesens
842 635 986 690 enim
1030 650 1223 702 annus,
1267 635 1360 705 qui
1406 650 1549 690 nunc
1587 643 1690 701 est,
1726 649 1809 691 se-

223 732 438 792 cundus
465 739 550 786 est
564 738 688 802 post
713 729 1027 787 bissextum.

296 817 437 876 Item
460 819 580 875 dic:
610 819 796 873 decem
824 817 1010 872 novies
1050 814 1270 871 ducenti
1313 813 1474 880 5800,
1523 823 1579 869 ει
1621 830 1810 886 super-

226 920 358 969 sunt
383 909 523 976 966;
560 910 747 965 decem
777 906 965 964 novies
987 906 1374 977 quinquaginta
1396 905 1519 971 950,
1548 916 1604 961 ει
1629 922 1813 976 super-

227 1009 359 1059 sunt
405 1000 505 1067 l6;
560 999 696 1056 adde
738 1014 901 1054 unum
952 1007 1005 1052 et
1040 998 1173 1052 ﬁunt
1217 996 1282 1052 l7
1317 1016 1330 1052 :
1383 1012 1621 1069 praesens
1665 997 1811 1052 enim

228 1107 427 1158 annus,
466 1092 556 1163 qui
594 1107 737 1147 nunc
766 1098 868 1155 est,
900 1089 1138 1143 decimus
1176 1089 1437 1159 septimus
1481 1102 1677 1153 annus,
1727 1098 1812 1142 est

228 1183 369 1255 cycli
397 1183 612 1248 solaris,
644 1182 735 1252 qui
760 1190 842 1237 est
881 1181 1292 1237 decemnovalis.
1338 1179 1609 1236 Subtrahe
1646 1197 1811 1235 unum

228 1284 285 1331 et
312 1283 595 1331 remanent
626 1274 722 1340 16;
772 1282 957 1329 sextus
1001 1272 1242 1328 decimus
1272 1288 1446 1328 annus
1488 1282 1573 1329 est
1610 1282 1813 1343 epactze

228 1366 461 1433 lunaris.
527 1367 793 1427 Undecies
847 1368 969 1422 deni
1020 1366 1142 1432 llo,
1191 1367 1445 1422 undecies
1492 1366 1608 1421 seni
1652 1366 1721 1421 66
1758 1374 1813 1421 et

228 1460 370 1517 ﬁunt
401 1460 536 1525 176;
570 1460 655 1515 bis
687 1459 824 1516 adde
849 1468 991 1524 octo,
1042 1468 1097 1513 et
1129 1458 1261 1513 ﬁunt
1302 1459 1401 1515 184
1438 1479 1448 1513 :
1480 1460 1583 1515 bos
1608 1460 1813 1529 partire

228 1565 327 1621 per
357 1551 691 1621 trigesimam
729 1561 964 1619 partem,
993 1558 1047 1605 et
1079 1551 1185 1615 die,
1230 1551 1405 1605 sexies
1433 1551 1656 1621 triginta
1688 1549 1809 1616 180,

230 1650 287 1695 et
307 1649 600 1709 supersunt
627 1640 680 1705 ι,
723 1648 777 1696 ει
807 1641 1046 1695 invenies
1078 1630 1232 1711 'quod
1278 1642 1332 1695 in
1378 1642 1628 1711 praesenti
1672 1650 1813 1695 anno

230 1731 334 1802 ipsi
366 1739 593 1786 currunt
631 1732 699 1786 ad
727 1731 867 1787 lunae
901 1747 1141 1787 cursum.

1906 542 2157 608 formido,
2211 544 2339 613 quia
2390 557 2509 611 quae
2571 556 2677 597 non
2737 539 2856 612 lego
2910 556 3011 598 nec
3064 559 3353 615 praesumo,
3407 561 3478 603 ne

1906 640 2275 703 transgressor
2306 634 2552 688 inveniar
2583 633 2748 688 divini
2798 632 3025 698 oraculi,
3076 635 3169 704 qui
3219 637 3479 706 apostolis

1906 724 1973 779 de
2004 725 2106 778 hoc
2127 724 2585 796 interrogantibus
2612 725 2687 779 ita
2728 724 3004 794 respondit
3031 742 3045 778 :
3087 724 3164 781 De
3192 725 3277 780 die
3303 738 3480 784 autem

1905 816 1997 870 illo
2027 826 2075 869 et
2105 816 2234 871 hora
2264 833 2414 871 nemo
2438 819 2560 883 scit,
2593 835 2754 889 neque
2797 816 2967 889 angeli
2995 817 3264 883 caelorum,
3305 836 3481 892 neque

1907 906 2075 962 Filius
2103 908 2203 963 nisi
2232 907 2394 964 Pater
2417 908 2580 964 solus.
2613 909 2721 966 Sed
2747 910 2874 979 quid
2901 920 2986 965 est
3009 910 3151 982 quod
3180 910 3341 966 Pater
3362 928 3484 981 pos-

1907 998 1978 1054 sit
2008 1000 2125 1054 sine
2149 1000 2349 1055 virtute
2376 1012 2468 1055 aut
2494 1002 2628 1056 sciat
2653 1003 2855 1072 absque
2894 1002 3156 1073 sapientia
3197 1017 3313 1067 sua,
3358 1018 3482 1059 cum

1908 1100 2199 1160 utrumque
2224 1090 2297 1146 sit
2337 1090 2506 1157 Patri,
2539 1091 2593 1147 id
2640 1102 2724 1148 est
2768 1094 2942 1147 virtus
2969 1101 3024 1149 et
3067 1095 3327 1163 sapientia
3361 1110 3484 1160 sua,

1910 1182 2004 1237 sed
2030 1181 2153 1239 Filii
2204 1184 2418 1240 nescire
2465 1194 2568 1252 est,
2617 1200 2715 1241 nos
2745 1187 3048 1243 nescientes
3092 1187 3161 1243 de
3196 1188 3299 1243 hoc
3346 1187 3486 1244 velle

1910 1289 2152 1329 manere.
2212 1274 2481 1331 Cmterum
2536 1277 2748 1333 cunctis
2785 1279 2838 1333 in
2897 1294 3181 1335 commune
3240 1280 3488 1337 fidelibus

1911 1365 2200 1422 suademus
2234 1374 2296 1421 ut
2320 1368 2434 1423 sive
2461 1368 2582 1438 quis
2623 1384 2689 1424 ex
2727 1370 2987 1425 llebraica
3013 1371 3240 1425 veritate
3272 1387 3392 1441 qua:
3419 1369 3489 1425 ad

1910 1470 2009 1511 nos
2033 1472 2131 1526 per
2150 1458 2369 1513 beatum
2399 1459 2749 1530 interpretem
2788 1458 3173 1531 Hieronymum
3196 1477 3332 1532 pura
3366 1476 3490 1531 per—

1910 1548 2123 1602 venisse
2151 1550 2312 1604 etiam
2339 1550 2584 1606 hostibus
2607 1550 2808 1611 .ludaeis
2832 1552 2886 1606 in
2916 1551 3205 1607 manifesto
3243 1559 3346 1616 est,
3375 1551 3492 1607 sive

1912 1661 1979 1701 ex
2026 1644 2168 1698 LXX
2206 1643 2567 1711 lnterpretum
2606 1628 2963 1696 translatione
3033 1659 3153 1713 quxe
3198 1642 3283 1696 vel
3312 1642 3491 1697 minus

1913 1738 2142 1795 sollicite
2186 1736 2364 1806 primo
2409 1737 2555 1792 edita
2601 1743 2705 1800 est,
2750 1742 2812 1790 ut
2846 1733 3001 1790 turriti
3042 1743 3318 1797 astrnunt,
3345 1722 3431 1788 vel
3458 1750 3490 1788 a

304 1822 364 1878 Si
398 1831 592 1879 autem
640 1834 912 1894 quieratur
958 1841 989 1878 a
1022 1839 1107 1879 me
1151 1839 1311 1893 quam
1347 1824 1506 1896 longo
1546 1832 1810 1894 tempore,
1839 1807 1888 1868 Β
1917 1828 2206 1900 gentilibus
2236 1835 2509 1898 corrupta,
2539 1835 2599 1882 ut
2624 1827 2784 1883 beato
2813 1826 3114 1898 Augustino
3138 1826 3367 1892 videtur,
3394 1839 3492 1883 seu

230 1920 328 1967 aut
368 1924 500 1985 quot
552 1916 708 1971 annis
753 1916 945 1971 debeat
986 1931 1226 1986 praesens
1275 1917 1501 1972 mortale
1557 1916 1814 1972 saeculum

227 2005 559 2076 perdurare,
626 2005 837 2061 nescire
886 2021 973 2060 me
1021 2004 1227 2071 fateor,
1272 2006 1399 2075 quia
1440 2021 1545 2062 non
1602 2005 1814 2075 uspiam

227 2108 324 2149 me
366 2094 557 2166 legisse
612 2096 952 2161 reminiscor,
1000 2105 1056 2150 et
1104 2095 1224 2150 ideo
1277 2110 1380 2149 nec
1426 2094 1494 2149 de
1543 2092 1814 2165 imperitia

1920 1931 2068 1977 certe
2095 1936 2161 1975 ex
2182 1920 2428 1989 utrisque
2455 1917 2741 1975 commisto
2767 1933 2932 1989 opere
2961 1918 3259 1975 codicibus.
3287 1956 3302 1973 .
3329 1956 3344 1972 .
3378 1956 3393 1972 .
3424 1957 3439 1972 .
3473 1953 3490 1972 .

1916 2010 2127 2068 Cetera
2154 2010 2361 2065 desunt.

238 2222 3479 2256 ww

824 2347 1084 2427 LOCA
1150 2343 1607 2439 QUIEDAM
1681 2339 2107 2421 CLAUDII
2182 2330 2877 2413 TAUBINENSIS

791 2506 1111 2588 Excerpta
1145 2523 1223 2566 ex
1260 2500 1739 2565 Commentariis
1776 2497 1906 2579 ejus
1942 2497 2013 2558 in
2074 2493 2405 2573 Epistoms
2457 2488 2662 2549 sancti
2722 2485 2934 2551 Pauli.

1057 2645 1221 2712 (Rieu.
1246 2646 1453 2707 Simon”
1473 2642 1604 2694 Hist.
1628 2641 1736 2691 erit.
1772 2636 1893 2690 Non.
1915 2635 2135 2688 'l‘eststn.
2150 2669 2168 2696 ,
2190 2634 2278 2685 lib.
2314 2646 2390 2694 ιιι,
2408 2644 2523 2695 cap.
2547 2628 2653 2693 25.)

305 2850 411 2917 Qui
449 2864 567 2905 cum
612 2847 668 2902 in
706 2847 878 2917 [arma
913 2845 1011 2900 Dei
1051 2855 1200 2900 esset.
1245 2843 1496 2918 (Philipp.
1528 2859 1591 2909 ιι,
1630 2838 1707 2914 6).
1752 2840 1814 2895 in
1918 2843 2034 2892 stus
2073 2832 2218 2889 enim
2257 2830 2516 2886 Dominus
2559 2835 2615 2884 et
2654 2826 2902 2884 Salvator
2944 2834 3153 2892 noster,
3194 2824 3364 2881 Filius
3403 2825 3500 2882 Dei

230 2942 408 2999 forma
435 2941 568 3008 Dei,
600 2939 821 3011 aequalis
858 2938 1041 3006 Patri,
1084 2940 1139 2993 in
1170 2938 1342 2993 forma
1371 2937 1512 2994 servi
1545 2935 1812 2991 mediator
1917 2943 2080 2984 verus
2107 2924 2402 2981 secundum
2430 2921 2789 2986 divinitatem,
2819 2928 2875 2974 et
2906 2918 3045 2973 ﬁlius
3082 2918 3315 2973 hominis
3339 2932 3501 2974 verus

233 3038 332 3093 Dei
362 3045 417 3091 et
441 3033 725 3090 hominum.
744 3031 909 3088 homo
930 3031 1184 3087 Christus
1200 3024 1455 3085 Jesus....
1481 3026 1597 3084 Non
1628 3027 1813 3096 itaque
1914 3021 2211 3078 secundum
2242 3029 2479 3074 car-nun.
2513 3012 2629 3073 Non
2658 3029 2721 3069 es
2752 3028 2817 3070 eo
2843 3014 2985 3083 quod
3017 3021 3100 3068 est
3128 3027 3289 3084 super
3316 3011 3497 3067 omnia

230 3127 505 3183 immerito
528 3126 807 3196 Scriptura
834 3132 1121 3193 utrumque
1153 3123 1301 3188 dicit,
1334 3131 1388 3178 et
1420 3119 1678 3192 aequalem
1708 3117 1814 3173 Pa-
1842 3123 1887 3187 ρ
1910 3112 2059 3169 Deus
2080 3110 2396 3167 benedictus
2414 3109 2470 3163 in
2495 3106 2689 3163 sateula
2712 3122 2778 3162 ex
2800 3107 3004 3162 semine
3031 3107 3196 3162 David
3218 3113 3377 3161 natus
3396 3113 3500 3170 est,

134 3244 143 3249 -
230 3220 304 3273 tri
329 3217 547 3282 Filium,
574 3225 628 3272 et
654 3216 869 3272 Patrem
896 3214 1152 3283 majorem
1177 3214 1333 3270 Filio.
1359 3213 1491 3268 Illud
1516 3212 1660 3268 enim
1684 3225 1814 3284 pro-

228 3320 357 3385 pter
379 3310 607 3366 l‘ormam
648 3309 744 3364 Dei
772 3322 787 3363 :
816 3309 922 3363 hoc
949 3315 1129 3361 autem
1164 3315 1386 3377 pmpter
1415 3303 1648 3363 formam
1674 3301 1818 3360 servi

230 3402 355 3461 sine
382 3400 489 3456 ulla
518 3399 834 3455 confusione
862 3398 1243 3469 intelligitur...

307 3492 433 3550 Non
460 3493 701 3564 rapinam
728 3490 1017 3544 arbitratus
1040 3498 1136 3554 est,
1167 3496 1272 3544 etc.
1307 3486 1520 3561 (Ibid.).
1563 3528 1578 3542 .
1622 3527 1638 3542 .
1683 3527 1698 3543 .
1740 3524 1757 3542 .
1798 3527 1814 3543 .

232 3679 422 3750 Neque
474 3677 839 3749 usurpationis
891 3683 1008 3731 erat
1051 3676 1194 3748 quod
1233 3675 1552 3732 naturaliter
1574 3674 1821 3746 posside-

230 3766 348 3834 bat,
379 3777 437 3825 ut
464 3769 654 3842 rapina
680 3768 982 3835 diceretur;
1013 3768 1107 3824 sed
1135 3776 1341 3825 natura:
1369 3768 1560 3832 inerat,
1588 3774 1649 3823 ut
1674 3772 1821 3824 esset

234 3860 480 3933 :equalis.

230 3993 327 4051 ιε
351 3993 661 4066 prefuione
686 3990 1145 4066 Consurgituriiin
1176 3988 1467 4060 Epistulam
1492 3989 1718 4060 primum
1748 3985 1818 4043 ad

869 4060 1187 4118 Corinthios.

306 4177 562 4235 Brumale
584 4186 799 4248 tenus
817 4178 940 4232 vias
960 4175 1228 4247 palatinas
1252 4183 1439 4231 terens
1454 4174 1638 4232 eundo
1652 4182 1716 4230 et
1738 4188 1823 4229 re-

236 4272 479 4336 deuio,
514 4272 696 4327 minus
724 4271 850 4326 licet
880 4269 1108 4341 implere
1141 4282 1301 4339 supra
1330 4274 1819 4341 commemoratum

235 4378 517 4429 umorem;
564 4371 689 4433 post
730 4361 965 4417 medium
1006 4360 1151 4415 veris
1191 4358 1534 4429 procedendo
1578 4365 1821 4414 armatus

240 4466 571 4526 pergo-eno
590 4452 798 4523 pariter
819 4467 942 4507 cum
969 4466 1121 4506 arma
1148 4449 1347 4514 ferens,
1374 4463 1544 4520 pergo
1568 4448 1638 4502 ad
1660 4461 1824 4502 excu-

236 4542 363 4599 bias
408 4542 708 4599 maritimas
752 4558 877 4611 eam
926 4543 1124 4597 timore
1168 4540 1488 4622 escubandg
1533 4538 1822 4594 adversum

236 4634 524 4706 Agave-os
559 4642 617 4692 et
658 4635 889 4699 Mauros,
928 4643 1087 4689 nocte
1122 4641 1317 4688 tenens
1353 4631 1610 4702 gladium,
1654 4637 1712 4684 et
1735 4628 1825 4684 die

234 4725 413 4786 libros
441 4738 498 4785 et
521 4728 813 4796 calamum,
847 4728 1071 4800 inplere
1097 4741 1300 4783 conatis
1332 4732 1572 4795 emptum
1611 4723 1823 4780 deside-

239 4834 1039 4881 Hm...........

718 4934 805 4989 Es:
827 4934 1008 4989 eadem
1035 4932 1360 5005 pra'fatione.

314 5050 519 5107 Fateor
552 5068 639 5107 me
672 5053 922 5123 primitus
951 5052 1174 5106 invitum
1207 5048 1521 5115 accessisse,
1553 5057 1607 5103 et
1640 5047 1695 5102 in
1724 5048 1829 5103 hoc

244 5161 406 5217 Opus,
435 5154 489 5201 et
516 5146 567 5200 in
590 5145 959 5201 Pentateucho
990 5157 1148 5214 quem
1173 5141 1411 5213 postulas
1440 5140 1829 5210 imperantibus

244 5239 513 5295 fratribus
535 5241 589 5296 in
612 5241 792 5295 schola
815 5255 937 5295 con-
952 5239 987 5292 ti
998 5248 1047 5291 tu
1058 5239 1147 5303 tis,
1168 5238 1367 5308 quibus
1388 5238 1509 5292 viva
1535 5253 1666 5291 voce
1695 5236 1831 5290 scri-

244 5340 438 5404 pturas
473 5332 765 5393 tradebam,
798 5330 1143 5401 prmcipiente
1172 5329 1259 5399 pio
1288 5330 1529 5400 principe
1558 5329 1829 5385 Ludovico

244 5418 599 5495 imperatore,
637 5422 947 5493 compulsus
975 5422 1135 5476 etiam
1166 5436 1196 5475 a
1234 5434 1529 5476 memorato
1567 5421 1861 5491 principe,’

244 5519 314 5571 ut
340 5530 447 5570 non
484 5522 694 5570 tantum
731 5514 894 5569 verba
928 5528 1026 5584 per
1058 5510 1380 5567 oblivionem
1416 5511 1684 5580 palantem
1722 5519 1830 5565 traa

246 5604 456 5672 dorem,
478 5605 572 5662 sed
597 5605 759 5660 etiam
781 5604 990 5661 calamo
1012 5601 1099 5657 diu
1119 5601 1489 5671 permanentia
1511 5601 1828 5668 scriberem,

247 5703 314 5753 ut
342 5697 483 5766 quod
507 5712 603 5753 ore
630 5698 942 5768 promebam
970 5693 1176 5749 calamo
1202 5694 1586 5764 seriptitarem.

329 5787 435 5859 Qui
459 5798 536 5865 est
562 5803 923 5869 superorum
939 5784 1103 5858 Deus,
1122 5794 1230 5849 etc.
1262 5784 1443 5866 (Rom.
1462 5802 1541 5864 ιι,
1566 5787 1646 5866 5).
1672 5785 1829 5849 Chri-

1919 3206 2012 3261 sed
2040 3219 2102 3259 ex
2138 3202 2227 3256 illa
2255 3200 2572 3256 inﬁrmitate
2600 3213 2762 3268 quam
2791 3199 3027 3268 suscepit
3061 3212 3124 3251 ex
3154 3197 3328 3251 nobis.

1989 3293 2174 3351 Gratia
2200 3293 2339 3348 vobis
2370 3301 2418 3347 et
2450 3306 2556 3362 pax
2591 3307 2623 3344 a
2653 3288 2762 3344 Deo
2799 3287 2958 3343 Patre
2989 3298 3163 3342 nostro
3194 3297 3242 3341 et
3278 3285 3502 3341 Domino

1917 3389 2046 3447 Iesu
2077 3389 2304 3445 Christo.
2339 3386 2390 3459 (1
2417 3385 2542 3441 Cor.
2574 3401 2614 3451 ι,
2646 3386 2723 3457 3).
2755 3383 2832 3439 Ne
2862 3367 3039 3437 Patris
3067 3390 3160 3437 aut
3187 3396 3382 3436 nomen
3410 3387 3505 3435 aut

1908 3484 2117 3539 donum
2156 3482 2392 3537 tacuisse
2425 3480 2724 3545 videretur,
2760 3487 2815 3534 et
2847 3478 3209 3548 suspicionem
3239 3475 3379 3532 forte
3412 3484 3507 3532 aut

1914 3576 2262 3633 occasionem
2306 3574 2463 3629 daret
2506 3571 2739 3637 uniouis,
2784 3570 2943 3626 docet
2968 3568 3244 3625 Christum
3286 3568 3505 3639 quidem

1917 3667 2023 3722 rite
2061 3664 2445 3729 invocandum,
2491 3663 2586 3719 sed
2622 3677 2837 3717 munem
2872 3661 3109 3731 gratiam
3146 3675 3266 3716 esse
3303 3659 3503 3725 Patris,

1917 3769 1977 3817 ut
1998 3762 2139 3821 duos
2159 3759 2251 3829 qui
2274 3759 2328 3813 in
2352 3772 2517 3815 unum
2542 3764 2667 3811 sunt
2694 3771 2790 3825 per
2814 3753 3149 3809 divinitatem
3172 3751 3503 3817 ostenderet,

1918 3863 1974 3909 et
1998 3853 2178 3909 Patris
2202 3850 2582 3905 auctoritatem
2609 3843 2913 3917 prml'erret.
2954 3882 2970 3898 .
3013 3881 3029 3896 .
3070 3882 3084 3897 .
3126 3881 3140 3895 .
3180 3881 3195 3895 .
3238 3880 3253 3896 .

1988 3942 2130 3996 Deus
2159 3949 2273 3994 erat
2304 3940 2361 3993 in
2397 3934 2602 3991 Christo
2644 3932 2731 4005 (II
2764 3931 2887 3988 Cor.
2916 3948 2969 3999 ν,
2999 3931 3109 4002 l9).
3144 3929 3319 3985 Filius
3357 3930 3502 3987 enim

1918 4033 2237 4091 naturaliter
2261 4031 2469 4103 legatus
2498 4037 2583 4083 est
2612 4024 2791 4082 Patris
2827 4012 3015 4081 Dei”;
3047 4024 3209 4080 Pater
3235 4025 3380 4079 enim
3408 4039 3507 4096 per

1919 4125 1972 4181 id
1998 4123 2323 4195 intelligitur
2347 4135 2469 4177 esse
2496 4120 2548 4175 in
2576 4117 2733 4183 Filio,
2766 4117 2908 4188 quod
2938 4132 3042 4172 una
3071 4131 3258 4172 eorum
3284 4116 3355 4172 sit
3379 4115 3507 4172 sub-

1920 4218 2141 4275 stantia.
2171 4215 2249 4271 lhi
2274 4222 2360 4270 est
2385 4214 2531 4269 enim
2558 4211 2739 4267 unitas
2776 4209 2867 4265 ubi
2893 4208 3037 4265 nulla
3060 4218 3145 4265 est
3168 4208 3408 4277 domina,
3443 4222 3506 4263 ac

1919 4325 2017 4383 per
2056 4308 2159 4364 hoc
2192 4307 2423 4363 invicem
2458 4301 2691 4377 aequales
2727 4310 2871 4359 sunt.
2910 4341 2927 4359 .
2967 4341 2981 4356 .
3021 4341 3037 4357 .
3079 4341 3094 4357 .
3137 4341 3152 4357 .
3195 4341 3210 4357 .
3253 4342 3266 4357 .
3310 4342 3325 4356 .
3369 4339 3385 4355 .
3427 4336 3445 4357 .
3486 4339 3502 4356 .

1926 4435 3502 4461 ο..σοι...σεθου-00000000⁸0...

2300 4497 2370 4552 In
2396 4495 2567 4568 Epist.
2602 4495 2671 4550 ad
2702 4494 2885 4550 Hwbr.
2913 4510 3014 4561 vn,
3042 4494 3130 4549 17.

1993 4591 2088 4647 Ille
2114 4587 2546 4662 (Melchisedech)
2571 4587 2818 4644 carnales
2843 4587 3092 4643 victimas
3116 4600 3222 4640 non
3248 4583 3508 4641 oll‘erebat

1926 4684 2028 4741 nisi
2059 4697 2251 4753 panem
2288 4692 2343 4737 et
2373 4682 2579 4745 vinum,
2610 4680 2750 4735 sicut
2782 4677 3030 4733 Christus
3059 4676 3383 4732 oblationem
3412 4689 3505 4746 pa-

1926 4779 2011 4833 nis
2040 4788 2093 4833 et
2118 4776 2229 4831 vini
2260 4776 2492 4831 otl'erens
2518 4776 2629 4830 Deo
2656 4773 2830 4838 Patri,
2858 4771 2916 4826 id
2951 4779 3034 4827 est
3059 4786 3253 4841 corpus
3290 4779 3344 4825 et
3382 4786 3507 4824 san-

1925 4868 2139 4938 guinem
2176 4883 2361 4931 suum,
2400 4881 2560 4935 quam
2596 4864 2922 4921 oblationem
2955 4860 3197 4941 quotidie
3232 4860 3507 4921 oﬂ'erimus

1927 4975 2089 5031 super
2116 4959 2286 5014 altare
2314 4966 2370 5013 et
2393 4958 2674 5013 sumimus.

2265 5070 2291 5125 1
2301 5089 2333 5126 ιι
2365 5069 2655 5141 Epistulam
2687 5069 2756 5129 ad
2786 5066 3165 5139 Philippenses.

1998 5167 2159 5223 Putat
2184 5165 2381 5234 aliquis
2408 5179 2515 5220 non
2546 5164 2971 5233 Scripturarunt.
3000 5162 3095 5218 sed
3119 5170 3353 5218 nostram
3386 5178 3506 5218 esse

1928 5258 2250 5315 sententiam
2272 5255 2587 5325 episcopum
2606 5261 2668 5309 et
2698 5252 3068 5324 presbyterum
3093 5269 3257 5309 unum
3280 5270 3421 5318 esse,
3450 5260 3506 5308 et

1929 5351 2073 5408 aliud
2108 5350 2304 5410 aetatis,
2344 5347 2490 5403 aliud
2522 5359 2642 5401 esse
2676 5358 2874 5405 nomen
2902 5342 3097 5408 ollicii,
3132 5345 3335 5416 relegat
3356 5344 3504 5414 Apo-

1929 5439 2051 5495 stoli
2077 5439 2242 5493 verba
2266 5438 2331 5491 ad
2353 5436 2723 5507 Philippenses
2746 5434 3007 5489 dicentis:
3036 5433 3238 5491 Paulus
3261 5445 3309 5489 et
3339 5433 3506 5488 Timo-

1928 5534 2096 5599 theus,
2125 5540 2228 5586 etc.

1930 5622 2252 5679 Retractatio
2283 5618 2493 5675 Claudii
2518 5619 2743 5691 episcopi
2765 5619 2831 5676 de
2855 5621 3154 5677 auctoribus
3179 5618 3506 5691 explanatio-

2205 5707 2329 5746 num
2357 5708 2513 5761 super
2541 5690 2835 5761 Epistolam
2859 5692 2929 5746 ad
2962 5691 3229 5747 Hebreos.

1994 5783 2130 5847 illud
2158 5796 2372 5861 quoque
2397 5782 2456 5847 in
2488 5780 2805 5863 [tralatione
2827 5796 3176 5853 commoneo,
3208 5780 3341 5839 mihi
3377 5777 3502 5837 cha-
