4056 6350
572 339 679 410 θιξτ

1688 340 2012 404 LUDOVICI
2049 347 2070 404 Ι
2106 345 2578 407 COGNOMENTO
2613 347 2699 406 Pll

3729 351 3836 412 ω

574 459 813 526 rissime,
852 465 914 513 ut
949 455 1090 513 scias
1128 455 1418 528 Origenem
1459 456 1566 511 tria
1603 455 1872 512 volumina
1914 457 1968 512 in
2011 457 2152 514 hanc
2177 461 2231 522 Α
2254 459 2493 516 calamus
2523 460 2826 526 Trinitatis,
2870 459 3050 533 lingua
3080 460 3316 533 Spiritus
3355 461 3558 529 sancti,
3587 469 3843 524 terrenus

573 551 866 625 Epistolam
894 550 1300 620 conscripsisse,
1327 564 1486 619 quem
1507 558 1564 604 et
1590 564 1688 604 nos
1707 565 1771 604 ex
1798 558 1952 620 parte
1979 549 2150 605 secuti

573 659 803 702 sumus:
843 641 1208 714 Apollinarem
1252 639 1416 694 etiam
1461 648 1517 695 et
1562 640 1844 710 Didymum
1889 641 2151 710 quosdam

571 734 1056 792 Commentariolos
1082 733 1349 798 edidisse;
1378 747 1410 788 e
1443 733 1637 803 quibus
1680 732 1806 788 licet
1843 747 2014 803 pauca
2057 734 2150 788 de-

569 829 888 900 cerpsimus,
914 829 1066 899 plura
1097 827 1256 883 etiam
1288 841 1354 880 ex
1385 826 1555 882 sancti
1581 825 1685 880 viri
1713 825 1997 895 Augustini
2027 839 2149 880 sen-

572 923 785 988 tentiis,
827 937 961 992 quas
997 937 1094 993 per
1132 921 1370 977 diversos
1405 919 1522 989 ejus
1555 919 1720 975 libros
1754 918 1994 974 invenire
2032 918 2149 988 qui-

571 1017 767 1082 vimus,
795 1017 935 1071 hanc
959 1016 1304 1086 exposuimus
1331 1014 1645 1086 Epistolam,
1671 1022 1725 1069 et
1750 1012 2002 1069 nonnulla
2029 1028 2149 1082 qua:

569 1106 725 1162 nobis
771 1107 1092 1162 videbantur
1140 1107 1434 1177 adjecimus
1480 1107 1594 1161 sive
1642 1105 2042 1171 subtraximus,
2092 1113 2151 1159 ut

569 1196 839 1252 studiosus
869 1199 1050 1252 statim
1081 1199 1134 1253 in
1165 1199 1432 1269 principio
1470 1197 1732 1253 lectorum
1765 1206 2019 1269 agnoscat
2048 1198 2152 1254 hoc

569 1301 704 1358 opus
732 1288 814 1345 vel
841 1288 1073 1344 alienum
1101 1304 1222 1346 esse
1250 1289 1331 1345 vel
1360 1297 1622 1344 nostrum.

851 1420 1156 1479 ELOGIUM
1194 1420 1438 1478 SANCTI
1475 1421 1864 1480 AUGUSTINI.

637 1551 1054 1612 Amantissimus
1100 1555 1314 1611 Domini
1362 1557 1736 1614 sanctissimus
1779 1555 2142 1630 Augustinus,

638 1697 664 1727 ι
704 1686 956 1757 Scilicet,
985 1689 1056 1744 ad
1085 1688 1370 1747 Romanos.

2177 1695 2225 1755 B

2255 551 2437 616 homo,
2465 551 2559 608 sed
2587 552 2823 608 caelestis
2852 552 3097 624 angelus,
3127 553 3182 608 in
3211 552 3600 624 questionibus
3627 553 3840 611 solven-

2254 643 2338 699 dis
2367 653 2577 709 acutus,
2620 645 2674 699 in
2708 645 3048 700 revincendis
3087 645 3358 701 haereticis
3386 645 3840 718 circumspectus,

2254 735 2310 789 in
2340 735 2675 804 explicandis
2713 734 3009 805 Scripturis
3047 735 3324 792 canonicis
3358 747 3574 802 cautus,
3610 745 3719 792 etc.
3756 737 3840 793 Ex

2253 825 2421 896 ipsius
2455 827 2626 882 sancti
2660 825 2763 881 viri
2801 827 3105 893 sententiis,
3142 842 3278 897 quas
3313 842 3414 898 pro
3451 827 3688 882 diversis
3724 828 3841 897 ejus

2251 917 2402 974 libris
2440 919 2681 974 invenire
2717 919 3019 989 quivimus,
3059 919 3203 975 hanc
3238 917 3592 988 exposuimus
3627 917 3841 993 Epism—

2251 1009 2357 1066 lam
2386 1023 2436 1077 ι,
2467 1011 2646 1082 aliqua
2681 1012 2846 1067 etiam
2882 1026 2950 1066 ex
2975 1011 3224 1081 Origenis
3258 1009 3610 1080 Expositione
3641 1009 3838 1064 ibidem

2253 1101 2612 1172 adjunximus,
2661 1104 2914 1160 nonnulla
2961 1105 3155 1169 etiam,
3203 1111 3264 1160 ut
3303 1102 3461 1160 nobis
3501 1102 3688 1157 visum
3734 1110 3839 1168 est,

2252 1194 2724 1264 pertractavimus.
2751 1194 2963 1249 Nullam
2991 1194 3410 1250 admonitionem
3437 1191 3724 1248 meliorem
3750 1205 3839 1260 po-

2254 1287 2332 1341 tui
2376 1287 2638 1354 invenire,
2680 1304 2843 1359 quam
2889 1288 3140 1360 Epistolae
3167 1289 3357 1360 prima;
3397 1285 3554 1342 Pauli
3584 1285 3837 1357 apostoli,

2251 1393 2412 1449 quam
2451 1379 2595 1446 misi,
2631 1381 2754 1448 quia
2794 1389 2906 1436 tota
2942 1380 3066 1434 inde
3095 1379 3291 1450 agitur,
3331 1385 3392 1434 ut
3427 1376 3628 1433 merita
3668 1375 3837 1430 homi-

2249 1486 2379 1525 num
2405 1471 2572 1532 tollat.
2588 1472 2731 1527 unde
2753 1473 2987 1528 maxime
3003 1487 3146 1532 nunc
3159 1469 3409 1528 monachi
3434 1467 3762 1543 gloriantur,
3784 1474 3838 1522 et

2245 1561 2480 1633 gratiam
2503 1560 2601 1618 Dei
2625 1562 2984 1620 commendet.

569 1839 3830 1898 Μ

1816 1997 1987 2041 ANNO
2029 1997 2258 2043 DOHINI
2302 1999 2570 2044 DCCCXL.

1193 2160 2938 2395 LUDOVICUS
3083 2179 3201 2394 Ι

562 2546 1544 2668 COGNOMENTO
1629 2551 2020 2696 PIUS,
2119 2558 2938 2678 IMPERATOR
3018 2563 3818 2683 AUGUSTUS.

1832 2790 2552 2832 ψ

1031 2957 1063 2997 ³
1106 2959 2166 3111 LUDOVICI
2304 2969 2638 3110 PII
2810 2975 3347 3122 VITA

554 3222 808 3289 Incerto
847 3235 1127 3304 auctore,
1169 3225 1275 3290 sed
1307 3229 1417 3308 qui
1451 3229 1933 3319 :e‘profcssiane
1968 3233 2404 3370 αῖενονέοηῖυῗι
2429 3278 2446 3306 ,
2486 3241 2543 3296 et
2583 3235 2654 3297 in
2677 3237 2928 3317 palatio
2973 3240 3176 3321 ipsius
3230 3241 3643 3322 imperatoris
3687 3259 3830 3305 cer.

1936 3327 2004 3368 sa
2035 3325 2142 3367 um
2210 3327 2268 3370 es
2299 3329 2336 3369 a
2367 3329 2464 3370 ur.

1936 3325 2142 3368 satum
2179 3325 2464 3374 testatur.

1478 3455 1642 3521 (Apud
1675 3456 1944 3510 Chesnlum
1963 3489 1981 3518 ,
2010 3455 2243 3508 Historiae
2265 3456 2565 3517 Francorum
2590 3466 2908 3535 Scriptores.)

1121 3665 1560 3731 PROLOGUS.

630 3766 761 3827 Cum
790 3777 938 3840 gesta
962 3767 1266 3840 priscorum
1294 3767 1436 3825 bona
1462 3768 1696 3835 malave,
1721 3768 1957 3826 maxime
1983 3773 2133 3844 prin-

555 3863 756 3934 cipum,
784 3863 852 3918 ad
878 3861 1196 3918 memoriam
1224 3861 1576 3928 reducuntur,
1605 3863 1816 3933 gemina
1848 3863 1902 3918 in
1925 3865 2005 3920 eis
2028 3865 2134 3921 uti-

555 3953 682 4008 litas
706 3953 1005 4023 legentibus
1038 3951 1334 4008 confertur.
1367 3953 1486 4008 Alia
1518 3954 1660 4009 enim
1690 3969 1880 4010 eorum
1906 3955 2132 4013 utilitati

552 4053 606 4099 et
628 4045 967 4100 mdilicatioui
990 4054 1234 4114 prosunt,
1253 4045 1357 4100 alia
1380 4047 1623 4102 cautclm.
1641 4046 1779 4115 Quia
1799 4049 1942 4104 enim
1970 4051 2132 4121 primi

552 4136 607 4188 in
639 4134 852 4189 sublimi
881 4136 1047 4190 veluti
1091 4137 1308 4206 specula
1337 4139 1671 4203 consistunt,
1715 4148 1768 4194 et
1807 4140 1928 4196 ideo
1961 4140 2132 4198 latere

549 4234 838 4295 nequeunt,
870 4241 935 4281 eo
971 4225 1111 4282 fama
1145 4243 1334 4283 eorum
1363 4229 1524 4284 latius
1553 4241 1910 4303 propagatur,
1943 4248 2051 4304 quo
2075 4242 2132 4288 et

549 4318 794 4375 diffusius
823 4321 1062 4375 cernitur
1085 4339 1099 4388 ;
1137 4331 1192 4376 et
1211 4330 1364 4378 tanto
1390 4323 1589 4393 quique
1613 4323 1826 4380 illorum
1847 4324 1989 4381 bono
2011 4325 2131 4395 plu-

549 4410 672 4464 rimi
720 4411 1046 4477 alliciuntur,
1087 4421 1291 4482 quanto
1332 4415 1786 4486 prominentiores
1830 4432 1889 4472 se
1928 4417 2128 4472 imitari

547 4501 865 4572 gloriantur.
892 4501 1017 4558 Hiec
1046 4503 1118 4557 ita
1145 4520 1204 4559 se
1231 4505 1434 4561 habere
1461 4507 1726 4578 majorum
1748 4508 1985 4577 produnt
2006 4522 2128 4563 mo-

545 4599 822 4657 numenta,
861 4593 954 4662 qui
997 4593 1259 4651 relatione
1303 4612 1399 4651 sua
1445 4599 1815 4667 posteritatem
1858 4600 2128 4655 instruere

545 4683 888 4749 studuerunt,
928 4685 1158 4754 quisque
1185 4687 1488 4758 principum
1512 4704 1618 4759 quo
1646 4689 1782 4744 calle
1818 4690 2126 4746 mortalium

544 4774 648 4829 iter
677 4775 904 4832 triverit.
947 4776 1187 4842 Quorum
1233 4793 1332 4834 nos
1376 4781 1612 4835 studium
1651 4781 1946 4848 imitantes,
1973 4783 2125 4837 nolu-

544 4881 664 4922 mus
690 4881 811 4922 esse
835 4867 920 4922 vel
949 4869 1309 4938 praesentibus
1350 4870 1654 4938 inolliciosi,
1697 4872 1779 4928 vel
1816 4872 2012 4929 futuris
2044 4873 2126 4929 in-

539 4959 671 5024 vidi,
705 4959 799 5015 sed
824 4960 992 5016 Actus
1014 4960 1302 5034 Vitamque
1328 4963 1440 5021 Deo
1469 4965 1716 5040 amabilis
1737 4974 1900 5037 atque
1929 4968 2121 5022 ortho-

2166 3679 2211 3742 C
2242 3683 2426 3780 tantae.
2453 3682 2664 3780 [fitenim
2691 3690 3014 3780 auctoritate
3039 3692 3219 3750 divina
3249 3692 3537 3763 discimus,
3580 3708 3824 3757 sanasti:

2243 3767 2572 3842 Sapientiam
2610 3779 2805 3836 docere
2833 3767 3203 3853 sobrietatem,
3236 3788 3558 3858 sapientiam
3587 3800 3648 3847 et
3665 3792 3824 3863 justi-

2241 3862 2394 3930 tiam,
2427 3877 2482 3923 et
2508 3869 2796 3941 virtutem,
2838 3877 3036 3946 quibus
3072 3879 3208 3936 nihil
3247 3889 3333 3938 est
3373 3881 3585 3940 dulcius
3623 3862 3678 3941 in
3716 3887 3823 3941 vita

2240 3951 2587 4013 hominibus:
2625 3976 2853 4031 quarum
2897 3965 2986 4023 ille
3027 3968 3102 4024 ita
3146 3971 3427 4026 comitatui
3473 3973 3709 4031 indivise
3736 3974 3824 4031 ad-

2239 4042 2415 4113 hzesit,
2449 4057 2512 4104 ut
2537 4054 2778 4111 nescires
2801 4059 2984 4126 potius
3010 4076 3174 4130 quam
3199 4062 3254 4117 in
3279 4079 3345 4118 eo
3371 4063 3635 4120 admirari
3660 4066 3820 4123 debe-

2239 4151 2348 4192 res.
2381 4137 2520 4206 Quid
2555 4144 2701 4199 enim
2723 4146 2841 4216 ejus
2861 4149 3158 4207 sobrietate
3182 4152 3422 4221 sobrius,
3450 4169 3573 4225 quae
3599 4157 3708 4212 alio
3727 4173 3823 4213 no-

2239 4231 2384 4288 mine
2408 4233 2691 4304 frugalitas
2709 4239 2824 4296 sive
2846 4247 3200 4315 temperantia
3219 4250 3562 4306 nominatur?
3577 4250 3657 4306 lta
3670 4252 3822 4307 enim

2239 4336 2302 4376 ea
2331 4339 2460 4380 usus
2480 4335 2586 4392 est,
2609 4337 2670 4383 ut
2696 4329 2826 4386 illud
2847 4336 3271 4394 vetustissimum
3292 4343 3638 4412 proverbium
3669 4352 3727 4399 et
3753 4341 3823 4399 ad

2240 4413 2436 4470 cmlum
2465 4433 2638 4489 usque
2671 4421 2998 4480 celebratum
3036 4428 3088 4484 ei
3115 4429 3278 4485 fuerit
3301 4430 3816 4502 familiarissimum,

2237 4520 2345 4596 quo
2373 4508 2570 4566 dicitur
2577 4531 2608 4596 ‘-
2650 4511 2735 4569 Ne
2762 4516 2889 4586 quid
2915 4519 3090 4576 nimis.
3129 4520 3404 4593 Sapientia
3428 4541 3561 4582 vero
3589 4528 3820 4585 delecta-

2236 4594 2398 4654 batur
2435 4615 2500 4656 ea
2529 4594 2690 4673 quam
2724 4604 3018 4677 Scriptura:
3059 4616 3384 4672 auctoritate
3428 4617 3699 4674 didicerat
3738 4619 3816 4676 di-

2237 4697 2393 4780 cente
2418 4711 2430 4744 :
2476 4692 2611 4748 Ecce
2637 4698 2795 4752 timor
2822 4697 3056 4769 Domini,
3083 4705 3200 4776 ipsa
3237 4718 3312 4762 est
3339 4710 3622 4780 sapientia.
3658 4711 3817 4770 Justi-

2237 4778 2367 4833 tiam
2413 4797 2576 4852 porro
2605 4796 2808 4856 quanto
2835 4791 3063 4849 coluerit
3093 4795 3318 4865 aﬂ'ectu,
3355 4778 3522 4857 testes
3567 4813 3702 4860 sunt
3732 4804 3816 4876 qui

2235 4873 2353 4943 ejus
2381 4891 2579 4934 novere
2602 4881 2834 4938 studium
2867 4901 2974 4956 quo
3000 4886 3281 4960 ﬂagrabat,
3308 4901 3369 4948 ut
3389 4895 3625 4966 quisque
3650 4873 3816 4953 homi-

2235 4981 2366 5020 num
2394 4970 2528 5024 ordo
2561 4974 2736 5029 ordini
2764 4992 2862 5031 sno
2888 4977 3037 5048 justa
3063 4984 3416 5052 persolveret,
3444 4997 3500 5040 et
3529 4987 3814 5043 Dominum

543 5048 667 5103 doxi
713 5052 1057 5122 imperatoris
1084 5053 1363 5120 Ludovici,
1395 5057 1534 5128 stylo
1564 5057 1688 5112 licet
1715 5058 1897 5113 minus
1943 5058 2121 5126 docto,
2154 5029 2209 5088 Β
2235 5071 2401 5128 super
2425 5064 2627 5129 omnia,
2660 5029 2965 5136 proximum
2994 5029 3123 5128 verr-0
3162 5029 3418 5146 tanquam
3460 5093 3518 5133 se
3548 5077 3808 5150 diligeret.

540 5142 929 5198 contradimus.
953 5143 1152 5200 Fateor
1171 5146 1338 5212 enim,
1356 5154 1411 5202 et
1431 5149 1634 5218 absque
1656 5147 1778 5203 fuco
1803 5148 2124 5203 adulationis

539 5231 679 5295 dico,
711 5233 838 5302 quia
869 5237 1173 5291 succumbit
1193 5237 1592 5308 cujusque,non
1614 5241 1738 5295 dico
1759 5239 2124 5309 meum,quod

537 5324 889 5394 perexiguum
920 5336 1026 5393 est,
1063 5329 1157 5384 sed
1185 5344 1503 5399 magnorum
1543 5332 1852 5401 ingenium,
1881 5330 2122 5387 materia:

569 5467 649 5537 ηε.
665 5455 795 5537 Quae
818 5459 1150 5537 sc_ripsit_hic
1179 5475 1369 5537 auctor
1389 5481 1559 5535 usque
1588 5463 1655 5520 ad
1681 5473 1930 5537 tempora
1949 5464 2120 5535 impe-

536 5525 603 5607 rii
627 5525 906 5607 ζυμονίρῇ
929 5525 1219 5607 profitetur
1244 5537 1296 5589 in
1328 5525 1553 5607 Prologo
1585 5551 1643 5591 se
1675 5525 1936 5607 Ade-mari
1964 5525 2121 5591 no'bi-

535 5592 737 5673 lissimi
755 5612 820 5652 ac
863 5592 1196 5673 devotissimi
1240 5592 1794 5661 monacbivrelatione
1835 5607 2120 5673 didicisse,

536 5669 627 5734 qui
655 5669 830 5723 eidem
863 5669 1135 5728 Ludovico
1162 5691 1378 5731 coaevus
1406 5687 1462 5731 et
1495 5677 1836 5732 connutritus
1867 5677 1984 5731 fuit.
2018 5669 2123 5733 Po;

535 5740 761 5817 steriora
791 5748 970 5817 autem
997 5757 1096 5817 per
1116 5745 1351 5814 seipsnm
1374 5747 1571 5803 vidisse
1601 5756 1762 5817 atque
1787 5749 2122 5817 comperisse

535 5807 822 5880 signiﬁcat,
856 5809 980 5867 dum
997 5807 1178 5870 'rebus
1196 5807 1504 5871 interesset
1538 5807 1806 5887 palatinis.
1841 5807 2110 5876 Caétewm

2233 5147 2350 5205 Jam
2387 5167 2516 5209 vero
2541 5157 2714 5215 virtus
2747 5160 2883 5217 adeo
2921 5165 2971 5220 ei
3019 5167 3333 5237 coaluerat,
3360 5180 3422 5226 ut
3451 5181 3534 5227 tot
3563 5189 3626 5229 ac
3649 5147 3813 5228 tantis

2229 5242 2475 5312 pulsatus
2500 5248 2674 5314 malis,
2702 5251 2984 5312 lacessitus
3003 5265 3111 5313 tam
3138 5261 3364 5330 privatis
3389 5280 3551 5334 quam
3577 5265 3812 5321 externis

2234 5338 2468 5409 injuriis,
2494 5343 2640 5400 nullo
2669 5354 2866 5414 tamen,
2889 5349 3001 5406 Deo
3020 5355 3263 5420 custode,
3289 5365 3480 5426 pectus
3505 5358 3623 5428 ejus
3645 5358 3812 5413 invin-

2233 5475 2399 5560 ed‘itio
2421 5477 2536 5560 ista
2545 5495 2687 5560 nunc
2713 5485 2987 5560 recognita
3005 5489 3277 5560 variisque
3298 5491 3352 5546 in
3375 5491 3509 5549 locis
3527 5493 3808 5549 emendata

2231 5553 2341 5632 est.2
2391 5548 2456 5628 ad
2501 5548 2664 5630 fidem
2711 5548 2944 5632 duorum
2989 5573 3120 5632 mss.
3171 5548 3324 5632 c'od.,
3373 5548 3601 5632 quorum
3633 5548 3805 5618 unum

2232 5625 2664 5697 antiquissimum
2714 5625 3142 5697 subministravit
3178 5625 3504 5688 bibliotheca
3552 5634 3800 5697 Tliuana.

2228 5687 2572 5816 ἓξΞ-γὲευιο
2619 5695 2888 5752 recentior
2915 5708 3161 5756 servatur
3195 5701 3250 5757 in
3295 5687 3797 5762 bibh’omecaiAl’ex:

2211 5949 2273 5980 νε.
