4056 6350
1851 281 2030 340 VITA.

3453 298 3563 358 930

298 406 465 464 cibile
495 401 670 476 potuit
693 400 1012 472 injuriarum
1039 403 1274 474 pondere
1291 400 1485 473 frangi.
1509 399 1613 458 Uni
1641 408 1877 456 tantum-
1900 397 1956 459 Α
1979 397 2157 455 dicere
2181 401 2476 472 supersedi.
2505 400 2738 458 Rediens
2756 415 2889 475 ergo
2911 418 3030 470 rex,
3059 406 3261 478 reperit
3279 406 3561 483 conjugem

295 503 462 558 modo
488 501 558 556 ab
583 497 790 556 ramulis
817 498 1189 554 ascribebatur
1223 498 1390 568 culpa
1414 496 1780 557 succubuisse,
1812 508 1877 549 eo

293 593 446 666 quod
467 590 628 646 nimis
661 589 897 646 clemens
925 597 1086 645 esset.
1119 589 1227 645 Nos
1257 599 1436 644 autem
1467 603 1590 644 cum
1621 585 1878 658 Apostolo

295 685 544 742 dicamus
566 683 800 739 talibus:
836 681 1052 736 Dimitte
1073 680 1152 738 illi
1172 681 1308 736 hanc
1331 681 1602 751 injuriam.
1634 678 1738 734 Sed
1761 678 1876 732 bare

289 787 482 836 utrum
512 790 641 832 vera
669 775 780 831 sint
817 788 1014 839 necne,
1042 772 1322 844 perlegens
1349 771 1576 842 quisque
1615 768 1758 824 scire
1783 782 1878 838 po-

291 869 446 926 terit.
476 867 645 930 Porro
670 881 791 938 quae
814 865 1008 936 scripsi
1047 881 1215 936 usque
1248 865 1317 921 ad
1343 874 1586 936 tempora
1624 861 1871 933 imperii,

290 960 591 1016 Adhemari
618 959 936 1016 nobilissimi
976 966 1034 1014 et
1067 958 1400 1015 devotissimi
1442 957 1692 1014 monachi
1734 956 1872 1012 rela-

292 1051 445 1110 tione
467 1050 649 1116 didici,
679 1049 772 1120 qui
798 1050 850 1106 ei
877 1064 1091 1106 coaevus
1113 1057 1169 1105 et
1189 1050 1528 1106 connutritus
1551 1057 1654 1104 est.
1685 1046 1872 1103 Poste-

289 1141 445 1199 riora
471 1150 671 1207 autem,
705 1142 830 1211 quia
853 1155 954 1213 ego
978 1140 1199 1198 interfui
1223 1140 1386 1197 rebus
1426 1140 1711 1212 palatinis,
1753 1153 1873 1210 qua:

289 1235 407 1293 vidi
428 1245 484 1292 et
509 1234 810 1306 comperire
832 1234 1004 1306 potui,
1036 1233 1176 1306 stylo
1203 1233 1524 1289 eontradidi.

425 1381 826 1462 INCIPIT
884 1380 1398 1460 NARRATIO
1453 1378 1747 1460 VITIE.

365 1512 783 1570 Famosissimus
808 1526 994 1584 regum
1009 1552 1025 1579 ,
1071 1511 1308 1582 nullique
1336 1526 1434 1568 suo
1459 1520 1700 1584 tempore
1718 1519 1869 1583 post-

289 1607 592 1678 ponendus,
625 1604 872 1671 Carolus,
903 1620 1027 1661 cum
1051 1612 1178 1676 post
1203 1605 1408 1660 obitum
1434 1613 1740 1675 paternum,
1764 1603 1870 1660 fra-

1980 490 2360 565 Bildegardam
2390 497 2568 551 binam
2593 497 2826 552 edidisse
2845 499 3050 568 prolem
3079 501 3394 558 masculam.
3417 504 3562 572 Quo-

1979 599 2099 639 rum
2142 601 2298 650 unus,
2332 587 2622 642 immatura
2668 597 2842 644 morte
2879 599 3213 660 praereptus,
3253 601 3380 649 ante
3421 611 3560 667 pene

1977 675 2116 729 mori
2161 691 2321 745 quam
2352 676 2453 732 sub
2484 676 2605 732 luce
2633 678 2818 734 vivere
2855 679 3039 749 coepit.
3076 679 3262 748 Alter,
3299 698 3561 755 prospero

1976 774 2171 820 eventu
2196 775 2440 822 materno
2469 767 2622 824 fusus
2646 779 2832 837 utero,
2859 769 3194 828 iufantilibus
3219 775 3562 832 nutriebatur

1975 855 2279 926 impendiis.
2309 856 2430 912 Nati
2461 867 2586 914 sunt
2627 869 2810 916 autem
2845 877 2987 916 anno
3028 862 3416 921 incarnationis
3445 865 3557 922 Do-

1974 946 2106 1002 mini
2148 949 2320 1003 nostri
2347 947 2474 1005 Jesu
2503 950 2706 1007 Christi
2751 954 3232 1025 septingentesimo
3272 963 3556 1028 septuage-

1973 1039 2112 1093 simo
2146 1047 2358 1094 octavo.
2392 1039 2498 1096 Sed
2525 1057 2650 1097 eum
2675 1043 2767 1114 qui
2787 1045 3022 1100 vividam
3049 1046 3400 1115 promittebat
3429 1062 3559 1116 qua-

1973 1127 2198 1197 litatem,
2244 1146 2366 1186 cum
2397 1146 2496 1202 per
2520 1133 2862 1204 baptismatis
2902 1144 3299 1192 sacramentum
3345 1136 3555 1193 renasci

1972 1223 2304 1293 contigisset,
2336 1223 2666 1282 Ludovicum
2694 1228 2918 1284 vocitari
2961 1231 3100 1300 patri
3144 1230 3366 1301 placuit,
3397 1230 3555 1301 eique

1971 1328 2218 1385 regnum,
2246 1316 2389 1385 quod
2429 1317 2531 1372 sibi
2567 1319 2837 1373 nascendo
2871 1319 3165 1386 dicaverat,
3205 1321 3549 1377 contradidit.

1972 1403 2162 1462 Sciens
2189 1422 2351 1478 porro
2380 1423 2476 1462 rex
2502 1409 2931 1480 sapientissimus
2956 1419 3120 1481 atque
3155 1411 3554 1482 perspieaeissi-

1971 1513 2092 1553 mus
2133 1497 2390 1566 Carolus,
2435 1515 2660 1573 regnum
2697 1517 2817 1558 esse
2843 1502 3010 1558 veluti
3039 1517 3234 1574 corpus
3257 1503 3549 1574 quoddam,

1968 1595 2024 1643 et
2050 1605 2194 1645 nunc
2219 1591 2344 1657 isto,
2376 1607 2521 1648 nunc
2548 1592 2639 1648 illo
2662 1592 3002 1650 incommodo
3023 1593 3256 1664 jactari,
3288 1593 3392 1648 nisi
3423 1608 3551 1648 con-

289 1672 501 1769 hisque
521 1672 866 1753 cal-[omnm
896 1672 1190 1751 infauglum
1219 1672 1550 1762 οοευωιίιηι,
1584 1696 1766 1767 populi
1789 1710 1868 1752 re.
1892 1763 1934 1769 _
1968 1680 2091 1736 silio
2116 1690 2172 1736 et
2196 1681 2530 1750 fortitudine,
2556 1683 2704 1738 velut
2729 1672 3048 1755 quibusdam
3075 1684 3320 1750 medicis,
3347 1685 3550 1740 sanitas

289 1763 491 1862 suiq'ue
532 1787 866 1844 Francorum
907 1788 1233 1858 suscepisset
1268 1788 1487 1842 unicum
1525 1763 1862 1858 sibe—maca-
1891 1763 1941 1824 Β
1969 1779 2190 1862 accepta
2221 1782 2444 1840 tutetur,
2482 1774 2766 1846 episcopos
2793 1775 3010 1845 quidem
3042 1777 3202 1832 modo
3229 1790 3336 1845 quo
3371 1775 3552 1831 decuit

291 1879 439 1947 lunt,
478 1879 787 1936 invincibile
829 1879 932 1934 sibi
975 1879 1273 1934 arbitratus
1317 1886 1403 1934 est
1443 1876 1630 1934 adfore
1675 1878 1864 1934 salutis

286 1970 775 2040 prosperitatisque
795 1967 1123 2042 suﬂ‘ragium,
1148 1969 1195 2024 si
1223 1969 1480 2026 Ecclesiae
1499 1970 1620 2041 paci
1644 1984 1866 2026 concor-

289 2059 501 2130 diaeque
542 2058 932 2115 adminiculans
952 2101 967 2125 ,
1006 2059 1260 2130 pacificos
1285 2060 1502 2132 quidem
1535 2062 1636 2117 sub
1665 2062 1864 2118 unione

291 2150 529 2206 fraterna
560 2152 764 2207 arctius
791 2151 1038 2218 vinciret,
1060 2151 1288 2208 rebelles
1323 2161 1503 2208 autem
1527 2168 1680 2225 aequa
1708 2168 1864 2210 seve-

287 2240 450 2298 ritate
489 2241 827 2312 percelleret,
871 2258 971 2298 nec
1011 2257 1120 2299 non
1163 2251 1220 2299 et
1247 2246 1519 2315 oppressis
1563 2261 1596 2300 a
1640 2246 1862 2316 paganis

286 2349 448 2407 opem
475 2333 660 2399 ferret,
685 2335 778 2391 sed
801 2342 856 2390 et
878 2334 1022 2405 ipsos
1047 2333 1339 2392 Christiani
1359 2337 1593 2392 nominis
1615 2337 1862 2394 inimicos

287 2426 358 2482 ad
414 2427 740 2498 agnitionem
795 2426 1293 2497 confessionemque
1351 2428 1593 2484 veritatis
1645 2443 1862 2500 quoquo

257 2541 260 2545 ’
289 2522 449 2576 modo
478 2520 814 2593 perduceret.
853 2519 949 2576 Bis
977 2521 1140 2592 igitur
1166 2521 1449 2576 conatibus
1479 2521 1625 2592 regni
1655 2520 1738 2576 sui
1767 2536 1861 2576 au-

286 2612 456 2684 spicia
479 2611 754 2677 dedicans,
797 2620 852 2668 et
892 2611 1107 2668 Christo
1146 2611 1342 2667 tuenda
1368 2620 1423 2667 et
1459 2611 1859 2667 corroboranda

287 2703 650 2769 committens,
683 2710 966 2774 postquam
993 2718 1080 2758 res
1107 2702 1384 2770 Franciaa,
1423 2711 1584 2773 prout
1622 2703 1780 2759 libuit
1803 2710 1860 2759 et

246 2798 252 2802 ‘
288 2793 424 2849 utile
441 2793 723 2864 judicavit,
768 2794 878 2850 Deo
916 2804 1215 2860 annuente,
1251 2794 1572 2864 composuit,
1600 2795 1669 2850 ad
1694 2793 1860 2864 Aqui-

287 2884 492 2940 taniam
509 2885 742 2951 transiit,
758 2886 975 2942 recidua
995 2886 1133 2941 bella
1155 2886 1525 2952 meditantem,
1539 2894 1594 2941 et
1614 2885 1858 2941 Hunoldo

287 2977 520 3048 quodam
551 2985 778 3049 tyranno
795 2986 1039 3044 auctore,
1057 2975 1171 3046 jam
1187 2976 1406 3048 jamque
1440 2977 1496 3032 in
1523 2992 1674 3031 arma
1702 2992 1860 3032 ruen-

290 3075 418 3132 tem,
449 3067 592 3122 bello
615 3083 899 3140 aggressus
924 3076 1026 3124 est.
1071 3066 1200 3137 Ejus
1237 3081 1366 3140 ergo
1395 3076 1607 3125 terrore
1640 3075 1881 3124 coactus"

286 3167 372 3214 est
395 3158 536 3215 idem
563 3158 842 3216 Hunoldus
878 3167 935 3214 et
955 3158 1300 3230 Aquitaniam
1341 3159 1602 3229 linquere,
1636 3168 1692 3214 et
1718 3159 1858 3230 fugae

287 3251 528 3308 subsidio
545 3252 711 3308 vitam
733 3251 1096 3309 delitescendo
1115 3261 1276 3322 atque
1295 3253 1598 3309 oberrando
1618 3267 1855 3309 servare.

285 3343 381 3399 llis
403 3345 662 3415 peractis,
688 3352 743 3399 et
769 3345 929 3400 rebus
953 3353 1060 3399 tam
1081 3344 1308 3415 publicis
1327 3361 1487 3415 quam
1513 3345 1739 3416 privatis
1757 3361 1858 3417 pro

283 3436 683 3508 opportunitate
708 3435 1006 3507 dispositis,
1040 3435 1257 3506 reliquit
1304 3436 1680 3507 Hildegardam
1705 3435 1858 3492 nobi-

283 3526 545 3582 lissimam
572 3527 975 3599 piissimamque
1001 3529 1242 3599 reginam
1271 3528 1325 3583 in
1351 3528 1476 3584 villa
1503 3529 1668 3601 regia,
1701 3531 1856 3601 cujus

284 3619 602 3674 vocabulum
627 3630 713 3675 est
735 3617 1117 3692 Cassinogilus,
1144 3621 1356 3690 gemina
1381 3623 1657 3692 gravidam
1682 3623 1852 3693 prole,

281 3717 340 3765 et
371 3710 583 3765 transiit
608 3709 938 3766 Garumnam
962 3709 1180 3767 fluvium
1213 3711 1604 3782 Aquitanorum
1641 3723 1698 3769 et
1724 3715 1857 3770 Vas-

281 3816 480 3856 conum
509 3801 935 3860 wnterminum;
973 3818 1134 3872 quam
1162 3803 1438 3872 regionem
1453 3804 1769 3875 jamdudum
1799 3805 1856 3861 in

282 3893 613 3950 deditionem
635 3902 964 3966 susceperat,
999 3895 1148 3965 Lupo
1166 3896 1411 3966 principe
1445 3911 1504 3952 se
1531 3904 1588 3952 et
1611 3913 1708 3953 sua
1738 3898 1856 3968 ejus

282 3990 439 4045 nutui
469 3989 719 4046 dedente.
750 3990 951 4046 ibidem
979 3993 1143 4047 etiam
1171 4008 1289 4061 quae
1311 3994 1683 4064 opportunitas
1715 3995 1856 4051 utili-

283 4092 475 4152 tasque
507 4083 728 4138 dictavit
753 4083 1010 4154 expletis,
1056 4084 1241 4139 statuit
1269 4084 1512 4156 Pyrenaei
1541 4087 1737 4142 montis
1764 4103 1855 4144 su-

279 4184 472 4246 perata
493 4175 803 4232 difﬁcultate
832 4177 900 4232 ad
927 4175 1237 4247 Hispaniam
1276 4193 1528 4250 pergere,
1564 4179 1855 4238 laboranti-

280 4281 387 4337 que
448 4265 698 4320 Ecclesiae
748 4268 848 4322 sub
902 4266 1296 4323 Saracenorum
1337 4271 1684 4326 acerbissimo
1725 4271 1854 4345 jugo

281 4357 498 4412 Christo
519 4356 728 4411 fautore
763 4355 1066 4426 suffragari.
1099 4357 1199 4424 Qui
1240 4374 1395 4414 mons
1423 4376 1543 4415 cum
1573 4362 1853 4419 altitudine

1965 1860 2068 1916 sibi
2099 1863 2354 1918 devinxit.
2376 1863 2656 1920 Ordinavit
2679 1875 2858 1920 autem
2885 1879 2984 1936 per
3012 1875 3176 1922 totam
3203 1864 3548 1936 Aquitaniam

1966 1953 2194 2009 comites
2235 1954 2594 2025 abbatesque,
2627 1971 2865 2013 necnon
2896 1956 3030 2012 alios
3069 1957 3364 2029 plurimos,
3411 1971 3548 2027 quos

1964 2058 2150 2099 vassos
2174 2043 2334 2112 vulgo
2360 2053 2587 2110 vocant,
2616 2059 2682 2099 ex
2707 2055 2864 2114 gente
2903 2043 3235 2100 Francorum
3261 2062 3276 2110 ;
3317 2060 3548 2116 quorum

1964 2137 2264 2210 prudentia!
2301 2146 2358 2192 et
2397 2136 2727 2202 fortitudini,
2772 2137 2916 2191 nulla
2943 2137 3268 2204 calliditate,
3309 2137 3454 2192 nulla
3493 2137 3547 2192 vi

1962 2228 2184 2285 obviare
2205 2228 2369 2284 fuerit
2399 2238 2572 2284 tutum
2599 2248 2611 2282 :
2649 2229 2836 2300 eisque
2859 2228 3134 2285 commisit
3157 2243 3344 2283 curam
3371 2226 3545 2297 regni,

1962 2329 2126 2391 prout
2145 2320 2274 2375 utile
2293 2318 2578 2388 judicavit,
2602 2319 2790 2374 finium
2809 2327 3051 2374 tutamen
3075 2318 3434 2388 villarumque
3462 2329 3549 2372 re-

1964 2416 2171 2488 giarum
2193 2414 2574 2485 provisionem.
2598 2414 2667 2468 Et
2687 2413 2942 2485 Biturigae
2966 2413 3168 2468 civitati
3190 2413 3366 2484 primo
3387 2411 3550 2466 Hum-

1963 2509 2209 2574 bertum,
2255 2507 2415 2576 paulo
2461 2514 2584 2576 post
2638 2505 2918 2561 Sturbiutn
2968 2504 3210 2576 pracfeeit
3250 2504 3543 2560 comitem:

1962 2615 2126 2671 porro
2155 2597 2391 2654 Pictavis
2427 2597 2742 2662 Abbonem,
2779 2596 3143 2666 Petragoricis
3179 2603 3359 2650 autem
3387 2593 3544 2651 Wid—

1960 2691 2197 2756 baldum,
2232 2691 2326 2748 sed
2345 2699 2400 2746 et
2422 2689 2678 2744 Arvernis
2705 2687 2924 2742 lterium
2943 2728 2959 2753 ,
2999 2702 3100 2742 nec
3130 2702 3238 2740 non
3267 2685 3546 2756 Wallagia':

1960 2783 2188 2844 Bullum,
2222 2781 2316 2837 sed
2345 2790 2401 2836 et
2426 2779 2636 2836 Tolosae
2658 2779 3011 2844 Cborsonem,
3035 2777 3338 2850 Burdigalis
3367 2776 3546 2849 Signi-

1962 2890 2112 2941 num,
2150 2873 2526 2944 Albigensibus
2549 2886 2678 2928 vero
2711 2871 3016 2937 Aimonem,
3054 2884 3218 2941 porro
3245 2868 3547 2925 Lemovicis

1963 2964 2341 3037 Rothgarium.

2035 3075 2241 3143 Quibus
2269 3075 2372 3130 rite
2400 3074 2654 3145 peractis,
2686 3073 2918 3146 Ligerim
2947 3088 3071 3130 cum
3101 3071 3323 3142 reliquis
3359 3077 3543 3126 trans-

1962 3165 2164 3220 meavit
2183 3165 2376 3234 copiis,
2405 3173 2460 3219 et
2484 3163 2747 3230 Lutetias,
2779 3179 2899 3233 quae
2922 3164 3030 3218 alio
3059 3164 3276 3218 nomine
3304 3161 3545 3218 Parisius

1960 3265 2202 3325 vocatur,
2233 3273 2354 3314 sese
2383 3257 2583 3327 recepit
2611 3255 2780 3330 (779).
2828 3256 2957 3312 Post
2995 3272 3101 3312 non
3149 3255 3374 3312 multum
3414 3269 3546 3312 sane

1961 3357 2172 3420 tempus
2192 3348 2381 3404 incidit
2405 3348 2456 3404 ei
2489 3346 2818 3404 desiderium
2856 3346 3130 3401 dominam
3163 3344 3433 3416 quondam
3454 3357 3545 3398 or-

1957 3442 2042 3500 bis
2083 3442 2268 3498 videre
2309 3441 2560 3504 Romam,
2585 3439 2954 3512 principisque
2990 3439 3359 3510 apostolorum
3380 3445 3544 3507 atque

1957 3537 2194 3593 doctoris
2213 3534 2452 3607 gentium
2476 3533 2624 3589 adire
2646 3532 3032 3601 limina,seque
3056 3544 3316 3599 suamque
3337 3528 3542 3598 prolem

1957 3629 2036 3684 eis
2062 3626 2480 3684 commendare:
2523 3632 2584 3679 ut
2625 3623 2824 3679 talibus
2868 3622 3046 3677 nitens
3074 3618 3536 3692 suffragatoribus,

1956 3717 2154 3788 quibus
2177 3715 2298 3771 coeli
2324 3724 2587 3783 terraeque
2610 3721 2847 3783 potestas
2868 3712 3128 3766 attributa
3149 3717 3250 3772 est,
3278 3709 3392 3778 ipse
3412 3723 3541 3777 quo-

1956 3824 2064 3878 que
2087 3806 2345 3876 subjectis
2381 3805 2686 3869 consulere,
2714 3801 3264 3873 perduellionumque,
3293 3799 3338 3854 si
3364 3813 3540 3852 emer-

1956 3898 2183 3963 sissent,
2229 3893 2560 3967 proterviam
2600 3899 2881 3963 proterere
2925 3896 3127 3960 posset.
3160 3887 3330 3942 Batus
3369 3885 3535 3942 etiam

1954 4004 2063 4046 non
2092 3989 2367 4045 mediocre
2400 3985 2504 4041 sibi
2544 3983 2842 4040 subsidium
2883 3981 3149 4046 conferri,
3191 3981 3234 4035 si
3265 3996 3296 4034 a
3330 3980 3537 4035 vicario

1955 4097 2164 4148 eorum,
2189 4095 2312 4136 cum
2337 4077 2715 4134 benedictione
2738 4074 3075 4140 sacerdotali,
3098 4084 3209 4129 tam
3235 4074 3346 4144 ipse
3371 4088 3535 4143 quam

1954 4184 2010 4232 et
2039 4174 2133 4230 ﬁlii
2161 4173 2276 4244 ejus
2305 4173 2508 4246 regalia
2533 4179 2811 4229 sumerent
2850 4171 3101 4243 insignia.
3145 4169 3276 4237 Quae
3294 4184 3394 4244 res
3424 4169 3535 4223 Deo

1954 4285 2308 4348 prosperante
2334 4289 2434 4345 pro
2460 4282 2586 4330 voto
2632 4271 2814 4328 cessit.
2846 4270 3046 4326 Ibidem
3089 4268 3394 4324 Ludovicus
3420 4263 3536 4333 ejus

1955 4369 2113 4431 ﬁlius,
2141 4384 2404 4424 cunarum
2428 4368 2602 4423 adhuc
2627 4376 2786 4424 utens
2814 4366 3124 4440 gestatorio,
3160 4361 3538 4419 benedictione

281 4446 481 4541 caelum
512 4461 650 4541 pene
674 4446 1289 4541 contingat,gasperitate
1332 4451 1569 4505 cautium
1612 4453 1850 4520 horreat,
1877 4481 1931 4541 D
1957 4470 2249 4532 regnatum
2267 4475 2504 4530 congrua
2532 4468 2587 4515 et
2611 4459 2774 4530 regali
2803 4459 3087 4530 insignitus
3106 4464 3190 4512 est
3210 4453 3534 4518 diademate,

280 4539 552 4610 opacitate
573 4537 830 4593 silvarum
859 4539 1215 4604 tenebrescat,
1241 4543 1484 4611 angustia
1514 4543 1614 4598 viae
1640 4545 1724 4600 vel
1753 4563 1852 4618 po-

283 4632 392 4688 tius
417 4631 625 4686 semita:
652 4637 1008 4685 commeatum
1032 4647 1138 4687 non
1159 4631 1318 4687 modo
1348 4639 1551 4688 tantum
1571 4638 1854 4708 exercitui,

281 4723 379 4780 sed
399 4722 584 4794 paucis
607 4721 891 4777 admodum
917 4737 1056 4792 pene
1079 4721 1416 4787 intercludat,
1437 4723 1654 4781 Christo
1676 4733 1858 4784 tamen

281 4815 494 4868 favente
536 4827 795 4882 prospero
836 4826 1086 4866 emensus
1117 4821 1204 4868 est
1230 4813 1443 4870 itinere.
1489 4815 1672 4886 Neque
1712 4819 1858 4874 enim

279 4906 428 4978 regis
475 4905 688 4960 animus
735 4905 846 4959 Deo
896 4905 1216 4962 nobilitante
1255 4910 1736 4976 generosissimus,
1773 4912 1859 4967 vel

281 5000 460 5068 impar
487 4997 763 5068 Pompeio,
791 4997 876 5051 vel
906 4999 1120 5068 segnior
1159 5014 1278 5055 esse
1307 5001 1531 5056 curabat
1560 5000 1856 5070 Annibale,

281 5096 377 5163 qui
421 5107 539 5148 cum
571 5107 764 5163 magna
791 5091 876 5146 sui
898 5106 1224 5161 suorumque
1257 5092 1571 5164 fatigatione
1598 5103 1653 5150 et
1678 5096 1858 5165 perdi-

283 5185 434 5240 tione
464 5183 800 5254 iniquitatem
835 5180 950 5249 ejus
989 5179 1090 5237 loci
1117 5183 1244 5237 olim
1285 5183 1536 5239 evincere
1578 5192 1855 5239 curarunt.

285 5276 393 5332 sed
421 5276 561 5332 hanc
589 5274 900 5332 felicitatem
929 5273 1206 5338 transitus,
1235 5275 1281 5331 si
1312 5275 1418 5331 dici
1450 5276 1531 5331 fas
1560 5284 1661 5339 est,
1695 5276 1861 5332 foeda-

282 5368 361 5423 vit
393 5367 591 5423 infidus
617 5367 963 5436 incertusque
997 5365 1226 5421 fortuna:
1249 5380 1314 5422 ac
1341 5367 1606 5423 vertibilis
1648 5384 1862 5426 succes-

281 5472 394 5514 sus.
427 5456 566 5512 Dum
587 5456 732 5512 enim
758 5472 878 5528 qua:
917 5455 1004 5528 agi
1047 5462 1339 5526 potuerunt
1371 5455 1424 5511 in
1455 5457 1711 5527 Hispania
1739 5473 1862 5528 per-

283 5557 404 5607 acta
435 5558 636 5615 essent,
660 5558 715 5605 et
737 5564 998 5620 prospero
1030 5549 1221 5604 itinere
1244 5549 1475 5604 reditum
1506 5559 1669 5616 esset,
1701 5549 1862 5605 infor-

284 5643 436 5698 tunio
454 5642 728 5710 obviante,
751 5642 980 5696 extremi
1002 5641 1217 5712 quidam
1239 5641 1292 5696 in
1313 5643 1501 5697 eodem
1526 5652 1707 5698 monte
1729 5642 1861 5714 regii

283 5733 412 5791 etesi
436 5741 564 5791 sunt
587 5733 836 5806 agminis.
855 5732 1092 5801 Quorum
1106 5733 1232 5806 quia
1249 5734 1462 5806 vulgata
1483 5745 1608 5792 sunt
1621 5736 1857 5805 nomina,

1957 4567 2056 4624 per
2087 4568 2280 4608 manus
2306 4551 2530 4607 Adriani
2555 4550 2849 4607 venerandi
2888 4547 3148 4605 antistitis
3173 4544 3366 4616 (780).
3402 4543 3536 4598 Per-

1958 4644 2095 4700 actis
2135 4644 2300 4714 igitur
2335 4642 2586 4698 omnibus
2609 4657 2728 4712 quae
2756 4640 2944 4696 Romae
2987 4639 3192 4710 agenda
3222 4636 3333 4691 visa
3378 4640 3535 4699 sunt,

1957 4749 2051 4790 rex
2077 4732 2302 4788 Carolus
2330 4747 2455 4788 cum
2485 4731 2608 4787 filiis
2634 4739 2688 4785 et
2721 4731 2961 4785 exercitu
2999 4726 3223 4798 pacifica
3251 4723 3536 4780 Franciam

1959 4825 2171 4895 repetiit
2197 4843 2210 4878 :
2254 4823 2528 4893 filiumque
2554 4838 2707 4878 suum
2731 4821 3062 4876 Ludovicum
3085 4833 3262 4890 regem
3287 4822 3536 4888 regnatu-

1957 4930 2074 4969 rum
2121 4916 2174 4970 in
2217 4913 2565 4984 Aquitaniam
2610 4912 2790 4977 misit,
2835 4924 3152 4982 prwponens
3191 4907 3264 4962 illi
3294 4905 3533 4975 bajulum

1956 4981 2300 5068 Arnoldum;
2322 4981 2568 5072 aliosque
2597 4981 2873 5057 ministros
2923 4999 3296 5057 ordinahiliter
3337 4999 3534 5054 decen-

1959 5103 2147 5165 terque
2176 5095 2509 5151 constituens
2532 5093 2714 5148 tutelm
2736 5092 2928 5162 puerili
2953 5105 3218 5162 congruos
3241 5088 3408 5162 (781).
3432 5087 3534 5155 Qui

1958 5201 2129 5257 usque
2153 5185 2499 5240 Aurelianam
2522 5186 2801 5239 civitatem
2827 5182 3003 5239 cunali
3025 5192 3108 5238 est
3127 5191 3343 5237 evectus
3363 5189 3536 5252 gesta-

1957 5276 2122 5331 mine.
2157 5275 2264 5330 Sed
2287 5275 2358 5330 ibi
2392 5274 2812 5346 congruentibus
2840 5273 2955 5343 ejus
2979 5274 3125 5328 aetati
3154 5274 3320 5327 armis
3346 5273 3529 5328 accin-

1958 5375 2096 5433 ctus,
2130 5381 2268 5436 equo
2297 5367 2601 5437 impositus,
2625 5375 2681 5422 et
2709 5368 2763 5422 in
2790 5367 3137 5437 Aquitaniam
3166 5375 3269 5432 est,
3298 5367 3408 5422 Deo
3434 5382 3531 5420 an-

1958 5469 2178 5525 nuente,
2213 5459 2586 5527 transpositus.
2628 5457 2730 5515 Ubi
2763 5459 2886 5513 dum
2925 5473 3031 5513 non
3076 5458 3260 5513 multis
3292 5465 3535 5512 moratur

1959 5553 2132 5618 annis,
2161 5552 2227 5607 id.
2239 5561 2323 5607 est
2347 5561 2596 5622 quatuor,
2629 5552 2893 5623 gloriosus
2915 5568 3008 5606 rex
3045 5551 3268 5606 Carolus
3290 5549 3532 5603 assiduos

1958 5643 2228 5712 durosque
2250 5639 2556 5698 Saxonibus
2577 5643 2840 5698 inferebat
2859 5642 3232 5712 referebatque
3254 5638 3532 5696 conflictus

1961 5732 2129 5807 (785).
2167 5734 2316 5794 Inter
2355 5750 2492 5808 quos
2541 5751 2738 5795 cavens
2766 5752 2836 5795 ne
2867 5745 2962 5794 aut
3001 5736 3393 5807 Aquitanorum
3433 5743 3532 5803 po-
