4056 6350
595 324 696 411 πί

1680 336 2036 403 ,ιωονιαι
2069 334 2095 395 Ῐ
2129 332 2605 397 εσοΝοΜΕΝτο
2634 336 2726 398 ΡΠ

596 432 764 535 ριιιιιέ
785 467 1008 533 propter
1040 450 1158 530 eius
1197 454 1414 530 lungum
1450 453 1760 512 abscessum
1800 440 2183 516 insolesceret,
2212 452 2266 512 Α
2288 449 2517 506 Avarica
2546 460 2845 517 remeante,
2867 452 3075 524 accepit
3097 455 3169 511 ab
3190 456 3597 519 cenandum
3614 458 3671 516 in
3697 461 3867 535 Aqui.

597 566 689 611 aut
715 556 856 611 lilius
880 555 933 609 in
965 552 1323 609 tenerioribus
1357 551 1514 607 annis
1540 549 1951 620 peregrinorum
1976 546 2178 618 aliquid

596 647 832 702 disceret
875 658 1118 711 morum,
1163 646 1359 715 quibus
1401 641 1689 699 diﬂiculter
1734 641 2016 711 expeditur
2047 647 2178 695 tetas

595 737 767 794 semel
800 737 1041 804 imbuta,
1070 724 1218 792 misit
1257 745 1311 792 et
1360 736 1644 791 accersivit
1686 733 1853 788 lilium
1893 732 2005 802 jam
2039 731 2179 786 bene

594 828 950 898 equitantem,
981 843 1101 883 cum
1132 827 1277 882 omni
1306 826 1501 896 populo
1539 824 1790 889 militari,
1826 823 2031 879 relictis
2058 831 2178 877 tan-

594 925 708 973 tum
740 919 1165 983 marchionihus,
1194 918 1285 989 qui
1331 918 1465 973 lines
1496 917 1646 989 regni
1687 924 1899 971 tuentes
1921 956 1935 982 ,
1966 929 2174 980 omnes,

596 1010 641 1066 si
708 1009 849 1066 forte
895 1010 1209 1083 ingruerent
1232 1053 1247 1078 ,
1306 1009 1538 1067 hostium
1600 1017 1850 1065 arcerent
1904 1009 2173 1066 incursus.

595 1102 694 1159 Cui
716 1103 859 1159 illius
886 1102 1211 1168 Ludovicus,
1241 1118 1341 1173 pro
1376 1114 1568 1173 sapere
1594 1110 1650 1157 et
1674 1116 1833 1172 posse
1861 1100 2179 1156 obedienter

593 1208 812 1266 parens,
832 1196 1070 1251 occurrit
1093 1196 1164 1250 a‘d
1182 1192 1589 1250 Patrisbrunam
1605 1194 1750 1268 (786)
1768 1194 1952 1250 habitu
1978 1193 2179 1250 Vasco-

599 1300 729 1341 num
759 1296 882 1342 eum
906 1288 1099 1343 coaevis
1129 1285 1230 1342 sibi
1251 1288 1433 1358 pueris
1467 1285 1701 1353 indutus,
1722 1284 1954 1341 amiculo
1976 1285 2180 1340 scilicet

598 1380 862 1445 rotundo,
890 1380 1118 1436 manicis
1145 1381 1380 1436 camisia:
1401 1379 1628 1443 diffusis,
1657 1380 1963 1435 cruralibus
1983 1379 2180 1433 disten-

601 1468 697 1535 tis,
738 1468 1044 1526 calcaribus
1081 1470 1327 1543 caligulis
1359 1471 1605 1534 insertis,
1650 1470 1855 1526 missile
1895 1484 2058 1524 manu
2107 1468 2181 1523 fe-

599 1575 768 1618 rens:
797 1562 914 1618 litec
935 1554 1080 1617 enim
1122 1564 1411 1619 delectatio
1448 1564 1800 1634 voluntasque
1837 1564 2182 1619 ordinaverat

595 1662 845 1726 paterna.
891 1654 1089 1713 Mansit
1113 1672 1241 1727 ergo
1269 1670 1391 1713 cum
1421 1665 1574 1730 patre
1611 1657 1734 1713 inde
1769 1672 1938 1727 usque
1967 1657 2033 1711 ad
2063 1655 2173 1711 lie-

594 1744 806 1819 risburg
827 1762 950 1803 cum
981 1763 1046 1803 eo
1072 1749 1296 1813 vadens,
1338 1764 1617 1819 usquequo
1650 1749 1731 1804 sol
1767 1748 1836 1804 ab
1879 1748 1990 1803 alto
2014 1747 2178 1803 decli-

2277 546 2427 600 tania
2454 546 2657 611 redire,
2686 556 2741 601 et
2768 546 2926 602 fratri
2961 547 3187 618 Pippino
3212 551 3513 621 suppetias,
3545 569 3671 609 cum
3695 572 3864 627 quan-

2275 637 2353 693 tis
2373 649 2561 709 posset
2577 640 2748 709 copiis
2776 680 2792 705 ,
2832 640 2886 695 in
2915 639 3127 695 Italiam
3151 657 3402 715 pergere.
3429 643 3531 700 Cui
3557 647 3864 718 obedims,

2275 729 2625 799 Aquitaniam
2672 731 2918 787 ωειηωί
2956 740 3202 802 tempore
3239 735 3440 801 rediit,
3500 739 3865 811 omnibusque

2277 834 2399 894 qua:
2425 825 2493 880 ad
2510 832 2755 880 tutamen
2787 825 2941 897 regni
2971 827 3247 895 pertinent
3264 828 3559 895 ordinatis,
3581 847 3687 901 per
3714 849 3866 890 mon-

2280 917 2351 972 tis
2382 917 2572 971 Citn'sii
2601 931 2832 988 asperos
2852 926 2910 973 et
2950 917 3218 977 ﬂexuosus
3247 918 3539 978 anfractus
3560 924 3619 979 in
3655 924 3863 983 italia.

2279 1008 2672 1074 transvehitur,
2724 1008 3166 1079 Δψοιῢιαωιθω
3201 1011 3419 1068 Domini
3444 1012 3733 1073 Ravennate
3776 1032 3858 1075 ce-

2276 1096 2495 1153 lebrans
2546 1100 2697 1172 (795)
2746 1103 2822 1158 ἠ
2867 1100 3093 1159 habent
3144 1105 3316 1160 venit.
3341 1105 3442 1162 Cui
3488 1108 3860 1179 aminneae,

2272 1189 2477 1260 junctis
2500 1192 2708 1249 viribus
2727 1193 3164 1251 Wnam
3189 1198 3529 1267 provinciam
3552 1201 3863 1272 ingrediun-

2281 1288 2390 1346 tur,
2421 1292 2619 1338 cuncta
2645 1286 2806 1340 obvia
2830 1287 3183 1356 populantur,
3214 1299 3399 1351 castro
3420 1309 3535 1348 uno
3562 1297 3859 1363 potiuntur.

2279 1372 2467 1430 Hieme
2521 1384 2698 1430 autem
2757 1387 3032 1433 transacta
3062 1420 3078 1444 ,
3111 1395 3217 1434 una
3249 1382 3318 1436 ad
3345 1392 3557 1453 patrem
3607 1402 3864 1457 prospere

2278 1464 2678 1533 regrediuntur,
2708 1481 2819 1522 uno
2847 1476 3030 1522 tamen
3081 1470 3267 1525 audito
3316 1470 3625 1530 offuscante
3678 1489 3861 1533 eorum

2278 1556 2571 1627 plurimam
2594 1558 2953 1623 alacritatem,
3003 1576 3069 1618 eo
3115 1563 3269 1632 quod
3309 1578 3725 1637 compererunt,
3757 1570 3860 1624 tra—

2282 1657 2421 1705 trem
2447 1667 2609 1707 saum
2632 1654 2933 1710 naturalem
2967 1652 3265 1727 Pippinum
3297 1668 3489 1715 contra
3518 1676 3861 1720 communem

2280 1750 2499 1813 patrem
2523 1746 2875 1802 rebellionem
2898 1747 3223 1805 meditata
3242 1792 3258 1815 ,
3281 1750 3578 1823 pluresque
3606 1756 3862 1812 nobilium

597 1849 736 1891 nans
760 1811 895 1903 axe,
930 1839 1179 1894 ardorem
1206 1811 1453 1894 mstiv'um
1498 1811 1795 1895 autumnali
1844 1840 2174 1895 condescen-
2203 1811 2254 1874 Β
2282 1834 2447 1903 huius
2464 1837 2699 1894 sceleris
2718 1839 2967 1895 conscius
2992 1847 3161 1910 atque
3181 1841 3429 1900 irretitos
3452 1854 3508 1901 et
3550 1850 3866 1915 pessumda-

598 1928 750 1984 sione
782 1936 1127 2000 temperaret.
1156 1930 1320 1998 Cujus
1347 1939 1589 1986 extremo
1624 1941 1867 2001 tempore
1903 1930 2118 1986 licentia
2142 1947 2176 1988 a

597 2026 753 2093 patre
777 2030 1017 2093 accepta,
1046 2022 1341 2078 hiematum
1369 2023 1421 2077 in
1445 2021 1789 2092 Aquitaniam
1824 2023 2002 2078 rediit.

668 2110 747 2167 Ea
775 2120 1092 2182 tempestate
1119 2112 1327 2169 Chorso
1357 2114 1464 2169 dux
1502 2113 1799 2170 Tolosanus
1834 2115 1956 2170 dolo
1999 2113 2180 2183 cujus-

595 2203 722 2260 dam
749 2204 1026 2270 Vasconis,
1057 2203 1322 2260 Adelerici
1351 2206 1571 2263 nomine
1590 2247 1605 2271 ,
1635 2207 2037 2263 circumventus
2061 2214 2175 2274 est,

595 2302 653 2350 et
680 2304 1143 2350 sacramentorum
1170 2294 1395 2352 vinculis
1420 2297 1728 2362 obstrictus,
1755 2299 1941 2370 sicque
1961 2299 2176 2355 demum

596 2382 665 2440 ab
690 2399 757 2440 eo
783 2385 1076 2441 absolutus.
1129 2385 1237 2442 Sed
1276 2388 1436 2460 hujus
1477 2391 1617 2445 naevi
1644 2389 1937 2446 ulciscendi
1977 2391 2177 2463 gratia,

593 2490 693 2531 rex
734 2473 1034 2532 Ludovicus
1072 2487 1126 2533 et
1153 2494 1442 2549 proceres,
1470 2495 1701 2552 quorum
1741 2483 1966 2539 consilio
1990 2500 2179 2554 respu-

590 2564 731 2623 blica
761 2566 1066 2638 Aquitanici
1097 2572 1246 2642 regni
1289 2571 1803 2642 administrabatur,
1851 2584 2178 2633 conventum

588 2661 894 2734 generalem
926 2665 1327 2721 constituerunt
1353 2668 1404 2721 in
1447 2667 1567 2722 loco
1598 2666 1977 2740 Septimaniaa,
2025 2669 2177 2739 cujus

587 2755 907 2811 vocabulum
936 2762 1022 2812 est
1049 2755 1545 2815 Mors-Gothorum.
1568 2760 1791 2818 Accitus
1827 2771 2006 2818 autem
2032 2763 2177 2819 idem

589 2840 783 2910 Vasco,
816 2849 1067 2903 conscius
1092 2850 1216 2905 facti
1243 2850 1325 2906 sui
1362 2853 1547 2908 venire
1575 2852 1801 2919 distulit,
1839 2855 2009 2909 donec
2034 2855 2179 2910 obsi-

590 2931 717 2987 dum
768 2935 1177 3008 interpositione
1221 2940 1427 3008 fretus,
1474 2943 1696 2999 tandem
1748 2946 2007 3000 occurrit.
2069 2944 2178 3001 Sed

591 3027 905 3081 eorumdem
934 3029 1184 3085 obsidum
1229 3032 1470 3102 periculo
1511 3035 1647 3089 nihil
1686 3050 1911 3106 passus,
1956 3037 2179 3106 insuper

589 3116 911 3175 muneribus
950 3119 1204 3187 donatus,
1255 3132 1468 3181 nostros
1495 3126 1746 3192 reddidit,
1784 3141 1912 3181 suos
1945 3129 2181 3198 recepit,

467 3204 471 3209 ⁷
587 3214 645 3260 et
685 3206 759 3263 ita
789 3212 1030 3267 recessit.
1063 3211 1279 3269 Estate
1319 3231 1447 3271 vero
1480 3216 1861 3286 subsequente,
1889 3216 2043 3287 jussu
2081 3233 2175 3288 pa-

588 3298 689 3353 tris
714 3297 1021 3358 Ludovicus
1044 3318 1140 3359 rex
1169 3304 1529 3362 Wormatiam
1558 3308 1897 3377 simpliciter,
1938 3324 2046 3365 non
2075 3323 2172 3364 ex-

587 3388 993 3457 peditionaliter
1012 3395 1197 3449 venit:
1234 3403 1291 3450 et
1317 3412 1438 3452 cum
1473 3413 1540 3453 eo
1571 3397 1626 3453 in
1667 3400 1908 3455 hibernis
1937 3402 2176 3471 perstitit

589 3480 759 3553 (788).
790 3482 894 3538 Ubi
917 3483 1031 3552 jam
1063 3487 1238 3543 dictus
1275 3488 1589 3546 Adelcricus
1630 3500 1753 3548 ante
1793 3507 1949 3564 reges
1995 3495 2175 3552 dicere

586 3584 805 3627 causam
820 3570 1007 3641 jussus
1029 3584 1191 3647 atque
1213 3579 1448 3645 auditus,
1473 3596 1708 3654 purgare
1734 3582 1944 3653 objecta
1968 3586 2169 3655 volens,

587 3661 687 3716 sed
731 3679 839 3719 non
866 3664 1082 3735 valens,
1123 3671 1457 3742 proscriptus
1497 3682 1660 3743 atque
1702 3676 2042 3734 irrevocabili
2090 3688 2175 3737 est

585 3752 783 3809 exsilio
807 3755 1144 3827 deportatus.
1193 3762 1474 3820 Chorsone
1515 3780 1680 3835 porro
1709 3782 1738 3821 a
1768 3768 1964 3824 ducatu
2015 3768 2175 3828 Tolo-

588 3858 719 3901 sano
759 3846 1029 3917 submoto,
1074 3853 1143 3908 ob
1186 3853 1338 3922 cujus
1386 3858 1651 3913 incuriam
1685 3868 1909 3916 tantum
1941 3862 2172 3919 dedecus

586 3937 707 4008 regi
731 3945 784 3993 et
810 3936 1037 3998 Francis
1059 3944 1349 4013 acciderat,
1396 3944 1702 4005 Willelmns
1742 3966 1847 4022 pro
1878 3966 1944 4009 eo
1980 3955 2170 4012 subro-

588 4036 745 4100 gatus
781 4041 865 4086 est
896 4031 1063 4105 (789).
1107 4035 1207 4102 Qui
1254 4038 1555 4094 Vasconum
1597 4044 1889 4110 nationem,
1942 4055 2003 4101 ut
2044 4056 2171 4102 sunt

588 4129 783 4176 natura
828 4122 993 4190 leves,
1041 4137 1264 4198 propter
1304 4142 1556 4187 eventum
1600 4137 1968 4204 supradictum
2013 4140 2169 4196 valde

584 4208 777 4277 elatos,
799 4220 862 4267 et
898 4225 1120 4285 propter
1145 4219 1548 4277 mulctationem
1591 4222 1855 4281 Adelerici
1885 4230 2047 4285 nimis
2082 4246 2168 4285 re-

580 4300 723 4369 perit
762 4302 1032 4362 eﬂ‘eratos.
1074 4307 1223 4376 Quos
1261 4320 1439 4368 tamen
1470 4323 1576 4369 tam
1615 4327 1742 4372 actu
1772 4334 1933 4388 quam
1959 4322 2167 4379 viribus

578 4392 733 4449 brevi
777 4399 1007 4469 subegit,
1041 4402 1225 4473 illique
1266 4421 1454 4475 pacem
1504 4409 1758 4480 imposuit
1788 4414 2012 4469 nationi.
2047 4415 2164 4471 Rex

2281 1930 2388 1981 tos.
2417 1926 2640 1984 Concite
2672 1943 2805 1999 ergo
2839 1943 3127 2002 pergentes
3158 1933 3226 1988 ad
3256 1942 3471 2004 patrem
3509 1936 3570 1991 in
3615 1935 3865 2006 Bajoaria

2281 2028 2557 2089 agentem,
2580 2028 2850 2076 venerunt
2871 2021 2926 2076 in
2950 2021 3237 2081 loeumcui
3259 2035 3343 2082 est
3366 2027 3701 2083 vocabulum
3724 2028 3863 2097 Sall,

2278 2117 2339 2164 et
2359 2110 2429 2165 ab
2457 2125 2525 2166 eo
2556 2113 2867 2183 gratissime
2906 2122 3035 2170 sunt
3072 2118 3298 2188 recepti.
3352 2117 3631 2190 Quidquid
3686 2132 3864 2178 autem

2282 2205 2554 2275 amerluit
2581 2207 2809 2275 astatis,
2854 2212 3097 2266 acumini
3147 2218 3204 2268 et
3249 2213 3665 2277 Mennim-eum
3716 2227 3865 2288 patre

2283 2310 2413 2367 rege
2440 2312 2537 2353 rex
2565 2297 2872 2357 Ludovicus
2917 2303 3100 2374 exegit
3146 2304 3321 2377 (794).
3363 2306 3701 2379 Magnopere
3723 2312 3860 2368 enim

2279 2389 2508 2445 curabat
2535 2405 2631 2446 rex
2656 2401 2835 2462 pater,
2869 2409 2945 2449 ne
2965 2410 3151 2467 regem
3191 2396 3365 2454 ﬁlium
3394 2410 3492 2456 aut
3530 2405 3863 2460 nuu'imenta

2278 2480 2505 2539 honesta
2534 2482 2789 2551 laterent,
2813 2493 2908 2543 aut
2932 2495 3157 2544 externa
3194 2489 3613 2549 inhaereseentia
3650 2497 3713 2551 in
3763 2496 3859 2552 ali-

2278 2588 2386 2645 quo
2428 2576 2868 2636 debonestarent.
2921 2581 3022 2649 Qui
3069 2598 3195 2639 cum
3244 2586 3425 2656 primo
3461 2602 3594 2643 vere
3640 2588 3790 2662 (795)
3830 2607 3860 2647 a

2278 2674 2433 2735 patre
2461 2668 2832 2727 dimitteretur
2857 2713 2872 2738 ,
2920 2673 3285 2746 interrogatus
3311 2686 3397 2734 est
3424 2679 3499 2734 ab
3524 2694 3617 2745 eo,
3644 2697 3747 2737 cur
3772 2698 3861 2739 rex

2279 2772 2402 2813 eum
2429 2768 2574 2816 esset
2599 2800 2615 2825 ,
2648 2769 2816 2818 tanta:
3150 2777 3298 2824 esset
3326 2770 3380 2824 iu
3409 2786 3471 2827 re
3497 2771 3787 2841 lanuliarl,
3808 2782 3861 2831 ut

2278 2866 2385 2908 nec
2409 2852 2850 2914 benedictionem
2875 2861 3097 2930 quidem
3117 2902 3134 2929 ,
3188 2862 3295 2918 nisi
3346 2880 3415 2920 ex
3448 2866 3736 2936 postulato
3765 2868 3860 2924 sibi

2277 2943 2473 3000 olferre
2499 2956 2685 3017 posset
2707 2989 2722 3012 ,
2751 2949 3045 3022 didicittpte
3095 2955 3166 3009 ab
3208 2953 3301 3010 illo
3327 2957 3456 3027 quia
3484 2958 3725 3028 privatis
3748 2968 3858 3015 sta-

2278 3040 2412 3096 dens
2437 3043 2667 3111 quisque
2696 3046 3033 3115 primorum,
3061 3048 3342 3122 negligens
3390 3059 3575 3106 autem
3619 3053 3859 3122 publico-

2279 3146 2400 3186 rum
2426 3147 2683 3203 perversa
2712 3136 2832 3193 vice
2861 3178 2877 3203 ,
2905 3137 3035 3193 dum
3064 3139 3279 3209 publica
3303 3149 3599 3197 vertuntur
3646 3145 3703 3199 in
3758 3144 3855 3203 nri-

2276 3231 2424 3290 vata,
2472 3226 2697 3281 nomine
2745 3236 2907 3284 tenus
2953 3228 3208 3286 dominus
3279 3239 3435 3288 actus
3488 3232 3566 3287 sit
3618 3235 3856 3290 omnia

2272 3330 2413 3387 pene
2441 3318 2677 3390 indigus.
2710 3320 2912 3379 Volens
2941 3331 3123 3379 autem
3169 3323 3298 3380 huic
3348 3326 3580 3381 obviare
3628 3329 3847 3384 necessi

2272 3408 2393 3476 tati,
2428 3411 2521 3466 sed
2549 3425 2747 3469 cavens
2773 3426 2843 3469 ne
2875 3412 2972 3469 ﬁlii
3001 3415 3222 3471 dilectio
3265 3415 3407 3486 apud
3444 3417 3743 3487 optimates
3770 3420 3853 3476 ali-

2272 3510 2437 3567 quam
2465 3507 2745 3570 pateretur
2764 3499 3033 3571 iacturam
3061 3545 3077 3571 ,
3114 3503 3161 3561 si
3192 3504 3300 3562 illis
3343 3506 3555 3577 aliquid
3595 3523 3699 3579 per
3740 3526 3852 3581 pru-

2273 3588 2512 3645 dentiam
2543 3593 2784 3649 demeret
2807 3596 2953 3665 quod
2987 3610 3087 3667 per
3132 3596 3477 3653 inscientiam
3500 3601 3854 3669 contuderat,

2270 3680 2424 3736 misit
2452 3682 2526 3736 illi
2556 3683 2753 3741 missos
2780 3700 2929 3752 suos,
2966 3686 3341 3745 Willebertum
3371 3689 3602 3753 scilicet,
3656 3693 3851 3749 Bothe-

2269 3774 2549 3841 magensis
2589 3784 2775 3843 postea
2822 3778 2975 3833 urbis
3024 3779 3513 3851 archiepiscopum,
3544 3790 3603 3836 et
3632 3782 3842 3839 Riehar

2270 3862 2401 3917 dum
2427 3865 2681 3919 comitem
2708 3906 2724 3931 ,
2773 3864 3022 3923 villarum
3060 3883 3285 3924 suarum
3314 3871 3683 3940 provisor-en,
3708 3889 3845 3944 prc-

2268 3952 2477 4024 eipiens
2507 3965 2568 4011 ut
2589 3956 2737 4013 villae
2761 3972 2889 4028 quat-
2915 3968 3144 4016 cateruis
3171 3961 3295 4017 usui
3325 3962 3634 4019 servierant
3660 3966 3808 4035 regio
3832 4004 3850 4033 ,

2268 4049 2535 4120 obsequio
2581 4051 2997 4108 restituerentur
3040 4054 3259 4126 publico
3307 4073 3325 4111 :
3367 4057 3515 4126 quod
3558 4065 3619 4113 et
3647 4056 3848 4116 laet-In

2267 4148 2370 4196 est.

2337 4229 2544 4296 Quibus
2570 4234 2826 4304 receptis,
2859 4249 2958 4291 rex
2983 4245 3039 4292 et
3061 4236 3365 4306 prudentia:
3392 4254 3507 4295 sua:
3526 4240 3848 4296 monstravit

2265 4319 2525 4375 continuo
2555 4321 2936 4379 documentum
2965 4365 2982 4390 ,
3034 4335 3093 4381 et
3142 4326 3533 4384 misericordiae
3553 4369 3571 4393 ,
3616 4344 3743 4399 qua
3771 4329 3846 4385 illi

2263 4412 2497 4481 genuina
2522 4415 2801 4484 probatur,
2833 4416 3090 4487 patefecit
3110 4417 3362 4475 allectum
3396 4421 3566 4491 (796).
3597 4422 3736 4479 Nam
3763 4439 3825 4479 or

574 4499 710 4575 vero
750 4487 1054 4596 hudovicus
1094 4498 1281 4552 eodem
1313 4514 1460 4555 arma
1484 4501 1634 4574 (790)
1670 4504 1877 4560 Temese
1902 4507 2161 4575 placitum
2182 4536 2237 4596 Β
2264 4503 2472 4560 dinavit
2508 4508 2741 4576 qualiter
2784 4509 2838 4562 in
2882 4520 3117 4579 quatuor
3144 4510 3279 4567 locis
3578 4517 3841 4588 transige-

575 4579 830 4665 generale
856 4581 1061 4652 habuit,
1092 4586 1274 4658 ibique
1300 4594 1638 4659 conslsu‘nti,
1664 4594 1974 4653 Abutaurus
1999 4598 2161 4655 Sara-
2182 4579 2234 4596 ⁸⁷
2260 4604 2364 4661 ret,
2397 4606 2457 4652 ut
2489 4600 2664 4656 tribus
2716 4601 2874 4655 antiis
2906 4604 3133 4667 exactis,
3186 4615 3389 4674 quarto
3435 4607 3657 4663 demum
3706 4579 3841 4665 adeo

574 4678 835 4726 cenomui
856 4674 985 4739 dux,
1009 4688 1133 4731 cum
1173 4680 1393 4749 reliquis
1423 4697 1590 4752 regno
1615 4682 1940 4754 AquitaniCo
1981 4688 2156 4743 conli-

572 4762 907 4831 mita'ntibus‘,
941 4769 1015 4823 ad
1037 4785 1159 4825 eum
1189 4774 1408 4830 nuntios
1443 4776 1616 4841 misit,
1665 4792 1857 4848 pacem
1885 4789 2076 4850 petens
2101 4789 2161 4838 et

574 4849 716 4909 dona
766 4858 911 4928 regia
952 4861 1192 4917 mittens.
1243 4856 1450 4931 Quibus
1493 4871 1791 4925 secundum
1820 4849 2155 4930 voluntatem

572 4944 715 5015 regis
740 4950 996 5018 acceptis,
1026 4953 1198 5007 nuntii
1226 4955 1292 5008 ad
1324 4957 1549 5026 propria
1566 4967 1692 5013 sunt
1714 4963 1939 5017 reversi.

638 5033 845 5125 Interea
876 5054 1018 5096 anno
1045 5042 1184 5100 hunc
1217 5057 1476 5117 sequente
1496 5033 1653 5119 T790)
1682 5090 1695 5113 ,
1727 5053 1870 5120 patri
1900 5056 2015 5125 regi
2044 5072 2145 5114 rex

571 5118 1215 5205 Ludovicuslngelnheim
1242 5140 1499 5214 occurrit,
1518 5118 1646 5197 inde
1676 5118 2000 5219 Renesburg
2027 5165 2152 5207 cum

570 5228 638 5272 eo
665 5218 816 5275 abiit.
848 5223 1033 5295 Ibique
1081 5243 1211 5285 ense
1233 5270 1249 5293 ,
1296 5229 1413 5299 jam
1451 5233 1725 5304 appellens
1772 5218 2152 5298 adolescentiae

572 5314 834 5378 tempora,
865 5317 1141 5374 accinctus
1167 5329 1273 5386 est,
1309 5336 1374 5377 ac
1404 5323 1598 5381 deinde
1621 5335 1833 5395 patrem
1860 5329 1915 5383 in
1940 5330 2150 5391 Avares

570 5402 868 5493 exercitum
891 5407 1174 5468 ducentem
1196 5428 1368 5485 usque
1394 5416 1463 5471 ad
1484 5416 1811 5492 Chuneburg
1830 5424 2145 5493 comitatus,

563 5488 752 5559 jussus
779 5502 864 5551 est
894 5502 1091 5555 reverti
1117 5542 1132 5567 ,
1160 5513 1215 5559 et
1243 5520 1419 5576 usque
1459 5509 1526 5563 ad
1561 5488 1927 5569 reversionem
1963 5488 2147 5587 pater;

570 5598 716 5648 nam,
752 5600 875 5641 cum
911 5588 1171 5650 Fastrada
1202 5613 1423 5655 manere
1451 5603 1657 5673 regina.
1686 5604 1873 5677 Itaque
1923 5624 2046 5664 cum
2081 5625 2146 5667 ea

574 5674 811 5733 hiemem
848 5683 1029 5753 exegit
1058 5685 1432 5746 imminentem
1455 5733 1469 5757 ,
1522 5703 1674 5763 patre
1704 5696 1757 5751 in
1782 5674 2146 5768 expeditione

569 5774 749 5842 empta
781 5782 1158 5841 permanente.
1209 5778 1283 5835 At
1336 5796 1467 5837 vero
1526 5784 1646 5853 ipso
1691 5788 1761 5842 ab
1802 5791 2144 5862 expeditione

2260 4689 2627 4746 hiematum
2678 4707 2737 4748 se
2781 4694 3012 4763 quiane
3054 4709 3242 4751 eorum
3290 4698 3597 4769 susciperet
3649 4716 3839 4766 tueris,

2260 4780 2633 4838 Tehotnadum
2664 4782 2875 4839 scilicet
2898 4786 3160 4856 palatium
3184 4828 3201 4853 ,
3234 4787 3639 4862 Cassinogilu.
3661 4832 3681 4861 ,
3733 4794 3839 4849 kn-

2257 4871 2473 4927 diaeum
2498 4914 2515 4940 ,
2545 4884 2602 4929 et
2631 4875 2963 4946 Eurogilum.
2995 4878 3127 4945 Quae
3152 4879 3271 4935 loca
3290 4920 3306 4946 ,
3340 4882 3560 4951 quando
3584 4895 3835 4955 quarm

2254 4962 2537 5018 redibatur
2585 4966 2653 5020 ad
2694 4981 2939 5034 annum,
2998 4968 3355 5027 sufficientem
3413 4973 3566 5044 regio
3618 4976 3835 5033 servitio

2254 5056 2582 5112 exhibebant
2632 5072 2944 5129 expensam.
2997 5062 3203 5129 Quibus
3237 5066 3665 5134 prudentissime
3692 5069 3832 5125 ordi-

2253 5149 2419 5213 natis,
2450 5151 2686 5207 inhibuit
2708 5168 2745 5207 at
2770 5154 2997 5224 plebeiis
3020 5156 3246 5212 ulterius
3273 5174 3521 5215 annonas
3546 5160 3825 5227 militares,

2251 5255 2388 5309 quas
2417 5242 2581 5313 vulgo
2608 5242 2855 5300 foderum
2892 5256 3111 5313 vocant,
3164 5248 3303 5304 dari.
3347 5250 3421 5305 Et
3444 5249 3575 5308 licet
3600 5252 3703 5309 hoc
3726 5252 3830 5308 viri

2250 5333 2517 5391 militares
2540 5350 2684 5406 aegre
2715 5338 2961 5405 tulerint,
2992 5349 3173 5395 tamen
3196 5340 3286 5396 ille
3308 5341 3396 5396 vir
3418 5343 3823 5407 misericordis.

2248 5426 2600 5482 considerans
2622 5435 2679 5482 et
2704 5430 3062 5499 praebentium
3093 5431 3397 5502 penuriam,
3418 5442 3478 5489 et
3497 5436 3824 5508 exiguam

2247 5516 2652 5591 crudelitatem,
2691 5519 2851 5574 simul
2900 5527 2958 5574 et
3018 5530 3376 5593 utrorumque
3420 5525 3819 5593 perditionem.

2247 5606 2419 5663 satius
2454 5606 2721 5676 judicavit
2747 5611 2815 5666 de
2860 5625 2960 5667 suo
2984 5611 3401 5670 subministrare
3445 5616 3562 5672 anis
3591 5657 3609 5684 ,
3661 5631 3820 5688 quam

2245 5698 2326 5755 sic
2358 5700 2719 5769 permittendo
2747 5702 2959 5772 copiam
2989 5706 3067 5760 rei
3098 5703 3471 5762 frumentariae
3491 5748 3507 5774 ,
3535 5724 3665 5766 suos
3688 5710 3819 5766 irre-

2247 5792 2338 5848 tiri
2366 5792 2642 5863 periculis.
2683 5793 2802 5863 Quo
2857 5797 3447 5873 temperem
3472 5801 3681 5859 tributo
3714 5816 3815 5877 quo
