4056 6350
253 407 364 471 935

1794 378 1972 438 ἮἸΔ.

3406 365 3514 424 954

255 533 314 586 in
347 525 528 583 dando
551 522 678 577 vino
707 525 762 572 et
789 529 1002 574 annona
1029 514 1408 588 gravabantur,
1457 523 1552 565 sua
1601 501 1840 560 liberali-
1867 499 1918 558 Α
1944 499 2102 564 gente
2129 494 2350 550 subacta
2379 490 2680 552 Saxonum,
2727 483 2902 542 victor
2950 484 3174 542 Carolus
3219 483 3514 554 imperator

257 631 376 678 tate
405 615 684 672 relevavit.
721 611 963 666 Habebat
999 617 1176 664 autem
1209 617 1336 662 tunc
1371 603 1628 674 temporis
1671 599 1836 668 Megi-

253 713 480 772 narium
513 721 696 764 secum
726 747 740 771 ,
790 705 1012 759 missum
1037 701 1136 757 sibi
1166 716 1194 754 a
1225 709 1396 768 patre.
1427 697 1602 749 virum
1631 692 1838 760 sapien-

258 811 376 860 tem
411 811 468 858 et
493 811 796 862 strenuum,
823 809 1158 866 gnarumque
1188 789 1438 845 utilitatis
1467 795 1520 840 et
1546 787 1738 838 honest
1773 781 1843 834 tis

257 897 443 966 regiae.
475 893 530 948 ln
565 899 776 947 tantum
805 897 982 940 autem
1015 884 1124 954 regi
1165 884 1302 952 patri
1331 883 1444 936 haec
1469 877 1738 948 placuisse
1766 869 1846 926 di-

260 1001 481 1052 cuntur,
509 995 570 1041 ut
595 987 695 1040 hac
721 981 1020 1037 imitatione
1060 975 1466 1047 stipendiariam
1515 971 1569 1024 in
1617 965 1846 1023 Francia

263 1081 616 1138 interdiceret
647 1089 916 1130 annonam
949 1071 1240 1126 militarem
1271 1066 1422 1130 dari,
1477 1071 1530 1118 et
1579 1061 1684 1115 alia
1729 1057 1850 1127 plu-

263 1173 400 1230 rima
429 1170 626 1241 corrigi
648 1167 884 1235 juberet,
914 1160 1294 1234 congratularis
1319 1156 1566 1211 felicibus
1595 1151 1688 1205 ﬁlii
1719 1163 1847 1218 pro-

265 1263 516 1322 fectibus.
574 1238 844 1328 Cequente
897 1271 1068 1326 porro
1107 1261 1352 1321 tempore
1400 1247 1652 1302 Tolosam
1701 1238 1852 1294 venit

265 1373 394 1420 rex,
421 1363 477 1410 et
508 1360 830 1409 conventum
878 1346 1182 1416 generalem
1231 1343 1426 1396 ibidem
1469 1336 1678 1393 habuit.
1711 1332 1852 1386 Ade-

267 1447 410 1506 foosi
433 1447 784 1504 Galletiarum
813 1441 1069 1513 principis
1091 1439 1303 1498 missos,
1324 1447 1460 1504 quos
1483 1445 1584 1501 pro
1606 1425 1850 1482 amicitia

269 1537 530 1597 ﬁrmanda
562 1535 781 1590 miserat
807 1547 928 1586 cum
956 1529 1110 1585 donis
1131 1570 1144 1592 ,
1173 1524 1410 1593 suscepit
1441 1531 1496 1576 et
1521 1516 1746 1589 paciﬁee
1774 1527 1856 1566 re-

271 1633 439 1690 misit.
481 1629 703 1685 Necnon
740 1635 794 1680 et
823 1621 1060 1678 Babaluc
1109 1620 1504 1673 Saracenorum
1545 1611 1716 1672 ducis,
1765 1604 1856 1673 qui

271 1725 406 1782 locis
434 1720 736 1778 montuosis
783 1715 1092 1786 Aquitaniae
1132 1709 1394 1782 proximis
1429 1702 1856 1775 principabatur,

273 1818 473 1872 missos
513 1825 700 1882 pacem
743 1816 989 1879 petentes
1018 1811 1072 1859 et
1100 1803 1238 1858 dona
1271 1800 1508 1854 ferentes
1544 1793 1780 1861 suscepit
1806 1793 1863 1843 et

273 1906 502 1963 remisit.
538 1903 655 1970 Quo
686 1911 928 1969 tempore
955 1911 1150 1951 verens
1183 1909 1250 1948 ne
1275 1890 1519 1961 corporis
1559 1886 1742 1942 nativo
1768 1899 1860 1938 su-

271 2007 494 2072 peratus
515 1993 713 2056 calore,
747 1993 798 2046 in
843 1987 1186 2044 multimodos
1209 1983 1434 2038 luxuriae
1455 1986 1740 2049 raperetur
1765 1989 1860 2029 an—

275 2087 505 2154 fractus,
530 2103 649 2143 cnm
682 2083 910 2141 consilio
932 2097 1178 2146 suorum,
1225 2073 1687 2142 Hermengardam
1720 2068 1864 2122 futu-

275 2197 396 2239 ram
425 2181 696 2256 reginam,
736 2175 896 2232 claris
924 2181 1100 2229 ortam
1127 2171 1415 2232 natalibus,
1444 2173 1504 2220 ut
1533 2171 1660 2234 pote
1693 2159 1864 2215 ﬁliam

273 2271 569 2346 ltigrammi
599 2269 813 2325 comitis
839 2309 852 2334 ,
909 2265 1012 2322 sibi
1068 2261 1312 2319 sociavit.
1361 2255 1644 2315 Ordinavit
1682 2263 1864 2308 autem

277 2367 370 2425 Illo
399 2377 642 2436 tempore
682 2363 734 2417 in
777 2361 976 2415 ﬁnibus
1021 2358 1415 2428 Aquitanorum
1445 2353 1868 2417 circumquaque

279 2447 646 2516 ﬁrmissimam
696 2453 940 2510 tutelam.
971 2451 1104 2506 Nam
1136 2449 1408 2504 civitatem
1451 2444 1748 2504 Ausonam,
1779 2453 1869 2493 ca-

281 2561 455 2606 Strum
503 2547 829 2611 Cardonam,
869 2543 1317 2604 Castamserram,
1355 2547 1410 2592 et
1440 2535 1644 2603 reliqua
1674 2529 1868 2601 oppida

281 2645 410 2702 olim
442 2643 694 2704 deserta,
728 2637 995 2700 munivit,
1026 2631 1260 2689 habitari
1314 2629 1442 2684 fecit
1464 2670 1478 2692 ,
1514 2636 1568 2682 et
1621 2619 1869 2678 Burrello

282 2737 466 2794 comiti
496 2751 619 2790 cum
641 2731 892 2803 congruis
912 2727 1124 2781 auxiliis
1147 2723 1340 2780 tuenda
1362 2719 1654 2777 commisit.
1682 2715 1870 2771 Hieme

283 2837 562 2884 transacta
591 2823 736 2879 misit
767 2823 830 2876 ad
860 2821 1006 2874 illum
1037 2827 1190 2888 pater
1217 2829 1333 2878 rex,
1374 2821 1432 2866 ut
1462 2811 1528 2866 ad
1570 2823 1628 2865 se
1679 2815 1870 2862 contra

283 2917 529 2977 Saxones
554 2925 792 2978 euntem,
819 2927 942 2967 cum
977 2909 1172 2980 populo
1199 2949 1213 2973 ,
1241 2922 1348 2976 quo
1375 2909 1558 2975 posset
1583 2943 1597 2968 ,
1637 2899 1868 2955 veniret.

284 3007 384 3080 Qui
419 3011 500 3065 ire
527 3025 632 3063 non
658 3005 931 3067 dill'crens,
964 2999 1034 3056 ad
1079 3015 1208 3055 eum
1233 2993 1570 3067 Aquasgrani
1601 2991 1749 3046 venit
1777 3032 1790 3054 ,
1820 2997 1876 3044 et

287 3079 410 3162 enim
464 3103 582 3172 ipso
621 3099 688 3154 ad
715 3093 1110 3151 Fremcrsbeim
1138 3134 1152 3157 ,
1185 3091 1277 3146 ubi
1316 3087 1570 3158 placitum
1622 3079 1873 3154 generale

287 3193 510 3257 habuit,
557 3203 720 3260 super
771 3187 942 3256 ripam
993 3183 1164 3237 Rheni
1219 3179 1475 3252 perrexit.
1521 3177 1578 3230 ln
1634 3173 1874 3228 Saxonia

288 3299 411 3339 cum
457 3289 616 3353 patre
653 3294 826 3348 usque
859 3276 928 3332 ad
954 3275 1174 3329 missam
1221 3269 1394 3326 sancti
1425 3265 1638 3322 Martini
1669 3265 1874 3336 perdu-

291 3379 453 3436 ravit.
481 3377 610 3434 Inde
635 3392 668 3431 a
705 3373 940 3430 Saxonia
981 3385 1104 3425 cum
1139 3376 1290 3437 patre
1320 3361 1453 3418 exiit
1476 3403 1488 3422 ,
1518 3369 1573 3414 et
1613 3360 1668 3413 in
1709 3355 1877 3425 Aqui-

291 3473 516 3532 taniam,
549 3483 740 3540 magna
765 3463 961 3522 hiemis
986 3468 1175 3517 exacta
1203 3464 1378 3529 parte,
1418 3452 1704 3508 concessit.
1738 3447 1876 3504 Suc-

292 3565 520 3621 cedente
563 3577 694 3617 vero
743 3565 929 3614 testate
957 3597 972 3622 ,
1020 3569 1116 3609 rex
1155 3547 1380 3605 Carolus
1410 3545 1477 3600 ad
1523 3559 1648 3599 eum
1683 3539 1832 3594 misit
1859 3579 1874 3602 ,

291 3655 558 3714 mandans
591 3661 650 3708 ut
695 3665 877 3707 secum
909 3650 963 3703 in
1013 3645 1222 3700 Italiam
1265 3639 1706 3712 proficisceretur
1737 3651 1754 3688 :
1783 3631 1880 3688 sed

293 3759 505 3810 mutato
539 3745 764 3804 consilio
783 3743 968 3812 jussus
987 3749 1069 3795 est
1095 3738 1238 3792 domi
1266 3747 1506 3789 manere.

366 3843 518 3912 Rege
545 3849 721 3894 autem
755 3835 978 3891 Romam
1007 3837 1264 3903 pergente
1293 3869 1307 3892 ,
1349 3825 1656 3890 ibidemque
1683 3817 1880 3873 infulas

297 3906 676 4005 imperatorias
703 3925 1032 3996 suscipiente
1063 3919 1233 3992 (800),
1283 3929 1377 3971 rex
1413 3911 1722 3966 Ludovicus
1769 3906 1880 3960 To-

295 4029 470 4082 losam
496 4023 622 4077 abiit
655 4023 883 4081 iterum,
928 4024 1090 4082 atque
1121 4009 1246 4063 inde
1289 4007 1346 4060 in
1389 4001 1706 4071 Hispaniam
1753 4011 1884 4050 con-

301 4119 496 4177 tendit.
529 4115 626 4172 Cui
653 4111 968 4168 Bareinonm
1017 4095 1506 4175 appropinquanti,
1546 4089 1730 4146 Zaddo
1775 4087 1884 4142 dux

299 4211 540 4283 ejusdem
571 4205 806 4264 civitatis
855 4211 1112 4269 tanquam
1166 4192 1440 4262 subjectus
1477 4183 1756 4246 occurrit,
1785 4193 1888 4234 nec

301 4317 488 4362 tamen
515 4303 786 4358 civitatem
819 4293 1041 4350 dedidit.
1075 4289 1243 4355 Quam
1271 4279 1676 4353 transgrediens
1703 4279 1890 4340 rex,et

297 4399 488 4455 Ilerdae
519 4390 904 4464 superveniens
923 4427 936 4452 ,
983 4381 1196 4452 subegit
1225 4379 1368 4433 illam
1414 4383 1574 4443 atque
1602 4365 1885 4426 subvertit.

305 4493 424 4561 Qua
454 4489 629 4544 diruta
664 4528 677 4550 ,
711 4493 764 4538 et
793 4477 1004 4537 caeteris
1033 4471 1342 4540 municipiis
1365 4467 1592 4522 vastatis
1619 4480 1682 4518 ac
1709 4463 1892 4516 incen-

306 4587 406 4652 sis,
426 4585 490 4638 ad
508 4581 700 4638 Oscam
727 4592 898 4646 usque
927 4569 1210 4644 processit.
1241 4563 1404 4632 Cujus
1432 4575 1590 4632 agros
1620 4555 1890 4626 segetibus
1913 4569 1967 4629 D

302 4681 495 4754 ple-uos
525 4687 716 4728 manus
745 4666 996 4724 militaris
1021 4661 1212 4724 secuit,
1247 4656 1516 4717 vastavit,
1549 4647 1804 4705 incendit.
1833 4653 1890 4700 et

308 4737 645 4844 cumnamque
690 4775 840 4818 extra
878 4758 1152 4814 civitatem
1206 4757 1330 4806 sunt
1377 4753 1610 4816 reperta,
1643 4737 1889 4795 incendio

309 4867 636 4934 depascrtite
665 4865 788 4912 sunt
821 4857 1156 4918 consumpta.
1207 4843 1413 4910 Quibus
1442 4833 1686 4907 expletis,
1717 4830 1893 4884 immi-

313 4965 482 5013 nente
514 4956 624 5024 jam
655 4951 850 5012 hieme,
884 4945 948 4998 ad
976 4939 1188 5012 propria
1219 4935 1396 4990 rediit.
1425 4929 1702 4984 Redeunte
1729 4935 1893 4993 porro

311 5061 560 5118 tempore
610 5044 795 5098 aestivo
820 5081 833 5102 ,
868 5037 1162 5105 imperator
1199 5023 1617 5100 gloriosissimus
1669 5015 1894 5073 Carolus

317 5109 609 5196 Saxoniam
645 5132 799 5206 petiit
847 5129 1017 5201 (SOI),
1064 5119 1323 5178 mandans
1371 5118 1496 5180 lilio,
1545 5121 1605 5167 ut
1650 5117 1704 5166 et
1739 5109 1892 5179 ipse,

313 5242 574 5300 tanquam
617 5229 668 5281 in
699 5225 888 5278 eadem
929 5229 1072 5272 terra
1097 5215 1433 5269 hiematurus
1457 5249 1470 5274 ,
1503 5223 1561 5260 se
1606 5203 1897 5269 subseque-

319 5335 491 5383 retur.
543 5321 692 5389 Quod
745 5319 861 5387 ipse
914 5325 1072 5378 agere
1145 5305 1451 5367 festinans,
1498 5301 1564 5354 ad
1611 5295 1898 5352 Ncusciam

319 5417 492 5478 venit,
523 5413 769 5468 Rhenum
819 5403 1018 5460 ibidem
1051 5397 1295 5460 transiit,
1321 5403 1374 5450 et
1399 5391 1539 5464 patri
1566 5397 1896 5444 concurrere

321 5507 677 5570 accelerabat.
711 5499 818 5556 Sed
846 5505 1133 5563 antequam
1165 5489 1230 5544 ad
1272 5501 1395 5542 eum
1439 5481 1680 5543 veniret,
1711 5475 1901 5532 nuntio

320 5566 562 5658 obviavit
607 5603 834 5664 paterno
870 5589 924 5643 in
971 5581 1089 5639 loco
1137 5580 1290 5650 cujus
1325 5573 1638 5630 vocabulum
1669 5577 1752 5625 est
1781 5566 1903 5623 0st-

324 5663 628 5756 faloa,cum
655 5683 924 5742 mandatis
963 5693 1030 5734 ne
1067 5677 1187 5746 plus
1218 5671 1269 5726 in
1303 5667 1623 5723 ambulando
1655 5663 1905 5730 fatigare—

325 5795 438 5852 tur,
484 5784 613 5854 quin
655 5779 832 5849 potius
858 5777 975 5828 loco
1003 5769 1104 5826 sibi
1140 5771 1442 5836 opportuno
1467 5769 1643 5814 castra
1675 5761 1908 5810 metare-

327 5843 437 5944 tur;
463 5843 518 5930 et
546 5889 606 5930 se
647 5843 963 5928 redeuutem
993 5859 1191 5920 ibidem
1238 5855 1560 5928 operiretur.
1591 5849 1726 5905 Tota
1762 5843 1907 5899 enim

1933 587 2046 656 jam
2078 587 2306 640 redibat.
2339 582 2434 638 Cui
2475 596 2596 636 cum
2633 578 2776 632 ﬁlius
2799 576 3144 640 occurrisset,
3183 575 3350 630 multo
3392 589 3516 628 eum

1942 676 2246 745 amplexata
2317 671 2634 728 deosculans
2661 709 2678 734 ,
2743 667 2972 737 plurima
3019 665 3170 719 illum
3217 664 3516 736 gratiarum

1943 770 2156 824 actione
2203 774 2260 821 et
2305 765 2464 822 laude
2514 761 2732 826 extulit,
2781 758 3174 826 utilitatemque
3213 754 3520 826 obsequelm

1945 861 2110 923 illius,
2139 871 2282 926 sirpe
2325 855 2572 912 iterando
2597 853 2812 908 felicem
2830 865 2890 906 se
2917 850 3008 904 tali
3037 849 3148 902 ﬁlio
3183 846 3515 917 praedicavit.

1945 951 2126 1006 Finito
2163 947 2378 1004 tandem
2407 947 2616 1002 diutino
2641 953 2802 1013 atque
2843 941 3226 998 cruentissimo
3253 940 3519 996 Saxonico

1947 1043 2104 1104 bello,
2133 1041 2300 1111 quod,
2323 1048 2384 1094 ut
2407 1039 2606 1102 ferunt,
2638 1037 2864 1108 triginta
2887 1034 3052 1088 trium
3077 1047 3344 1088 annorum
3387 1039 3522 1086 tem-

1947 1151 2052 1206 pus
2077 1133 2382 1204 occupavit,
2433 1130 2734 1184 Ludovicus
2765 1143 2862 1180 rex
2891 1143 2924 1180 a
2949 1135 3107 1196 patre
3137 1125 3396 1180 dimissus
3421 1163 3436 1188 ,
3467 1120 3525 1176 in

1951 1241 2176 1298 regnum
2218 1223 2498 1296 proprium
2527 1223 2596 1276 ad
2623 1221 2850 1278 hiberna
2894 1233 3014 1276 sese
3063 1234 3188 1274 cum
3223 1217 3339 1274 suis
3366 1215 3528 1272 colle-

2025 1408 2214 1462 Hieme
2240 1419 2404 1476 porro
2449 1409 2724 1460 transacta
2765 1400 2942 1476 (802),
2983 1399 3208 1456 Carolus
3235 1399 3530 1468 imperator

1955 1509 2170 1572 tempus
2225 1507 2584 1569 opportunum
2635 1506 2828 1552 nactus
2849 1535 2864 1560 ,
2913 1501 2974 1548 ut
3019 1501 3146 1562 pote
3192 1491 3262 1545 ab
3293 1488 3534 1545 externis

1957 1594 2244 1662 quiescens
2265 1589 2440 1654 bellis,
2457 1588 2626 1658 coepit
2647 1587 2938 1642 circumire
2957 1585 3078 1640 loca
3101 1582 3186 1638 sui
3213 1581 3366 1653 regni
3394 1580 3535 1637 mari

1958 1686 2232 1756 contigua.
2273 1682 2424 1749 Quod
2479 1681 2608 1736 dum
2653 1679 2956 1734 Ludovicus
2989 1689 3084 1732 rea
3136 1675 3532 1744 comperisset,

1961 1777 2356 1844 Rothomagum
2386 1773 2554 1828 misso
2599 1771 2775 1842 legato
2819 1769 3163 1833 Hademaro,
3201 1767 3368 1836 petiit.
3411 1779 3536 1820 eum

1885 1857 1934 1916 Β
1963 1869 2020 1922 in
2043 1866 2386 1936 Aquitaniam
2414 1864 2702 1927 divertere,
2737 1871 2796 1918 et.
2827 1876 3050 1931 regnum
3081 1859 3222 1929 quod
3247 1859 3350 1914 sibi
3376 1857 3539 1915 dede-

1960 1967 2048 2012 rat
2079 1958 2320 2012 invisere
2343 1995 2356 2022 ,
2414 1963 2470 2010 et
2501 1956 2567 2010 ad
2607 1955 2784 2009 locum
2809 1953 2900 2024 qui
2927 1949 3292 2022 Cassiuogilus
3317 1957 3540 2004 vocatur

1961 2049 2170 2104 venire.
2201 2046 2366 2115 Cujus
2395 2047 2714 2116 petitionem
2761 2054 2916 2115 pater
2943 2043 3332 2100 honorabiliter
3359 2057 3542 2098 susce-

1963 2141 2064 2209 pit,
2102 2149 2158 2194 et
2195 2138 2304 2192 ﬁlio
2341 2137 2542 2207 gratias
2581 2137 2692 2206 egit
2724 2153 2737 2189 :
2771 2135 2940 2204 petita
2991 2143 3170 2189 tamen
3201 2133 3419 2204 negavit
3443 2171 3460 2197 ,
3489 2137 3544 2186 et

1967 2242 2028 2286 ut
2056 2232 2160 2286 sibi
2185 2229 2462 2285 Turonum
2487 2237 2802 2284 occurreret
2821 2227 3118 2282 mandavit.
3145 2224 3262 2292 Quo
3289 2224 3432 2280 ﬁlius
3453 2239 3545 2278 ve-

1965 2325 2124 2380 niens
2145 2363 2160 2388 ,
2201 2321 2593 2393 gratulabunde
2639 2319 2802 2374 nimis
2835 2319 2904 2374 ab
2945 2333 3014 2374 eo
3048 2323 3364 2386 susceptus,
3400 2323 3456 2370 et
3489 2315 3547 2370 in

1967 2417 2252 2471 Franciam
2284 2415 2598 2468 redeuntem
2640 2414 2878 2469 Ver-num
2901 2425 3072 2480 usque
3095 2417 3418 2480 prosecutus
3442 2416 3546 2469 est.

1966 2507 2012 2561 Α
2047 2521 2156 2576 quo
2201 2505 2508 2574 digrediens
2533 2543 2548 2568 ,
2611 2503 2667 2556 in
2721 2501 3068 2570 Aquitaniam
3119 2514 3396 2571 regressus
3445 2508 3548 2554 est.

1969 2599 2182 2655 Aﬁstate
2211 2599 2353 2652 hanc
2375 2605 2636 2666 sequente
2657 2595 2804 2670 (805)
2837 2596 3022 2651 Zaddo
3043 2597 3152 2650 dux
3181 2595 3550 2651 Barcinonen-

1971 2696 2046 2749 sis
2077 2709 2270 2749 suasus
2297 2701 2382 2748 est
2407 2709 2438 2746 a
2467 2692 2700 2762 quodam
2730 2691 2838 2745 sibi
2865 2731 2880 2756 ,
2929 2699 2990 2744 ut
3037 2689 3292 2760 putabat,
3329 2688 3504 2742 amico
3535 2725 3553 2754 ,

1971 2787 2282 2842 Narbonam
2337 2800 2510 2856 usque
2555 2785 2870 2854 procedere.
2931 2783 3034 2848 Qui
3086 2781 3508 2852 comprehensus
3535 2818 3555 2845 ,

1971 2877 2246 2934 Ludovico
2283 2879 2398 2949 regi
2444 2885 2526 2932 est
2565 2877 2859 2940 adductus,
2895 2883 2950 2928 et
2979 2874 3122 2944 patri
3147 2873 3342 2928 Carolo
3370 2867 3556 2926 itidein

1971 2972 2284 3043 perductus.
2315 2971 2437 3040 Ipso
2473 2977 2718 3038 tempore
2763 2967 3068 3021 Ludovicus
3117 2977 3212 3018 rex
3248 2971 3440 3018 coacto
3461 2977 3558 3032 po-

1973 3063 2100 3133 pulo
2129 3063 2284 3132 regni
2318 3061 2401 3117 sui
2437 3059 2665 3124 Tolosae,
2702 3059 2770 3112 de
2797 3057 2883 3112 his
2908 3071 3026 3126 quae
3067 3055 3274 3127 agenda
3300 3052 3560 3108 videban-

1977 3163 2067 3209 tur
2093 3162 2334 3208 tractans
2367 3152 2718 3207 deliberabat.
2745 3147 3126 3219 Burgundione
3155 3159 3388 3214 namque
3415 3159 3560 3198 mor-

1977 3251 2090 3308 tuo,
2139 3243 2428 3297 comitatus
2461 3240 2578 3308 ejus
2624 3238 2981 3293 Fedentiacus
3011 3237 3270 3290 Liutardo
3293 3242 3380 3290 est
3407 3234 3562 3289 attri-

1975 3336 2158 3390 butus.
2215 3333 2386 3400 Quam
2435 3345 2550 3386 rem
2606 3331 2883 3384 Vascones
2918 3327 3140 3382 moleste
3172 3325 3410 3380 ferentes
3439 3365 3453 3388 ,
3504 3323 3562 3378 in

1977 3433 2184 3480 tantam
2211 3438 2441 3495 erupere
2464 3421 2840 3492 petulantiam,
2865 3428 2926 3475 ut
2953 3420 3118 3474 etiam
3147 3418 3395 3472 homines
3419 3417 3563 3472 illius

1979 3521 2114 3575 alios
2142 3520 2288 3573 ferro
2309 3517 2658 3588 perimerent,
2691 3515 2826 3570 alios
2857 3514 2968 3586 igni
3009 3513 3411 3570 comburerent.
3460 3508 3564 3576 Qui

1977 3610 2155 3668 voca-ti
2200 3609 2328 3663 dum
2371 3609 2604 3678 primum
2651 3607 2842 3662 venire
2887 3607 3297 3670 detrectarent,
3347 3618 3566 3675 quoquo

1980 3701 2142 3757 modo
2167 3701 2234 3754 ad
2261 3713 2484 3755 causam
2522 3697 2806 3754 dicendam
2835 3705 3096 3750 venerunt
3127 3735 3141 3760 ,
3169 3703 3224 3747 et
3251 3708 3442 3763 pennas
3467 3693 3564 3748 dc-

1981 3796 2124 3849 bitas
2147 3809 2246 3864 pro
2276 3793 2472 3846 talibus
2499 3791 2646 3844 ausis
2687 3789 2974 3853 dederunt,
3025 3788 3096 3840 ita
3133 3795 3192 3839 ut
3222 3785 3442 3854 quidam
3486 3789 3569 3839 ta-

1983 3889 2144 3942 lionis
2193 3887 2308 3956 lege
2354 3885 2464 3955 igni
2515 3869 2928 3952 conﬂagrarent.
2961 3879 3058 3935 His
3081 3880 3340 3950 peractis,
3383 3893 3570 3934 succe-

1985 3981 2144 4033 dente
2197 3987 2444 4047 tempore
2467 3975 2634 4046 (804-),
2663 3975 2840 4028 visum
2881 3981 2964 4026 est
3005 3971 3116 4044 regi
3159 3980 3215 4025 et
3242 3969 3570 4026 consiliariis

1987 4074 2102 4144 ejus
2143 4080 2204 4127 ut
2233 4073 2300 4127 ad
2331 4071 2690 4126 Barcinonam
2718 4067 3132 4140 oppugnandam
3159 4068 3236 4122 ire
3265 4068 3526 4124 deberent
3552 4085 3566 4124 :

1987 4165 2268 4234 divisoque
2302 4165 2356 4219 in
2407 4171 2520 4218 tres
2557 4169 2740 4232 partes
2787 4160 3064 4224 exercitu,
3117 4173 3286 4213 unam
3353 4155 3570 4228 quidem

1989 4255 2317 4314 Ruscellioni
2376 4255 2492 4326 ipse
2527 4267 2851 4324 permanens
2882 4267 3063 4306 secum
3096 4251 3320 4306 retinuit
3344 4291 3358 4315 ,
3415 4248 3572 4306 alteri

1991 4351 2328 4409 obsidionem
2375 4347 2526 4403 urbis
2569 4345 2839 4415 iujunxit,
2889 4345 2976 4400 cui
3025 4343 3351 4413 Rotstagnus
3389 4355 3572 4396 comes

1994 4445 2262 4501 Gerundze
2291 4439 2504 4510 praefuit
2528 4457 2542 4506 ;
2580 4439 2790 4493 tertiam
2819 4449 3021 4502 autem,
3048 4451 3115 4490 ne
3151 4435 3290 4490 forte
3320 4433 3572 4490 obsiden-

1996 4548 2078 4593 tes
2103 4537 2291 4590 urbem
2315 4534 2604 4604 improvise
2631 4533 2696 4586 ab
2717 4531 2965 4586 hostibus
2988 4537 3398 4600 oecuparentur,
3429 4525 3573 4582 ultra

1995 4633 2182 4686 urbem
2215 4631 2404 4683 sedere
2441 4626 2720 4696 prmmisit.
2771 4623 2989 4680 Obsessi
3043 4623 3248 4677 interea
3294 4621 3436 4674 intra
3483 4635 3575 4673 ur-

1991 4725 2136 4788 bem,
2163 4721 2468 4776 Cordubam
2497 4717 2760 4771 miserunt
2785 4715 3150 4783 auxiliumque
3189 4717 3570 4782 poposcerunt.

1993 4817 2110 4870 Rex
2142 4829 2272 4870 vero
2303 4812 2697 4867 Saracenorum
2725 4807 2970 4878 protinus
2996 4803 3286 4859 auxiliatos
3311 4803 3392 4856 eis
3419 4815 3576 4856 exer-

1996 4913 2166 4967 citum
2193 4909 2412 4963 direxit.
2455 4903 2810 4960 Venientibus
2839 4915 3001 4971 porro
3029 4898 3112 4952 his
3139 4898 3230 4966 qui
3263 4895 3414 4950 missi
3462 4895 3574 4951 fue-

1995 5013 2120 5060 rant
2158 5002 2646 5070 Cmsaraugustam,
2673 4993 2902 5048 relatum
2929 4999 3012 5046 est
3037 4992 3116 5046 eis
3151 4990 3216 5044 de
3243 4989 3482 5044 exercitu
3517 4987 3573 5042 in

1995 5100 2082 5153 via
2124 5097 2226 5151 sibi
2254 5093 2470 5148 obviam
2499 5089 2812 5146 constituto.
2863 5087 2996 5141 Erat
3042 5091 3222 5139 autem
3266 5083 3338 5138 ibi
3371 5081 3576 5138 Willel-

1997 5209 2118 5246 mus
2141 5189 2348 5260 primus
2372 5183 2620 5256 signifer,
2639 5181 3062 5242 Hademarus,et
3081 5191 3203 5232 eum
3231 5177 3309 5231 eis
3339 5175 3576 5230 validum

2000 5283 2279 5338 auxilium.
2319 5278 2472 5347 Quod
2511 5275 2584 5331 illi
2633 5273 2914 5328 audientes
2937 5313 2951 5335 ,
2988 5272 3042 5325 in
3070 5269 3294 5324 Astures
3317 5283 3436 5323 sese
3459 5279 3578 5320 ver—

2001 5383 2204 5439 terunt,
2231 5374 2547 5440 clademque
2571 5370 2652 5423 eis
2673 5365 2966 5437 improvise
2997 5364 3426 5435 importaveruut
3443 5401 3456 5426 ,
3483 5357 3579 5414 Sed

2001 5465 2172 5524 multo
2202 5464 2506 5536 graviorem
2545 5465 2978 5529 reportaverunt.
3019 5456 3226 5524 Quibus
3271 5452 3577 5511 recedenti—

1999 5563 2125 5623 bus,
2154 5558 2322 5613 nostri
2356 5555 2421 5609 ad
2445 5554 2622 5610 socios
2647 5554 2835 5606 urbem
2857 5551 3166 5606 obsidentes
3197 5549 3399 5603 reVersi
3429 5553 3577 5610 sunt,

2005 5661 2060 5708 et
2081 5649 2184 5704 illis
2204 5648 2376 5720 juncti
2407 5646 2588 5701 tandiu
2607 5645 2794 5698 urbem
2809 5643 3200 5706 obambientes,
3219 5639 3486 5695 etnullum
3503 5636 3582 5692 in-

2006 5743 2156 5816 gredi
2185 5748 2277 5794 aut
2297 5737 2476 5811 egredi
2495 5736 2887 5808 permittentes,
2919 5741 3202 5798 vexarunt,
3233 5733 3404 5784 donec
3421 5725 3584 5784 famis

2009 5835 2306 5893 acerbitate
2331 5809 2504 5890 coacti
2533 5839 2662 5889 sunt
2687 5831 2850 5887 etiam
2875 5827 3235 5885 vetustissima
3259 5823 3416 5881 ostiis
3435 5809 3590 5884 coria
