4056 6350
565 346 669 410 955

1664 340 1991 400 LUDOVICI
2029 339 2050 397 l
2089 337 2560 403 COGNOMENTO
2591 343 2682 402 Ρη

3728 354 3836 410 936

565 463 850 521 detrahere
874 499 889 525 ,
919 466 971 516 et
999 457 1056 515 in
1081 457 1261 516 cibum
1298 456 1728 513 infelicissimum
1762 465 1992 512 vertere.
2037 452 2141 507 Alii
2171 451 2222 512 A
2247 452 2460 512 insidiis
2487 474 2551 512 ex
2582 459 2874 528 improviso
2907 471 3002 514 eos
3034 458 3456 532 aggrederentur
3477 502 3492 527 ,
3531 472 3628 519 aut
3676 479 3837 525 certe

565 565 747 611 autem
795 561 1024 608 mortem
1077 549 1461 606 infelicissima:
1510 556 1885 618 praeponentes
1923 548 2065 611 vitae,
2114 562 2144 602 e

564 644 736 699 muris
763 649 932 697 semet
957 639 1262 710 praecipites
1301 638 1619 699 mittebant,
1671 636 1836 704 aliqui
1867 651 1998 690 vero
2047 651 2144 706 spe

565 732 948 788 animahantur
973 729 1124 784 inani
1158 770 1173 794 ,
1214 728 1513 799 cogitantes
1543 727 1686 796 quod
1714 725 1908 780 Franci
1947 724 2142 779 hiemis

564 824 854 894 asperitate
899 837 931 876 a
980 820 1214 876 civitatis
1244 820 1627 875 cohiberentur
1674 818 1972 874 obsidione.
2032 816 2142 872 Sed

562 915 932 972 hancillorum
952 927 1101 981 spem
1131 911 1362 967 abscidit
1385 910 1731 981 prudentium
1747 909 1988 963 virorum
2016 922 2141 962 con-

563 1008 765 1063 silium.
794 1005 1032 1060 Advecta
1062 1003 1208 1058 enim
1251 1003 1610 1071 undecunque
1654 1001 1877 1055 materia
1903 1041 1918 1062 ,
1962 1013 2142 1069 cmpe-

561 1106 692 1153 runt
717 1105 996 1153 exstruere
1021 1109 1198 1158 casas,
1223 1093 1388 1150 veluti
1414 1093 1467 1147 in
1491 1093 1737 1148 hibernis
1765 1091 1962 1146 ibidem
1988 1106 2141 1145 man-

561 1187 697 1245 suri.
747 1186 902 1255 Quod
954 1193 1242 1242 cernentes
1293 1185 1530 1240 civitatis
1573 1183 1926 1247 habitatores,
1970 1198 2001 1238 a
2044 1198 2140 1254 spe

563 1277 898 1341 deciderunt,
913 1285 969 1331 et
987 1277 1054 1330 ad
1075 1276 1504 1346 desperationem
1526 1274 1770 1328 ultimam
1792 1273 1954 1337 versi,
1981 1288 2137 1328 suum

560 1368 858 1439 principem
891 1366 1160 1422 Zaddonis
1204 1371 1492 1436 cognatum
1548 1363 1931 1426 tradiderunt,
1979 1376 2138 1430 quem

560 1473 659 1528 pro
686 1473 751 1513 eo
777 1457 1188 1521 constituerant,
1221 1455 1438 1510 nomine
1465 1453 1689 1517 Hamur,
1723 1462 1776 1506 et
1807 1468 1866 1508 se
1907 1461 1961 1506 et
2007 1452 2141 1508 civi-

562 1555 750 1613 tatem,
782 1561 1043 1602 concessa
1070 1545 1326 1600 facultate
1349 1543 1658 1608 secedendi,
1682 1542 2007 1597 dediderunt
2035 1543 2139 1596 hoc

561 1637 740 1693 modo.
788 1637 923 1691 Cum
968 1635 1111 1690 enim
1169 1635 1326 1707 longa
1387 1635 1583 1690 fessam
1640 1633 1918 1688 obsidione
1967 1633 2139 1688 nostri

556 1737 816 1788 tenerent
841 1730 1053 1794 urbem,
1083 1735 1138 1785 et
1160 1729 1270 1799 jam
1298 1727 1409 1797 jam
1445 1726 1763 1797 capiendam
1804 1734 1898 1780 aut
1925 1725 2141 1778 traden-

2247 548 2458 602 turbata
2485 548 2728 618 regione,
2761 549 2814 602 in
2837 562 3091 617 pavorem
3116 549 3477 605 solverentur.
3501 552 3673 623 Igitur
3701 572 3834 627 rege

2245 635 2528 692 Tortosam
2554 639 2829 704 tendente,
2858 640 3144 694 memorati
3173 641 3279 696 viri
3307 641 3490 696 tandiu
3517 646 3836 715 superiores

2245 728 2302 783 in
2355 729 2493 783 lberi
2545 738 2731 799 partes
2772 729 3023 786 noctibus
3063 740 3286 799 euntes,
3333 734 3526 790 diebus
3568 736 3834 793 silvarum

2243 817 2412 875 lustra
2437 828 2728 887 sectantes,
2758 821 3263 890 obambulaverant,
3295 840 3577 897 usquequo
3604 828 3834 900 Cingam

2241 919 2297 965 et
2331 910 2545 967 Iberum
2587 913 2825 968 natando
2851 913 3056 983 pariter
3093 916 3446 972 transierunt.
3493 917 3549 973 In
3601 936 3710 990 quo
3748 923 3838 976 iti—

2241 1018 2372 1058 nere
2412 1018 2507 1059 sex
2549 1005 2666 1060 dies
2709 1005 3068 1077 transigentes
3117 1009 3348 1078 septima
3395 1019 3830 1068 transmearunt.

2241 1094 2343 1162 Qui
2371 1097 2461 1151 ubi
2483 1111 2673 1152 omnes
2700 1097 3000 1153 incolumes
3023 1108 3333 1165 evaserunt,
3358 1108 3562 1156 terram
3586 1103 3833 1159 hostium

2240 1186 2504 1242 latissime
2534 1195 2920 1253 vastaverunt,
2947 1197 3004 1243 et
3027 1205 3196 1259 usque
3224 1190 3406 1244 villam
3433 1205 3627 1248 eorum
3657 1193 3834 1248 maxi-

2243 1294 2409 1345 mam,
2440 1295 2560 1349 quae
2591 1279 2943 1335 Villa-Rubea
2972 1290 3213 1346 vocatur,
3250 1291 3642 1350 pervenerunt.
3678 1283 3834 1339 Unde

2242 1371 2406 1426 nimis
2433 1386 2685 1442 magnam
2709 1373 2948 1441 prredam
2996 1373 3351 1437 sustulerunt,
3382 1382 3443 1427 ut
3471 1381 3602 1443 pote
3633 1374 3834 1444 impro-

2241 1461 2374 1516 visis
2412 1461 2676 1528 hostibus,
2705 1470 2761 1516 et
2788 1461 2917 1517 nihil
2963 1462 3070 1517 tale
3117 1478 3354 1533 unquam
3399 1464 3828 1534 suspicantibus.

2243 1548 2450 1616 Quibus
2477 1553 2674 1622 gestis,
2706 1551 2774 1606 iis
2803 1551 2898 1620 qui
2937 1553 3169 1608 evadere
3210 1561 3500 1623 potuerunt
3542 1555 3689 1610 hanc
3718 1557 3833 1626 pla-

2245 1655 2366 1711 gam
2395 1640 2552 1711 longe
2601 1641 2815 1711 lateque
2844 1643 3216 1698 nuntiantibus
3237 1683 3253 1707 ,
3301 1643 3526 1700 collecta
3554 1655 3643 1700 est
3670 1645 3834 1702 Sara-

2246 1746 2502 1786 cenorum
2539 1731 2956 1804 Maurorumque
3000 1735 3282 1790 multitudo
3334 1750 3442 1791 non
3479 1739 3748 1805 minima,
3778 1748 3834 1796 et

560 1823 684 1879 dam
733 1824 1050 1886 crederent,
1107 1823 1335 1878 honesto
1381 1829 1440 1875 ut
1486 1821 1706 1876 decebat
1762 1820 1842 1874 usi
1870 1817 2096 1874 consilio
2117 1858 2132 1884 ,
2164 1807 2212 1866 Β
2240 1820 2320 1874 eis
2346 1821 2504 1875 obvia
2526 1822 2768 1876 constitit
2791 1823 2857 1877 ad
2883 1823 3082 1878 ostium
3105 1823 3259 1878 vallis
3281 1840 3403 1894 qua:
3425 1825 3628 1880 dicitur
3642 1827 3833 1885 Vallis-

557 1931 740 1988 regem
767 1926 984 1981 vocant,
1009 1924 1070 1970 ut
1104 1916 1233 1970 urbs
1274 1915 1407 1969 tanti
1443 1913 1676 1970 nominis
1715 1912 2004 1983 gloriosum
2040 1925 2136 1965 no-

558 2016 685 2055 men
715 2003 828 2072 regi
856 2009 1200 2072 propagaret,
1233 2001 1277 2056 si
1308 2001 1453 2055 illam
1478 2015 1544 2055 eo
1580 2007 1845 2069 praesente
1891 1998 2135 2069 superari

555 2091 912 2162 contingeret.
973 2091 1316 2163 Suggestioni
1366 2092 1492 2146 huic
1536 2092 1824 2146 admodum
1891 2090 2134 2146 honesta:

556 2192 654 2232 rex
699 2193 979 2233 assensum
1048 2178 1297 2247 praebuit.
1347 2177 1509 2232 Venit
1555 2193 1684 2249 ergo
1733 2177 1798 2230 ad
1833 2177 2130 2232 exercitum

557 2283 713 2323 suum
739 2267 929 2322 urbem
960 2268 1248 2323 vallantem
1267 2309 1282 2333 ,
1312 2284 1430 2338 qua:
1472 2268 1796 2324 indesinenti
1851 2281 2130 2339 oppugna-

557 2359 702 2414 tione
728 2374 823 2414 sex
852 2358 1280 2414 hebdomadibus
1314 2359 1626 2429 perduravit
1651 2400 1666 2425 ,
1695 2366 1751 2413 et
1797 2358 2012 2412 tandem
2043 2373 2134 2412 su-

551 2457 739 2519 perata
765 2448 957 2504 victori
983 2463 1174 2504 manus
1201 2449 1364 2504 dedit.
1391 2448 1610 2504 Tradita
1633 2463 1762 2519 ergo
1784 2455 1836 2503 et
1863 2447 2131 2518 patefacta

558 2539 799 2604 civitate,
831 2541 1006 2609 primo
1033 2539 1251 2610 quidem
1279 2539 1367 2595 die
1407 2541 1657 2596 custodes
1689 2555 1778 2594 rex
1809 2540 1937 2597 illud
1968 2540 2133 2596 desti-

550 2629 719 2695 navit,
746 2629 862 2700 ipse
893 2637 1076 2684 autem
1100 2631 1169 2685 ab
1197 2630 1313 2700 ejus
1354 2630 1604 2699 ingressu
1639 2631 1923 2696 abstinuit,
1954 2631 2131 2686 donec

549 2719 826 2774 ordinaret
851 2720 1083 2789 qualiter
1108 2736 1230 2776 cum
1271 2721 1432 2790 digna
1455 2722 1566 2776 Deo
1593 2721 1890 2792 gratiarum
1917 2722 2130 2776 actione

551 2811 786 2880 cupitam
808 2820 969 2880 atque
991 2820 1296 2883 susceptam
1319 2813 1603 2868 victoriam
1625 2813 1742 2882 ejus
1768 2813 1974 2868 nomini
1999 2829 2130 2868 con-

551 2909 814 2956 secraret.
843 2902 1303 2960 Antecedentibus
1331 2919 1460 2974 ergo
1497 2920 1618 2959 eum
1651 2904 1706 2958 in
1747 2905 2038 2959 crastinum
2075 2912 2130 2960 et

551 2992 845 3046 exercitum
887 2991 1003 3062 ejus
1038 2996 1412 3050 sacerdotibus
1453 3003 1508 3051 et
1551 2995 1720 3062 clero,
1753 3011 1876 3050 cum
1903 2994 2129 3051 solemni

551 3091 814 3153 apparatu
855 3093 910 3140 et
958 3086 1207 3142 laudibus
1260 3088 1584 3158 hymnidicis
1629 3095 1840 3158 portam
1890 3087 2128 3143 civitatis

551 3175 852 3247 ingressus,
882 3187 937 3233 et
958 3180 1023 3234 ad
1051 3181 1334 3237 ecclesiam
1364 3192 1565 3237 sancta:
1591 3191 1648 3238 et
1671 3182 2131 3241 victoriosissimae
2157 3168 2202 3233 C

549 3264 762 3330 Crueis,
790 3282 890 3336 pro
921 3269 1146 3324 victoria
1182 3272 1284 3326 sibi
1320 3273 1536 3340 collata,
1567 3275 1864 3345 gratiarum
1887 3277 2128 3334 actiones

549 3355 662 3410 Deo
693 3365 936 3423 acturus,
964 3374 1284 3428 progressus
1308 3371 1394 3416 est
1430 3363 1600 3434 (805).
1633 3364 1802 3420 Porro
1847 3374 1968 3435 post
2012 3368 2128 3423 haec

550 3443 687 3499 Bera
715 3447 914 3502 comite
965 3449 1166 3502 ibidem
1198 3450 1266 3503 ad
1305 3451 1606 3507 custodiam
1653 3455 1842 3510 relicto
1870 3471 1990 3510 cum
2021 3455 2128 3512 Go-

551 3535 767 3591 thorum
798 3537 1046 3604 auxiliis,
1074 3540 1342 3595 hiemandi
1372 3544 1544 3612 gratia
1574 3545 1640 3599 ad
1669 3547 1887 3616 propria
1919 3563 2126 3603 remea-

551 3625 647 3680 vit.
683 3624 780 3681 Cui
810 3635 986 3698 pater,
1001 3636 1280 3698 comperto
1298 3632 1441 3700 quod
1466 3632 1514 3687 ei
1537 3633 1821 3689 imminere
1844 3636 2127 3694 videbatur

549 3730 582 3769 a
628 3725 783 3786 parte
839 3717 1232 3775 Saracenorum
1277 3723 1558 3792 periculo,
1613 3725 1836 3782 fratrem
1871 3727 2124 3788 Carolum

547 3806 967 3882 sulfragaturum
992 3814 1268 3869 mittebat:
1295 3815 1452 3886 eique
1473 3817 1714 3888 Lugduni
1742 3824 1943 3894 agenti,
1977 3831 2032 3879 et
2057 3825 2126 3880 ad

548 3895 733 3954 fratris
756 3899 1082 3971 adjutorium
1121 3907 1433 3976 pr0peranti
1457 3949 1472 3974 ,
1503 3910 1724 3966 nuntius
1765 3905 1914 3983 regis
1939 3913 2126 3970 fratris

545 3991 802 4057 occurrit,
842 4002 1051 4063 captam
1099 3997 1372 4054 civitatem
1419 4003 1707 4070 nuntiavit,
1735 4013 1792 4060 et
1817 4021 1886 4061 ne
1915 4006 2126 4080 longius

546 4081 863 4152 fatigaretur
884 4125 899 4150 ,
931 4087 1120 4143 edixit.
1166 4089 1267 4157 Qui
1305 4093 1372 4147 ab
1406 4095 1595 4150 eodem
1625 4095 1744 4152 loco
1792 4100 2123 4168 regrediens,

546 4174 615 4229 ad
649 4182 860 4244 patrem
910 4185 994 4233 est
1036 4196 1309 4238 reversus.
1360 4184 1508 4256 Rege
1546 4202 1709 4256 porro
1748 4189 2020 4248 Ludovico
2067 4195 2124 4249 in

545 4262 836 4334 Aquitania
861 4268 1146 4324 hibernum
1173 4282 1365 4343 agente
1391 4283 1602 4347 tempus
1624 4319 1639 4343 ,
1668 4289 1825 4349 pater
1853 4297 1950 4337 rex
1996 4300 2122 4339 eum

547 4357 825 4449 mandavit
863 4361 1048 4417 venire
1091 4365 1159 4418 ad
1207 4382 1363 4422 suum
1415 4370 1739 4441 colloquium
1776 4375 2119 4449 Aquisgrani,

548 4444 603 4503 in
650 4446 1032 4507 Purificatione
1077 4465 1280 4512 sanctae
1321 4459 1504 4516 Mariae
1546 4466 1819 4534 genitricis
1843 4444 1973 4523 'Dei:
2023 4444 2121 4525 Cui

547 4553 842 4597 occurrens
871 4583 886 4609 ,
917 4553 974 4599 et
997 4561 1277 4617 quousque
1301 4550 1503 4621 placuit
1523 4571 1644 4609 eum
1669 4573 1733 4611 eo
1759 4574 2116 4627 commorans,
2146 4529 2199 4587 Β

549 4636 970 4705 quadragesima:
993 4646 1233 4710 tempore
1275 4644 1454 4699 rediit.
1483 4645 1554 4701 At
1579 4650 1895 4705 succedente
1936 4660 2122 4706 aestate

551 4726 722 4801 (806),
754 4744 878 4784 cum
904 4740 1106 4802 quanto
1136 4734 1310 4789 visum
1351 4746 1436 4792 est
1475 4739 1525 4793 ei
1553 4739 1744 4793 bellico
1777 4751 2037 4811 apparatu
2067 4744 2123 4797 in

550 4825 863 4898 Hispaniam
894 4832 1258 4902 proficiscitur
1281 4877 1295 4901 ,
1326 4837 1704 4908 profectusque
1736 4855 1831 4910 per
1871 4843 2123 4898 Barcino-

551 4943 696 4996 nam,
721 4940 778 4987 et
796 4933 1021 4990 veniens
1051 4935 1410 4992 Tarraconam
1433 4979 1447 5003 ,
1485 4955 1621 5010 quos
1649 4940 1846 4996 ibidem
1892 4944 2117 5013 reperit,

552 5029 714 5098 cepit,
738 5031 870 5087 alios
895 5032 1117 5106 fugavit,
1150 5036 1508 5108 universaque
1533 5040 1651 5094 loca
1677 5081 1692 5106 ,
1722 5041 1940 5097 castella
1963 5084 1976 5107 ,
2005 5059 2122 5096 mu-

552 5118 782 5190 nicipia,
824 5139 994 5195 usque
1038 5126 1320 5182 Tortosam
1360 5129 1440 5184 vis
1481 5131 1730 5186 militaris
1773 5133 2013 5199 excidit,
2068 5143 2123 5188 et

553 5207 770 5265 flamma
822 5229 988 5270 vorax
1039 5220 1390 5289 consumpsit.
1441 5221 1649 5276 Interea
1687 5224 1741 5277 in
1789 5224 1925 5289 loco,
1971 5224 2122 5296 cujus

554 5302 871 5359 vocabulum
895 5317 977 5362 est
1004 5320 1206 5367 sanctae
1235 5312 1536 5378 Columbae,
1569 5316 1752 5370 divisit
1786 5317 1967 5386 copias
1997 5334 2120 5373 suas

555 5393 612 5447 in
637 5394 764 5460 duo,
786 5409 947 5464 quam
973 5403 1262 5458 maximam
1290 5405 1504 5474 quidem
1538 5417 1748 5476 partem
1789 5422 1972 5463 secum
1997 5426 2122 5465 con-

552 5490 636 5538 tra
666 5483 948 5543 Tortosam
980 5492 1216 5548 ducens:
1247 5511 1408 5564 porro
1439 5497 1824 5566 lsembardum,
1860 5499 2120 5558 Hadema-

553 5591 694 5663 rulu,
729 5579 920 5634 Beram
939 5623 952 5646 ,
997 5585 1295 5641 Burrellum
1326 5605 1447 5643 cum
1473 5591 1694 5661 reliquis
1716 5596 2118 5663 expeditissime

552 5645 645 5725 ecf
660 5673 938 5743 superiora
983 5676 1241 5746 dirigens,
1277 5691 1336 5734 ut
1375 5681 1528 5736 Ibero
1573 5645 1810 5738 fluminer
1839 5687 2068 5745 transito
2098 5730 2112 5754 ,

553 5761 700 5842 dunt
731 5767 916 5826 hostes
962 5770 1018 5826 in
1062 5769 1276 5828 sedibus
1302 5774 1477 5829 securi
1513 5776 1834 5848 residerent,
1877 5782 1945 5837 ab
1997 5764 2127 5842 istis'

2237 1908 2419 1964 lbana.
2453 1909 2616 1979 Cujus
2668 1912 2824 1968 vallis
2867 1922 3058 1969 natura
3082 1921 3166 1970 est
3189 1955 3206 1980 ,
3231 1925 3290 1968 ut
3320 1916 3438 1985 ipsa
3464 1918 3520 1971 in
3561 1917 3833 1988 profundo

2228 1997 2420 2069 jacens
2443 2001 2572 2055 hinc
2597 2001 2721 2056 inde
2746 2003 3032 2072 praeruptis
3061 2015 3224 2074 atque
3249 2004 3371 2060 altis
3395 2007 3649 2078 cingatur
3675 2025 3832 2067 mon-

2235 2089 2396 2145 tibus.
2434 2090 2606 2156 Quam
2635 2092 2739 2147 nisi
2781 2093 2874 2148 Dei
2909 2095 3147 2165 provisio
3186 2096 3389 2153 intrare
3430 2101 3826 2170 prohibuisset,

2235 2181 2411 2235 nostri
2434 2182 2640 2252 absque
2666 2182 2773 2237 ullo
2802 2199 2943 2254 pene
2974 2186 3211 2241 hostium
3234 2187 3420 2243 labore
3443 2188 3687 2260 lapidum
3715 2194 3830 2248 icti-

2233 2275 2334 2330 bus
2355 2285 2607 2346 poterant
2635 2277 2879 2344 interire,
2914 2278 2997 2333 vel
3033 2279 3088 2334 in
3111 2295 3304 2335 manus
3343 2281 3697 2339 inimicorum
3735 2285 3830 2342 de-

2234 2368 2437 2422 venire.
2470 2367 2540 2422 At
2569 2369 2694 2423 dum
2727 2368 2803 2422 illi
2828 2369 2968 2424 viam
2995 2379 3361 2440 praestruunt,
3416 2374 3593 2429 nostri
3646 2385 3828 2432 autem

2234 2460 2490 2516 aliorsum
2530 2463 2670 2517 viam
2703 2464 3026 2532 apertiorem
3058 2465 3468 2536 planioremque
3495 2477 3715 2538 petunt,
3743 2484 3830 2525 re-

2233 2560 2487 2634 putantes
2522 2553 2692 2608 Mauri
2723 2554 2840 2609 haec
2883 2564 3100 2610 nostros
3130 2572 3239 2613 non
3268 2557 3338 2612 ob
3367 2558 3452 2613 sui
3483 2568 3700 2614 tantum
3737 2576 3808 2616 cu

2234 2642 2484 2708 stodiam,
2522 2644 2618 2699 sed
2645 2651 2791 2699 metu
2817 2645 2998 2716 potius
3038 2661 3226 2702 eorum
3256 2647 3459 2715 facere,
3487 2664 3522 2703 a
3552 2658 3713 2721 tergo
3735 2666 3827 2708 eos

2233 2733 2607 2805 insequuntur.
2638 2735 2808 2793 Porro
2835 2746 3015 2793 autem
3057 2740 3228 2796 nostri
3262 2741 3501 2811 prmdam
3551 2751 3709 2797 retro
3748 2758 3828 2799 re-

2233 2825 2568 2896 linquentes,
2604 2829 2772 2886 facies
2797 2831 3044 2888 hostibus
3083 2833 3452 2901 nudaverunt,
3481 2836 3820 2898 restiterunt.

2233 2917 2558 2992 Christoque
2579 2921 2806 2991 juvante
2832 2925 2978 2995 ipsos
3007 2934 3156 2998 terga
3180 2936 3395 2984 vertere
3418 2930 3820 3001 compulerunt.

2233 3007 2380 3078 Quos
2401 3021 2599 3080 autem
2620 3016 3116 3086 apprehenderunt,
3145 3029 3496 3086 necaverunt,
3528 3030 3589 3076 et
3617 3021 3729 3078 laeti
3755 3024 3824 3080 ad

2234 3105 2472 3172 praedam
2510 3123 2675 3176 quam
2718 3108 3052 3180 reliquerant
3100 3112 3379 3170 redierunt
3429 3127 3445 3168 :
3486 3129 3556 3170 ac
3602 3115 3820 3172 tandem

2232 3205 2356 3266 post
2384 3197 2501 3254 dies
2528 3199 2717 3271 viginti
2741 3217 2853 3257 suae
2879 3204 3252 3276 digressionis,
3275 3206 3344 3262 ad
3372 3221 3559 3278 regem
3586 3209 3817 3278 alacres,

2226 3287 2569 3356 paucissimis
2610 3306 2831 3348 suorum
2873 3295 3091 3351 amissis
3118 3336 3134 3361 ,
3163 3297 3460 3355 redierunt.
3491 3301 3609 3356 Rex
3635 3313 3817 3362 autem

2227 3377 2534 3436 Ludovicus
2580 3396 2708 3438 suos
2755 3382 3004 3440 laetanter
3041 3388 3279 3457 recepit,
3339 3397 3396 3445 et
3445 3399 3598 3448 terra
3635 3394 3820 3453 hostili

2227 3484 2612 3541 usquequaque
2636 3483 2844 3530 vastata
2871 3477 3089 3532 domum
3120 3480 3300 3535 rediit.

2299 3560 2558 3633 Sequenti
2580 3578 2710 3621 vero
2738 3574 2978 3637 tempore
3015 3570 3211 3627 iterum
3240 3588 3336 3629 rex
3370 3573 3686 3636 Ludovicus
3722 3596 3816 3637 ex-

2225 3655 2552 3725 peditionem
2581 3657 2635 3711 in
2667 3657 2980 3729 Hispaniam
3001 3665 3232 3732 paravit.
3284 3665 3391 3722 Sed
3416 3678 3579 3738 pater
3620 3686 3692 3726 ne
3721 3688 3816 3744 per

2225 3747 2573 3818 semetipsum
2592 3749 2721 3805 illuc
2740 3761 2992 3822 pergeret
3018 3770 3141 3810 eum
3178 3757 3478 3828 impedivit.
3531 3760 3815 3836 Praecepe-

2227 3852 2312 3898 rat
2349 3861 2586 3916 namque
2633 3855 2762 3902 tunc
2803 3851 3062 3920 temporis
3101 3851 3360 3910 fabricari
3409 3872 3577 3913 naves
3624 3869 3810 3916 contra

2225 3934 2686 3993 Nordomannicas
2715 3940 3077 4009 incursiones,
3123 3943 3178 3998 in
3217 3946 3469 4003 omnibus
3503 3946 3812 4004 fluminibus

2224 4044 2345 4099 qua:
2372 4031 2508 4084 mari
2537 4030 2844 4088 inlluebant.
2895 4034 3067 4102 Quam
3088 4051 3276 4092 curam
3302 4039 3468 4095 etiam
3500 4040 3613 4097 filio
3642 4043 3812 4114 injuno

2226 4120 2305 4174 xit
2344 4120 2661 4178 Rhodanum
2700 4134 2756 4178 et
2799 4123 3130 4183 Garumnam
3163 4136 3219 4182 et
3261 4127 3506 4186 Silidam.
3552 4132 3808 4188 Attamen

2224 4213 2372 4268 misit
2393 4214 2441 4268 ei
2471 4213 2696 4270 missum
2725 4232 2882 4272 suum
2917 4217 3278 4288 lngobertum,
3316 4221 3407 4292 qui
3438 4221 3529 4276 lilii
3565 4238 3808 4292 praesen-

2226 4302 2353 4358 tiam
2385 4303 2684 4373 przeferret,
2713 4314 2769 4362 et
2793 4307 2910 4364 vice
2932 4309 3215 4366 amborum
3236 4323 3426 4370 contra
3447 4314 3630 4371 hostes
3648 4330 3808 4371 exer-

2222 4397 2388 4452 citum
2425 4399 2663 4455 duceret.
2715 4399 2861 4473 Rege
2891 4412 3071 4459 autem
3092 4404 3147 4460 in
3166 4406 3452 4478 Aquitania
3493 4418 3805 4466 remanente

2224 4490 2294 4545 ob
2317 4492 2683 4562 supradictam
2713 4509 2954 4562 causam,
2983 4497 3255 4554 exercitus
3290 4499 3409 4569 ejus
3443 4500 3642 4556 itinere
3677 4517 3803 4572 pro-

2224 4596 2387 4652 spero
2415 4582 2768 4639 Barcinonam
2800 4585 2963 4650 venit,
2996 4587 3176 4659 ibique
3204 4591 3388 4645 habito
3422 4591 3567 4646 inter
3596 4608 3659 4648 se
3684 4608 3802 4648 eon-

2223 4673 2362 4740 silio,
2387 4678 2653 4744 quomodo
2681 4678 2927 4734 hostibus
2949 4679 3281 4738 clandestina
3305 4697 3528 4754 possent
3549 4701 3801 4755 superveb

2223 4763 2341 4819 nire
2379 4765 2697 4836 irruptionc,
2743 4769 3064 4826 invenerunt
3101 4772 3244 4828 hunc
3279 4775 3500 4830 modum
3531 4793 3544 4830 :
3574 4777 3796 4841 scilicet.

2223 4863 2283 4909 ut
2325 4871 2490 4912 naves
2527 4860 2946 4916 transvectorias
2979 4861 3328 4931 fabricantes,
3363 4882 3797 4940 unamquamque

2223 4961 2411 5000 earum
2463 4947 2518 5002 in
2566 4957 2858 5017 quaternas
2911 4953 3245 5021 partirentur
3283 4964 3485 5026 partes,
3537 4968 3796 5028 quatenus

2222 5053 2347 5108 pars
2369 5047 2628 5108 quaterna
2653 5039 2912 5111 cujusque
2941 5043 3148 5100 duobus
3179 5047 3335 5115 equis
3363 5049 3448 5102 vel
3486 5051 3651 5106 mulis
3681 5052 3793 5108 vehi

2222 5138 2422 5200 posset,
2463 5141 2516 5186 et
2552 5135 2869 5202 praeparatis
2897 5135 3064 5192 clavis
3102 5145 3158 5193 et
3195 5142 3452 5196 marculis
3489 5143 3648 5200 facile
3673 5160 3792 5199 coa-

2222 5225 2363 5295 ptari
2392 5225 2633 5280 valerent
2656 5241 2670 5280 :
2693 5228 2814 5297 pice
2847 5245 2972 5285 vero
3005 5239 3061 5287 et
3085 5247 3212 5288 cera
3238 5249 3304 5290 ac
3332 5246 3488 5306 stupa
3525 5253 3791 5308 praepara

2224 5318 2316 5383 tis,
2337 5335 2460 5373 mox
2486 5328 2545 5374 ut
2573 5320 2639 5374 ad
2661 5319 2858 5377 flumen
2879 5324 3173 5390 veniretur,
3196 5343 3517 5398 compagum
3531 5329 3793 5396 junctum

2223 5409 2434 5466 obcludi
2465 5421 2704 5482 possent.
2751 5413 2845 5471 Sic
2872 5415 3053 5487 itaque
3092 5419 3363 5486 instructi,
3403 5422 3640 5476 maxima
3673 5436 3791 5490 pars

2221 5516 2407 5556 eorum
2439 5519 2558 5558 cum
2587 5506 2843 5572 praedicto
2871 5508 3037 5563 misso
3074 5508 3354 5581 lngoberto
3384 5511 3670 5567 Tortosam
3705 5525 3794 5582 pe-

2223 5595 2402 5649 tierat.
2450 5597 2670 5652 Atvero
2698 5597 2736 5652 ii
2760 5597 2853 5668 qui
2882 5599 2948 5653 ad
2975 5615 3110 5672 opus
3146 5603 3514 5673 supradictum
3552 5613 3681 5658 sunt
3704 5605 3791 5659 de-

2221 5688 2411 5757 putati,
2450 5688 2784 5746 llademarus
2829 5692 3056 5759 scilicet,
3097 5692 3232 5748 Bera
3277 5703 3331 5749 et
3375 5695 3588 5765 reliqui,
3633 5697 3788 5751 trium

2204 5781 2428 5853 ,dierum
2461 5796 2679 5838 emenso
2707 5782 2897 5839 itinere
2929 5784 3104 5856 (erant
3123 5786 3270 5842 enim
3298 5786 3417 5844 sine
3437 5788 3786 5856 sagmatibus)
