4056 6350
252 339 362 397 937

1773 342 1954 399 VlTA.

3399 353 3502 409 953

249 457 395 514 coelo
422 469 522 527 pro
546 461 687 511 tecto
738 461 974 522 utentes,
1000 457 1110 530 igni
1142 457 1274 532 [Al.,
1311 461 1455 536 foco]
1482 475 1551 520 ne
1577 462 1726 519 fumo
1748 463 1835 518 de-
1859 462 1914 523 Α
1937 461 2273 526 accedentes,
2317 461 2499 515 verbis
2551 459 2768 531 quidem
2819 475 2913 519 eos
2959 467 3048 535 qui
3096 471 3508 542 propugnaculis

256 548 726 620 prehenderentur
753 551 1141 617 renuntiantes,
1183 553 1331 609 silvis
1374 571 1432 610 se
1460 557 1548 612 die
1589 557 1839 612 occulen-

254 653 364 712 tes,
401 653 578 710 nocte,
631 655 892 715 quantum
941 663 1098 717 posse
1147 649 1397 716 dabatur,
1451 652 1553 706 iter
1597 660 1836 724 agentes,

255 746 454 808 quarto
483 737 570 792 die
593 737 746 793 Ibero
779 741 1074 809 compactis
1100 741 1325 796 navibus
1347 743 1449 812 ipsi
1472 743 1685 812 quidem
1713 751 1840 798 sunt

255 831 592 900 transpositi,
624 847 791 901 equos
815 841 995 890 autem
1017 837 1222 908 natatu‘i
1247 838 1653 893 commiserunt.
1686 837 1840 904 Quod

253 922 459 978 factum
485 913 737 995 magnum
766 934 891 981 voto
916 942 1103 982 eorum
1131 939 1418 999 pepererat
1441 930 1712 998 effectum,
1734 931 1840 987 nisi

253 1015 454 1070 fuisset
493 1015 757 1070 acerrime
787 1015 1202 1087 deprehensum.
1257 1019 1390 1074 Cum
1419 1021 1563 1075 enim
1591 1019 1840 1076 Abaidun

255 1105 365 1161 dux
407 1104 648 1160 Tortosze
676 1105 860 1160 littora
895 1107 1034 1162 lberi
1067 1108 1339 1163 obsideret
1379 1109 1633 1176 ﬂuminis,
1675 1118 1730 1165 et
1764 1111 1839 1165 illi

255 1213 394 1268 quos
423 1212 585 1266 supra
623 1196 859 1256 diximus
891 1199 1170 1267 superiora
1211 1199 1355 1256 illius
1390 1202 1550 1256 modo
1583 1201 1840 1271 praedicto

255 1290 705 1354 transmitterent,
772 1289 990 1345 Maurus
1023 1292 1241 1360 quidam
1280 1292 1495 1348 lavandi
1536 1294 1708 1363 gratia
1745 1291 1842 1347 ﬂu—

257 1397 384 1436 men
415 1381 706 1453 ingressus,
737 1380 922 1435 ﬁmum
947 1396 978 1434 a
1008 1380 1226 1437 ﬂumine
1251 1384 1386 1439 vidit
1409 1383 1538 1440 ferri
1559 1385 1837 1453 equinum.

256 1471 376 1541 Quo
403 1474 543 1538 viso,
575 1472 714 1528 sicut
748 1480 873 1526 sunt
904 1472 1085 1528 nimia:
1121 1473 1448 1541 calliditatis,
1493 1475 1753 1530 adnatans
1779 1474 1842 1527 fi-

255 1579 513 1634 mumque
541 1564 1024 1632 comprehenderis,
1065 1572 1121 1618 et
1154 1567 1374 1621 naribus
1410 1567 1721 1632 admovens,
1749 1582 1842 1621 ex-

257 1655 813 1722 clamavit:Cernite,
861 1657 1131 1726 inquiens,
1177 1674 1210 1713 ο
1253 1659 1406 1726 socii,
1448 1675 1643 1715 moneo
1681 1675 1843 1729 quam

260 1758 468 1805 cavete.
522 1747 659 1803 Nam
688 1749 791 1803 hoc
821 1757 1034 1804 stercus
1070 1765 1176 1805 non
1212 1752 1397 1824 onagri
1421 1759 1523 1818 est,
1556 1752 1640 1806 vel
1664 1751 1842 1819 cujus-

1939 550 2328 620 praesidebant,
2363 551 2598 620 primum
2637 553 2902 609 lacessere
2925 597 2939 621 ,
2985 557 3174 615 deinde
3216 563 3511 618 missilibus

1940 643 2210 700 incessere
2268 653 2498 700 tentant.
2566 646 2828 718 Oppidani
2889 665 3051 720 porro
3106 661 3514 711 contemnentes

1938 739 2285 808 praesentium
2312 740 2660 808 paucitatem,
2691 743 2989 800 absentium
3022 749 3306 805 metientes
3333 766 3512 807 seram

1939 829 2312 884 occursionem
2339 870 2355 896 ,
2393 833 2592 901 apertis
2647 835 2820 902 portis
2863 837 3165 906 prosiliunt.
3211 839 3514 911 Pugnatum

1939 921 2066 976 hinc
2097 921 2221 976 inde
2243 929 2326 976 est
2350 926 2506 979 :cresi
2532 935 2656 980 sunt
2675 928 2742 982 ab
2769 935 2994 999 utraque
3022 939 3193 1001 parte,
3221 940 3276 986 et
3299 934 3515 989 tandem

1941 1011 2016 1068 illi
2037 1028 2154 1068 sese
2181 1012 2237 1068 in
2263 1014 2537 1072 civitatem
2561 1029 2900 1089 receperunt,
2930 1022 3018 1076 isti
3040 1032 3218 1082 autem
3246 1025 3311 1078 ad
3337 1036 3516 1081 castra

1941 1105 2186 1160 mansuri
2220 1107 2516 1164 redierunt.
2563 1109 2841 1167 Protracta
2880 1114 3042 1184 igitur
3072 1115 3371 1184 obsidione,
3400 1135 3520 1189 per-

1945 1206 2066 1252 acta
2095 1202 2420 1267 vastatione,
2451 1209 2505 1256 et
2544 1217 2876 1273 quaecunque
2913 1206 3028 1260 visa
3056 1215 3181 1262 sunt
3211 1219 3398 1263 contra
3426 1211 3525 1266 ini-

1941 1288 2112 1344 micos
2148 1291 2352 1360 agenda
2389 1307 2488 1362 pro
2525 1292 2621 1347 ira:
2656 1295 3041 1362 satisfactione,
3074 1299 3139 1352 ad
3178 1314 3356 1370 regem
3399 1310 3524 1356 sunt

1942 1380 2162 1444 reversi,
2194 1382 2286 1450 qui
2315 1397 2381 1437 eo
2408 1391 2648 1452 tempore
2674 1384 2730 1436 in
2760 1384 2908 1439 silvis
2931 1387 3272 1443 venationum
3295 1407 3525 1462 occupa-

1942 1465 2101 1522 batur
2135 1468 2347 1524 studiis.
2397 1471 2527 1525 Erat
2555 1473 2700 1526 enim
2725 1480 2933 1544 tempus
2964 1479 3205 1531 autumni
3243 1491 3525 1548 perextrc-

1941 1576 2109 1615 mum.
2153 1561 2404 1634 Receptis
2443 1579 2572 1635 ergo
2607 1567 2720 1621 suis
2763 1567 2831 1621 ab
2869 1571 3206 1638 expeditione
3248 1577 3527 1642 praemissa

1942 1652 2313 1719 redeuntibus,
2344 1671 2438 1709 rex
2462 1655 2698 1711 hiemem
2737 1669 3070 1728 sequentem,
3114 1663 3168 1717 in
3205 1665 3318 1720 suis
3351 1669 3529 1722 consi-

1943 1749 2113 1807 stens,
2159 1743 2382 1812 pacifice
2427 1747 2626 1817 exegit.
2659 1747 2730 1802 At
2771 1752 3093 1825 succedente
3131 1763 3317 1811 testate
3356 1757 3525 1828 (810),

260 1855 477 1910 cunque
518 1841 809 1895 animantis
838 1841 1079 1896 herbidis
1119 1844 1321 1898 assueti
1364 1846 1630 1914 pastibus,
1665 1847 1841 1900 enim-

1960 1834 2118 1889 ιοοὶιο
2153 1836 2335 1905 pepuli
2369 1837 2450 1890 sui
2491 1839 2725 1909 generali
2766 1821 3052 1912 conventu,
3092 1845 3278 1899 retulit
3315 1821 3394 1903 eis
3426 1821 3528 1904 sibi

258 1949 393 1988 vero
431 1933 627 2003 equina
668 1947 787 1988 esse
826 1934 944 1988 lucc
982 1942 1163 2005 egesta
1203 1944 1595 2006 constat:quae
1639 1944 1845 1992 certum

259 2031 349 2078 est
388 2023 552 2079 fuisse
586 2025 872 2089 hordeum,
906 2032 962 2078 et
989 2025 1058 2079 ob
1103 2026 1205 2080 hoc
1241 2041 1502 2095 equorum
1546 2027 1630 2081 vel
1675 2027 1848 2081 mulo-

260 2132 384 2171 rum
411 2116 635 2186 pabula;
670 2117 896 2186 ideoque
925 2118 1137 2173 cautius
1173 2119 1407 2190 vigilate,
1448 2136 1575 2175 nam
1601 2121 1656 2175 in
1685 2136 1846 2190 supe-

263 2208 502 2264 rioribus
547 2207 783 2263 ﬂuminis
835 2207 1010 2276 hujus,
1062 2218 1122 2264 ut
1165 2225 1348 2278 cerno,
1389 2213 1544 2266 nobis
1586 2221 1849 2281 parantur

264 2300 491 2356 insidia.
552 2301 834 2368 Extemplo
882 2301 1017 2355 duos
1070 2315 1293 2356 suorum
1339 2304 1647 2358 conscensis
1695 2304 1848 2372 equis

264 2391 598 2462 speculatum
631 2391 884 2461 dirigunt.
932 2391 1056 2457 Qui,
1081 2394 1279 2447 nostris
1307 2393 1455 2458 visis,
1488 2396 1629 2464 quod
1659 2409 1850 2449 verum

265 2492 415 2547 crat,
459 2481 745 2537 Abaiduno
795 2483 1124 2536 renuntiant.
1173 2483 1243 2536 At
1286 2483 1361 2536 illi
1409 2484 1602 2539 timore
1648 2486 1844 2550 coacti,

265 2573 539 2639 omnibus,
569 2588 689 2642 quae
711 2573 1004 2628 castrensis
1039 2574 1298 2628 habitatio
1334 2575 1544 2641 habuit,
1571 2576 1847 2645 posthabi-

267 2666 338 2721 tis
375 2675 537 2735 atque
564 2665 822 2740 dimissis,
860 2665 998 2737 fugae
1038 2680 1097 2720 se
1138 2667 1563 2722 commiserunt:
1587 2640 1849 2722 omnium-

270 2778 374 2833 que
399 2762 711 2817 relictorum
738 2761 905 2815 nostri
927 2761 1102 2830 potiti,
1142 2762 1197 2815 in
1234 2762 1447 2816 illorum
1487 2761 1850 2831 papilionibus

268 2853 360 2907 illa
390 2861 517 2907 sunt
537 2861 695 2907 nocte
722 2852 996 2922 hospitati.
1047 2851 1152 2907 Sed
1172 2851 1418 2906 Ahaidun
1439 2853 1661 2907 collecta
1681 2851 1850 2906 multa

272 2960 434 2999 manu
455 2944 712 3009 hostium,
737 2944 815 2998 eis
839 2944 892 2997 in
913 2943 1208 2997 crastinum
1230 2943 1567 3013 przeliaturus
1589 2945 1846 2998 occurrit.

271 3035 456 3090 Nostri
483 3044 661 3088 tamen
691 3034 872 3090 divino
896 3033 1019 3088 freti
1046 3034 1261 3098 auxilio,
1302 3035 1428 3090 licet
1457 3036 1691 3104 impares
1715 3035 1854 3088 mul-

271 3135 434 3195 toque
465 3140 691 3180 numero
717 3126 1018 3191 inferiores,
1052 3134 1229 3180 tamen
1268 3127 1450 3181 hostes
1485 3126 1670 3198 fugere
1707 3143 1854 3182 com—

273 3217 562 3287 pulerunt,
602 3217 878 3288 multaque
913 3233 1100 3272 eorum
1139 3226 1319 3289 strage
1351 3219 1493 3272 viam
1532 3219 1854 3290 fugientium

277 3307 658 3378 impleverunt.
715 3310 783 3363 Et
819 3324 883 3363 eo
925 3325 1096 3378 usque
1141 3326 1335 3365 manus
1376 3310 1444 3364 ab
1486 3325 1673 3364 eorum
1712 3312 1856 3365 caede

277 3416 384 3455 non
416 3401 820 3468 continuerunt,
848 3400 1020 3456 donec
1047 3402 1175 3456 solis
1215 3401 1428 3470 dieique
1466 3402 1669 3457 lumine
1700 3416 1856 3456 rece-

277 3491 465 3557 dente,
506 3499 562 3546 et
600 3493 789 3547 umbra
836 3493 1009 3547 noctis
1053 3501 1255 3548 terram
1294 3502 1612 3564 occupante,
1656 3494 1861 3550 lumina

279 3585 559 3640 stellarum
595 3593 804 3641 noctem
842 3586 1078 3642 solatura
1117 3588 1485 3642 succederent.
1538 3587 1634 3642 His
1673 3589 1858 3658 gestis,

277 3674 498 3731 Christo
523 3676 755 3742 favente,
796 3678 863 3732 ad
892 3693 1018 3733 suos
1049 3693 1168 3734 sese
1192 3695 1389 3749 magno
1418 3696 1542 3735 cum
1579 3681 1774 3752 gaudio
1808 3687 1864 3735 et

278 3771 474 3842 Opibus
521 3772 869 3840 collegerunt.
919 3773 1018 3826 Diu
1063 3773 1224 3827 etiam
1269 3773 1429 3828 simul
1470 3775 1689 3829 obsessa
1727 3775 1862 3829 urbe

282 3865 503 3918 domum
533 3866 876 3936 repedarunt.

353 3955 524 4010 Porro
558 3973 698 4012 anno
729 3958 852 4013 huic
878 3958 1124 4028 proximo
1147 3958 1294 4028 (808)
1317 3958 1621 4014 Ludovicus
1647 3975 1739 4014 rex
1767 3974 1864 4028 per

280 4049 635 4116 semetipsum
684 4049 967 4103 Tortosam
1013 4060 1255 4120 repetere
1301 4051 1507 4116 statuit,
1549 4049 1754 4104 habens
1789 4064 1871 4103 se-

281 4153 412 4193 cum
442 4136 802 4201 Heribertum,
829 4138 1162 4204 Liutardum,
1184 4138 1572 4204 Isembardum,
1603 4139 1869 4194 validum-

283 4245 392 4302 que
421 4229 664 4285 Francia:
701 4231 1149 4302 supplementum.
1194 4231 1310 4298 Quo
1351 4231 1690 4301 perveniens,
1735 4231 1867 4287 adeo

283 4320 432 4374 illam
462 4321 739 4386 arietibus,
770 4321 1146 4391 mangonibus,
1175 4322 1348 4377 vineis
1369 4330 1424 4377 ct
1443 4323 1654 4378 caneris
1674 4323 1871 4378 instru-

283 4412 486 4467 mentis
515 4411 785 4466 lacessivit
811 4420 866 4466 et
891 4413 1138 4484 protrivit
1178 4413 1490 4479 muralibus,
1531 4421 1590 4467 ut
1627 4416 1775 4469 cives
1806 4414 1872 4468 il-

284 4503 394 4558 lius
441 4520 472 4557 a
516 4519 610 4573 spe
665 4505 1007 4571 deciderent,
1060 4503 1424 4575 infractosque
1472 4522 1597 4562 suos
1645 4507 1871 4561 adverso
1899 4533 1952 4592 Β

284 4601 465 4648 marte
505 4602 787 4650 cernentes
811 4636 826 4660 ,
870 4595 1065 4650 claves'
1095 4594 1330 4649 civitatis
1379 4597 1674 4651 traderent.
1727 4597 1874 4663 Quas

287 4687 385 4740 ille
438 4686 656 4741 rediens
707 4703 829 4741 cum
872 4686 1043 4741 multo
1083 4685 1266 4740 favore
1308 4687 1451 4756 patri
1488 4688 1691 4743 retulit.
1747 4689 1876 4754 Qua:

287 4792 382 4832 res
415 4792 669 4846 maguum
704 4776 992 4831 Saracenis
1030 4784 1084 4831 et
1118 4776 1316 4832 Mauris
1345 4793 1444 4847 pro
1481 4779 1677 4834 talibus
1710 4780 1877 4850 gestis

291 4871 522 4925 incussit
548 4877 772 4936 metum,
801 4871 1111 4926 verentibus
1143 4886 1209 4925 ne
1245 4872 1481 4941 singulas
1509 4875 1752 4928 civitates
1780 4890 1881 4944 par

290 4977 416 5016 sors
457 4962 773 5016 involveret.
817 4961 1085 5017 Reversus
1122 4970 1206 5017 est
1250 4963 1415 5033 igitur
1453 4980 1547 5019 rex
1593 4981 1624 5020 a
1665 4966 1881 5020 civitate

289 5064 419 5125 post
442 5056 797 5126 quadraginta
829 5057 945 5111 dies
969 5057 1232 5111 inchoata:
1251 5057 1564 5124 obsidionis,
1593 5067 1648 5114 et
1675 5059 1732 5112 in
1759 5074 1884 5128 pro-

292 5145 477 5215 prium
509 5161 567 5200 se
606 5146 832 5201 contulit
871 5163 1118 5218 regnum.
1174 5148 1247 5204 At
1289 5159 1410 5219 post
1463 5151 1587 5204 anni
1631 5150 1886 5205 instantis

297 5253 590 5292 excursum
625 5238 795 5310 (809),
821 5241 1116 5294 exercitum
1143 5243 1431 5308 ordinavit,
1461 5250 1516 5298 et
1541 5243 1734 5298 Oscam
1763 5259 1886 5297 cum

295 5329 470 5384 misso
507 5332 678 5399 patris
715 5331 1000 5387 Heriberto
1039 5335 1255 5389 mittere
1283 5337 1490 5389 statuit.
1545 5336 1662 5403 Quo
1698 5351 1889 5406 perve-

296 5420 513 5475 nientes
533 5423 623 5491 qui
654 5423 806 5477 missi
838 5424 1072 5490 fuerant,
1114 5425 1387 5480 civitatem
1418 5426 1762 5493 obsederunt,
1794 5427 1890 5481 ob-

298 5514 422 5568 vios
450 5530 693 5585 quosque
725 5524 818 5571 aut
842 5518 994 5572 vivos
1032 5520 1576 5589 comprehenderunt,
1605 5528 1698 5574 aut
1723 5521 1776 5575 in
1808 5520 1892 5574 fu-

298 5619 427 5674 gam
441 5613 658 5659 coactos
669 5607 1061 5677 compulerunt.
1080 5607 1184 5664 Sed
1204 5610 1329 5663 dum
1344 5610 1486 5664 circa
1503 5611 1689 5665 urbem
1705 5611 1894 5666 seden-

301 5703 407 5760 tes,
447 5697 710 5767 ignaviori
746 5715 801 5754 se
841 5717 1002 5770 quam
1034 5703 1212 5757 decuit
1251 5703 1428 5758 studio
1467 5705 1761 5771 resolvunt,
1794 5705 1895 5758 im-

300 5790 605 5861 prudentes
651 5807 714 5846 ac
757 5792 903 5847 leves
943 5795 1110 5864 aliqui
1147 5795 1406 5865 juveuum
1446 5798 1668 5868 propius
1712 5813 1896 5854 muros

712 5906 985 5968 ΡΑτιιοι..
1022 5908 1178 5972 CIV.

1950 1925 2186 1981 delatum
2231 1945 2538 1995 rumorem,
2581 1931 2723 2000 quod
2761 1936 3009 2002 quaedam
3057 1936 3362 1995 Vasconum
3405 1956 3532 2010 pars

1943 2016 2056 2088 jam
2080 2020 2291 2088 pridem
2328 2021 2382 2076 in
2425 2023 2752 2080 deditionem
2787 2040 3058 2099 suscepta,
3095 2047 3240 2088 nunc
3271 2034 3533 2091 defectio-

1948 2123 2076 2163 nem
2106 2111 2388 2177 meditata,
2432 2111 2489 2167 iri
2531 2115 2877 2172 rebellionem
2919 2131 3249 2192 assurgeret,
3297 2127 3364 2180 ad
3407 2142 3535 2195 quo-

1950 2213 2071 2255 rum
2122 2205 2522 2272 reprimendam
2562 2209 2924 2277 pervicaciam
2966 2213 3045 2268 ire
3078 2215 3291 2284 publica
3328 2221 3534 2276 utilitas

1948 2294 2264 2362 postularet.
2313 2296 2464 2352 Hanc
2506 2300 2649 2369 regis
2691 2300 3020 2358 voluntatem
3059 2321 3248 2361 omnes
3286 2309 3536 2366 laudibus

1951 2394 2352 2454 prosequuntur
2392 2402 2407 2440 :
2445 2405 2548 2444 nec
2599 2390 2726 2446 ta‘lia
2763 2392 2818 2446 in
2858 2395 3087 2450 Subditis
3117 2400 3535 2466 contemnenda,

1955 2475 2050 2529 sed
2100 2477 2281 2545 potius
2326 2480 2668 2536 severissime
2717 2488 3012 2540 rcsecanda
3061 2495 3348 2543 testantur.
3394 2489 3536 2544 Moto

1953 2564 2120 2635 igitur
2155 2576 2210 2622 et
2252 2567 2514 2640 disposito
2546 2579 2706 2640 prout
2751 2575 2988 2643 oportuit
3030 2579 3268 2634 exercitu
3294 2621 3308 2644 ,
3353 2579 3535 2650 Aquas

1954 2657 2136 2712 villam
2169 2662 2436 2728 pervenit,
2469 2671 2524 2717 et
2553 2673 2611 2717 ut
2637 2665 2705 2719 ad
2731 2681 2790 2720 se
2812 2668 3079 2733 venirent,
3120 2671 3212 2739 qui
3253 2673 3540 2728 inﬁdelita-

1953 2751 2025 2806 tis
2051 2752 2522 2821 insimulabantur,
2546 2756 2729 2824 jussit.
2758 2757 2862 2813 Sed
2894 2760 2998 2816 illis
3025 2764 3209 2818 venire
3237 2765 3542 2820 detractan-

1955 2843 2123 2908 tibus,
2146 2846 2212 2898 ad
2232 2860 2417 2900 eorum
2441 2848 2636 2902 vicinia
2660 2850 2892 2914 devenit,
2917 2861 3220 2924 cunctaque
3245 2871 3429 2910 eorum
3451 2857 3543 2913 de-

1955 2937 2203 3006 populari
2239 2953 2402 2993 manu
2438 2940 2656 2994 militari
2691 2943 2957 3010 permisit.
3001 2943 3084 2998 Ad
3119 2945 3370 3001 ultimum
3408 2965 3540 3004 cun-

1958 3029 2060 3083 ctis
2100 3045 2220 3097 quae
2263 3030 2330 3083 ad
2379 3045 2472 3085 eos
2509 3032 2782 3101 pertinere
2824 3033 3146 3088 videbantur
3185 3040 3541 3108 consumptis,

1960 3119 2063 3188 ipsi
2101 3119 2369 3189 supplices
2403 3129 2683 3187 venerunt,
2717 3129 2772 3177 et
2812 3125 3029 3178 tandem
3060 3128 3272 3182 veniam
3315 3129 3543 3198 perditis

1963 3211 2214 3266 omnibus
2253 3228 2449 3282 magno
2493 3229 2593 3283 pro
2629 3230 2853 3270 munere
2890 3226 3222 3272 meruerunt.
3279 3217 3546 3288 Superato

1962 3312 2141 3357 autem
2179 3320 2318 3375 pene
2363 3305 2562 3361 diﬂicili
2605 3306 2984 3377 Pyrenaaarum
3028 3311 3261 3365 transitu
3305 3311 3542 3382 Alpium,

1962 3394 2345 3465 Pampalonam
2386 3399 2700 3453 descendit:
2726 3407 2780 3454 et
2811 3400 2863 3454 in
2905 3401 3010 3457 illis
3043 3418 3205 3472 quam
3238 3403 3328 3457 diu
3368 3405 3545 3459 visum

1962 3495 2047 3541 est
2075 3496 2316 3544 moratus
2343 3489 2497 3556 locis,
2524 3505 2585 3546 ea
2616 3508 2735 3560 quae
2754 3492 2972 3548 utilitati
3000 3502 3108 3549 tam
3135 3494 3359 3565 publicaa
3381 3512 3546 3567 quam

1963 3579 2188 3648 privatae
2233 3582 2594 3636 conducerent
2627 3584 2917 3639 ordinavit.
2971 3584 3075 3640 Sed
3111 3602 3231 3640 cum
3270 3602 3368 3656 per
3407 3587 3550 3656 ejus-

1964 3670 2085 3725 dem
2125 3673 2324 3728 montis
2360 3675 2710 3729 remeandum
2755 3674 2895 3729 foret
2935 3676 3231 3743 angustias,
3276 3677 3549 3731 Vascones

1964 3763 2205 3818 nativum
2251 3773 2632 3834 assuetumque
2673 3765 2890 3820 fallendi
2927 3781 3133 3821 morem
3169 3781 3425 3821 exercere
3464 3783 3550 3823 co-

1966 3853 2100 3917 nati,
2134 3868 2258 3908 mox
2285 3861 2409 3908 sunt
2439 3855 2690 3924 prudenti
2719 3856 2916 3910 astutia
2953 3857 3290 3925 deprehensi,
3323 3858 3550 3914 consilio

1967 3944 2112 3997 cauti
2141 3952 2302 4014 atque
2333 3945 2544 4000 cautela
2568 3947 2741 3999 vitati.
2792 3947 2910 4001 Uno
2938 3948 3082 4002 enim
3108 3963 3319 4016 eorum,
3351 3951 3443 4020 qui
3481 3951 3550 4005 ad

1967 4037 2372 4105 provocandam
2416 4047 2785 4106 processerat,
2827 4040 3218 4109 comprehenso
3259 4049 3422 4112 atque
3455 4058 3552 4113 ap-

1966 4145 2136 4201 penso
2158 4171 2172 4196 ,
2213 4130 2436 4200 reliquis
2463 4146 2603 4200 pene
2641 4133 2889 4188 omnibus
2925 4147 3122 4189 uxores
3156 4143 3250 4189 aut
3292 4135 3387 4189 ﬁlii
3427 4144 3554 4192 sunt

1968 4226 2164 4295 erepti,
2193 4241 2474 4296 usquequo
2509 4241 2576 4282 eo
2608 4227 2778 4282 nostri
2813 4227 3162 4296 pervenirent
3184 4244 3290 4298 quo
3317 4228 3466 4284 fraus
3491 4228 3555 4283 il-

1969 4318 2144 4373 lorum
2182 4319 2384 4373 nullam
2424 4321 2536 4390 regi
2581 4319 2666 4375 vel
2714 4315 2975 4375 exercitui
3015 4329 3198 4392 posset
3236 4320 3436 4376 inferre
3469 4321 3556 4392 ja-

1971 4417 2203 4464 cturam.

2050 4499 2145 4552 His
2171 4500 2340 4570 gestis
2365 4541 2379 4566 ,
2407 4502 2463 4555 in
2493 4503 2710 4572 propria
2751 4518 2846 4558 rex
2901 4503 3236 4574 populusque
3284 4502 3403 4573 ejus
3444 4503 3555 4559 Deo

1977 4590 2212 4660 propitio
2234 4592 2506 4646 concessit
2537 4591 2704 4665 (8M).
2732 4593 2798 4647 Et
2824 4595 2967 4665 regis
2995 4595 3212 4663 quidem
3238 4593 3304 4648 ab
3336 4595 3556 4648 ineunte

1977 4692 2157 4747 aetate,
2191 4685 2283 4738 sed
2307 4692 2434 4740 tunc
2459 4701 2620 4756 quam
2646 4688 2901 4753 maxime,
2930 4688 3074 4743 circa
3097 4688 3335 4742 divinum
3355 4687 3558 4742 cultum

1979 4784 2036 4828 et
2072 4782 2273 4829 sancta
2304 4774 2560 4831 Ecclesia:
2585 4779 2969 4834 exaltationem
2999 4780 3273 4849 piissimus
3297 4779 3560 4834 incitaba—

1982 4873 2071 4920 tur
2101 4866 2354 4932 animus;
2399 4868 2471 4921 ita
2504 4876 2564 4921 ut
2617 4883 2722 4922 non
2761 4871 2919 4925 modo
2975 4885 3190 4940 regem,
3245 4871 3338 4924 sed
3391 4871 3562 4940 ipsius

1981 4973 2146 5028 opera
2185 4959 2366 5028 potius
2403 4975 2527 5014 eum
2552 4960 2982 5016 vociferarentur
3025 4964 3383 5018 sacerdotem.
3426 4960 3562 5017 Nam

1986 5048 2154 5103 totius
2183 5048 2492 5117 Aquitania:
2523 5051 2615 5118 qui
2639 5051 2926 5105 videbatur
2951 5051 3148 5119 clerus,
3191 5061 3481 5122 antequam
3512 5052 3561 5108 ei

1985 5141 2328 5204 crederetur,
2370 5148 2429 5193 ut
2455 5149 2578 5210 pote
2610 5141 2710 5196 sub
2737 5144 2981 5211 tyrannis
3000 5158 3182 5213 agens,
3206 5145 3377 5216 magis
3409 5145 3564 5215 equi—

1988 5231 2181 5284 tationi
2209 5241 2240 5297 ,‘
2263 5229 2471 5285 bellicae
2507 5231 2883 5284 exercitationi
2904 5272 2918 5297 ,
2949 5231 3236 5288 missilium
3262 5233 3561 5301 librationi,

1987 5339 2152 5394 quam
2177 5324 2359 5379 divino
2382 5322 2546 5378 cultui
2581 5338 2801 5392 operam
2824 5324 2953 5378 dare
2989 5331 3234 5377 noverat.
3273 5323 3435 5396 Regis
3468 5341 3566 5380 au-

1990 5423 2100 5470 tem
2125 5416 2303 5471 studio
2326 5415 2682 5483 undecunque
2729 5413 2973 5468 adductis
3012 5414 3313 5485 magistris,
3352 5424 3459 5470 tam
3489 5415 3566 5469 le-
3625 5483 3627 5486 g

1991 5507 2152 5576 gendi
2182 5521 2343 5575 quam
2369 5505 2624 5561 cantandi
2669 5503 2934 5570 studium,
2992 5519 3091 5559 nec
3125 5519 3232 5559 non
3259 5505 3566 5560 divinarum

1992 5609 2046 5652 et
2075 5598 2473 5653 mundanarum
2503 5596 2854 5667 intelligentia
2885 5596 3386 5663 litterarum,'citius
3402 5613 3471 5667 qu
3527 5611 3564 5648 η

1995 5694 2142 5742 credi
2193 5699 2406 5742 noterat
2435 5693 2652 5742 coaluit.
2701 5691 2976 5742 Prmcinue
3014 5703 3192 5742 tamen
3221 5692 3411 5742 affectu
3444 5613 3562 5742 iﬁ-

1967 5694 2142 5748 -credi
2193 5699 2406 5763 poterat
2435 5693 2652 5747 coaluit.
2701 5691 2976 5762 Praecipue
3014 5703 3193 5748 tamen
3221 5692 3411 5747 affectu
3444 5690 3478 5744 il

1997 5805 2115 5844 rum
2147 5787 2462 5854 ducebatur,
2495 5788 2587 5857 qui
2635 5794 2830 5843 cuncta
2864 5801 2962 5844 sua
3001 5803 3101 5859 pro
3135 5785 3346 5842 Domini
3382 5797 3567 5839 amore

3055 5899 3133 5961 30
