4056 6350
524 394 630 454 939

1588 387 1947 448 LUDOVICI
1984 387 2007 443 Ῑ
2045 382 2516 443 COGNOMENTO
2553 378 2642 438 PII

3687 371 3793 432 ΜΟ

522 508 918 578 relinquentes,
958 503 1310 576 speculativaa
1338 503 1464 561 vitae
1500 503 1765 561 curabant
1789 501 1907 558 fieri
1931 498 2103 572 parti-
2130 504 2184 563 Α
2207 496 2326 552 lans
2389 493 2747 578 perlatoru‘m.
2779 502 3131 563 responsum,
3196 485 3438 547 monitus
3492 495 3579 542 est
3621 495 3732 543 tam
3761 504 3796 546 ι

522 601 691 674 cipes.
730 595 867 653 Nam
908 604 1199 667 antequam
1223 596 1517 666 Aquitania
1563 595 1665 651 sub
1708 609 1774 652 eo
1800 600 2101 665 regeretur,

520 692 791 765 collapsus
826 694 948 744 erat
990 688 1049 744 in
1076 703 1141 743 ea
1190 684 1562 758 hujuscemodi
1601 684 1772 752 ordo;
1813 692 1871 740 at
1912 681 2013 740 sub
2039 697 2106 739 eo

519 784 657 842 adeo
690 778 1007 849 convaluit,
1046 789 1107 836 ut
1149 780 1315 837 etiam
1345 780 1462 850 ipse
1500 778 1801 841 fraternum
1839 776 1925 832 avi
1975 775 2106 832 Car-

519 876 761 935 lomanni
803 873 1009 935 imitari
1059 871 1297 946 gestiens
1345 869 1699 927 memorabile
1750 867 2057 941 exemplum
2086 909 2103 934 ,

522 974 641 1043 ipse
679 972 895 1042 quoque
934 964 1188 1023 tbeorlca:
1214 963 1340 1019 vitae
1368 962 1607 1019 culmina
1644 961 1915 1018 niteretur
1959 974 2109 1015 com-

518 1061 875 1134 prehendere.
904 1056 1012 1116 Sed
1048 1057 1214 1130 hujus
1239 1056 1353 1113 voti
1392 1071 1461 1113 ne
1514 1071 1737 1126 compos
1775 1054 1963 1121 ﬁeret,
1995 1053 2113 1109 obi-

519 1169 640 1211 cem
675 1168 735 1207 se
779 1150 1008 1224 praebuit
1050 1147 1346 1222 refragatio
1387 1148 1562 1220 patris
1589 1188 1605 1214 ,
1644 1145 1731 1203 vel
1768 1146 1951 1219 potius
1976 1145 2113 1200 divi-

524 1260 610 1301 nae
636 1242 929 1299 voluntatis
950 1251 1144 1308 nutus,
1175 1241 1267 1312 qui
1308 1249 1470 1297 tantae
1494 1238 1716 1312 pietatis
1742 1239 1919 1295 virum
1941 1237 2116 1293 noluit

526 1334 631 1392 sub
670 1351 801 1390 cura
856 1349 966 1389 suae
1016 1332 1185 1390 solius
1220 1331 1413 1389 salutis
1458 1331 1776 1387 delitescere
1818 1348 1832 1383 :
1872 1330 1968 1385 sed
2019 1343 2117 1400 po-

526 1426 639 1481 tius
666 1442 764 1497 per
790 1440 912 1480 eum
938 1465 954 1491 ,
995 1432 1050 1481 et
1098 1424 1197 1480 sub
1228 1440 1293 1480 eo
1314 1465 1328 1491 ,
1370 1421 1667 1478 multorum
1706 1420 1937 1476 salutem
1988 1418 2117 1474 ado-

524 1516 752 1573 lescere.
787 1515 855 1571 Et
876 1514 1094 1586 quidem
1122 1514 1314 1582 multa,
1346 1522 1406 1570 ut
1435 1514 1640 1570 dictum
1668 1520 1779 1581 est,
1807 1512 1875 1568 ab
1901 1526 1968 1568 eo
1992 1516 2122 1567 sunt

526 1609 584 1663 in
633 1608 752 1681 ejus
778 1604 983 1662 ditione
1012 1614 1264 1678 reparata
1288 1647 1303 1673 ,
1347 1607 1455 1662 imo
1488 1622 1521 1662 a
1550 1604 1918 1662 fundamentis
1950 1602 2120 1660 aedifi-

524 1709 651 1756 cata
683 1700 1050 1767 monasteria,
1092 1699 1187 1755 sed
1227 1700 1501 1770 praecipue
1539 1700 1656 1755 bzec
1683 1718 1697 1754 :
1726 1697 2120 1755 monasterium

525 1779 736 1850 sanctae
778 1792 963 1849 Maria:
987 1800 1042 1848 et
1085 1792 1263 1848 sancti
1304 1791 1452 1847 Petri
1503 1794 1569 1848 de
1624 1790 1928 1857 Ferrariis,
1976 1787 2123 1860 quod

2209 586 2431 644 Francis
2468 603 2631 659 quam
2658 575 2689 641 a
2712 574 3000 641 Germanis
3040 591 3097 637 ut
3147 581 3214 636 ad
3256 590 3471 655 patrem
3510 596 3607 636 rex
3636 582 3792 637 veni-

2209 686 2324 748 ret,
2362 679 2521 750 eique
2545 684 2765 750 propter
2809 675 3088 731 assisteret
3120 690 3132 727 :
3163 671 3339 739 videri
3368 672 3497 740 sibi,
3529 671 3795 739 dicentes,

2208 770 2353 843 quod
2375 786 2496 826 cum
2526 779 2684 843 pater
2706 768 2823 842 jam
2854 767 2908 825 in
2936 764 3163 823 senilem
3193 773 3445 838 vergeret
3461 773 3681 819 aetatem
3704 807 3717 831 ,
3746 774 3800 820 et

2209 864 2403 918 acerbe
2439 861 2604 919 ferret
2632 860 2929 918 liberorum
2970 860 3359 915 infortunatam
3410 858 3800 927 defectionem,

2210 955 2373 1012 citam
2397 954 2540 1013 illius
2557 954 2673 1012 haec
2696 953 3087 1028 portenderent
3105 969 3423 1025 corpoream
3450 950 3800 1008 solutionem.

2211 1048 2367 1118 Quod
2395 1047 2654 1107 Gerricus
2683 1066 2808 1106 cum
2834 1049 2969 1122 regi,
3003 1065 3098 1104 rex
3132 1064 3263 1105 vero
3291 1046 3624 1105 consiliariis
3661 1058 3806 1105 retu-

2213 1139 2395 1206 lisset,
2438 1137 2761 1212 quibusdam
2804 1138 2886 1195 vel
2918 1155 3057 1212 pene
3085 1139 3344 1197 omnibus
3383 1139 3564 1195 visum
3591 1150 3680 1195 est
3724 1157 3807 1196 sa-

2213 1230 2369 1286 lubre
2400 1240 2735 1304 suggestum.
2780 1230 2887 1288 Sed
2915 1248 3012 1288 rex
3041 1232 3221 1289 altiori
3266 1232 3531 1302 consilio,
3570 1250 3641 1289 ne
3670 1232 3809 1290 forte

2215 1338 2313 1395 per
2335 1324 2441 1380 hoc
2472 1339 2530 1380 se
2561 1325 2705 1396 patri
2734 1333 3047 1395 suspectum
3079 1325 3350 1393 redderet,
3383 1342 3551 1399 agere
3574 1326 3806 1384 distulit.

2217 1415 2344 1474 Haec
2374 1425 2556 1473 tamen
2580 1417 2847 1474 Divinitas
2872 1458 2887 1486 ,
2927 1433 3026 1489 pro
3081 1416 3235 1488 cujus
3286 1419 3481 1475 timore
3526 1428 3584 1473 et
3623 1433 3810 1474 amore

2218 1507 2397 1564 facere
2427 1506 2629 1576 noluit,
2668 1519 2729 1565 ut
2766 1510 2868 1566 sibi
2898 1510 3067 1565 moris
3114 1519 3199 1566 est
3221 1519 3498 1568 amatores
3528 1511 3613 1566 sui
3643 1510 3813 1567 subli-

2218 1602 2361 1658 mius
2410 1616 2573 1672 quam
2628 1602 2855 1673 cogitari
2902 1610 3084 1673 potest
3119 1602 3443 1671 nobilitare,
3485 1604 3812 1675 prudentius

2220 1690 2508 1748 ordinavit.
2549 1690 2745 1747 Pacem
2786 1708 2953 1764 porro
2979 1693 3291 1763 petentibus
3317 1694 3435 1761 his,
3475 1710 3620 1766 quos
3668 1695 3812 1751 bello

2221 1782 2457 1854 fatigare
2482 1780 2673 1838 solitus
2713 1791 2851 1850 erat,
2892 1798 2989 1837 rex
3018 1783 3250 1839 articulo
3282 1785 3514 1841 duorum
3542 1800 3814 1842 annorum

526 1883 828 1953 antiquitus
854 1882 1173 1940 Bethlehem
1201 1884 1519 1951 vocabatur,
1560 1883 1615 1938 in
1645 1881 1800 1951 cujus
1826 1880 1980 1953 curia
2024 1895 2122 1951 pa-
2146 1870 2197 1931 B
2223 1874 2524 1945 praestituto
2553 1916 2568 1942 ,
2602 1872 2833 1930 libenter
2871 1874 3111 1930 indulsit.
3150 1874 3362 1933 Interea
3384 1878 3689 1950 imperator
3711 1876 3817 1933 Ca-

524 1982 611 2028 ter
640 1974 762 2046 ejus
783 1973 1046 2046 Pippinus
1074 1974 1277 2030 occidit
1313 1974 1525 2030 leonem
1546 2015 1561 2041 ,
1602 1982 1659 2029 et
1682 1974 1913 2043 ipsemet
1933 1988 1964 2027 a
1996 1970 2120 2027 Ste-

526 2066 711 2136 phano
753 2084 897 2141 papa
936 2068 1186 2125 Romano
1211 2069 1267 2124 in
1287 2084 1472 2141 regem
1512 2066 1813 2123 honorifice
1832 2082 2124 2124 consecra-

523 2168 614 2216 tus
639 2169 725 2217 est
759 2162 816 2217 in
846 2162 1037 2218 eadem
1066 2162 1297 2218 ecclesia
1321 2180 1337 2229 ;
1380 2162 1778 2218 monasterium
1807 2162 1981 2218 sancti
1999 2161 2125 2218 Fili-

519 2254 684 2319 berti,
701 2254 1095 2310 monasterium
1112 2257 1287 2312 sancti
1303 2256 1981 2323 Florentii,monasterium
1995 2254 2126 2311 Car-

520 2343 655 2409 rol'fi,
672 2344 1061 2400 monasterium
1075 2344 1300 2411 Concas,
1319 2348 1709 2403 monasterium
1721 2348 1899 2403 sancti
1912 2347 1994 2401 Ma
2002 2361 2123 2403 xen-

524 2432 602 2500 tii,
638 2437 1028 2491 monasterium
1075 2436 1340 2505 Menatae,
1384 2440 1772 2494 monasterium
1811 2438 2118 2510 Magniloci,

520 2527 911 2583 monasterium
926 2525 1278 2595 Musciacum,
1293 2532 1693 2586 monasterium
1719 2532 1893 2587 sancti
1911 2530 2120 2599 Savini,

520 2619 911 2674 monasterium
932 2618 1293 2689 Masciacum,
1331 2624 1726 2678 monasterium
1753 2622 2120 2691 Noviliacum,

520 2712 912 2768 monasterium
940 2716 1116 2769 sancti
1148 2714 1451 2770 Theotfridi
1470 2756 1487 2782 ,
1528 2716 1919 2772 monasterium
1942 2714 2124 2772 sancti

520 2798 814 2869 Pascentii,
832 2806 1229 2861 monasterium
1241 2808 1471 2873 Dosora,
1486 2809 1878 2864 monasterium
1894 2808 2124 2864 Sollem-

521 2888 760 2959 niacum,
786 2896 1179 2951 monasterium
1193 2898 1434 2967 puellare
1460 2909 1663 2955 sanctae
1699 2900 1904 2967 Maria),
1934 2916 2124 2956 mona-

522 2979 751 3035 sterium
770 2980 1015 3052 puellare
1033 2993 1234 3041 sancta:
1247 2986 1616 3056 Badegundis,
1635 2990 2026 3046 monasterium
2052 2989 2122 3046 de

523 3074 684 3145 Vera,
709 3081 1101 3137 monasterium
1115 3083 1181 3140 de
1198 3082 1364 3141 Utera
1391 3084 1448 3139 in
1474 3101 1611 3158 pago
1627 3086 1913 3153 Tolosano,
1933 3102 2123 3141 mona-

523 3159 966 3228 steriumValada
993 3172 1048 3228 in
1079 3173 1845 3246 Septimania,monasterium
1872 3177 2119 3246 Anianae,

522 3265 918 3320 monasterium
963 3265 1214 3333 Galunae,
1256 3271 1650 3327 monasterium
1678 3271 1855 3326 sancti
1878 3271 2121 3327 Lauren-

529 3355 630 3423 tii,
682 3360 1079 3414 monasterium
1135 3371 1341 3417 sancta:
1395 3362 1581 3418 Maria:
1622 3364 1769 3435 quod
1816 3362 2021 3420 dicitur
2063 3366 2121 3421 in

524 3446 741 3503 Rubine
770 3448 1113 3525 [Oruhione],
1155 3455 1547 3510 monasterium
1573 3457 1809 3524 Cannas,
1837 3464 1893 3512 et
1921 3465 2121 3513 caetera

525 3539 757 3610 plurima
783 3583 800 3610 ,
842 3543 1040 3614 quibus
1084 3544 1253 3600 veluti
1303 3547 1627 3616 quibusdam
1682 3549 1898 3619 lychnis
1947 3557 2120 3607 totum

526 3632 816 3689 decoratur
863 3633 1171 3705 Aquitaniae
1200 3652 1449 3710 regnum.
1505 3639 1620 3697 Hoc
1661 3638 1782 3711 ejus
1808 3642 2121 3713 exemplum

526 3739 638 3780 non
662 3727 822 3783 modo
859 3728 1099 3801 episcopi
1127 3729 1317 3798 multi,
1356 3733 1453 3788 sed
1483 3740 1540 3788 et
1568 3731 1693 3789 laici
1727 3732 2119 3804 quamplurimi

526 3816 794 3884 aemulati,
827 3818 1066 3891 collapsa
1095 3823 1520 3892 restaurabant,
1571 3834 1627 3881 et
1654 3840 1796 3882 nova
1844 3833 2123 3883 monaste-

531 3908 613 3964 ria
641 3912 927 3968 certabant
953 3913 1269 3984 instituere;
1326 3919 1472 3989 quod
1521 3932 1749 3975 cernere
1796 3919 1971 3976 oculis
2013 3927 2117 3976 est.

531 3999 591 4056 In
620 4010 831 4059 tantam
855 4004 1088 4077 denique
1119 4006 1437 4064 felicitatem
1466 4012 1775 4082 respublica
1803 4011 2121 4083 Aquitanici

530 4096 687 4168 regni
715 4096 1043 4167 profecerat,
1073 4108 1133 4155 ut
1154 4101 1541 4171 proficiscente
1566 4104 1813 4175 quolibet
1840 4120 1965 4175 rege
1990 4146 2006 4171 ,
2032 4106 2121 4161 vel

530 4188 587 4243 in
628 4188 834 4261 palatio
866 4184 1157 4259 residente,
1187 4195 1277 4250 vix
1310 4196 1507 4267 aliquis
1536 4199 1873 4268 reperiretur
1895 4215 1954 4255 se
1990 4216 2122 4256 con-

531 4296 769 4352 querens
806 4282 1010 4353 aliquid
1042 4300 1073 4339 a
1092 4284 1218 4353 jure
1249 4301 1587 4358 perpessum.
1615 4289 1812 4346 Tribus
1836 4290 1983 4345 enim
2008 4291 2121 4347 die-

526 4372 628 4429 bus
649 4390 744 4429 rex
765 4391 865 4446 per
880 4376 1120 4448 singulas
1145 4378 1512 4437 hebdomadas
1537 4382 1615 4439 rei
1631 4381 1932 4451 judiciarim
1953 4384 2123 4440 inter-

526 4472 663 4519 erat.
697 4463 833 4519 Nam
868 4468 1104 4538 quadam
1140 4477 1465 4542 tempestate
1501 4474 1672 4529 misso
1718 4475 2121 4532 Archambaldo

2224 1966 2373 2022 rolus
2396 1966 2747 2022 considerans
2775 1982 2930 2022 suum
2953 1965 3060 2041 [se]
3090 1968 3147 2025 in
3176 1978 3513 2025 senectutem
3543 1970 3818 2026 adclinem

2224 2058 2488 2114 devexum
2511 2100 2526 2125 ,
2573 2067 2627 2113 et
2655 2075 2853 2115 verens
2897 2075 2966 2115 ne
3008 2059 3148 2116 forte
3178 2060 3491 2118 subtractus
3521 2061 3691 2118 rebus
3719 2063 3817 2118 hu-

2222 2150 2429 2217 manis,
2480 2150 2766 2206 confusum
2804 2151 3143 2223 relinqueret
3186 2169 3411 2225 regnum
3437 2195 3453 2222 ,
3493 2154 3643 2225 quod
3698 2163 3817 2211 erat

2223 2238 2459 2297 donante
2497 2242 2629 2309 Deo,
2677 2238 2931 2299 nobiliter
2961 2244 3273 2300 ordinatum
3306 2262 3320 2300 :
3377 2246 3593 2302 scilicet
3623 2261 3700 2302 ne
3723 2256 3816 2302 aut

2225 2334 2467 2391 externis
2496 2342 2816 2404 quateretur
2843 2336 3123 2406 procellis,
3155 2345 3250 2392 aut
3285 2337 3561 2395 intestinis
3590 2355 3818 2398 vexare-

2226 2437 2313 2485 tur
2350 2429 2737 2509 scissionibus,
2778 2430 2929 2486 misit
2965 2431 3033 2486 ad
3061 2429 3262 2501 ﬁlium,
3294 2448 3529 2505 eumque
3550 2435 3623 2491 ab
3643 2436 3813 2507 Aqui—

2224 2521 2372 2577 tania
2419 2522 2681 2577 evocavit.
2717 2521 2890 2589 Quem
2928 2510 3241 2581 venientem
3278 2524 3582 2585 clementer
3627 2544 3817 2585 susce-

2223 2611 2345 2684 pitg
2387 2618 2497 2667 tota
2526 2619 2714 2669 :cstate
2748 2627 2933 2668 secum
2961 2614 3155 2682 tenuit,
3217 2615 3287 2671 de
3314 2615 3410 2672 his
3448 2618 3655 2688 quibus
3692 2635 3818 2676 eum

2226 2705 2467 2777 indigere
2511 2707 2724 2777 putavit
2770 2705 3031 2763 instruxit
3071 2726 3087 2763 :
3135 2709 3369 2780 qualiter
3406 2711 3665 2769 videlicet
3715 2713 3820 2772 sibi

2228 2799 2549 2866 vivendum,
2611 2800 2980 2872 regnandum,
3042 2818 3270 2875 regnum
3316 2805 3716 2871 ordinandum,
3766 2815 3821 2863 et

2225 2897 2532 2952 ordinatum
2560 2897 2851 2953 tenendum
2882 2896 3024 2953 foret
3050 2939 3065 2966 ,
3106 2899 3335 2966 monuit,
3368 2906 3423 2954 et
3463 2902 3689 2955 tandem
3712 2900 3818 2955 im-

2225 2987 2420 3059 periali
2464 3003 2590 3043 eum
2620 2988 2927 3046 diademate
2963 2991 3244 3047 coronavit
3275 3031 3291 3057 ,
3337 2998 3395 3047 et
3432 3006 3622 3047 rerum
3669 3007 3819 3048 sum-

2226 3096 2372 3137 mam
2402 3096 2569 3153 penes
2598 3097 2722 3136 eum
2753 3080 2997 3138 futuram
3020 3098 3141 3139 esse
3174 3083 3390 3140 Christo
3416 3083 3642 3140 favente
3664 3085 3820 3140 inno-

2227 3172 2363 3239 tuit,
2409 3180 2467 3228 et
2516 3171 2621 3227 hoc
2667 3181 2892 3244 peracto
2950 3174 3167 3246 negotio
3204 3174 3436 3231 reditum
3475 3177 3545 3230 ad
3599 3176 3818 3246 propria

2148 3240 2193 3305 Ο
2225 3263 2518 3321 concessit.
2555 3240 2874 3332 Qui—mense
2921 3240 3216 3323 Novembri
3240 3284 3273 3323 a
3294 3277 3451 3339 patre
3475 3240 3815 3339 regrediens,

2222 3358 2573 3430 Aquitaniam
2603 3360 2836 3429 repetiit.
2885 3359 3046 3416 Pater
3084 3376 3215 3416 vero
3258 3360 3423 3417 veluti
3479 3362 3647 3417 morti
3696 3376 3819 3431 pro-

2221 3449 2491 3521 pinquus,
2526 3449 2733 3505 crebris
2771 3458 2828 3507 et
2872 3451 3178 3524 peregrinis
3233 3452 3602 3508 incommodis
3637 3452 3819 3525 urgeri

2225 3541 2411 3612 cmpit.
2454 3540 2591 3596 Nam
2618 3556 2768 3598 mors
2796 3542 2964 3598 veluti
2992 3544 3319 3615 quibusdam
3364 3543 3577 3600 nuntiis
3619 3544 3821 3599 adven-

2225 3640 2339 3688 tum
2370 3648 2527 3689 suum
2557 3632 2673 3703 jam
2710 3633 2935 3706 jamque
2977 3635 3218 3693 futurum
3244 3677 3260 3705 ,
3311 3637 3513 3693 talibus
3566 3653 3819 3707 praenim—

2225 3724 2399 3780 tiabat
2427 3725 2665 3781 indiciis.
2700 3726 2943 3782 Tandem
2986 3728 3171 3798 itaque
3211 3728 3358 3784 vitiis
3383 3729 3707 3801 passionum
3737 3729 3819 3784 in—

2225 3821 2311 3871 ter
2334 3832 2395 3872 se
2424 3818 2931 3890 compugnantibus,
2968 3828 3021 3874 et
3044 3821 3337 3877 valentiam
3358 3819 3478 3892 ejus
3497 3822 3818 3895 impugnan-

2225 3910 2371 3968 tibus
2396 3951 2412 3978 ,
2452 3920 2662 3968 naturae
2716 3913 3067 3970 imbecillitas
3110 3917 3309 3984 cessit,
3375 3925 3431 3972 et
3468 3915 3617 3972 lecto
3660 3917 3818 3971 decu-

2223 3999 2343 4056 buit
2375 4016 2391 4057 :
2418 4008 2474 4056 et
2503 4001 2556 4056 in
2584 4003 2699 4057 dies
2726 4010 2890 4071 atque
2920 4003 2974 4058 in
2998 4003 3162 4060 horas
3198 4006 3564 4077 propinquior
3610 4005 3778 4062 morti
3800 4045 3817 4073 ,

2223 4098 2385 4162 prout
2422 4091 2596 4147 voluit
2624 4092 2737 4148 suis
2768 4093 2973 4165 scripto
3001 4095 3339 4164 distributis,
3391 4096 3535 4152 diem
3565 4096 3817 4151 ultimum

2226 4182 2456 4249 clausit,
2498 4181 2948 4257 Francorumque
2997 4201 3165 4258 regno
3215 4201 3355 4260 pene
3412 4186 3822 4244 ineluctabilem

2224 4274 2431 4330 luctum
2464 4275 2703 4347 reliquit.
2730 4277 2804 4332 At
2828 4294 2959 4333 vero
2991 4279 3046 4335 in
3075 4278 3193 4350 ejus
3227 4296 3545 4338 successore
3568 4278 3822 4335 veridica

2221 4368 2449 4438 probata
2476 4380 2562 4426 est
2589 4369 2876 4442 Scriptura
2899 4413 2914 4440 ,
2948 4390 3069 4444 quae
3115 4376 3172 4431 in
3211 4375 3411 4433 talibus
3440 4374 3821 4431 tribulantium

2224 4464 2512 4522 consolans
2554 4467 2767 4522 animos
2793 4466 2927 4521 dicit
2965 4484 2981 4521 :
3023 4465 3269 4523 Mortuus
3305 4476 3382 4523 est
3423 4468 3502 4522 vir
3516 4467 3740 4537 justus,
3772 4472 3821 4519 et

528 4558 1017 4654 flommentariensi
1056 4560 1272 4634 Imperii
1296 4604 1312 4631 ,
1352 4567 1480 4621 dum
1515 4567 1566 4621 ei
1596 4567 1847 4636 quaedam
1892 4567 2118 4625 ferenda
2144 4593 2199 4654 D
2224 4561 2378 4654 quasi
2416 4577 2521 4654 non
2549 4570 2625 4616 est
2660 4570 2934 4654 mortuus.
2962 4559 3190 4617 similem
3213 4562 3354 4616 enim
3384 4560 3489 4654 tibi
3511 4558 3820 4654 reliquit!-

528 4649 639 4707 fllio
676 4652 1075 4725 referendaque
1101 4657 1485 4722 commisisset,
1511 4666 1567 4714 et
1593 4659 1684 4714 ille
1716 4659 2118 4718 ordinationem

2223 4651 2359 4708 lium
2409 4653 2687 4709 hazredem.
2733 4652 2881 4709 Obiit
2930 4662 3114 4709 autem
3149 4654 3343 4723 quinto
3396 4650 3675 4708 Kalendas
3729 4650 3821 4707 Fc.

529 4741 697 4808 hanc,
739 4751 802 4797 ut
827 4744 1071 4813 viderat,
1105 4748 1320 4802 rediens
1349 4749 1490 4817 patri
1514 4748 1789 4806 retulisset
1818 4791 1834 4816 ,
1866 4752 2005 4807 adeo
2026 4767 2119 4808 ex-

527 4835 762 4892 sultasse
788 4836 1017 4904 dicitur,
1085 4846 1147 4894 ut
1181 4854 1295 4909 pra:
1345 4840 1512 4895 nimia
1552 4840 1834 4897 alacritate
1860 4842 2121 4914 lacrymis

529 4923 768 4993 ﬂuxerit,
808 4935 865 4983 et
902 4927 1403 4997 circumstantibus,
1444 4928 1513 4997 0,
1548 4930 1744 5002 inquit,
1783 4934 1934 4999 socii,
1958 4937 2119 4990 victos

529 5032 627 5070 nos
641 5017 971 5086 gratulemur
983 5021 1048 5075 ab
1061 5021 1223 5093 hujus
1236 5023 1449 5093 juvenis
1462 5023 1616 5079 senili
1626 5026 1935 5097 sagacitate.
1964 5028 2120 5085 Unde

531 5110 661 5180 quia
710 5126 899 5169 servus
927 5113 1031 5169 fuit
1078 5114 1294 5172 Domini
1335 5117 1510 5173 fidelis
1550 5118 1603 5173 in
1633 5120 1957 5188 commisso,
1989 5138 2122 5193 pru—

532 5201 668 5259 dens
689 5203 743 5259 in
768 5208 1170 5278 augmentando
1192 5210 1297 5267 sibi
1323 5210 1523 5268 tradito
1547 5212 1772 5278 talento,
1796 5215 2124 5272 constitutus

531 5304 617 5353 est
636 5304 961 5367 potestatem
984 5302 1192 5359 habens
1215 5305 1270 5359 in
1296 5314 1490 5360 cuncta
1515 5304 1923 5376 patrisfamilias
1936 5307 2119 5364 domo.

605 5387 713 5445 Per
732 5390 877 5447 idem
905 5402 1089 5451 autem
1126 5403 1340 5466 tempus
1367 5396 1513 5470 (815)
1538 5407 1753 5454 mortuo
1774 5396 1890 5467 jam
1910 5400 2124 5471 pridem

532 5480 761 5553 Pippino
785 5483 953 5540 Italiae
982 5498 1108 5555 rege
1127 5526 1143 5552 ,
1174 5488 1488 5559 nuperrime
1507 5497 1688 5545 autem
1714 5489 1910 5547 Carolo
1931 5490 2121 5547 itidem

532 5573 703 5657 fratre
744 5589 837 5633 res
873 5575 1143 5634 humanas
1174 5580 1545 5650 relinquente,
1587 5598 1712 5652 spes
1745 5584 2122 5641 universitatis

532 5590 549 5628 ι
622 5590 703 5657 tre
744 5590 837 5633 res
873 5590 1143 5634 humanas
1174 5590 1545 5650 relinquente,
1587 5598 1712 5652 spes
1745 5590 2122 5641 universitatis

532 5590 807 5737 pﬁiundae
838 5666 896 5722 in
919 5683 1046 5724 eum
1077 5669 1416 5741 assurgebat.
1457 5671 1624 5728 Misso
1677 5674 1825 5729 enim
1869 5689 1969 5745 pro
2003 5674 2124 5745 qui-

535 5757 763 5815 busdam
819 5758 1146 5816 necessariis
1207 5768 1420 5831 patrem
1484 5762 1832 5819 consulendis
1896 5762 2123 5820 Gerrico

538 5848 698 5920 Capis
732 5851 988 5921 praelato,
1027 5867 1155 5909 cum
1183 5853 1237 5907 in
1291 5851 1491 5922 palatio
1525 5862 1853 5919 moraretur,
1888 5865 2120 5925 praesto-

2225 4746 2480 4802 bruarias
2522 4746 2664 4801 idem
2691 4745 2970 4816 piissimus
3001 4746 3300 4817 imperator
3341 4743 3573 4801 Carolus
3599 4786 3619 4811 ,
3680 4758 3818 4800 anno

2222 4836 2623 4893 incarnationis
2672 4837 2886 4892 Domini
2928 4836 3102 4893 nostri
3138 4836 3264 4893 Iesu
3289 4836 3492 4893 Christi
3535 4836 3819 4908 octingen-

2228 4932 2427 4987 tesimo
2458 4931 2669 4986 decimo
2691 4940 2905 5002 quarto.
2940 4930 3058 4998 Quo
3114 4932 3169 4987 in
3226 4941 3474 5003 tempore
3508 4931 3819 4988 Ludovicu

2228 5023 2526 5094 imperator
2567 5023 2855 5079 concilium
2887 5025 3085 5095 popqu
3109 5024 3361 5095 generale
3392 5025 3549 5096 quasi
3580 5024 3816 5094 quodam

2229 5120 2501 5176 indixerat
2524 5120 2809 5190 prmsagio,
2837 5118 2891 5174 in
2915 5119 3300 5177 Purificatione
3313 5126 3519 5175 sancta:
3532 5119 3634 5175 Dei
3663 5132 3818 5189 gele-

2229 5213 2383 5269 tricis
2404 5212 2608 5279 Mariae,
2624 5211 2678 5267 in
2693 5211 2812 5268 loco
2824 5210 2981 5279 cuius
2995 5212 3318 5268 vocabulum
3331 5221 3419 5267 est
3432 5208 3813 5267 Tehotuadus.

2300 5305 2565 5362 Defuncto
2604 5313 2786 5359 autem
2814 5315 2970 5375 patre
3003 5306 3107 5375 piae.
3159 5305 3588 5371 recordationis,
3620 5303 3819 5357 missus

2228 5410 2315 5457 est
2338 5400 2550 5471 Rampo
2580 5401 2647 5457 ad
2677 5416 2804 5455 eum
2825 5402 2895 5456 ab
2916 5402 2997 5457 eis
3023 5400 3115 5472 qui
3144 5400 3482 5471 sepulturam
3511 5398 3635 5471 ejus
3660 5411 3820 5453 cura—

2230 5500 2393 5561 runt,
2426 5493 2614 5549 liberis
2646 5493 2859 5549 scilicet
2884 5501 2942 5550 et
2983 5493 3307 5564 proceribus
3328 5492 3586 5563 palatinis
3613 5530 3632 5558 ,
3659 5498 3723 5545 ut
3765 5494 3819 5544 et

2231 5592 2464 5641 mortem
2510 5584 2629 5653 ejus
2686 5593 2899 5641 mature
2960 5594 3314 5657 cognosceret
3335 5627 3352 5653 ,
3417 5585 3818 5652 adventumque

2230 5693 2392 5734 suum
2424 5676 2573 5732 nullo
2606 5678 2768 5733 modo
2797 5679 3319 5749 comperendiuaret.
3348 5678 3452 5747 Qui
3496 5692 3624 5733 cum
3651 5674 3818 5730 Auce-

2232 5771 2434 5826 lianam
2465 5769 2775 5827 devenisset
2802 5771 2872 5827 ad
2913 5773 3141 5840 urbem',
3190 5771 3526 5829 Theodulfus
3569 5767 3813 5839 ejusdem

2235 5861 2382 5916 urbis
2411 5860 2695 5933 episcopus
2718 5902 2734 5928 ,
2776 5862 2861 5918 vir
2892 5864 3255 5938 undecunque
3279 5862 3654 5929 doctissimus,
3681 5873 3813 5915 cau-
