4056 6350
295 384 401 446 941

1850 370 2032 434 ἮΤΑ.

3476 386 3585 444 9ιὲ

296 516 419 560 sam
439 496 559 568 ejus
583 495 849 553 adventus
871 493 1157 568 praesensit
1190 511 1205 549 :
1252 502 1311 550 et
1335 493 1677 552 velocissime
1711 493 1883 551 misso
1910 500 1965 558 Α
1985 494 2156 551 citato
2198 500 2429 566 paterno
2452 502 2800 563 testamento,
2854 496 2991 554 nihil
3014 500 3264 560 relictum
3283 513 3368 562 est
3394 517 3580 578 pater-

294 594 571 667 perlatore
620 591 937 663 imperatori
985 592 1324 647 innotescere
1355 590 1591 658 studuit,
1622 590 1728 647 hoc
1769 597 1884 646 tan-

293 683 577 740 tummodo
617 683 668 738 ei
698 683 1094 755 suggerendum
1127 681 1359 753 jubens,
1396 691 1583 739 utrum
1607 682 1884 756 prazstola—

291 788 450 837 retur
471 779 777 835 venientem
814 778 869 833 in
908 779 1100 834 urbem
1125 820 1140 846 ,
1180 794 1247 834 an
1278 779 1475 835 itinere
1501 780 1684 850 aliquo
1716 779 1767 833 ei
1791 792 1884 835 oc-

202 915 227 927 -
286 879 546 930 curreret
571 879 800 927 venturo
826 871 893 925 ad
922 871 1134 925 urbem.
1180 870 1356 939 Quam
1385 886 1609 927 causam
1636 870 1727 925 ille
1756 884 1885 940 pro-

290 962 445 1019 tinus
486 968 882 1017 commentatus
919 962 1170 1033 agnovit,
1207 970 1264 1017 et
1305 964 1483 1033 ipsum
1509 961 1699 1016 venire
1728 961 1795 1015 ad
1823 975 1883 1015 se

285 1053 474 1124 jussit.
516 1052 644 1108 Inde
670 1051 839 1109 alium
872 1060 1036 1125 atque
1085 1053 1251 1109 alium
1299 1052 1524 1122 hujusce
1570 1051 1650 1108 rei
1695 1051 1881 1106 tristes

290 1149 596 1221 suscipiens
636 1150 893 1217 nuntios,
945 1157 1070 1221 post
1121 1150 1376 1221 quintum
1404 1149 1548 1205 diem
1593 1148 1661 1204 ab
1690 1149 1879 1204 eodem

288 1238 413 1297 loco
442 1242 634 1312 pedem
665 1242 833 1295 movit
855 1282 870 1307 ,
920 1249 976 1297 et
1021 1256 1145 1297 cum
1173 1249 1358 1307 tanto,
1413 1250 1673 1312 quantum
1718 1254 1878 1312 passa

287 1340 379 1388 est
419 1332 670 1402 angustia
699 1334 961 1403 temporis
983 1375 998 1400 ,
1027 1333 1228 1405 populo
1256 1334 1360 1389 iter
1389 1334 1643 1405 arripuit.
1699 1334 1880 1390 Time-

286 1424 454 1480 batur
480 1424 627 1479 enim
654 1439 819 1494 quam
847 1426 1087 1482 maxime
1140 1425 1295 1481 Wala
1319 1467 1334 1492 ,
1367 1427 1566 1482 summi
1611 1426 1753 1496 apud
1778 1426 1881 1481 Ca-

286 1517 468 1573 rolum
500 1516 887 1587 imperatorem
917 1518 1135 1573 habitus
1188 1518 1289 1574 loci
1312 1559 1326 1583 ,
1387 1534 1455 1574 ne
1498 1517 1639 1573 forte
1675 1516 1881 1588 aliquid

1986 602 2182 643 uomm
2193 589 2482 655 bonorum,
2511 590 2642 659 quin
2664 590 2961 647 secundum
2981 593 3098 663 ejus
3126 599 3425 657 sectionem
3458 618 3581 674 par-

1985 682 2199 738 tiretur.
2271 682 2419 739 Nihil
2466 684 2613 740 enim
2642 685 2711 741 ab
2748 700 2812 740 eo
2844 685 3161 745 intestatum
3195 701 3281 748 est
3305 696 3576 753 relictum.

1986 770 2096 827 Sed
2126 774 2270 845 quod
2298 775 2547 832 ecclesiis
2572 778 3118 854 metropolitanorum
3146 781 3577 845 distribuendum
3625 852 3632 859 ,

1983 865 2218 933 censuit,
2233 866 2520 922 subdivisit
2544 870 3005 941 superscriptionc
3031 874 3329 942 nominum,
3347 894 3579 949 quarum

1982 965 2168 1029 partes
2199 957 2352 1017 fuere
2366 960 2557 1032 viginti
2582 969 2636 1017 et
2658 977 2784 1017 una.
2834 962 2988 1031 Quod
3012 974 3193 1022 autem
3230 970 3444 1024 ornatui
3495 987 3581 1028 re-

1982 1050 2071 1123 gio
2110 1052 2488 1118 conducebat,
2531 1054 2822 1124 posteriori
2872 1056 3094 1128 reliquit
3118 1060 3288 1115 aetati.
3375 1058 3582 1119 Statuit

1981 1146 2148 1201 etiam
2181 1147 2331 1217 quid,
2378 1148 2673 1203 secundum
2703 1164 2911 1205 morem
2952 1149 3410 1221 Christianorum,
3451 1155 3579 1212 ﬁliis

1980 1238 2328 1310 ﬁliorumque
2356 1240 2481 1296 ﬁliis
2510 1248 2565 1295 et
2590 1240 2826 1308 ﬁliabus,
2851 1258 2952 1298 nec
2980 1258 3091 1299 non
3123 1252 3178 1299 et
3206 1246 3380 1301 servis
3404 1247 3577 1303 ancil-

1980 1331 2159 1403 lisque
2181 1333 2473 1405 regalibus,
2499 1334 2596 1389 sed
2616 1342 2672 1389 et
2712 1336 2763 1389 in
2790 1351 3080 1393 commune
3102 1338 3353 1395 omnibus
3372 1355 3579 1411 paupe-

1977 1424 2132 1481 ribus
2157 1425 2595 1481 distribueretur.
2663 1425 2796 1494 Quae
2825 1436 3024 1484 cuncta
3064 1429 3314 1487 dominus
3347 1433 3583 1504 impera-

1980 1524 2068 1572 tor
2097 1516 2425 1585 Ludovicus,
2452 1530 2512 1574 ut
2533 1519 2737 1592 scripta
2760 1521 2973 1595 relegit,
3026 1526 3379 1583 exsecutione
3398 1529 3581 1598 operis

286 1609 503 1665 sinistri
532 1616 723 1663 contra
752 1609 1141 1679 imperatorem
1194 1610 1495 1664 moliretur.
1544 1609 1647 1677 Qui
1698 1615 1878 1662 tamen
1976 1608 2289 1679 complevit.
2339 1609 2436 1665 His
2464 1612 2722 1681 peractis,
2778 1613 3075 1684 imperator
3114 1632 3329 1673 omnem
3380 1629 3582 1675 coetum

285 1700 554 1756 citissime
582 1700 653 1755 ad
687 1716 813 1756 eum
840 1702 1021 1767 venit,
1051 1710 1107 1756 et
1128 1701 1427 1756 humillima
1457 1700 1791 1769 subjectione
1817 1713 1877 1754 se

283 1791 408 1862 ejus
428 1790 624 1856 anutui,
659 1794 955 1847 secundum
1010 1794 1455 1849 consuetudinem
1503 1793 1872 1860 Francorum,

1980 1699 2300 1769 femineum,
2330 1703 2422 1773 qui
2451 1705 2824 1773 permaximus
2862 1714 3003 1774 erat,
3031 1707 3231 1778 palatio
3268 1709 3584 1779 excludiju-

1982 1792 2206 1859 dicavit,
2260 1801 2461 1864 prmter
2487 1797 2868 1866 paucissimas,
2920 1814 3057 1870 quas
3092 1799 3373 1857 famulatui
3414 1801 3586 1873 regali

285 1881 677 1938 commendans
715 1882 976 1938 subdidit.
1026 1882 1159 1938 Post
1201 1882 1355 1952 cujus
1398 1883 1467 1938 ad
1491 1883 1877 1954 imperatorem
1905 1866 1954 1927 Β
1982 1901 2252 1958 congruas
2270 1888 2624 1944 existimavit.
2657 1888 2918 1947 Sororum
2936 1866 3125 1948 autem
3151 1908 3377 1964 quaeque
3392 1894 3445 1948 in
3461 1908 3584 1962 sua,

284 1976 582 2031 adventum
609 2016 623 2043 ,
664 1977 903 2032 mmulati
938 1993 1060 2033 eum
1106 1994 1298 2034 omnes
1325 1978 1659 2035 Francorum
1689 1995 1879 2049 proce-

282 2081 382 2122 res
400 2108 416 2133 ,
456 2068 707 2123 certatim
735 2070 1109 2141 gregatimque
1129 2072 1181 2126 ei
1211 2072 1429 2129 obviam
1464 2073 1547 2128 ire
1571 2073 1875 2128 certabant.

282 2156 642 2230 Tandemque
670 2161 738 2219 ad
769 2160 1140 2218 Haristallium
1169 2177 1431 2236 prospero
1459 2165 1658 2220 itinere
1686 2180 1894 2236 perve-

282 2251 405 2315 nit,
448 2259 503 2306 et
524 2252 612 2308 die
640 2253 919 2309 tricesimo
956 2262 1243 2326 postquam
1287 2257 1355 2311 ab
1406 2256 1700 2326 Aquitania
1752 2272 1881 2327 pro-

283 2344 490 2409 movit,
532 2344 735 2415 palatio
761 2345 1092 2416 Aquisgrani
1137 2349 1336 2418 pedem
1388 2348 1622 2405 feliciter
1676 2349 1876 2404 intulit.

284 2436 531 2492 Moverat
553 2446 733 2493 autem
762 2436 879 2507 ejus
906 2440 1148 2493 animum
1167 2438 1488 2509 jamdudum
1514 2482 1527 2506 ,
1566 2425 1879 2512 quanquam

282 2538 483 2585 natura
514 2531 884 2597 mitissimum,
918 2531 1049 2586 illud
1079 2532 1225 2602 quod
1265 2548 1296 2587 a
1323 2534 1602 2589 sororibus
1648 2534 1793 2590 illius
1826 2535 1882 2590 in

284 2625 648 2679 contubernio
674 2626 1033 2681 exercebatur
1061 2633 1290 2696 paterno
1324 2644 1338 2680 :
1389 2642 1497 2697 quo
1538 2627 1656 2682 solo
1686 2628 1880 2683 domus

283 2723 515 2785 paterna
557 2715 877 2771 inurebatur
927 2732 1100 2772 nmvo.
1144 2716 1244 2773 Cui
1291 2718 1635 2774 incommodo
1675 2720 1881 2775 mederi

284 2804 509 2872 volens,
548 2806 711 2860 simul
737 2814 794 2862 et
816 2821 1039 2873 cavens,
1087 2823 1158 2863 ne
1186 2809 1328 2878 quod
1358 2823 1455 2879 per
1493 2807 1779 2864 Odilonem
1826 2818 1882 2865 et

283 2899 596 2956 Hiltrudem
621 2902 751 2957 olim
791 2903 1105 2970 acciderat,
1148 2904 1497 2960 revivisceret
1540 2906 1877 2975 scandalum,

283 2993 440 3049 misit
478 2992 690 3048 Walam
720 3002 777 3050 et
826 2993 1198 3062 Warnarium,
1234 3011 1337 3051 nec
1370 3013 1477 3052 non
1521 3005 1576 3053 et
1612 2997 1883 3053 Lamber-

284 3093 403 3141 tum
428 3126 445 3152 ,
483 3085 578 3142 sed
597 3096 654 3141 et
672 3086 1019 3159 lngobertum
1051 3106 1064 3141 :
1104 3088 1198 3159 qui
1226 3087 1569 3161 Aquasgrani
1602 3091 1883 3147 venientes

286 3176 489 3234 talibus
508 3218 524 3243 ,
558 3192 626 3233 ne
673 3179 921 3236 accidere
948 3188 1207 3249 possent,
1237 3182 1451 3236 cautela
1483 3183 1882 3254 prospkzerent,

284 3277 347 3326 et
385 3271 648 3340 quosdam
704 3273 877 3341 stupri
928 3273 1270 3329 immanitate
1317 3282 1373 3329 et
1417 3276 1686 3346 superbia:
1736 3276 1883 3332 fastu

286 3376 417 3418 reos
440 3363 741 3434 majestatis
770 3372 940 3419 caute
963 3364 1032 3419 ad
1061 3366 1352 3420 adventum
1406 3382 1579 3437 usque
1606 3383 1764 3423 suum
1795 3382 1884 3425 as-

287 3465 596 3514 servarent.
622 3455 756 3511 Nam
785 3456 951 3527 aliqui
975 3472 1166 3514 eorum
1212 3474 1333 3515 cum
1371 3460 1640 3531 supplices
1668 3463 1886 3518 veniam

285 3547 441 3604 inter
466 3548 572 3604 iter
596 3548 864 3619 agendum
885 3550 1281 3620 poposcissent,
1304 3560 1672 3607 emeruerunt.
1714 3552 1889 3608 Simul

286 3653 349 3702 et
374 3646 696 3716 praecipiens
725 3654 785 3701 ut
819 3647 1052 3717 populus
1103 3647 1303 3703 ibidem
1334 3648 1642 3703 consistens
1682 3648 1888 3718 absque

286 3746 445 3795 metu
490 3747 667 3794 semet
711 3739 911 3794 ibidem
947 3739 1290 3810 opperiretur
1320 3747 1631 3794 venturum.
1663 3738 1734 3793 At
1756 3753 1887 3794 vero

287 3829 621 3885 Warnarius
644 3844 858 3898 comes,
900 3830 1073 3887 inscio
1096 3829 1253 3885 Wala
1287 3838 1342 3885 et
1372 3831 1681 3901 lngoberto,
1709 3830 1888 3885 accito

288 3933 495 3993 nepote
531 3921 855 3990 Lantberto,
901 3922 1206 3978 Hodoinum
1238 3923 1351 3993 jam
1400 3922 1544 3977 dicto
1592 3922 1887 3976 obnoxium

290 4014 557 4080 crimine,
598 4015 667 4070 ad
713 4028 774 4069 se
822 4014 1011 4068 venire
1046 4014 1324 4067 mandavit
1345 4013 1502 4082 quasi
1533 4012 1890 4082 comprehem

291 4106 576 4173 dendum,
644 4117 700 4162 et
740 4108 903 4180 regite
954 4107 1206 4164 vindicta:
1267 4105 1670 4175 objectandum.
1725 4102 1890 4173 Cujus

291 4198 389 4254 ille
420 4198 644 4255 insidias
669 4240 683 4266 ,
724 4208 785 4255 ut
825 4209 951 4271 pote
976 4200 1328 4256 admordente
1369 4199 1570 4255 acriter
1604 4199 1889 4255 conscien—

293 4291 376 4347 tia
396 4332 410 4354 ,
441 4293 680 4347 monitus
702 4293 972 4363 praevidit,
995 4301 1050 4348 et
1075 4292 1204 4363 quia
1242 4292 1513 4347 declinare
1543 4291 1889 4357 detrectavit,

293 4389 354 4435 et
380 4381 495 4451 ipse
524 4381 762 4451 experiri
799 4383 1038 4449 meruit,
1088 4392 1143 4438 et
1172 4383 1275 4453 ipsi
1328 4381 1620 4438 Warnario
1643 4381 1891 4439 ultimam

295 4472 515 4528 cladem
542 4473 874 4545 importavit.
922 4474 1059 4529 Nam
1095 4475 1162 4529 ad
1187 4489 1345 4540 eum,
1377 4475 1518 4530 sicut
1548 4476 1637 4532 ille
1664 4476 1893 4532 manda-

292 4577 478 4634 verat,
523 4568 769 4635 veniens,
810 4578 867 4624 et
894 4570 1068 4639 ipsum
1123 4567 1470 4622 Warnarium
1514 4568 1792 4633 confecit,
1838 4577 1892 4625 et

297 4661 656 4717 Lantbertum
683 4661 859 4715 cruris
876 4660 1094 4716 laesione
1116 4675 1223 4714 non
1257 4673 1421 4730 parvo
1474 4666 1717 4728 tempore
1739 4660 1889 4715 debi-

298 4754 411 4809 lem
445 4752 708 4819 reddidit;
754 4759 810 4808 et
846 4753 913 4809 ad
962 4752 1211 4807 ultimum
1238 4751 1354 4820 ipse
1383 4749 1666 4806 confossus
1687 4750 1884 4822 gladio,

296 4846 533 4902 interiit.
604 4846 733 4914 Quae
751 4863 875 4902 cum
902 4845 1145 4900 nuntiata
1164 4844 1476 4914 imperatori
1503 4843 1751 4909 fuissent,
1775 4844 1891 4899 ani-

300 4953 456 4993 mum
493 4939 633 4994 illius
652 4940 718 4994 ad
747 4938 1174 4994 misericordiam
1203 4936 1425 4991 exitium
1453 4934 1602 4990 ﬂexit
1631 4937 1811 5003 amici,
1836 4938 1891 4992 in

300 5038 521 5087 tantum
546 5041 608 5087 ut
634 5031 845 5087 Tullius
874 5030 1070 5105 [illius]
1121 5029 1339 5101 quidam
1389 5028 1597 5095 talium,
1640 5030 1732 5100 qui
1756 5044 1895 5101 pene

298 5125 423 5198 jam
473 5127 814 5196 imperatoris
837 5125 1126 5181 clementia
1172 5125 1331 5180 venia
1366 5123 1562 5194 dignus
1585 5123 1891 5192 videbatur,

302 5218 575 5277 luminum
602 5222 895 5278 amissione
918 5221 1288 5277 mulctaretur.
1364 5219 1527 5275 Venit
1561 5234 1691 5289 ergo
1730 5219 1896 5287 impe-

304 5324 467 5371 rator
510 5316 851 5388 Aquasgrani
899 5315 1179 5387 palatium,
1231 5323 1287 5369 et
1318 5329 1349 5368 a
1390 5313 1709 5385 propinquis
1735 5320 1895 5382 atque

305 5412 500 5470 multis
525 5413 858 5470 Francorum
885 5411 1121 5467 millibus
1139 5424 1265 5466 cum
1286 5407 1455 5463 multo
1496 5407 1678 5462 favore
1701 5413 1785 5461 est
1813 5422 1897 5462 re-

1980 1992 2101 2047 qure
2125 1993 2154 2031 a
2183 1985 2336 2047 patre
2367 1988 2672 2050 acceperat,
2701 1984 2991 2040 concessit.
3065 1984 3196 2052 Quze
3240 1994 3425 2040 autem
3480 1998 3584 2043 nec

1981 2069 2107 2124 dum
2144 2068 2250 2122 tale
2295 2070 2425 2140 quid
2452 2080 2758 2129 consecuta:
2782 2084 2961 2141 erant,
3005 2075 3073 2131 ab
3113 2076 3444 2148 imperatore
3470 2090 3584 2133 me-

1981 2170 2229 2231 ruerunt,
2253 2172 2309 2218 et
2338 2165 2404 2220 ad
2427 2166 2694 2236 imperata
2725 2182 2846 2225 sese
2872 2177 3175 2225 verterunt.
3215 2169 3343 2226 Post
3359 2171 3605 2238 hazcim—~

1979 2265 2202 2326 perator
2222 2256 2519 2328 legationes
2548 2258 2615 2313 ad
2639 2269 2852 2333 patrem
2882 2262 3206 2329 destinatas,
3223 2264 3290 2317 ad
3318 2280 3377 2320 se
3401 2272 3583 2318 autem

1980 2349 2262 2405 venientes
2310 2358 2365 2405 et
2396 2360 2678 2423 susceptas
2701 2355 2989 2426 diligenter
3041 2357 3271 2423 audivit,
3310 2356 3588 2428 dapsiliter

1983 2441 2217 2503 curavit,
2270 2450 2586 2512 sumpluose
2621 2456 2937 2502 muneratus
2982 2448 3213 2503 remisit.
3275 2448 3422 2504 Inter
3450 2465 3586 2519 quas

1980 2532 2067 2586 vel
2082 2534 2352 2605 prtecipua
2378 2534 2479 2590 fuit
2493 2537 2834 2608 imperatoris
2856 2539 3470 2613 Constantiuopolitani,
3488 2558 3587 2599 no-

1983 2623 2129 2678 mine
2150 2623 2449 2692 Michaelis,
2475 2628 2563 2682 cui
2589 2628 2843 2686 dominus
2879 2631 3110 2688 Carolus
3131 2634 3329 2690 missos
3357 2636 3588 2692 miserat
3670 2676 3675 2681 -

1980 2714 2317 2772 Amalarium
2366 2719 2726 2776 Treverorum
2764 2725 3099 2796 episcopum,
3146 2735 3203 2783 et
3239 2722 3461 2784 Petrum
3482 2728 3587 2785 No-

1982 2807 2222 2864 nantulm
2280 2809 2549 2877 abbatem,
2598 2814 2750 2883 pacis
2801 2817 3190 2874 confirmanda:
3219 2821 3414 2891 gratia.
3483 2821 3588 2888 Qui

1982 2910 2319 2958 revertentes
2352 2904 2549 2960 missos
2591 2920 2752 2976 supra
2794 2907 2923 2963 dicti
2972 2908 3251 2966 Michaelis
3284 2927 3470 2968 secum
3492 2912 3587 2968 ad-

1985 2992 2257 3049 duxerunt
2285 2994 2740 3067 Christopborum
2764 3002 3291 3072 protospatharium,
3309 3012 3365 3057 et
3384 3002 3588 3074 Grego-

1983 3083 2127 3139 rium
2141 3086 2422 3142 diaconem
2435 3130 2449 3153 ,
2468 3089 2535 3143 ad
2554 3089 2937 3159 imperatorem
2955 3092 3209 3148 Carolum
3223 3091 3481 3160 directos,
3498 3110 3588 3149 su-

1990 3190 2088 3246 per
2107 3177 2360 3231 omnibus
2390 3193 2511 3247 qua:
2533 3179 2737 3250 scripta
2763 3180 2977 3235 fuerant
2994 3184 3408 3252 respondentes.
3439 3180 3588 3251 Quos

1989 3284 2113 3324 eum
2143 3270 2441 3339 imperator
2466 3273 2791 3340 remitteret,
2821 3276 2985 3331 simul
3011 3288 3135 3332 eum
3179 3278 3259 3333 eis
3288 3278 3439 3334 misit
3458 3280 3589 3337 mis-

1986 3376 2080 3417 sos
2100 3378 2228 3417 suos
2245 3362 2410 3419 Leoni
2437 3364 2733 3420 Substituto
2754 3366 3088 3436 imperatori,
3116 3367 3467 3424 Nortbertum
3483 3370 3588 3427 Re-

1989 3454 2231 3526 giensem
2255 3456 2593 3527 episcopum,
2635 3464 2690 3512 et
2719 3457 3049 3513 Ricboinum
3113 3458 3397 3517 Pictavum
3423 3462 3591 3518 comi-

1986 3554 2099 3601 tem
2132 3566 2146 3601 :
2180 3555 2372 3618 petens
2409 3550 2780 3605 amicitiarum
2828 3552 3145 3608 societatem
3175 3561 3229 3607 et
3282 3556 3591 3610 renovatio-

1987 3654 2114 3694 nem
2164 3640 2535 3711 antiquarum,
2603 3642 2851 3698 simulet
2897 3644 3045 3713 pacti
3093 3644 3586 3700 confirmationem.

1988 3732 2192 3790 Eodem
2222 3750 2366 3790 anno
2416 3737 2725 3807 generalem
2776 3742 3103 3792 conventum
3129 3736 3455 3807 Aquisgrani
3493 3739 3591 3793 lia-

1987 3826 2129 3891 buit,
2162 3837 2218 3881 et
2252 3840 2353 3897 per
2399 3829 2689 3883 universas
2736 3829 2885 3899 regni
2926 3829 3007 3884 sui
3062 3837 3246 3898 partes
3296 3828 3481 3886 ﬁdeles
3526 3847 3593 3886 ac

1987 3919 2314 3975 creditarios
2352 3937 2383 3974 a
2420 3920 2591 3975 latere
2622 3934 2721 3975 suo
2748 3920 2897 3973 misit
2929 3938 2942 3973 :
2976 3920 3066 3990 qui
3098 3923 3238 3992 mqui
3271 3920 3412 3990 juris
3441 3932 3590 3976 tena-

1990 4025 2084 4066 ces
2149 4012 2449 4067 existentes
2498 4025 2757 4082 perversa
2823 4012 3181 4082 corrigerent,
3226 4012 3589 4084 omnibusque

1985 4102 2074 4174 jus
2097 4120 2397 4175 congruum
2443 4118 2600 4173 aequo
2638 4103 2925 4159 libramine
2978 4106 3297 4176 penderent.
3344 4105 3586 4162 Bernar-

1999 4197 2127 4252 dum
2158 4198 2321 4252 etiam
2370 4204 2623 4267 nepotem
2670 4210 2826 4250 suum
2862 4194 3183 4267 jamdudum
3216 4212 3397 4270 regem
3424 4197 3593 4255 Italiae

1994 4290 2063 4345 ad
2115 4306 2174 4347 se
2220 4300 2525 4357 evocatum,
2580 4299 2635 4346 et
2688 4290 3006 4347 obedienter
3048 4299 3356 4362 parentem,
3398 4290 3593 4363 amplis

1994 4383 2314 4437 muneribus
2347 4381 2630 4447 donatum,
2659 4381 2727 4435 ad
2749 4383 3031 4453 proprium
3078 4399 3309 4454 regnum
3350 4384 3584 4440 remisit.

1994 4472 2499 4527 Beuevcntanorum
2530 4472 2715 4527 itidem
2739 4474 3037 4545 principem
3064 4472 3436 4530 Grimoaldum
3478 4490 3586 4532 non

1995 4566 2212 4634 quidem
2240 4565 2570 4632 venientem,
2618 4565 2711 4620 sed
2740 4566 2938 4620 missos
2969 4581 3101 4621 suos
3139 4566 3466 4634 mittentem,
3496 4582 3593 4638 pa-

1995 4667 2084 4714 cto
2124 4669 2178 4714 et
2212 4659 2571 4714 sacramentis
2623 4658 2970 4722 constrinxit,
3029 4668 3089 4713 ut
3144 4659 3373 4729 singulis
3430 4659 3593 4716 annis

1996 4757 2203 4820 septem
2227 4749 2394 4805 millia
2439 4749 2738 4805 solidorum
2775 4751 2893 4805 auri
2923 4766 3064 4805 arcze
3083 4748 3313 4820 publica:
3342 4749 3590 4807 inferret.

1994 4844 2199 4899 Eodem
2225 4844 2388 4898 etiam
2420 4859 2563 4899 anno
2589 4844 2819 4899 duorum
2847 4858 3067 4898 suorum
3104 4842 3360 4909 filiorum,
3393 4842 3594 4900 Letha-

1996 4937 2140 4991 rium
2168 4934 2223 4989 in
2265 4933 2592 5004 Bajoariam,
2624 4935 2907 5005 Pippinum
2955 4934 3011 4988 in
3043 4933 3391 5003 Aquitaniam
3421 4936 3587 5002 misit,

1997 5027 2221 5083 tertium
2241 5043 2368 5083 vero
2394 5025 2725 5082 Ludovicum
2764 5027 2941 5083 adhuc
2965 5024 3266 5098 puerilibus
3290 5027 3592 5083 consisten-

1996 5126 2110 5175 tem
2159 5118 2214 5173 in
2243 5119 2400 5174 annis
2446 5134 2632 5175 secum
2668 5118 2857 5173 tenuit.
2893 5119 3095 5183 Eodem
3142 5118 3310 5174 etiam
3343 5126 3586 5191 tempore

1999 5210 2309 5278 Herioldus,
2356 5211 2424 5268 ad
2466 5227 2627 5282 quem
2657 5226 2869 5268 summa
2917 5212 3069 5283 regni
3101 5212 3377 5267 Danorum
3426 5214 3592 5285 perti-

1999 5319 2135 5360 nere
2166 5303 2474 5370 videbatur,
2501 5311 2558 5359 et
2586 5304 2679 5374 qui
2726 5304 2939 5375 pridem
2991 5320 3021 5359 a
3050 5303 3176 5360 filiis
3201 5302 3479 5360 Codefridi
3505 5321 3589 5359 re-

2000 5414 2105 5469 gno
2126 5395 2314 5468 pulsus
2342 5395 2541 5463 fuerat,
2575 5399 2642 5452 ad
2668 5398 3052 5469 imperatorem
3090 5398 3423 5456 Ludovicum
3468 5416 3590 5455 con-

308 5514 503 5576 ceptus
560 5508 961 5577 imperatorque
1021 5502 1260 5561 secundo
1298 5501 1621 5558 declaratus.
1694 5498 1899 5569 Quibus
2001 5492 2210 5564 fugium
2238 5492 2387 5559 fecit,
2411 5501 2467 5548 et
2510 5491 2667 5562 juxta
2694 5510 2902 5551 morem
2955 5495 3289 5551 Francorum
3338 5496 3589 5551 manibus

310 5598 569 5671 expletis,
622 5600 880 5655 studiosis
926 5598 1213 5670 sepultura:
1249 5579 1488 5667 paterna:
1512 5593 1715 5665 gratias
1765 5594 1897 5664 egit,

2002 5587 2150 5642 illius
2202 5602 2262 5643 se
2305 5586 2545 5643 tradidit.
2591 5589 2763 5656 Quem
2792 5605 2919 5654 .rex
2970 5602 3280 5661 susceptum
3318 5590 3372 5644 in
3413 5587 3587 5643 Saxo-

306 5693 724 5764 acpropinquls
757 5692 933 5748 luctus
958 5690 1254 5747 acerbitate
1280 5672 1903 5753 confectis,consolatio-
1970 5679 2149 5735 'niam
2190 5681 2269 5735 ire
2305 5679 2488 5749 jussit,
2546 5689 2601 5737 et
2632 5690 2840 5753 tempus
2880 5699 2987 5754 quo
3037 5684 3085 5738 ei
3143 5682 3401 5737 auxilium
3447 5676 3589 5737 ferre

307 5784 402 5840 nis
421 5799 678 5849 congrua:
716 5782 944 5837 contulit
979 5782 1244 5836 levamen.

313 5874 529 5933 inferiis
560 5874 841 5945 genitoris,
870 5872 1270 5953 promptissime
1300 5870 1585 5941 supplevit.
1636 5868 1772 5925 Nam
1818 5884 1903 5925 re-

1326 5779 1434 5834 Sed
1464 5785 1519 5833 et
1546 5778 1688 5849 quod
1716 5777 1905 5834 deerat
2003 5779 2189 5842 posset
2229 5771 2296 5827 ad
2345 5774 2814 5844 recuperatidnem
2860 5774 2940 5830 sui
2998 5775 3352 5844 principatus,
3390 5770 3587 5825 ibidem

2005 5864 2229 5935 operiri.
2281 5863 2399 5933 Quo
2452 5866 2615 5921 etiam
2647 5874 2891 5936 tempore
2945 5866 3251 5921 Saxonibus
3284 5871 3444 5931 atque
3468 5862 3589 5919 Fri-
