4056 6350
527 405 631 464 945

1629 389 1955 450 LUDOVICI
1994 388 2015 442 I
2055 382 2530 443 COGNOMELVTO
2564 382 2651 440 PII

3675 371 3783 426 9M

526 525 749 582 senibus
771 523 861 594 jus
895 530 1134 592 paterna:
1170 516 1519 580 hmreditatis,
1547 513 1692 584 quod
1732 513 1834 568 sub
1854 517 2009 583 patre
2033 506 2103 562 ob
2128 503 2184 566 A
2206 508 2529 564 succedente
2584 501 2755 559 aestivi
2806 496 3066 594 temporis
3130 492 3468 594 gratissima.
3506 490 3787 594 blanditie,

525 617 808 688 perﬁdiam
829 613 1074 686 legaliter
1110 610 1474 681 perdiderant,
1502 604 1849 678 imperatoria
1874 603 2105 660 clemen-

526 710 602 764 tia
629 706 869 763 restituit
895 723 908 758 :
934 705 1077 775 quod
1123 702 1214 756 alii
1240 701 1572 766 liberalitati,
1615 698 1705 753 alii
1744 695 2106 767 improviden-

527 803 617 856 tite
658 797 1029 870 assignabant,
1060 791 1395 865 eoquodrhae
1416 799 1604 864 gentes
1632 789 1863 846 naturali
1903 787 2104 843 feritati

490 868 1116 955 'assuefactae,>talibus
1173 884 1399 940 habenis
1446 884 1699 940 deberent
1744 880 2003 945 coerceri,
2038 892 2107 933 ne

492 960 493 967 γ
525 982 736 1039 scilicet
776 980 1008 1036 effrenes
1054 980 1111 1033 in
1141 976 1526 1048 perduellionis
1577 974 1965 1045 procacitatem
1999 969 2106 1024 fer-

527 1083 735 1131 rentur.
786 1073 1087 1142 Imperator
1116 1077 1295 1124 autem
1322 1083 1388 1142 eo
1415 1068 1517 1123 sibi
1544 1066 1748 1121 arctius
1775 1080 1868 1120 eos
1913 1062 2105 1118 vinciri

528 1144 703 1233 ratus,
734 1179 851 1237 quo!
868 1164 948 1220 eis
982 1162 1242 1218 beneﬁcia
1281 1161 1587 1233 largiretur,
1620 1173 1729 1213 non
1776 1165 1860 1212 est
1888 1171 1980 1225 spe
2009 1168 2106 1208 sua

526 1260 807 1328 deceptus.
884 1255 1020 1310 Nam
1059 1263 1181 1326 post
1226 1254 1342 1310 haec
1393 1253 1613 1308 easdem
1658 1257 1847 1321 gentes
1894 1261 2108 1318 semper

526 1350 631 1405 sibi
678 1348 1057 1404 devotissimas
1086 1346 1294 1402 habuit.

596 1442 713 1496 Hoc
764 1452 903 1493 anno
952 1436 1097 1510 (815)
1151 1449 1368 1490 cursum
1397 1441 1661 1500 vertente,
1709 1434 1977 1503 perlatum
2025 1435 2108 1486 est

526 1530 839 1602 imperatori
866 1529 1009 1598 quod
1034 1526 1406 1581 Romanorum
1433 1525 1599 1595 aliqui
1640 1524 1889 1596 potentes
1918 1530 2109 1579 contra

463 1658 475 1668 ς
524 1624 762 1680 Leonem
791 1619 1147 1691 apostolicum
1190 1634 1384 1689 pravas
1424 1615 2105 1687 inierintconjurationes.

525 1715 671 1783 Quos
718 1714 992 1768 detractos
1052 1717 1215 1780 atque
1264 1710 1539 1765 convictos
1586 1710 1729 1764 idem
1782 1706 2109 1779 apostolicus

523 1806 790 1879 supplicio
827 1803 1095 1859 addixerit
1136 1802 1375 1871 capitali,
1409 1802 1526 1871 lege
1552 1800 1924 1855 Romanorum
1964 1799 2017 1853 in
2054 1797 2110 1853 id

2208 601 2360 656 missi
2410 605 2537 655 sunt
2570 596 2637 652 ab
2686 610 2750 650 eo
2795 591 2889 663 qui
2928 589 3182 646 dicuntur
3228 584 3539 642 Orientales
3569 582 3788 649 Franci,

2209 692 2304 749 sed
2335 699 2389 745 et
2441 687 2695 744 Saxonici
2746 683 2961 756 generis
3009 666 3252 743 comites,
3302 685 3494 733 contra
3554 675 3794 732 Sorabos

2210 781 2449 847 Sclavos,
2481 780 2571 849 qui
2598 779 2667 833 ab
2705 776 2825 846 ejus
2865 771 3092 843 imperio
3143 769 3466 826 dicebantur
3504 764 3789 822 defecisse.

2208 852 2471 942 Quorum.
2504 876 2729 926 conatus
2791 881 2953 936 quam
3015 863 3335 919 brevissime
3386 876 3453 915 ac
3512 858 3792 925 facillime,

2208 966 2424 1023 Christo
2459 963 2711 1026 donante,
2752 970 3098 1030 compressus
3128 962 3229 1010 est.
3270 954 3377 1008 Sed
3403 960 3460 1007 et
3485 952 3797 1007 Vasconum

2209 1057 2398 1121 citimi,
2429 1055 2523 1127 qui
2559 1052 2804 1125 Pyrenaei
2846 1049 2962 1121 jugi
3008 1048 3307 1120 propinqua
3357 1045 3474 1099 loca
3531 1042 3796 1107 incolunt,

2209 1150 2399 1207 eodem
2421 1157 2664 1217 tempore
2679 1142 3145 1214 juxtagenuinam
3175 1137 3627 1195 consuetudinem
3660 1135 3793 1189 levi-

2210 1242 2358 1306 tatis,
2389 1256 2420 1295 a
2460 1238 2619 1296 nobis
2648 1236 2868 1291 omnino
2896 1228 3467 1295 desciverunt.Causa
3491 1235 3680 1281 autem
3710 1242 3798 1279 re-

2208 1334 2459 1390 bellionis
2487 1332 2591 1387 fuit
2636 1346 2701 1386 eo
2744 1328 2890 1399 quod
2942 1326 3262 1398 Siguvinum
3296 1338 3487 1379 eorum
3540 1320 3798 1376 comitem

2209 1433 2429 1498 propter
2482 1438 2692 1480 morum
2744 1434 3034 1491 pravorum
3088 1415 3539 1486 castigationem,
3602 1411 3799 1480 quibus

2207 1535 2347 1590 pene
2369 1526 2487 1574 erat
2506 1514 2885 1588 importabilis,
2916 1512 2983 1567 ab
3003 1525 3192 1567 eorum
3223 1507 3455 1564 removit
3478 1503 3800 1576 prtelatione

2210 1613 2524 1682 imperator.
2558 1611 2665 1678 Qui
2692 1619 2872 1664 tamen
2902 1606 3038 1661 adeo
3063 1609 3205 1664 sunt
3249 1601 3461 1657 duabus
3488 1598 3796 1668 expeditio-

2211 1692 2370 1761 nibus
2399 1704 2644 1769 edomiti,
2670 1709 2731 1757 ut
2754 1714 2877 1755 sero
2920 1696 3238 1768 ptenituerit
3281 1708 3374 1748 eos
3423 1690 3652 1761 inctepti
3697 1690 3799 1751 sui,

2212 1800 2647 1868 deditionemque
2678 1810 2874 1866 magno
2931 1797 3247 1864 expeterent
3290 1794 3436 1842 voto.
3486 1786 3637 1840 Inter
3692 1784 3804 1839 htec

524 1873 890 1971 conspirante.
948 1896 1249 1967 Imperator
1301 1903 1481 1949 autem
1530 1894 1755 1950 audiens
1808 1907 1950 1964 aegre
1988 1873 2184 1946 haecB
2212 1890 2416 1947 domini
2485 1888 2679 1943 Leonis
2734 1885 2964 1942 Romani
3029 1882 3288 1938 antistitis
3349 1878 3610 1935 dormitio
3662 1892 3806 1971 nun-
3880 1888 3885 1890 '

524 1989 664 2055 tulit,
689 1988 839 2045 velut
859 2004 889 2042 a
908 1987 1087 2058 primo
1111 1986 1262 2041 orbis
1290 1986 1569 2040 sacerdote
1598 1994 1711 2039 tam
1765 1999 1954 2038 severe
1994 1982 2110 2036 ani-

525 2082 832 2138 madversa.
877 2081 1111 2150 Ideoque
1163 2080 1499 2157 Bernardum
1546 2078 1710 2133 Italiae
1758 2092 1939 2149 regem
1985 2075 2111 2131 illuc

523 2171 697 2238 misit,
720 2180 788 2226 ut
810 2172 929 2241 ipse
946 2171 1189 2226 resciens
1209 2170 1339 2239 quid
1365 2185 1557 2225 verum
1593 2168 1792 2240 quidve
1822 2168 2020 2223 falsum
2045 2168 2113 2222 de

527 2264 633 2319 hac
659 2280 721 2319 re
743 2280 932 2319 rumor
963 2264 1245 2333 sparserit,
1270 2279 1366 2334 per
1387 2264 1677 2320 Geroldum
1706 2264 1810 2318 sibi
1839 2262 2113 2318 renuntia-

528 2362 635 2409 ret.
661 2354 782 2424 Ipse
798 2362 980 2409 autem
992 2354 1304 2411 Bernardus
1318 2371 1415 2411 rex
1433 2356 1660 2411 Romam
1674 2355 1844 2421 venit,
1863 2370 1984 2426 quae
1995 2354 2114 2409 visa

529 2452 660 2499 sunt
712 2460 811 2516 per
851 2445 1082 2501 missum
1130 2462 1295 2517 supra
1341 2447 1547 2502 dictum
1594 2448 1947 2502 renuntiavit.
2007 2445 2115 2501 Sed

525 2551 652 2590 mox
673 2532 951 2591 Subsecuti
966 2537 1120 2603 missi
1148 2536 1390 2607 ejusdem
1412 2539 1698 2609 apostolici
1720 2538 2115 2603 Leonis,.loan-

530 2642 631 2682 nes
659 2627 949 2698 episcopus
980 2626 1142 2684 Silva:
1171 2627 1444 2695 Candidte,
1469 2637 1526 2686 et
1554 2628 1869 2686 Theodorus
1890 2644 2118 2685 nomen-

525 2719 864 2785 clator,'uec
901 2735 1012 2775 non
1056 2719 1282 2789 Sergius
1310 2721 1441 2787 dux,
1488 2720 1727 2776 Leonem
1760 2720 2116 2790 apostolicum

524 2810 845 2865 criminibus
884 2810 1111 2878 objectis
1140 2824 1461 2882 purgavere.
1490 2810 1739 2867 Iusserat
1759 2827 1922 2882 porro
1950 2813 2117 2882 impe-

524 2910 676 2957 rator
700 2910 761 2956 ut
803 2902 1062 2958 Herioldo
1091 2903 1568 2973 suppeditarentur
1599 2903 1854 2959 Saxoniei
1889 2904 2117 2958 comites

524 3000 582 3048 et
602 2978 841 3048 Abotriti
866 2994 867 2997 “
892 2992 1021 3048 olim
1062 2993 1282 3047 domino
1310 2993 1506 3050 Carolo
1552 2994 1801 3064 subjecti,
1851 3002 2119 3064 quatenus

523 3098 693 3156 regno
748 3085 975 3158 proprio
1026 3086 1427 3154 restitueretur,
1477 3088 1645 3143 misso
1696 3088 1752 3142 in
1789 3088 1894 3143 hoc
1941 3087 2119 3157 ipsum

522 3176 774 3235 Baldrico
794 3180 994 3252 legato.
1032 3180 1282 3248 Quicum
1311 3181 1602 3253 Egidoram
1642 3180 1863 3235 ﬂuvium
1890 3180 2121 3237 transis-

524 3279 667 3336 sent,
692 3270 1029 3327 ‘devenerunt
1045 3273 1099 3326 in
1125 3281 1325 3327 terram
1346 3272 1830 3339 Nortmannorum,
1855 3274 1909 3328 in
1936 3274 2118 3329 locum

526 3360 680 3429 cujus
708 3361 1032 3416 vocabulum
1062 3370 1146 3417 est
1189 3361 1456 3419 Sinlendi.
1491 3362 1601 3418 Sed
1647 3365 1773 3420 ﬁliis
1814 3363 2118 3431 Godefridi,

527 3451 656 3505 licet
692 3453 904 3522 magnis
931 3452 1333 3508 abundantibus
1382 3455 1556 3524 copiis
1584 3464 1640 3510 et
1664 3457 1893 3512 navibus
1920 3458 2123 3513 ducen-

527 3542 619 3607 tis,
647 3542 955 3598 nolentibus
979 3544 1228 3599 cominus
1261 3545 1450 3600 venire
1478 3554 1532 3600 et
1553 3563 1747 3619 pugna:
1775 3562 1835 3602 se
1871 3550 2120 3617 credere,

528 3633 597 3687 ab
618 3631 851 3690 invicem
886 3649 1162 3690 secessum
1188 3642 1313 3690 est:
1363 3637 1589 3707 direptis
1632 3639 1978 3708 incensisque
2001 3655 2122 3713 om-

529 3727 690 3782 nibus
720 3743 840 3798 qute
860 3743 1155 3785 occurrere
1182 3736 1497 3799 potuerunt,
1512 3747 1735 3802 insuper
1759 3740 1815 3788 et
1839 3733 2123 3789 obsidibus

528 3820 886 3893 quadraginta
917 3822 984 3877 ab
1009 3822 1201 3878 eodem
1246 3823 1445 3893 populo
1475 3825 1763 3895 susceptis.
1807 3825 1906 3880 llis
1956 3825 2125 3895 gestis

528 3913 597 3967 ad
642 3902 1028 3984 imperatorem
1075 3916 1131 3972 in
1180 3917 1360 3973 locum
1391 3918 1481 3986 qui
1511 3918 1713 3973 dicitur
1740 3917 2121 3985 Patrisbruna,

530 4004 839 4072 redierunt;
894 4023 1003 4079 quo
1032 4009 1210 4063 omnis
1254 4009 1484 4079 populus
1528 4010 1594 4064 ad
1639 4007 1756 4077 ejus
1810 4010 2126 4080 generalem

529 4104 854 4151 conventum
879 4099 1105 4155 coierat.
1132 4099 1251 4168 Quo
1278 4101 1332 4155 in
1358 4101 1477 4156 loco
1500 4102 1776 4171 principes
1805 4102 2127 4157 Sclavorum

530 4187 895 4245 Orientalium
940 4206 1131 4247 omnes
1174 4194 1553 4263 primoresque
1598 4200 1885 4248 venerunt.
1921 4193 2125 4248 Eodem

534 4296 680 4336 anno
706 4281 908 4338 Abulat
936 4281 1332 4339 Saracenorum
1362 4300 1461 4339 rex
1500 4284 1772 4339 triennem
1800 4284 1869 4338 ab
1892 4285 2128 4353 impera-

530 4380 650 4428 tore
672 4373 829 4442 petiit
883 4388 1092 4446 pacem.
1128 4374 1259 4443 Quze
1299 4376 1519 4448 quidem
1549 4375 1787 4446 primum
1834 4375 2123 4445 impetrata

532 4472 641 4531 est,
674 4467 767 4521 sed
793 4475 983 4537 postea
1014 4475 1273 4538 tanquam
1319 4468 1526 4523 inutilis
1570 4466 1795 4535 rejeeta,
1842 4476 1898 4521 et
1924 4467 2123 4522 bellum

538 4554 828 4613 Saracenis
872 4566 955 4614 est
999 4559 1282 4615 indictum.
1339 4559 1458 4626 Quo
1507 4567 1748 4629 tempore
1800 4558 2200 4650 NortbertusD

535 4651 822 4722 episcopus
860 4661 914 4708 et
954 4653 1215 4708 Ricoinus
1263 4668 1445 4709 comes
1469 4670 1499 4708 a
1527 4653 1992 4724 Constantinopoli
2038 4669 2125 4709 re—

534 4736 706 4813 gressi
732 4753 881 4811 sunt,
904 4744 1234 4816 ftederisque
1262 4755 1479 4816 pactum
1503 4745 1647 4800 inter
1670 4746 1848 4815 ipsum
1878 4753 1933 4800 et
1954 4746 2128 4800 Fran-

538 4853 632 4893 cos
666 4839 906 4896 detulere
942 4840 1331 4910 gratissimum.
1368 4839 1567 4895 Eadem
1606 4841 1771 4895 etiam
1812 4849 2130 4910 tempestate

541 4929 798 4997 Romani,
833 4947 957 4987 cum
1007 4930 1118 4986 Leo
1162 4931 1491 4999 apostolicus
1537 4940 1857 5002 gravaretur
1903 4933 2131 4990 adverso

542 5024 905 5090 incommodo,
942 5024 1145 5093 praedia
1176 5025 1358 5079 omnia
1402 5041 1521 5094 qua:
1550 5025 1628 5079 illi
1672 5027 2008 5082 domocultas
2038 5042 2133 5097 ap-

538 5114 766 5187 pellant,
810 5103 864 5170 et
916 5116 1128 5170 noviter
1193 5116 1261 5170 ab
1297 5117 1486 5171 eodem
1525 5110 1825 5188 apostolico
1882 5120 2132 5174 instituta

544 5211 725 5268 erant,
754 5206 847 5259 sed
871 5212 923 5260 et
948 5221 1011 5260 ea
1033 5222 1155 5276 quae
1175 5206 1277 5260 sibi
1306 5215 1495 5261 contra
1515 5207 1606 5276 jus
1634 5211 2018 5277 quaerebantur
2045 5210 2130 5263 di-

545 5305 718 5367 repta,
766 5297 911 5352 nullo
941 5296 1126 5366 judice
1167 5306 1503 5370 exspectato,
1545 5300 1780 5369 diripere
1822 5309 1878 5354 et
1906 5300 2008 5355 sibi
2037 5316 2131 5356 co-

541 5389 657 5446 nati
688 5398 813 5444 sunt
840 5390 1148 5445 restituere.
1177 5389 1417 5458 Quorum
1447 5390 1639 5461 emptis
1670 5391 1872 5446 restitit
1900 5391 2133 5445 Bernar-

545 5478 655 5537 dus'
684 5497 779 5537 rex
825 5498 922 5552 per
949 5480 1273 5551 Winigisum
1305 5484 1494 5539 ducem
1542 5483 1769 5552 Spoleti,
1817 5492 2134 5552 certumque

543 5589 731 5629 rerum
757 5575 1009 5630 nuntium
1049 5575 1117 5630 de
1145 5575 1230 5631 his
1260 5577 1511 5631 omnibus
1559 5576 1760 5632 direxit
1788 5576 1858 5631 ad
1899 5578 2132 5649 impera-

544 5675 742 5725 torem.

612 5759 910 5832 Postquam
937 5746 1233 5833 imperator
1248 5762 1463 5827 hiemis
1485 5762 1903 5830 inclementiam
1935 5779 2130 5821 serena

539 5851 849 5909 valetudine
891 5861 948 5910 et
996 5852 1291 5922 tranquillo
1338 5868 1595 5908 successu
1644 5855 1905 5924 transegit
1954 5855 2125 5927 (8-I6),

2215 1982 2383 2037 tiatur
2410 1980 2746 2050 imperatori,
2778 1994 2899 2048 qua:
2940 1977 3118 2031 evenit
3154 1985 3346 2031 octavo
3388 1971 3662 2027 Kalendas
3704 1968 3805 2021 «ιιι-

2214 2072 2308 2136 nii,
2346 2086 2488 2125 anno
2522 2071 2779 2125 vicesimo
2816 2069 2991 2137 primo
3019 2068 3363 2137 episcOpatus
3394 2064 3477 2118 s'ui
3510 2082 3523 2117 :
3573 2060 3807 2130 Steph;

2215 2162 2379 2230 nique
2404 2161 2618 2215 diaconi
2643 2160 2699 2214 in
2723 2160 2900 2215 locum
2923 2157 3038 2228 ejus
3068 2156 3406 2228 subrogatio,
3437 2154 3534 2225 qui
3570 2162 3699 2225 post
3721 2151 3806 2206 sui
3856 2192 3859 2193 ν

2218 2252 2684 2308 consecrationem
2726 2251 2794 2306 ad
2835 2250 3116 2306 dominum
3172 2249 3562 2319 imperatorem
3619 2245 3808 2299 venire

2216 2360 2326 2399 non
2376 2344 2601 2399 distulit.
2662 2345 2760 2399 Vix
2802 2344 2951 2399 enim
2993 2344 3203 2399 duobus
3246 2342 3455 2396 exactis
3499 2338 3807 2400 mensibus,

2218 2420 2435 2493 summa
2479 2451 2602 2491 cum
2653 2434 3003 2491 festinatione
3056 2435 3108 2489 ei
3164 2448 3454 2489 occurrere
3503 2428 3807 2485 festinavit.

2216 2520 2497 2584 Pratmisit'
2524 2537 2705 2583 tamen
2737 2528 3082 2597 legationem,
3109 2542 3230 2596 quae
3258 2541 3419 2597 super
3461 2524 3813 2579 ordinatione

2219 2621 2336 2690 ejus
2365 2622 2683 2692 imperatori
2712 2620 3072 2677 satisfaceret.
3115 2620 3415 2689 Imperator
3462 2626 3649 2672 autem
3696 2619 3813 2687 ejus

2220 2702 2452 2769 adventu
2495 2715 2842 2786 praecognito,
2888 2715 3162 2769 Bernardo
3199 2713 3417 2784 quidem
3463 2712 3655 2783 nepoti
3689 2725 3813 2766 eum

2219 2807 2469 2861 comitari
2487 2806 2668 2877 jussit.
2698 2806 2805 2862 Sed
2842 2816 2899 2863 et
2938 2798 3391 2879 appropinquanti
3427 2805 3567 2860 alios
3595 2805 3813 2870 missos,

2220 2900 2314 2970 qui
2351 2915 2476 2955 eum
2511 2916 2634 2955 cum
2666 2900 2845 2957 debito
2893 2903 3100 2957 honore
3147 2902 3532 2969 perducerent,
3586 2898 3814 2952 direxit.

2218 2989 2339 3061 Ipse
2369 3000 2550 3047 autem
2577 2993 2866 3048 adventum
2897 2992 3014 3062 ejus
3047 2993 3273 3048 Rbemis
3297 2992 3572 3048 sustinere
3602 2991 3813 3045 statuit.

2220 3081 2320 3138 Cui
2349 3084 2516 3138 etiam
2544 3084 2760 3139 obviam
2787 3084 3164 3140 Hildebaldum
3200 3083 3704 3154 archicapellanum
3730 3097 3817 3135 sa-

2221 3175 2301 3231 cri
2330 3176 2539 3273 pakttii,
2572 3177 2981 3249 Theodulphum
3001 3180 3312 3250 episcopum
3336 3177 3815 3237 Aurelianensem,

2223 3268 2488 3325 Joannem
2511 3268 2904 3335 Arelatensem,
2934 3272 3273 3342 aliorumque
3307 3270 3693 3326 ministrorum
3718 3269 3819 3323 Ec-

2223 3362 2403 3419 clesia:
2432 3363 2666 3433 copiam,
2693 3364 2990 3433 procedere
3022 3363 3207 3434 jussit,
3251 3362 3436 3418 infulis
3463 3362 3688 3417 indutos
3737 3376 3820 3415 sa-

2225 3454 2610 3509 cerdotalibus.
2656 3452 2740 3509 Ad
2787 3454 3037 3509 ultimum
3066 3455 3380 3525 imperator
3409 3452 3667 3508 milliaria
3696 3466 3821 3521 pro-

2225 3544 2390 3600 cessit
2431 3559 2462 3598 a
2503 3545 2837 3600 monasterio
2876 3546 3050 3602 saneti
3095 3544 3424 3602 confessoris
3460 3543 3725 3613 Remigii,
3769 3547 3821 3596 et

2226 3646 2484 3708 tanquam
2514 3636 2661 3692 beati
2684 3637 2834 3695 Petri
2853 3639 3116 3693 vicarium
3142 3638 3527 3694 honestissime
3554 3634 3814 3705 suscepit,

2228 3731 2646 3788 descendentem
2693 3748 2761 3787 ex
2788 3747 2929 3802 equo
2952 3734 3186 3803 excepit,
3216 3741 3271 3788 et
3298 3731 3589 3787 ecclesiam
3612 3731 3822 3785 intran-

2228 3832 2340 3881 tem
2373 3842 2538 3881 mauu
2582 3827 2802 3898 propria
2851 3826 3217 3883 sustentavit:
3260 3824 3687 3897 praecinentibus
3721 3837 3823 3894 pro

2231 3928 2381 3975 tanta
2427 3920 2789 3975 exsultatione
2853 3919 3022 3974 variis
3088 3918 3348 3974 Ecclesiae
3387 3916 3699 3980 ordinibus,
3752 3913 3821 3967 Te

2227 4011 2399 4065 Deum
2425 4011 2726 4076 laudamus,
2753 4019 2808 4065 et
2827 4010 3057 4081 reliqua.
3103 4009 3222 4077 Quo
3254 4010 3457 4079 hymno
3486 4006 3671 4071 ﬁnito,
3702 4006 3820 4060 lau-

2224 4105 2324 4191 des
2356 4104 2669 4174 imperatori
2697 4104 2905 4159 debitas
2926 4104 3104 4159 clerus
3125 4102 3405 4158 Romanus
3433 4101 3820 4164 conclamavit,

2228 4210 2459 4265 quarum
2491 4193 2654 4247 ﬁnem
2683 4194 2932 4249 dominus
2960 4193 3286 4265 apostolicus
3306 4193 3553 4247 oratione
3571 4192 3821 4260 comple-

2226 4281 2325 4361 vit.
2351 4279 2447 4334 lIis
2484 4280 2729 4349 expletis,
2761 4280 2904 4334 intra
2947 4281 3137 4335 domus
3165 4278 3471 4351 penetralia
3500 4291 3821 4333 consessum

2227 4382 2332 4440 est,
2364 4374 2731 4446 expositisque
2761 4374 2940 4428 causis
2952 4374 3036 4427 sui
3061 4373 3346 4437 adventus,
3362 4381 3420 4427 et
3440 4371 3822 4425 benedictione

2226 4466 2383 4537 panis
2411 4483 2475 4522 ac
2510 4467 2620 4521 vini
2669 4466 2831 4520 simul
2864 4466 3210 4537 participata,
3242 4467 3546 4536 imperator
3576 4465 3650 4519 ad
3684 4463 3821 4518 civi-

2229 4566 2394 4613 tatem
2424 4559 2603 4625 rediit,
2634 4558 2885 4614 dominus
2931 4559 3257 4629 apostolicus
3301 4558 3500 4613 ibidem
3534 4554 3817 4611 remansit.

2232 4649 2337 4705 Sed
2361 4650 2418 4704 in
2442 4649 3013 4705 crastinum-dominus
3056 4650 3349 4720 imperator
3372 4648 3661 4704 dominum
3692 4663 3818 4720 apo-

2229 4743 2479 4799 stolicum
2510 4744 2777 4809 evocavit,
2824 4744 3088 4811 convivio.
3111 4744 3528 4814 epulentissimo
3556 4758 3821 4813 procura-

2230 4835 2325 4900 vit,
2358 4834 2618 4904 donisque
2661 4834 2916 4888 maximis
2965 4834 3271 4890 honoravit.
3315 4834 3697 4905 Similiterque
3739 4834 3822 4887 (ie

2233 4926 2393 4981 tertio
2419 4940 2450 4979 a
2482 4926 2700 4981 domino
2726 4925 3025 4996 apostolico
3051 4927 3302 4983 dominus
3348 4928 3613 4982 invitatur
3657 4928 3825 4994 impe-

2232 5028 2402 5085 rator,
2436 5027 2491 5074 et
2518 5019 2702 5074 multis
2745 5020 3019 5089 variisque
3067 5028 3152 5075 est
3198 5020 3429 5075 donatus
3477 5020 3819 5075 mune-'hus.

2235 5113 2302 5168 Et
2330 5112 2384 5166 in
2415 5112 2739 5177 crastinum,
2770 5127 2888 5181 qua:
2914 5110 3017 5165 fuit
3039 5111 3156 5166 dies
3190 5110 3497 5175 Dominica,
3526 5110 3823 5180 imperator

2234 5202 2499 5273 imperiali
2523 5202 2828 5259 diademate
2850 5213 3160 5271 coronatur,
3184 5213 3241 5259 et
3269 5202 3650 5258 benedictione
3677 5203 3822 5255 inter

2233 5296 2525 5353 missarum
2579 5297 2974 5352 celebrationes
3026 5297 3337 5369 iusignitur.
3388 5296 3458 5351 Et
3488 5296 3711 5351 tandem
3737 5292 3825 5347 his

2234 5390 2537 5461 completis,
2591 5390 2843 5445 dominus
2898 5389 3247 5459 apostolicus,
3290 5392 3527 5457 cunctis,
3577 5405 3699 5459 qua:
3730 5401 3825 5457 po-

2233 5489 2502 5550 poscerat,
2535 5481 2854 5550 impetratis,
2881 5480 3111 5537 Romam
3144 5483 3321 5537 rediit.
3370 5482 3676 5557 Imperator
3698 5492 3825 5533 vero

2236 5572 2304 5626 ad
2348 5571 2741 5643 Compenditun
2786 5574 3033 5639 secessit,
3076 5576 3260 5645 ibique
3312 5574 3510 5629 missos
3547 5570 3822 5628 Abdiraho

2235 5684 2360 5723 man
2392 5668 2487 5723 ﬁlii
2517 5668 2716 5722 Abulat
2759 5669 2900 5739 regis
2943 5671 3181 5740 suscepit
3206 5678 3262 5726 et
3306 5668 3533 5733 audivit.
3584 5666 3823 5722 Moram

2234 5772 2416 5819 autem
2447 5763 2647 5818 ibidem
2678 5763 2871 5833 viginti
2897 5763 2983 5820 vel
3026 5780 3092 5822 eo
3127 5764 3360 5837 amplius
3388 5763 3602 5831 diebus,
3630 5760 3826 5832 Aquis-

2236 5857 2388 5925 gt'aui
2421 5857 2758 5912 hiematurus
2793 5857 2967 5926 petiit.
