4056 6350
340 382 446 442 945

1869 356 2050 445 vm.

3480 399 3585 457 946

408 499 581 573 (817.)
617 498 861 557 iusserat
895 515 1026 557 sane
1058 501 1353 572 imperator
1378 502 1578 558 missos
1609 501 1912 557 Saraceno-
1940 500 1995 561 Α
2018 483 2339 571 gestantem,
2364 504 2420 558 in
2441 519 2547 573 quo
2572 506 2738 561 totius
2762 506 2906 562 illius
2932 509 3139 565 ordinis
3164 511 3428 582 perfectio
3454 509 3586 569 'cou-

332 608 456 651 rum
496 592 641 663 regis
664 634 679 657 ,
720 600 891 653 semet
927 595 1233 664 praecedere
1274 593 1401 649 illuc
1440 602 1745 649 venturum.
1791 592 1912 659 Quo

330 700 458 743 cum
484 686 889 755 pervenissent,
916 685 1086 742 ferme
1112 689 1286 743 tribus
1315 688 1518 742 detenti
1558 695 1682 741 sunt
1713 686 1912 741 mensi-

328 777 456 833 bus.
489 775 619 833 Post
643 778 759 833 haec
783 762 987 845 autem,
1008 794 1130 835 cum
1155 794 1251 834 eos
1265 777 1380 847 jam
1405 779 1627 833 taederet
1644 779 1913 833 adventus

330 872 457 935 sui,
502 872 767 941 permissu
815 872 1154 941 imperatoris
1201 873 1496 926 redierunt.
1548 870 1608 925 In
1645 886 1711 925 eo
1748 869 1913 924 etiam

331 980 678 1020 commorans
707 965 927 1034 palatio,
957 966 1023 1019 ad
1055 980 1113 1021 se
1135 966 1444 1020 venientem
1471 965 1695 1019 missum
1732 977 1918 1019 susce-

326 1056 410 1127 pit
448 1054 642 1126 Lepnis
671 1054 1247 1125 Constantinopolitani
1289 1056 1647 1125 imperatoris,
1692 1054 1913 1108 nomine

327 1143 715 1213 Nicephorum.
777 1143 997 1214 Legatio
1043 1154 1259 1211 autem,
1305 1153 1530 1215 excepta
1577 1144 1815 1199 amicitia
1859 1149 1917 1198 et

327 1234 613 1296 societate,
656 1241 773 1287 erat
800 1234 865 1288 de
892 1235 1087 1289 finibus
1114 1235 1512 1299 Dalmatarum,
1547 1235 1912 1290 Romanorum

2015 593 2238 660 tinetur,
2285 596 2424 669 sicut
2467 596 2707 652 reclusus
2744 598 2862 667 ipse
2899 598 3118 654 fatetur.
3166 601 3227 655 In
3270 620 3379 674 quo
3416 606 3584 663 etiam

2014 684 2179 738 inseri
2215 686 2377 756 jussit
2407 685 2514 742 cibi
2559 696 2823 759 potusque
2862 698 3024 765 atque
3052 693 3293 747 omnium
3334 698 3589 752 necessa-

2014 772 2216 829 riorum
2247 792 2542 845 summam,
2584 788 2645 833 ut
2678 796 2865 836 omnes
2902 790 3013 836 tam
3045 783 3149 838 viri
3188 800 3348 855 quam
3386 788 3590 844 sancti-

2014 866 2299 933 moniales,
2337 870 2438 923 sub
2467 870 2569 925 hoc
2600 872 2790 926 ordine
2816 871 3032 929 Christo
3070 876 3389 941 servientes,
3426 878 3591 934 nullis

2010 959 2287 1029 praapediti
2336 961 2784 1028 necessitatibus,
2833 964 3006 1019 libera
3052 966 3311 1022 servitute
3361 968 3589 1026 Domino

2012 1049 2253 1104 omnium
2300 1051 2533 1106 militare
2578 1054 2970 1108 meminissent.
3029 1055 3200 1122 Quem
3249 1056 3444 1111 librum
3492 1075 3593 1129 per

2011 1157 2201 1197 omnes
2235 1143 2483 1198 civitates
2525 1152 2582 1199 et
2620 1149 2949 1203 monasteria
2980 1151 3226 1205 canonici
3265 1151 3471 1205 ordinis
3506 1152 3591 1207 sui

2012 1234 2225 1304 imperii
2253 1234 2402 1289 misit
2428 1250 2526 1305 per
2553 1224 2744 1291 manus
2773 1240 3064 1294 missorum
3087 1242 3466 1310 prudentium,
3498 1241 3593 1314 qui

2012 1324 2161 1378 illum
2191 1326 2243 1380 in
2273 1327 2524 1382 omnibus
2562 1343 2724 1399 supra
2759 1331 2919 1386 dictis
2956 1332 3090 1388 locis
3130 1336 3419 1391 transcribi
3448 1334 3597 1392 face-
3632 1340 3657 1381 ί

2013 1422 2153 1479 rent,
2178 1415 2467 1485 debitaque
2496 1424 2658 1488 atque
2684 1422 2988 1491 conscripta
3017 1419 3298 1495 exigerent
3324 1427 3594 1497 stipendia
3632 1436 3649 1457 ‘

2012 1505 2331 1561 ministrari.
2388 1507 2519 1574 Qua:
2564 1525 2654 1564 res
2699 1526 2954 1583 magnum
2998 1513 3257 1571 Ecclesiae
3296 1519 3611 1575 contribuit
3640 1511 3661 1523 ’

2013 1597 2393 1653 exsultationis
2428 1601 2754 1671 tripudium,
2793 1613 2846 1658 et
2884 1604 3129 1675 piissimo
3159 1607 3474 1677 imperatori
3504 1610 3600 1665 de-

2011 1689 2123 1743 bita
2159 1706 2283 1745 cum
2317 1691 2475 1747 laude
2504 1694 2809 1752 immortale
2837 1706 3266 1754 monumentum.
3298 1700 3597 1771 Itidemque

322 1782 597 1852 quondam
644 1781 786 1851 regis
835 1780 1327 1847 Nortmannorum,
1374 1796 1498 1835 cum
1544 1781 1612 1835 ab
1653 1779 1910 1834 Berioldo
2013 1782 2293 1837 constituit
2328 1783 2471 1838 idem
2507 1783 2618 1840 Deo
2645 1788 2892 1842 amabilis
2919 1788 3216 1858 imperator
3243 1789 3594 1847 Benedictum

320 1879 717 1943 premerentur,
747 1872 1014 1926 miserunt
1050 1872 1257 1941 legatos
1293 1881 1540 1941 petentes
1577 1873 1645 1928 ab
1672 1872 1909 1941 impera-
1938 1858 1986 1917 Β
2015 1871 2300 1938 abbatem,
2345 1882 2401 1927 et
2444 1891 2567 1929 cum
2609 1892 2695 1943 eo,
2739 1880 3037 1935 monachos
3077 1888 3315 1936 strenuae
3342 1883 3467 1937 vita:
3499 1898 3600 1953 per

326 1331 385 1380 et
413 1323 751 1379 Sclavorum.
796 1325 863 1380 Et
890 1328 1015 1395 quia
1042 1340 1143 1382 nec
1169 1327 1222 1380 hi
1252 1335 1549 1396 przesentes
1578 1334 1763 1393 erant,
1810 1342 1913 1382 nec

324 1413 564 1470 Chadalo
586 1415 770 1469 finium
793 1415 1100 1486 przefectus,
1125 1432 1301 1487 neque
1324 1417 1442 1471 sine
1463 1416 1569 1471 illis
1594 1417 1710 1471 haec
1730 1416 1911 1471 dirimi

322 1514 608 1577 poterant,
655 1508 854 1563 missus
896 1516 982 1563 est
1023 1508 1081 1563 in
1125 1504 1447 1563 Dalmatiam
1484 1508 1551 1563 ad
1587 1508 1701 1563 haec
1726 1506 1913 1578 pacifi-

322 1598 496 1653 canda
536 1605 591 1652 et
629 1598 1000 1668 componenda
1027 1597 1341 1668 Albigarius
1381 1615 1503 1653 cum
1534 1597 1772 1653 Chadalo
1814 1613 1912 1652 ea-

322 1689 575 1744 rumdem
616 1684 804 1743 finium
846 1688 1112 1759 principe.
1162 1688 1287 1759 Ipso
1328 1704 1469 1744 anno
1510 1689 1606 1743 filii
1637 1687 1912 1743 Codefridi

321 1972 443 2019 tore
471 1979 680 2035 pacem.
724 1962 853 2030 Quae
892 1963 1090 2034 legatio
1128 1972 1385 2034 tanquam
1419 1963 1624 2018 inutilis
1653 1970 1709 2017 et
1733 1963 1906 2017 simu—

321 2056 438 2110 lata
465 2056 532 2110 ab
559 2071 624 2111 eo
654 2055 856 2124 rejecta
883 2063 996 2121 est,
1030 2055 1399 2123 auxiliumque
1426 2053 1682 2109 Herioldo
1720 2063 1909 2109 contra

321 2160 419 2201 eos
448 2146 651 2199 datum.
704 2146 783 2200 Eo
826 2161 969 2200 anno
1008 2145 1135 2199 luna
1175 2144 1346 2200 Nonis
1382 2145 1668 2200 Februarii
1712 2146 1912 2201 defecit

319 2237 454 2292 hora
473 2236 650 2292 noctis
672 2237 924 2292 secunda.
956 2236 1300 2293 Cometarum
1324 2238 1474 2293 sidus
1492 2245 1909 2309 portentuosum

320 2334 573 2402 apparuit
600 2333 651 2387 in
683 2334 836 2404 signo
862 2333 1225 2403 Sagittatoris.
1249 2332 1556 2402 Stephanus
1577 2347 1717 2403 papa
1746 2332 1910 2387 tertio

316 2438 510 2478 mense
534 2432 818 2493 postquam
848 2439 880 2477 e
908 2423 1138 2478 Francia
1168 2422 1395 2477 Romam
1426 2423 1619 2487 rediit,
1658 2421 1909 2477 ultimum

320 2515 464 2571 diem
495 2515 715 2581 clausit,
740 2523 794 2573 et
816 2514 1095 2570 Paschalis
1120 2530 1219 2586 pro
1246 2530 1310 2570 eo
1335 2513 1653 2569 cathedram
1677 2512 1908 2569 Romani

317 2603 668 2675 pontificatus
704 2605 891 2660 subiit.
944 2603 1045 2671 Qui
1075 2613 1199 2675 post
1235 2605 1507 2675 expletam
1540 2604 1910 2659 consecratio-

315 2709 446 2750 nem
473 2695 800 2762 solemnem,
838 2696 1045 2765 legatos
1072 2711 1197 2750 cum
1224 2696 1453 2766 epistola
1491 2695 1825 2766 apologetica
1853 2703 1909 2749 et

318 2786 573 2842 maximis
602 2787 915 2842 muneribus
943 2786 1254 2856 imperatori
1284 2786 1465 2841 misit:
1494 2785 1773 2841 insinuans
1799 2800 1909 2842 non

319 2894 381 2935 se
406 2879 733 2945 ambitione,
763 2894 864 2934 nec
893 2878 1200 2945 voluntate,
1233 2879 1328 2933 sed
1356 2878 1620 2933 electione
1644 2886 1698 2932 et
1724 2877 1908 2949 populi

320 2970 744 3035 acclamatione,
790 2972 919 3027 huic
960 2973 1310 3027 succubuisse
1348 2972 1529 3041 potius
1571 2986 1733 3041 quam
1777 2971 1908 3025 insi-

318 3061 486 3118 luisse
518 3064 783 3135 dignitati.
823 3062 992 3131 Hujus
1032 3064 1314 3133 legationis
1349 3062 1564 3132 bajulus
1601 3062 1700 3118 fuit
1731 3062 1907 3119 Theo-

319 3155 488 3211 dorus
513 3156 938 3222 nomenculator,
971 3157 1063 3226 qui
1101 3157 1315 3227 negotio
1341 3164 1584 3227 peracto,
1628 3163 1684 3211 et
1718 3155 1906 3226 petitis

2011 1963 2215 2029 omnia,
2241 1964 2332 2032 qui
2361 1980 2460 2034 per
2484 1968 2667 2022 omnia
2692 1971 3024 2024 monasteria
3048 1973 3437 2027 monachorum
3465 1988 3600 2028 eun-

2012 2058 2095 2107 tes
2124 2052 2545 2124 redeuntesque,
2574 2055 2902 2113 uniformem
2943 2060 3221 2114 traderent
3245 2062 3453 2118 cunctis
3481 2077 3601 2118 mo-

2012 2140 2286 2211 nasteriis,
2322 2152 2431 2200 tam
2460 2146 2595 2201 viris
2623 2163 2786 2217 quam
2826 2151 3330 2208 sanctimonialibus
3357 2151 3596 2221 feminis,

2010 2232 2225 2287 vivendi
2258 2235 2557 2290 secundum
2584 2236 2849 2309 Regulam
2877 2240 3049 2295 sancti
3078 2240 3601 2301 Benedicti.incom-

2011 2325 2329 2381 mutabilem
2358 2341 2588 2382 morem.
2634 2329 2996 2386 Considerans
3034 2332 3199 2386 etiam
3236 2332 3381 2386 idem
3414 2332 3599 2402 piissi-

2011 2431 2134 2472 mus
2183 2418 2499 2488 imperator,
2551 2436 2660 2476 non
2706 2423 2903 2478 debere
2934 2422 3137 2479 Christi
3180 2425 3460 2480 ministros
3497 2426 3597 2481 ob-

2009 2508 2205 2562 noxios
2253 2522 2373 2563 esse
2424 2509 2674 2565 humanae
2720 2513 3008 2579 servituti,
3061 2514 3157 2570 sed
3203 2523 3258 2570 et
3305 2515 3599 2571 multorum

2009 2595 2296 2650 avaritiam
2318 2596 2469 2651 abuti
2492 2598 2794 2654 ministerio
2820 2602 3195 2660 ecclesiastico
3222 2604 3289 2659 ad
3317 2605 3597 2678 proprium

2009 2692 2295 2754 quzestum,
2321 2690 2510 2743 statuit
2535 2698 2595 2744 ut
2621 2691 2928 2762 quicunque
2957 2708 3025 2749 ex
3052 2694 3235 2749 servili
3262 2696 3595 2763 conditione,

2009 2775 2335 2832 conciliante
2362 2780 2591 2834 scientia
2619 2790 2677 2835 et
2703 2797 2913 2837 morum
2934 2786 3227 2854 probitate,
3259 2787 3326 2842 ad
3353 2787 3600 2843 ministe-

2007 2867 2149 2935 rium
2180 2868 2365 2924 altaris
2404 2872 2818 2939 asciscerentur,
2866 2876 3102 2943 primum
3144 2878 3600 2950 manumittantur

2009 2972 2039 3013 a
2067 2960 2305 3029 propriis
2332 2960 2567 3017 dominis
2587 3004 2602 3029 ,
2631 2964 2717 3018 vel
2750 2965 3010 3033 privatis,
3053 2967 3138 3022 vel
3181 2968 3597 3036 ecclesiasticis,

2008 3059 2064 3107 et
2109 3060 2237 3108 tunc
2283 3055 2498 3111 demum
2543 3058 2801 3128 gradibus
2839 3060 3028 3117 altaris
3056 3063 3369 3121 induantur.
3401 3065 3600 3121 Volens

2008 3141 2173 3196 etiam
2231 3159 2671 3215 unamquamque
2732 3149 3045 3205 ecclesiany
3084 3151 3285 3208 habere
3346 3155 3600 3226 proprios

320 3247 648 3316 impetratis,
673 3262 835 3317 super
856 3214 1268 3302 confirmatione
1293 3214 1501 3301 scilicet
1526 3242 1681 3316 pact?
1696 3214 1750 3302 εἰ
1775 3247 1905 3301 ami-

2011 3241 2288 3303 Sumptus,
2336 3251 2404 3289 ne
2441 3250 2539 3305 per
2566 3214 2897 3306 ejuscemodi
2943 3242 3181 3312 inopiam
3220 3214 3399 3301 cultus
3427 3214 3599 3304 divini

318 3339 462 3395 citize
504 3355 657 3395 more
694 3342 1154 3409 praedecessorum
1198 3356 1452 3406 suorum,
1501 3354 1753 3394 reversus
1798 3346 1899 3395 est.

321 3431 436 3488 Sub
462 3434 653 3488 eodem
680 3449 843 3499 anno,
888 3433 1324 3505 Quadragesimae
1366 3447 1502 3502 pene
1541 3438 1733 3488 exacto
1770 3439 1905 3486 tem-

316 3540 473 3597 pore,
495 3527 699 3582 ultimm
726 3527 1073 3583 hebdomadis
1095 3526 1282 3596 quinta
1306 3524 1458 3589 feria,
1484 3539 1588 3593 qua
1616 3522 1906 3579 Dominie'e

319 3635 492 3677 caena:
531 3622 837 3677 celebratur
864 3622 1161 3689 memoria,
1210 3622 1333 3676 dum
1376 3620 1612 3691 peractis
1654 3618 1904 3673 omnibus

318 3728 442 3783 quae
481 3713 619 3767 tanti
658 3713 760 3769 diei
806 3713 1123 3768 solemnitas
1153 3712 1444 3782 exigebat,
1484 3712 1793 3781 imperator
1836 3709 1904 3765 ab

319 3803 551 3860 ecclesia
583 3805 637 3859 in
663 3807 866 3875 regiam
894 3822 952 3860 se
976 3806 1218 3875 recipere
1239 3805 1419 3870 vellet,
1441 3804 1684 3873 porticus
1705 3802 1899 3873 lignea,

320 3914 420 3969 per
445 3914 609 3968 quam
637 3899 969 3953 redeundum
998 3906 1146 3964 erat,
1185 3899 1330 3953 carie
1368 3898 1627 3965 senioque
1658 3895 1903 3951 confecta

320 3998 379 4045 et
417 3991 816 4045 humectatione
856 3991 1113 4046 continua
1151 3989 1486 4060 putrefacta,
1532 3987 1903 4042 fatiscentibus

321 4076 703 4146 inferioribus,
752 4082 853 4136 sub
880 4080 1223 4150 imperatoris
1264 4080 1491 4148 pedibus
1537 4077 1903 4146 comitumque

321 4167 470 4223 illius
496 4170 751 4240 collapsa,
782 4185 1036 4239 magnum
1065 4170 1279 4241 fragore
1307 4170 1389 4225 sui
1418 4169 1565 4225 omni
1594 4166 1796 4238 palatio
1821 4169 1902 4222 in-

321 4264 495 4317 cussit
531 4271 729 4317 metum
756 4304 771 4329 ,
819 4264 1131 4319 verentibus
1162 4262 1385 4333 singulis
1430 4278 1498 4317 ne
1544 4261 1714 4316 ruinae
1761 4259 1903 4315 illius

320 4363 550 4409 eventus
584 4356 963 4426 imperatorem
997 4355 1373 4426 oppressisset.
1429 4352 1536 4409 Sed
1563 4368 1594 4407 a
1622 4352 1763 4417 Deo,
1812 4352 1901 4407 cui

323 4455 444 4501 erat
472 4448 733 4516 dilectus,
773 4467 804 4504 a
838 4451 1093 4521 praesenti
1130 4449 1442 4505 discrimine
1482 4457 1565 4503 est
1600 4456 1895 4519 protectus.

322 4538 459 4594 Nam
485 4554 609 4596 cum
629 4543 820 4614 viginti
845 4544 928 4597 vel
958 4559 1023 4597 eo
1049 4543 1279 4613 amplius
1307 4542 1564 4596 comitum
1594 4555 1716 4594 cum
1744 4555 1807 4594 eo
1832 4539 1899 4594 ad

2011 3323 2433 3395 negligerentur,
2466 3326 2696 3382 inseruit
2723 3331 2982 3399 praedicto
3012 3333 3191 3389 edicto
3216 3347 3277 3390 ut
3301 3352 3463 3407 super
3487 3339 3600 3394 sin-

2012 3414 2164 3485 gulas
2193 3416 2449 3472 ecclesias
2486 3434 2708 3475 mansus
2746 3422 3083 3479 tribueretur
3108 3443 3248 3483 unus
3277 3442 3599 3500 compensa-

2013 3507 2162 3562 tione
2181 3507 2442 3579 legitima,
2462 3519 2517 3565 et
2539 3527 2698 3567 servo
2723 3522 2887 3584 atque
2907 3517 3123 3572 ancilla.
3150 3517 3276 3575 Haec
3289 3530 3409 3577 erat
3426 3523 3600 3579 sancti

2012 3601 2354 3673 imperatoris
2382 3606 2720 3673 exercitatio,
2754 3608 2843 3663 hic
2872 3612 3218 3679 quotidianus
3249 3613 3438 3681 ludus,
3486 3616 3599 3671 haec

2009 3695 2314 3766 palmstrica
2345 3699 2569 3769 agonia,
2601 3708 2881 3770 spectante
2909 3702 3039 3769 Deo,
3088 3719 3195 3774 quo
3237 3704 3354 3774 ejus
3394 3708 3502 3761 vita
3544 3709 3598 3762 in

2012 3796 2203 3843 sancta
2231 3789 2477 3844 doctrina
2519 3800 2575 3846 et
2614 3793 2930 3861 operatione
2965 3795 3167 3851 clarius
3195 3798 3457 3865 eniteret,
3503 3801 3598 3870 qui

2011 3883 2067 3937 in
2095 3898 2412 3953 pomparum
2440 3886 2771 3942 sublimitate
2799 3890 3127 3945 constitutus
3156 3892 3419 3949 imitando
3441 3894 3598 3952 Chri-

2011 3980 2154 4027 stum
2188 3973 2511 4037 humilitalc,
2546 3975 2707 4030 altius
2736 3978 3027 4034 eminebat.
3061 3981 3304 4053 Denique
3330 3991 3461 4041 tunc
3485 4001 3596 4042 caa-

2008 4074 2207 4135 perunt
2232 4067 2424 4137 deponi
2454 4069 2521 4122 ab
2546 4069 2814 4147 episcopis
2841 4080 2896 4126 ct
2923 4072 3140 4130 clericis
3166 4076 3378 4149 cingula
3402 4078 3598 4138 balteis

2011 4160 2193 4216 aureis
2238 4170 2291 4216 et
2337 4156 2599 4232 gemmeis
2651 4163 2841 4220 cultris
2886 4176 3155 4253 onerata,
3205 4172 3596 4245 exquisitaque
3690 4238 3695 4245 ,

2009 4260 2228 4318 vestes,
2280 4253 2374 4308 sed
2425 4262 2480 4309 et
2530 4254 2761 4310 calcaria
2812 4256 2953 4313 talos
3000 4262 3283 4317 onerantia
3337 4264 3592 4335 relinqui.

2011 4342 2252 4398 Monstro
2278 4345 2424 4399 enim
2452 4344 2631 4401 simile
2660 4346 2976 4415 ducebatur,
3019 4351 3066 4405 si
3105 4352 3488 4411 ecclesiasticae
3515 4354 3595 4410 fa-

2008 4435 2171 4490 miliae
2218 4436 2537 4507 deputatus,
2588 4446 2879 4494 conaretur
2918 4442 3160 4512 aspirare
3206 4444 3275 4499 ad
3320 4445 3596 4501 saecularis

2010 4527 2193 4599 gloriae
2220 4537 2558 4584 ornamenta.
2606 4529 2678 4585 At
2704 4546 2833 4587 vero
2870 4549 2982 4588 non
3023 4535 3141 4589 tulit
3174 4537 3314 4592 hanc
3347 4545 3590 4594 sanctam

330 4592 337 4593 ,
496 4592 609 4596 qm
644 4592 715 4614 .-ο
858 4592 928 4597 ,π
963 4592 1019 4597 η
1050 4592 1275 4613 “Tum
1752 4592 1797 4594 η
1874 4592 1897 4594 ,_

321 4639 528 4686 terram
553 4649 724 4702 usque
751 4634 1071 4701 deciderint,
1096 4635 1387 4704 variasque
1408 4633 1741 4687 incurrerint
1763 4631 1905 4688 cala-

2008 4592 2227 4690 Deoque
2257 4620 2476 4690 dignam
2506 4622 2851 4693 imperatoris
2878 4624 3223 4683 devotionem
3252 4628 3473 4684 humani
3499 4646 3592 4702 ge—

321 4725 563 4791 mitates,
588 4726 677 4781 ille
697 4727 774 4781 nil
796 4728 1054 4784 tristioris
1077 4728 1310 4783 incurrit
1326 4727 1574 4796 jacturae,
1593 4732 1791 4796 praeter
1810 4725 1905 4780 imi

321 4818 560 4885 pectoris
586 4817 786 4881 locum,
817 4821 900 4874 cui
930 4820 1104 4875 illisus
1129 4827 1213 4875 est
1243 4819 1465 4889 capulus
1493 4817 1660 4884 ensis,
1688 4817 1904 4872 ultima-

320 4921 428 4975 que
470 4908 616 4963 auris
657 4908 798 4964 cutis
838 4909 1111 4980 paululum
1154 4909 1489 4980 exspoliata;
1539 4908 1636 4964 sed
1681 4914 1737 4961 et
1780 4922 1905 4963 crus

318 4999 468 5054 illius
490 4997 641 5067 juxta
672 5002 892 5073 inguina
915 5001 1131 5058 cuidam
1157 5002 1306 5073 ligno
1333 5002 1655 5071 impactum,
1697 5001 1786 5056 cui
1819 5009 1903 5056 ta-

318 5104 444 5143 men
474 5090 734 5147 citissime
767 5099 850 5147 est
876 5094 1217 5148 subventum.
1262 5092 1518 5148 Adhibito
1549 5092 1694 5148 enim
1729 5091 1900 5147 medi-

304 5184 509 5236 corum
537 5182 740 5251 studio,
768 5184 1085 5254 quambrevi
1108 5184 1353 5254 pristinae
1380 5183 1539 5239 saluti
1566 5193 1650 5238 est
1676 5183 1898 5237 restitu-

317 5281 425 5327 tus.
459 5272 660 5342 Viginti
706 5289 937 5344 namque
980 5276 1219 5345 peractis
1268 5275 1459 5329 diebus
1506 5273 1897 5344 Noviomagum

316 5371 574 5418 venatum
604 5364 776 5435 petiit.
824 5363 941 5432 Quo
966 5375 1189 5435 peracto
1217 5366 1454 5436 negotio,
1484 5365 1780 5434 imperator
1805 5380 1896 5435 ge-

315 5455 557 5510 neralem
588 5457 777 5513 habuit
796 5467 1120 5513 conventum
1142 5456 1487 5528 Aquisgrani,
1513 5456 1567 5510 in
1591 5472 1699 5527 quo
1725 5471 1897 5525 quan-

313 5553 432 5602 tum
465 5547 695 5606 fervoris
719 5551 863 5607 circa
891 5551 1131 5607 divinum
1159 5549 1363 5605 cultum
1405 5549 1460 5604 in
1503 5563 1631 5605 arca
1658 5550 1895 5618 pectoris

312 5647 592 5711 gestaret,
637 5651 751 5699 toto
788 5644 979 5701 adnisu
1005 5643 1315 5700 declaravit.
1369 5641 1718 5713 Congregatis
1749 5642 1893 5697 enim

314 5730 590 5801 episcopis
610 5732 1051 5805 nobilissimoque
1077 5739 1280 5790 sanctae
1300 5731 1556 5788 Ecclesia:
1577 5732 1746 5796 clero,
1768 5728 1898 5787 fecit

313 5824 570 5895 componi
594 5826 940 5898 ordinarique
962 5828 1179 5896 librum,
1202 5827 1478 5886 canonica:
1497 5827 1624 5884 vitae
1648 5839 1895 5885 normam

2006 4710 2153 4766 neris
2182 4711 2457 4779 inimicus,
2491 4713 2729 4785 undique
2760 4730 2819 4769 se
2845 4716 3213 4786 impetentem,
3245 4727 3301 4774 et
3327 4721 3393 4776 ab
3418 4723 3594 4778 omni-

2005 4803 2107 4858 bus
2144 4802 2399 4858 Ecclesia:
2436 4804 2717 4860 ordinibus
2764 4805 2985 4862 sibimet
3029 4808 3170 4864 bella
3216 4809 3585 4871 indicentem:

2006 4895 2104 4951 sed
2137 4896 2303 4967 cmpit
2330 4896 2462 4952 totis
2482 4896 2682 4951 virium
2714 4898 2883 4967 copiis
2910 4913 2969 4954 se
2992 4911 3390 4972 expugnantem
3420 4922 3589 4977 oppu-

2007 5004 2194 5059 gnare,
2222 4997 2276 5043 et
2302 5003 2401 5059 per
2424 4988 2672 5044 membra
2703 5006 2831 5056 sua,
2862 4990 3064 5047 Christi
3094 4992 3450 5063 fortissimum
3474 4999 3588 5056 bel-

2004 5080 2235 5135 latorem
2259 5082 2311 5135 vi
2346 5091 2402 5136 et
2435 5088 2588 5148 astu,
2621 5096 2729 5151 quo
2757 5082 2959 5151 potuit,
3002 5083 3286 5141 lacessere.
3337 5088 3472 5145 Nam
3501 5092 3588 5149 his

2001 5171 2106 5226 rite
2131 5171 2422 5235 ordinatis,
2453 5183 2740 5243 postquam
2768 5172 3063 5244 imperator
3087 5176 3142 5231 in
3171 5178 3361 5234 eodem
3386 5181 3587 5251 placito

2003 5260 2171 5317 ﬁlium
2200 5261 2617 5333 primogenitum
2647 5260 2963 5320 Lotharium
2995 5266 3376 5338 imperatorem
3400 5273 3585 5344 appel-

1998 5352 2101 5409 lari
2133 5361 2189 5409 et
2216 5369 2335 5409 esse
2364 5352 2562 5419 voluit,
2598 5362 2654 5409 et
2681 5354 2910 5409 duorum
2941 5356 3173 5413 filiorum
3201 5375 3426 5417 suorum
3453 5362 3581 5434 Pip-

1997 5450 2186 5522 pinum
2217 5450 2270 5504 in
2300 5448 2667 5518 Aquitaniam,
2699 5449 3033 5504 Ludovicum
3061 5452 3116 5507 in
3143 5451 3449 5525 Bajoariam
3479 5456 3584 5512 mi-

1998 5546 2099 5609 sit,
2130 5550 2193 5598 ut
2221 5542 2427 5598 scilicet
2449 5543 2613 5621 sciret
2643 5543 2874 5613 populus
2900 5544 3054 5614 cujus
3078 5548 3298 5605 deberet
3322 5552 3579 5621 potestati

1996 5650 2224 5705 parere:
2260 5633 2443 5689 statim
2484 5633 2535 5689 ei
2573 5633 2960 5690 Abodritorum
3002 5636 3233 5694 defectio
3274 5640 3573 5707 nuntiatur,

1997 5731 2089 5802 qui
2130 5745 2254 5785 cum
2295 5728 2420 5783 filiis
2456 5727 2733 5784 Godefridi
2775 5730 3044 5786 amicitias
3079 5731 3366 5802 jungentes
3404 5730 3577 5787 Saxo-

1996 5823 2147 5879 niam
2175 5820 2622 5880 Transalbianam
2649 5823 2934 5881 Vexabant.
2984 5822 3182 5879 Contra
3224 5837 3360 5893 quos
3404 5822 3573 5893 impe-
