4056 6350
474 363 575 423 947

1582 339 1908 399 LUDOVICI
1944 338 1967 394 l
2005 333 2479 403 COGNOMENTO
2513 335 2601 392 PII

3642 336 3764 396 N8

469 492 624 540 rator
653 474 986 535 suﬁcientes
1013 469 1200 540 e0pias
1228 465 1493 537 dirigens,
1521 475 1712 531 eorum
1743 463 1920 514 motus
1950 454 2063 509 Deo
2088 451 2144 515 Α
2169 438 2351 522 regem
2381 450 2652 522 appellare
2692 449 2814 506 ausi
2856 448 2966 506 sint
2988 488 3004 515 ,
3050 447 3552 520 subjectionemque
3577 453 3767 513 omni-

469 577 687 633 favente
712 564 1057 638 compressit.
1107 560 1226 632 Ipse
1254 568 1437 614 autem
1458 552 1654 625 Vosagi
1683 552 1855 607 lustra
1883 556 2059 605 secta-

468 678 645 733 turus,
663 667 921 720 venatum
940 654 1118 729 petiit.
1144 651 1360 708 Interea
1378 645 1667 704 venatione
1689 642 1885 698 ibidem
1902 641 2059 712 juxta

466 773 679 818 morem
702 754 1040 811 Francorum
1072 745 1288 816 expleta
1304 783 1320 809 ,
1357 756 1483 796 cum
1510 738 1744 794 hiemem
1770 741 2060 790 exacturus

467 846 797 923 Aquisgrani
815 846 1199 902 reverteretur,
1220 833 1527 889 nuntiatum
1547 836 1633 886 est
1655 828 1705 883 ei
1723 824 2059 923 Bernardum

467 919 725 1014 nepotem
753 948 913 992 suum
940 930 1108 987 italize
1134 941 1354 998 regem,
1400 923 1489 979 cui
1530 923 1646 994 ipse
1686 919 1955 984 maxima,
1999 922 2063 970 ut

468 1012 569 1094 rei:
596 1034 755 1090 fieret
773 1071 789 1096 ,
818 1026 958 1099 apud
987 1032 1201 1097 patrem
1228 1035 1394 1076 causa
1418 1018 1627 1081 fuerat,
1656 1012 1895 1071 consiliis
1924 1024 2061 1082 quo-

469 1128 722 1188 rumdam
748 1135 1037 1196 pravorum
1062 1116 1345 1173 hominum
1374 1112 1512 1168 adeo
1543 1109 1949 1171 dementatum,
2000 1110 2061 1158 ut

470 1223 542 1281 ab
568 1235 633 1278 eo
657 1216 977 1281 desciverit,
1009 1222 1306 1280 omnesque
1341 1208 1593 1264 civitates
1630 1203 1784 1273 regni
1820 1207 1877 1256 et
1910 1198 2061 1269 prin-

470 1317 621 1388 cipes
639 1312 805 1369 Italiae
823 1311 878 1366 in
898 1311 1013 1365 haec
1033 1306 1197 1363 verba
1219 1299 1651 1374 eonjuraverint:
1675 1296 1771 1353 sed
1795 1304 1849 1351 et
1871 1308 2060 1388 omnes

471 1387 685 1475 aditus,
723 1405 921 1477 quibus
948 1404 1003 1458 in
1031 1399 1242 1456 Italiam
1268 1397 1530 1460 intratur,
1577 1391 1772 1463 positis
1814 1387 2061 1444 obicibus

404 1516 409 1523 ‘
472 1511 529 1560 et
552 1498 817 1560 custodiis
840 1494 1170 1553 obserarint.
1203 1489 1357 1559 Quod
1387 1503 1513 1544 cum
1541 1486 1708 1542 certis
1733 1482 1939 1539 nuntiis
1976 1496 2061 1537 re-

472 1596 805 1661 ferentibus,
844 1592 1191 1660 maximeque
1218 1584 1486 1642 Ratbaldo
1513 1582 1794 1653 episeopo,
1836 1588 1891 1636 et
1916 1577 2057 1650 Sup—

473 1703 654 1761 pone,
704 1685 1008 1743 certissime
1050 1678 1431 1751 cognovisset,
1484 1672 1779 1730 contractis
1821 1670 2061 1741 undique

472 1780 662 1853 copiis,
687 1787 801 1835 tam
826 1793 894 1834 ex
914 1774 1087 1833 Gallia
1114 1787 1278 1843 quam
1306 1785 1375 1825 ex
1398 1766 1711 1832 Germania,
1739 1780 1862 1820 cum
1889 1763 2061 1818 maxi-

473 1889 565 1930 mo
589 1872 864 1929 exercitus
892 1869 1088 1923 robore
1113 1863 1454 1920 Cabillonum
1482 1874 1656 1929 usque
1683 1856 1948 1928 pervenit.
1989 1854 2061 1908 At

475 1964 816 2029 Bernartius,
845 1977 969 2016 cum
997 1975 1056 2016 se
1082 1963 1334 2014 cerneret
1353 1953 1562 2009 viribus
1588 1953 1854 2020 imparem
1897 1954 1952 2002 et
1992 1944 2061 2000 ad

475 2065 656 2129 empta
699 2053 1033 2111 inefﬁcacem
1057 2092 1070 2115 ,
1125 2058 1187 2104 ut
1227 2055 1355 2119 pote
1388 2062 1418 2100 a
1447 2059 1557 2114 quo
1580 2041 1800 2113 plurimi
1839 2053 2061 2094 suorum

475 2148 717 2222 quotidie
739 2146 1054 2208 deficerent,
1076 2139 1375 2210 desperatis
1398 2138 1561 2191 rebus
1582 2134 1649 2187 ad
1675 2134 2059 2203 imperatorem

473 2241 646 2307 venit,
676 2238 953 2307 armisque
979 2232 1236 2304 depositis
1264 2230 1489 2301 pedibus
1516 2241 1576 2282 se
1603 2225 1720 2296 ejus
1746 2224 2059 2296 prostravit,

479 2333 760 2390 confessus
787 2342 1074 2402 perperam
1105 2340 1165 2381 se
1193 2324 1390 2395 egisse.
1427 2320 1592 2393 Cujus
1618 2317 1925 2389 exemplum
1952 2316 2063 2387 pri-

477 2441 662 2483 mores
686 2424 805 2495 ejus
833 2427 960 2478 sunt
998 2417 1197 2485 secuti,
1242 2424 1297 2473 et
1338 2414 1507 2471 armis
1544 2410 1807 2482 depositis
1850 2424 1907 2464 se
1947 2407 2065 2476 ejus

477 2517 735 2591 potestati
771 2524 827 2574 et
858 2508 1065 2587 judicio
1092 2510 1465 2568 subdiderunt.
1517 2505 1627 2562 Sed
1670 2514 1726 2561 et
1769 2504 2064 2560 concinna-

476 2611 685 2678 tiones,
733 2608 1004 2681 quomodo
1052 2613 1287 2677 ereptam
1331 2600 1682 2658 rebellionem
1709 2639 1725 2666 ,
1788 2604 1844 2653 et
1894 2609 2066 2667 quare

476 2701 882 2766 inchoaverint,
922 2705 979 2756 et
1007 2698 1075 2753 ad
1101 2714 1263 2769 quem
1296 2695 1458 2751 linem
1487 2693 1740 2749 inchoata
1767 2688 2065 2760 perducere

475 2796 781 2861 voluerint,
819 2807 1027 2865 quosve
1053 2789 1346 2860 complices
1372 2785 1476 2843 sibi
1505 2783 1821 2849 allexerint,
1861 2782 1927 2836 ad
1953 2779 2067 2851 pri-

476 2904 624 2947 mam
671 2886 1034 2958 prodiderunt
1083 2878 1583 2952 interrogationem.
1642 2874 1885 2930 Fuerunt
1933 2887 2065 2929 sane

476 2982 641 3053 hujus
682 2977 1102 3051 conspirationis
1143 2982 1394 3029 auctores
1423 2969 1764 3042 :Eggiddeo,
1802 2966 2067 3040 regalium

477 3075 690 3149 primus
714 3068 1049 3133 amicorum;
1096 3067 1477 3138 Reginherius,
1510 3065 1639 3120 olim
1669 3078 1850 3119 comes
1877 3060 2064 3133 palatii

480 3167 846 3237 imperatoris,
880 3162 1022 3218 filius
1050 3157 1364 3232 Reginherii
1407 3157 1561 3231 [Ms.,
1592 3152 1930 3229 Meginherii]
1974 3162 2066 3209 co—

480 3257 665 3325 mitis;
707 3256 803 3313 sed
831 3262 889 3312 et
918 3252 1323 3325 Reginhardus,
1366 3250 1688 3323 prmpositus
1716 3260 1948 3304 eamerte
1979 3258 2066 3302 re-

479 3349 636 3423 galis.
660 3348 830 3404 Erant
850 3354 1031 3401 autem
1052 3342 1213 3414 hujus
1234 3342 1454 3399 sceleris
1474 3342 1680 3398 conscii
1701 3356 1864 3411 quam
1885 3340 2068 3410 plures

482 3442 669 3499 clerici
700 3458 795 3498 seu
826 3440 979 3508 laici,
1021 3439 1165 3495 inter
1189 3452 1327 3509 quos
1355 3436 1566 3507 aliquos
1592 3436 1873 3506 episcopos
1908 3433 2067 3503 hujus

483 3533 823 3605 tempestatis
846 3531 1082 3603 procella
1109 3529 1351 3596 involvit,
1381 3525 1698 3583 Anselmum
1730 3524 1938 3580 scilicet
1963 3520 2069 3576 Me-

482 3621 1220 3690 diolanensem,Wulfoldum
1244 3620 1688 3683 Cremonensem,
1710 3616 1804 3672 sed
1830 3623 1886 3671 et
1900 3614 2072 3670 Theo-

484 3717 691 3775 dulfum
716 3718 1162 3775 Aurelianensem
1192 3714 1361 3786 (818).
1414 3712 1709 3783 Postquam
1744 3723 1877 3764 vero
1915 3707 2068 3764 defe-

483 3810 682 3867 ctionis
710 3810 981 3881 propalati
1014 3814 1143 3865 sunt
1171 3806 1446 3878 principes
1484 3811 1540 3859 et
1574 3802 1835 3859 custodite
1865 3799 2072 3855 manci-

484 3902 632 3972 pati,
670 3901 997 3975 Aqnisgrani
1028 3903 1344 3972 imperator,
1385 3899 1527 3955 sicut
1554 3895 1906 3961 decreverat,
1948 3893 2068 3948 hie—

487 3999 691 4046 matum
715 3994 1039 4061 regreditur,
1063 3993 1243 4062 ibique
1266 4005 1437 4060 usque
1461 3988 1590 4043 dum
1615 4003 1828 4044 sacram
1848 3984 2073 4040 Pascha:

482 4084 881 4139 solemnitatem
908 4084 1234 4149 celebraret,
1277 4089 1601 4138 remoratur.
1649 4080 1779 4136 Post
1807 4078 1962 4147 cujus
1989 4076 2071 4131 fe-

483 4176 745 4232 stivitatis
768 4180 1097 4232 transactam
1120 4173 1511 4233 celebritatem,
1534 4173 1870 4228 Bernardum
1894 4172 2074 4225 hacte-

484 4281 589 4323 nus
619 4281 801 4335 regem
838 4265 1063 4337 ejusque
1100 4263 1344 4320 fautores
1381 4263 1435 4318 in
1474 4277 1636 4333 supra
1666 4262 1812 4317 dicto
1841 4260 2071 4326 scelere,

490 4372 614 4413 cum
659 4356 777 4428 lege
812 4355 1127 4427 judicioque
1163 4353 1499 4410 Francorum
1546 4353 1807 4409 deberent
1854 4352 2073 4422 capitali

483 4447 791 4503 invectione
819 4444 990 4513 feriri,
1022 4461 1310 4517 suppressa
1338 4446 1567 4502 tristiori
1596 4445 1883 4507 sententia,
1916 4444 2075 4500 lumi-

2164 544 2342 601 modis
2368 542 2693 599 recusarint.
2731 541 2816 597 Ad
2843 555 3075 612 quorum
3106 540 3453 597 insolentiam
3488 541 3765 599 ulciscen-
3826 540 3831 543 “

2164 638 2289 693 dam
2309 637 2605 707 imperator
2629 634 2987 707 undequaque
3008 642 3302 706 aggregata
3324 634 3548 691 militari
3566 651 3764 705 manu,

2164 729 2301 784 ﬁnes
2329 728 2635 783 Brittonum
2668 727 3010 800 aggrediens,
3047 727 3433 798 proficiscitur,
3463 729 3767 800 habitoque

2165 821 2399 878 Veneriis
2441 820 2678 891 generali
2720 829 3019 887 conventu,
3060 821 3398 892 provinciam
3430 821 3765 892 ingreditur,

2163 921 2219 969 et
2246 928 2412 983 parvo
2440 918 2684 982 tempore
2715 920 2771 967 et
2798 911 2983 966 labore
3012 920 3209 967 cuneta
3239 911 3552 982 p0pulatur,
3584 911 3768 967 donec

2164 1006 2453 1063 interfecto
2482 1007 2737 1062 Marcone
2768 1003 3095 1078 [Marmonio
3122 1002 3332 1075 supra],
3364 1005 3492 1058 dum
3524 1004 3768 1059 sarcinis

2164 1098 2533 1155 castrensibus
2558 1096 2951 1162 immeditatur,
2975 1112 3005 1150 a
3031 1095 3265 1166 quodam
3292 1095 3571 1167 regiorum
3592 1110 3769 1166 equo-

2164 1211 2287 1252 rum
2313 1195 2555 1259 custode,
2588 1192 2811 1248 nomine
2835 1190 3055 1258 Choslo,
3090 1200 3203 1247 tota
3230 1207 3353 1248 cum
3383 1208 3449 1247 eo
3474 1191 3765 1248 Britannia

2162 1291 2306 1344 victa
2336 1286 2621 1343 succubuit
2650 1292 2705 1340 et
2732 1300 2927 1342 manus
2953 1284 3122 1351 dedit,
3154 1284 3223 1339 ad
3249 1299 3603 1355 quascunque
3633 1300 3766 1339 con-

2165 1380 2400 1436 ditiones
2428 1378 2725 1447 imperator
2749 1376 2941 1440 vellet,
2980 1376 3157 1431 denuo
3186 1375 3477 1430 servitura.
3527 1375 3668 1430 Nam
3708 1385 3769 1431 et

2163 1470 2381 1526 obsides
2409 1470 2501 1540 qui
2532 1476 2586 1524 et
2613 1468 2801 1538 quanti
2828 1468 2966 1539 jussi
2993 1475 3140 1534 sunt,
3166 1468 3276 1524 dati
3302 1476 3467 1538 atque
3494 1469 3764 1539 suswpti,

2163 1568 2219 1617 et
2247 1560 2424 1616 omnis
2454 1568 2601 1615 terra
2631 1560 2928 1616 secundum
2956 1575 3111 1617 suam
3135 1560 3471 1617 voluntatem
3496 1560 3766 1632 disposita

2163 1660 2265 1708 est.

2234 1746 2279 1802 Δ
2311 1747 2507 1817 quibus
2537 1744 2733 1802 finibus
2762 1745 3055 1801 Britanniae
3080 1746 3155 1801 ita
3183 1746 3397 1816 pacatis
3450 1746 3759 1817 imperator

2087 1825 2137 1886 Β
2162 1839 2356 1909 pedem
2387 1838 2592 1903 retulit,
2631 1846 2687 1893 et
2711 1837 3131 1910 Andegavorum
3155 1839 3347 1894 urbem
3377 1838 3618 1908 repetiit.
3654 1838 3761 1894 Ubi

2132 1966 2139 1977 ι
2165 1929 2295 1985 dum
2325 1928 2746 2001 Hermengardis
2775 1928 2964 1999 regina
3008 1929 3169 1999 longo
3194 1927 3523 2000 fatigaretur
3545 1929 3755 1984 incom-

2163 2025 2346 2088 modo,
2393 2024 2605 2079 duobus
2636 2022 2828 2078 diebus
2875 2030 2999 2093 post
3032 2023 3433 2094 regressionem
3464 2022 3765 2091 imperato-

2163 2114 2242 2171 ris
2270 2114 2591 2183 superviiiit,
2617 2123 2671 2169 et
2697 2114 2860 2169 tertio
2885 2113 2973 2169 die
2996 2113 3150 2181 obiit,
3181 2114 3373 2184 quinto
3390 2113 3577 2170 Nonas
3601 2112 3763 2171 Octo-

2162 2206 2298 2261 bris.
2334 2207 2451 2273 Quo
2476 2221 2620 2263 anno
2644 2206 2865 2277 eclipsis
2894 2206 3123 2277 contigit
3170 2206 3301 2262 solis
3331 2222 3429 2261 vui
3451 2206 3581 2262 ldus
3605 2205 3759 2262 Julii.

2165 2297 2365 2354 Curata
2404 2308 2588 2355 autem
2613 2300 2817 2372 reginas
2851 2300 3149 2371 sepultura,
3193 2300 3494 2370 imperator
3519 2315 3623 2371 per
3653 2300 3760 2356 Ro-

2166 2394 2483 2464 thomagum
2528 2401 2584 2449 et
2621 2393 3011 2449 Ambianorum
3064 2394 3253 2450 urbem
3285 2403 3437 2450 recto
3474 2395 3678 2450 itinere
3703 2410 3763 2450 se

2164 2483 2492 2553 Aquisgrani
2541 2484 2608 2540 ad
2660 2484 2889 2540 hiberna
2933 2483 3181 2540 contulit.
3229 2484 3329 2540 Cui
3378 2489 3684 2543 revertenti
3708 2494 3764 2543 et

2165 2576 2534 2632 Heristailium
2582 2578 2843 2649 palatium
2892 2578 3140 2644 intranti,
3176 2593 3467 2634 occurrere
3488 2580 3645 2634 mimi
3675 2580 3762 2635 Si-

2165 2670 2323 2739 gonis
2351 2670 2719 2725 Beneventani
2762 2669 2915 2727 ducis
2962 2668 3105 2725 dona
3131 2684 3297 2741 quam
3339 2671 3583 2726 maxima
3613 2671 3765 2727 defe-

2166 2770 2373 2828 rentes,
2411 2763 2693 2819 dominum
2743 2778 2901 2817 suum
2943 2765 3184 2818 arnorte‘
3209 2762 3506 2818 Grimoaldi
3553 2765 3766 2835 praede-

2166 2855 2399 2913 cessoris
2424 2857 2507 2912 sui
2554 2863 2869 2928 purgantes.
2919 2856 3188 2912 Przeterea
3217 2856 3449 2912 aliarum
3472 2858 3765 2912 nationum

2167 2951 2318 3007 missi
2352 2951 2600 3015 aderant,
2652 2950 3040 3006 Abodritorum
3070 2951 3345 3016 videlicet,
3374 2960 3430 3005 et
3481 2950 3767 3006 Codusca—

2165 3048 2382 3109 norur’u‘,
2415 3052 2470 3098 et
2499 3044 2949 3108 Timotianorum,
3001 3042 3095 3113 qui
3150 3042 3443 3115 Bulgarum
3494 3044 3766 3098 societate

2166 3137 2378 3204 relicta,
2404 3137 2608 3193 nostris
2635 3151 2694 3191 se
2722 3151 2898 3207 nuper
2941 3136 3301 3191 sociaverant.
3344 3134 3454 3191 Sed
3480 3143 3538 3189 et
3566 3134 3766 3189 Linde-

2092 3193 2140 3259 Ο
2168 3232 2266 3285 viti
2309 3230 2540 3296 rectoris
2586 3193 2863 3284 inferioris
2894 3228 3188 3284 Pannonias
3232 3228 3386 3284 missi
3417 3227 3622 3283 ibidem
3668 3227 3767 3281 ad.

2168 3331 2349 3390 erant,
2389 3330 2708 3379 accusantes
2736 3321 2998 3378 Cadaium
3031 3320 3190 3388 falso,
3220 3329 3281 3376 ut
3304 3329 3430 3392 post
3457 3321 3656 3392 patuit,
3698 3334 3765 3375 eo

2171 3420 2315 3491 quod
2340 3417 2655 3473 immanitas
2690 3416 2833 3471 illius
2868 3414 3228 3486 importabilis
3276 3414 3381 3470 sibi
3430 3412 3597 3469 foret.
3633 3414 3768 3480 Qui-

2168 3514 2273 3570 bus
2296 3513 2513 3579 auditis,
2535 3512 2852 3583 compositis
2877 3527 2941 3567 ac
2962 3510 3221 3576 dimissis,
3263 3511 3317 3565 in
3343 3511 3535 3566 eodem
3558 3510 3767 3581 palatio

2172 3607 2469 3677 imperator
2517 3606 2813 3663 secundum
2866 3620 3021 3662 suam
3080 3605 3494 3676 dispositionem
3543 3607 3615 3660 ad
3646 3605 3765 3660 hie-

2170 3697 2426 3752 mandum
2455 3713 2514 3754 se
2542 3698 2789 3754 contulit.

2244 3788 2418 3860 (819.)
2460 3790 2561 3846 Ubi
2609 3804 2734 3845 cum
2777 3794 3045 3856 moratur,
3070 3789 3346 3845 exhibitus
3380 3796 3469 3843 est
3504 3789 3556 3843 ei
3581 3788 3767 3846 Sclao-

2172 3885 2344 3939 mirus
2395 3885 2783 3941 Abodritorum
2831 3897 2983 3939 rexa
3010 3884 3239 3939 ducibus
3293 3882 3596 3940 Saxonum.
3657 3884 3762 3952 Qui

2173 3994 2294 4034 eum
2326 3979 2736 4035 insimularetur
2760 3977 3104 4045 defectionis,
3139 3992 3241 4034 nec
3281 3977 3511 4048 objectis
3538 3976 3765 4031 obviare

2173 4074 2461 4143 quivisset,
2518 4073 2713 4129 exsilio
2738 4079 2822 4128 est
2864 4073 3202 4143 deportatus,
3252 4085 3593 4142 regnumque
3645 4068 3765 4138 ejus

2174 4164 2455 4235 Ceadrago
2505 4164 2615 4219 [ilio
2668 4163 2960 4219 Traseonis
2996 4163 3275 4219 traditum.
3318 4162 3522 4217 Eodem
3572 4161 3759 4215 itidem

2180 4263 2420 4327 tempore
2437 4256 2656 4326 quidam
2680 4255 2882 4311 Waseo
2903 4255 3105 4326 Lupus,
3131 4254 3359 4310 Centulli
3379 4260 3752 4327 cognomento,

2175 4349 2233 4404 in
2285 4348 2634 4405 rebellionem
2693 4364 3004 4419 assurgens,
3062 4348 3363 4404 Werimum
3428 4346 3759 4422 [Weriuuml

2175 4441 2543 4496 Arvernorum
2585 4440 2861 4507 comitem,
2913 4447 2967 4495 et
2998 4440 3384 4511 Berengarium
3434 4439 3762 4494 Tolosanum

481 4541 643 4596 nibus
672 4541 857 4597 orbari
888 4540 1189 4607 consensit,
1228 4539 1358 4597 licet
1389 4538 1575 4595 multis
1603 4538 1974 4594 obnitentibus
2017 4545 2072 4593 et
2094 4564 2150 4625 D
2175 4533 2361 4603 praeiio
2391 4533 2684 4589 iacescivit.
2716 4534 3032 4604 Ibidemque
3068 4547 3192 4588 cum
3236 4532 3359 4587 aliis
3382 4531 3636 4603 plurimis
3659 4531 3766 4586 fra-

482 4633 843 4688 animadverti
870 4633 927 4687 in
948 4647 1042 4689 eos
1069 4638 1182 4688 tota
1207 4633 1499 4689 severitate
1520 4631 1675 4703 legali
1702 4632 2065 4702 cupientibus.

481 4725 554 4780 At
590 4739 723 4780 vero
757 4724 886 4780 licet
932 4725 1227 4796 imperator
1262 4725 1635 4796 indulgentius
1671 4731 1888 4794 ageret,
1938 4722 2072 4778 ultio

482 4824 663 4870 tamen
686 4816 966 4871 eliminata
992 4816 1058 4871 ad
1085 4815 1337 4872 effectum
1364 4816 1419 4870 in
1447 4815 1657 4884 aliquos
1682 4823 1766 4869 est
1790 4815 2068 4884 perducta.

480 4905 695 4962 Etenim
725 4908 1033 4962 Bernartius
1068 4919 1125 4962 et
1156 4906 1516 4979 Reginherius
1546 4906 1674 4961 dum
1704 4905 2073 4976 impatientius

482 4996 762 5053 oculorum
786 4998 1133 5053 amissionem
1161 5006 1217 5053 et
1239 4997 1568 5053 ablationem
1593 4997 1854 5065 tulerunt,
1876 4999 2071 5055 mortis

483 5087 838 5143 acerbitatem
866 5089 972 5145 sibi
1002 5080 1402 5145 consciverunt.
1448 5086 1745 5159 Episcopos
1773 5105 1939 5161 porro
1966 5090 2070 5147 hac

483 5178 809 5236 c0nstrictos
838 5180 1196 5245 immanitate,
1244 5181 1311 5237 ab
1339 5180 1609 5252 episcopis
1654 5182 1878 5253 reliquis
1906 5184 2071 5253 depo-

483 5273 649 5338 sitos,
702 5274 1044 5330 monasteriis
1092 5275 1443 5347 mancipavit.
1501 5273 1833 5332 Cteterorum
1886 5285 2068 5331 autem

483 5362 690 5418 nullum
718 5362 805 5420 vel
830 5365 940 5420 vita
966 5367 1172 5437 privari
1204 5365 1397 5436 jussit,
1438 5368 1523 5423 vel
1554 5366 1925 5423 membrorum
1956 5384 2072 5423 am-

481 5456 764 5529 putatione
808 5458 1098 5525 mulctari;
1149 5461 1244 5515 sed
1289 5460 1586 5515 secundum
1631 5460 1775 5530 quod
1819 5460 2072 5533 exigente

484 5550 642 5620 culpa
665 5550 843 5607 visum
869 5558 981 5616 est,
1020 5551 1154 5606 alios
1183 5551 1424 5606 exsiliari
1442 5593 1457 5617 ,
1487 5551 1621 5607 alios
1646 5552 1809 5622 jussit
1838 5551 2066 5607 attondi.

483 5640 615 5697 Post
640 5658 760 5713 qua:
787 5642 1071 5697 nuntiatur
1098 5642 1411 5711 imperatori
1442 5644 1719 5713 protervia
1750 5643 2070 5699 inobedien-

485 5732 622 5786 tium
641 5732 966 5795 Brittonum,
988 5731 1081 5801 qui
1105 5731 1157 5784 in
1182 5736 1389 5786 tantam
1412 5732 1758 5788 insolentiam
1780 5744 2071 5804 eruperant

485 5829 550 5877 ut
582 5838 750 5879 unum
786 5837 1011 5879 suorum
1040 5820 1398 5879 Marmonium
1424 5822 1813 5899 [Marmanum]
1850 5828 2068 5883 nomine

2177 4633 2318 4680 trem
2375 4640 2590 4695 quoque
2636 4624 2967 4680 Germanum
3026 4623 3415 4696 [Gersandum]
3463 4623 3670 4686 amisit,
3712 4634 3766 4675 et

2177 4725 2307 4772 tunc
2336 4719 2553 4787 quidem
2611 4716 2750 4789 fuga:
2781 4718 3025 4773 subsidio
3059 4717 3251 4772 evasit.
3284 4716 3417 4771 Post
3443 4726 3631 4771 autem
3661 4717 3763 4769 im-

2175 4809 2414 4879 peratori
2443 4809 2723 4875 deductus,
2776 4818 2833 4864 et
2859 4824 3080 4864 causam
3123 4808 3306 4863 dicere
3357 4807 3568 4875 jussus,
3600 4813 3765 4877 atque

2177 4903 2389 4959 ratione
2447 4903 2642 4967 victus,
2699 4902 2895 4957 exsilio
2942 4910 3027 4957 est
3074 4901 3385 4957 damnatus.
3436 4899 3552 4967 Qua
3584 4900 3766 4955 hieme

2176 4995 2476 5065 imperator
2528 4995 2584 5049 in
2619 4997 2808 5051 eodem
2854 4995 3059 5066 palatio
3107 5003 3438 5051 conventum
3485 4993 3763 5064 publicum

2173 5087 2357 5159 populi
2409 5086 2492 5142 sui
2525 5086 2861 5142 celebravit:
2917 5095 2973 5142 et
3019 5087 3401 5143 renuntiantes
3433 5086 3533 5141 sibi
3566 5086 3765 5140 missos

2174 5182 2243 5238 de
2276 5180 2423 5237 omni
2452 5196 2550 5237 suo
2580 5196 2769 5253 regno,
2817 5196 2954 5253 quos
2981 5197 3081 5253 pro
3109 5187 3254 5237 statu
3280 5187 3482 5236 sanetae
3508 5178 3759 5235 Ecclesia:

2174 5273 2535 5328 restaurando
2572 5271 2801 5340 dejecto,
2845 5274 2929 5329 vel
2977 5272 3355 5328 confirmando
3392 5278 3573 5326 stante
3601 5269 3761 5323 mise-

2175 5372 2279 5431 rat,
2306 5365 2547 5431 audivit;
2582 5371 2637 5421 et
2662 5365 2922 5437 quidquid
2952 5365 3084 5420 utile
3126 5362 3413 5436 judicavit,
3445 5369 3635 5417 saneta
3664 5360 3763 5415 im-

2172 5456 2404 5528 pellente
2432 5457 2722 5513 devotione
2748 5457 3144 5528 superaddidit,
3200 5455 3443 5525 nihilque
3493 5453 3763 5508 intactum

2171 5549 2414 5619 reliquit,
2446 5550 2707 5621 quidquid
2747 5551 2816 5605 ad
2846 5550 3111 5606 honorem
3140 5556 3340 5606 sancta:
3364 5546 3463 5602 Dei
3496 5544 3759 5601 Ecclesia!

2170 5642 2435 5713 proficere
2460 5657 2618 5712 posse
2646 5643 2824 5697 visum
2850 5641 2971 5697 fuit.
3008 5643 3217 5697 Interea
3249 5639 3483 5710 capitula
3508 5636 3757 5708 quaedam

2168 5736 2377 5806 legibus
2436 5733 2830 5804 superaddidit,
2891 5734 2947 5788 in
3012 5733 3209 5804 quibus
3261 5746 3442 5786 causa:
3507 5728 3758 5784 forenses

2170 5827 2476 5883 claudicare
2519 5825 2864 5893 videbantur,
2902 5841 3022 5897 quae
3060 5826 3323 5883 hactenus
3346 5823 3513 5880 veluti
3557 5833 3750 5894 perncb
