4056 6350
308 324 418 383 949

1848 325 2028 385 VITA.

3468 345 3577 404 950

309 439 551 499 cessaria
571 445 877 495 servantur.
918 435 1034 505 Qua
1058 443 1382 509 tempestate
1430 438 1639 496 monitu
1668 454 1891 497 suorum
1918 445 1973 507 Α
1995 440 2065 496 ad
2090 455 2324 514 pugnam
2376 456 2480 500 nec
2506 443 2574 500 ad
2602 443 2932 517 colloquium
2986 455 3334 520 procedente.
3366 455 3576 525 Quibus

308 530 559 588 uxoriam
615 526 862 597 copulam
946 527 1308 583 meditabatur
1374 529 1532 586 inire.
1576 530 1890 591 Timebatur

307 612 716 683 enimamultis
765 637 834 677 ne
877 621 1031 692 regni
1088 620 1455 693 gubernacula
1509 620 1673 677 vellet
1725 622 1890 679 relin-

308 732 477 788 quere
504 733 519 783 ;
550 715 646 771 sed
679 712 1119 785 compellebatur.
1177 714 1526 785 Tandemque
1568 729 1760 772 eorum
1797 730 1891 771 vo-

306 808 507 866 luntati
563 805 929 871 satisfaciens,
980 812 1035 860 et
1061 804 1416 876 undequaque
1461 805 1721 862 adductas
1759 820 1888 877 pro-

307 915 497 958 cerum
549 898 687 955 ﬁlias
718 896 1037 968 inspiciens,
1084 895 1270 953 Judith
1299 896 1469 954 ﬁliam
1506 896 1771 955 Well‘onis
1799 911 1892 953 no-

304 990 563 1051 bilissimi
619 989 835 1046 comitis
878 990 936 1045 in
973 989 1382 1045 matrimonium
1437 988 1637 1060 iunxit.
1680 989 1894 1047 Estate

306 1087 677 1157 subsequente
733 1083 789 1143 in
818 1082 1184 1156 lngelenbeim
1234 1083 1439 1154 palatio
1491 1082 1724 1155 populus
1776 1081 1894 1152 ejus

309 1178 574 1237 convenit
613 1177 681 1237 ad
722 1191 865 1232 eum.
907 1175 1219 1246 Ibidemque
1246 1176 1331 1232 sui
1373 1176 1648 1232 exercitus
1675 1174 1896 1232 nuntios

306 1271 537 1343 recepit.
568 1268 663 1341 qui
716 1276 904 1324 contra
953 1266 1221 1325 Liudeviti
1274 1276 1517 1340 apertam
1575 1266 1896 1338 perduellio-

307 1379 439 1421 nem
470 1360 936 1432 comprimendam
958 1359 1113 1416 missi
1143 1358 1378 1417 fuerant.
1421 1359 1529 1417 Sed
1568 1360 1713 1419 idem
1738 1374 1898 1433 nego-

305 1457 448 1512 tium
475 1453 740 1511 remansit
770 1468 906 1525 pene
933 1452 1215 1510 infectum.
1242 1452 1313 1508 At
1338 1469 1469 1511 vero
1492 1470 1592 1526 pro
1617 1454 1705 1510 bis
1727 1453 1897 1527 typho

311 1549 646 1621 arrogantia:
685 1547 902 1604 inﬂatus
934 1547 1269 1615 Liudevitus,
1323 1550 1590 1620 quasdam
1632 1548 1898 1605 conditio-

306 1656 411 1698 nes
445 1640 765 1712 imperatori
803 1655 903 1711 per
941 1640 1137 1697 missos
1178 1656 1306 1697 suos
1333 1641 1611 1697 mandavit
1641 1658 1656 1695 :
1687 1655 1825 1711 quas
1847 1638 1895 1695 si

306 1731 608 1802 imperator
638 1730 908 1802 impleret,
951 1731 1067 1802 ipse
1111 1746 1329 1803 quoque
1379 1732 1498 1805 ejus
1523 1732 1810 1802 praeceptis
1835 1737 1898 1787 ut

1996 535 2232 591 reversis
2282 534 2501 592 domum
2542 536 2921 595 Carniolenses
2947 547 3005 596 et
3039 543 3258 613 quidam
3314 547 3579 606 Caranta-

1995 642 2217 695 norum,
2244 630 2337 699 qui
2358 631 2427 686 ad
2451 630 2794 688 Liudevitum
2829 648 2891 690 se
2928 636 3293 707 contulerant,
3322 640 3577 703 Baldrieo

1996 716 2121 773 duci
2170 726 2361 775 nostro
2406 736 2600 779 manus
2660 721 2944 780 dederunt.
2997 724 3059 781 In
3116 728 3318 803 palatio
3356 746 3577 804 quoque

1994 806 2136 863 Bera
2159 824 2341 866 comes
2367 811 2804 885 Barcinonensis,
2841 830 2965 871 cum
2992 817 3367 889 .impeteretur
3391 838 3424 880 a
3445 840 3578 895 quo-

1999 900 2122 955 dam
2151 910 2345 959 vocato
2381 901 2581 969 Sanila,
2616 912 2673 963 et
2724 904 3060 964 inﬁdelitatis
3087 919 3427 980 argueretur,
3452 930 3580 971 cum

1998 989 2188 1044 eodem
2238 993 2535 1047 secundum
2596 993 2770 1065 legem
2820 997 3118 1066 propriam,
3170 1007 3231 1054 ut
3282 1010 3410 1073 pote
3453 1004 3582 1073 quia

1999 1088 2228 1152 uterque
2252 1081 2462 1141 Gothus
2486 1094 2625 1151 erat,
2655 1088 2896 1159 equestri
2917 1090 3105 1158 praelio
3144 1107 3473 1165 congressus
3497 1103 3585 1152 est

2001 1180 2057 1230 et
2084 1175 2278 1232 victus.
2338 1174 2446 1235 Sed
2473 1193 2600 1233 cum
2622 1177 2739 1250 lege
2776 1180 2830 1236 in
2863 1196 2990 1239 eum
3042 1185 3584 1246 animadvertendum

2000 1274 2162 1331 esset,
2202 1274 2262 1322 ut
2290 1266 2509 1338 capitali
2540 1269 2809 1325 sententia
2840 1276 3096 1343 tanquam
3128 1290 3253 1331 reus
3281 1277 3586 1349 majestatis

2000 1355 2278 1424 feriretur,
2313 1358 2661 1429 imperatoris
2683 1368 2866 1416 tamen
2900 1360 3189 1419 clementia
3232 1366 3354 1421 vitae
3405 1382 3585 1424 reser-

2001 1457 2160 1505 vatus
2190 1458 2293 1517 est,
2333 1458 2389 1506 et
2418 1450 2819 1523 Rotbomagum
2872 1453 3178 1510 consistere
3219 1454 3425 1524 jussus.
3462 1456 3585 1529 ipso

2003 1548 2249 1613 tempore
2296 1542 2606 1598 nuntiatum
2661 1550 2745 1598 est
2770 1558 2939 1599 naves
2985 1545 3247 1614 piraticas
3270 1549 3531 1605 tredecim
3556 1564 3588 1604 a

2001 1630 2371 1691 Nortmannire
2415 1635 2635 1693 sedibus
2664 1650 2817 1693 mare
2862 1638 3269 1705 conscendisse,
3301 1648 3355 1695 et
3383 1641 3591 1713 praeda-

2002 1729 2117 1777 tum
2150 1730 2371 1780 nostros
2397 1722 2532 1778 ﬁnes
2562 1723 2848 1797 appellere.
2888 1723 3088 1781 Contra
3118 1742 3253 1797 quas
3301 1728 3591 1799 imperato-

304 1821 523 1893 pridem
580 1828 819 1892 pareret.
875 1820 981 1877 Sed
1037 1802 1153 1879 haec
1177 1802 1436 1895 tanquam
1489 1822 1703 1881 inutilia
1738 1823 1807 1879 ab
1832 1836 1894 1879 eo

2003 1812 2083 1868 ris
2127 1811 2547 1886 circumspectio
2572 1813 2877 1869 custodiam
2918 1813 3039 1869 ﬁeri
3088 1831 3213 1873 cum
3244 1817 3588 1888 imperasset,

307 1921 496 1983 spreta
524 1920 687 1983 atque
717 1911 920 1983 rejecta
960 1921 1108 1969 sunt.
1160 1912 1474 1971 Liudevitus
1505 1922 1688 1971 autem
1721 1912 1777 1967 in
1800 1928 1899 1969 sua

304 2001 541 2077 perﬁdia
572 2018 856 2059 remanere
878 2011 1055 2059 ratum
1086 2004 1311 2071 ducens,
1340 2004 1406 2063 ad
1436 2003 1720 2075 perﬁdiam
1741 2017 1903 2075 quos-

305 2108 524 2165 cunque
549 2098 764 2168 poterat
788 2093 890 2150 sibi
918 2097 1184 2152 sociabat.
1226 2096 1358 2153 Post
1379 2096 1746 2155 reversionem
1768 2110 1902 2153 sane

304 2187 587 2245 exercitus
616 2201 648 2241 a
678 2185 968 2245 Pannonia:
1000 2187 1223 2254 ﬁnibus,
1276 2187 1563 2245 Liudevito
1590 2187 1644 2247 in
1671 2187 1900 2258 perﬁdia

304 2293 408 2336 sua
436 2286 810 2350 permanente,
847 2277 1119 2334 Cadolacb
1150 2266 1401 2353 [Cadolh]
1432 2282 1541 2336 dux
1569 2277 1903 2351 Forojulien-

305 2370 386 2428 sis
420 2372 476 2426 in
506 2367 715 2427 febrem
769 2371 963 2426 incidit
998 2379 1053 2427 et
1083 2372 1225 2427 diem
1278 2373 1530 2433 ultimum
1589 2373 1806 2439 clausit,
1834 2388 1901 2430 ac

302 2460 591 2517 Baldricus
619 2460 736 2532 ejus
791 2460 913 2518 loco
967 2462 1252 2519 successit.
1291 2461 1395 2530 Qui
1424 2479 1546 2519 cum
1576 2463 1812 2534 primum
1844 2463 1901 2519 in

300 2549 654 2608 Provinciam
707 2552 970 2619 venisset,
1010 2561 1064 2608 et
1118 2552 1462 2611 Carantanas
1521 2553 1902 2626 ingrederetur

300 2650 507 2714 partes,
541 2642 726 2712 copias
755 2638 1027 2699 Liudeviti
1059 2642 1218 2713 juxta
1258 2644 1495 2718 Dragum
1525 2642 1747 2701 ﬂuvium
1773 2661 1900 2701 cum

300 2733 496 2805 paucis
526 2748 749 2793 suorum
776 2732 936 2802 fudit,
965 2744 1021 2790 et
1044 2736 1285 2807 reliquos
1323 2738 1675 2819 proturbans,
1706 2753 1900 2797 omnes

303 2840 335 2878 a
367 2825 481 2881 suis
503 2823 702 2883 ﬁnibus
731 2826 985 2884 secedere
1014 2830 1291 2900 compulit.
1325 2830 1364 2889 1“
1372 2840 1564 2903 ugatus
1590 2848 1622 2887 a
1646 2832 1899 2891 Baldrico

300 2914 647 2984 Liudevitus,
683 2919 878 2976 Bornze
906 2924 1149 2979 occurrit
1177 2923 1461 2981 Dalmatia:
1490 2926 1615 2981 duci
1645 2928 1715 2983 ad
1742 2926 1900 2985 Cala-

302 3010 458 3083 pium
500 3009 723 3069 ﬂuvium
775 3015 1118 3071 consistenti.
1176 3016 1284 3075 Sed
1326 3019 1503 3075 Borna
1550 3018 1901 3079 Goduscano-

302 3114 428 3155 rum
468 3096 931 3180 [Dunscanorum]
978 3107 1225 3179 perﬁdia,
1278 3125 1359 3167 an.
1404 3110 1598 3168 timore
1629 3113 1895 3184 desertus,

2005 1922 2037 1961 a
2066 1902 2388 1960 Flandrensi
2437 1903 2551 1961 solo
2602 1903 2761 1960 simul
2797 1912 2851 1960 et
2874 1906 3015 1962 ostio
3050 1904 3315 1979 Sequanae
3340 1909 3587 1981 repulsae,

2002 1996 2060 2052 in
2080 1995 2429 2068 Aquitaniam
2484 2010 2605 2053 sese
2633 2006 2937 2065 verterunt,
2966 2008 3022 2054 et
3048 2008 3263 2056 vastato
3293 2002 3411 2058 vico
3439 2004 3593 2074 cujus

2002 2089 2326 2147 vocabulum
2360 2089 2517 2156 Buin,
2549 2089 2827 2162 multaque
2856 2101 3096 2149 onerata:
3140 2094 3322 2165 prada
3358 2110 3592 2152 reversa:

2004 2191 2150 2239 sunt.
2201 2181 2317 2239 Hoc
2369 2197 2511 2239 anno
2552 2183 2700 2257 (82!)
2744 2185 2994 2241 dominus
3029 2186 3329 2257 imperator
3364 2188 3593 2246 hiberna

2004 2283 2253 2346 tempora
2278 2274 2605 2347 Aquisgrani
2632 2278 2861 2349 peregit.
2892 2278 2953 2335 In
2975 2279 3166 2336 eadem
3195 2280 3374 2338 hieme
3403 2297 3595 2347 mense

2001 2366 2328 2435 Februario,
2359 2366 2533 2439 Aquis
2573 2378 2880 2425 conventus
2921 2378 3005 2425 est
3035 2370 3364 2438 celebratus,
3395 2380 3453 2429 et
3482 2380 3596 2429 tres

2004 2460 2163 2515 cunei
2196 2459 2263 2514 ad
2291 2457 2560 2515 Liudeviti
2589 2468 2793 2516 terram
2844 2460 3164 2515 vastandam
3210 2461 3427 2528 directi,
3459 2461 3597 2516 irru-

2001 2561 2202 2623 ptaque
2233 2549 2553 2623 imaginaria
2601 2567 2758 2625 pace,
2788 2568 2908 2623 qua:
2950 2567 3073 2607 cum
3116 2551 3315 2608 Abulat
3349 2567 3476 2625 rege
3502 2549 3596 2608 Sa-

2003 2658 2329 2698 racenorum
2351 2653 2510 2714 pacta
2540 2643 2848 2713 videbatur,
2886 2643 3085 2698 bellum
3114 2643 3163 2699 ei
3198 2640 3465 2700 indictum
3489 2650 3591 2700 est.

2001 2736 2062 2792 In
2092 2734 2281 2793 eodem
2320 2752 2464 2793 anno
2497 2735 2753 2792 Kalendis
2802 2732 2930 2791 Maii
2983 2743 3311 2792 conventum
3360 2734 3596 2792 alterum

2003 2826 2195 2886 habuit
2224 2829 2520 2901 imperator
2546 2827 2883 2900 Noviomagi,
2939 2829 2993 2883 in
3022 2844 3129 2899 quo
3177 2828 3328 2901 regni
3352 2828 3596 2900 partitio-

2002 2937 2149 2990 nem,
2182 2937 2349 2995 quam
2380 2921 2525 2977 inter
2552 2920 2692 2977 ﬁlios
2717 2937 2846 2978 suos
2886 2920 3206 2993 jamdudum
3252 2919 3479 2987 fecerat,
3508 2935 3598 2977 co—

2002 3032 2121 3071 ram
2149 3014 2370 3071 recitari
2408 3014 2559 3082 fecit,
2597 3022 2654 3070 et
2681 3031 2712 3069 a
2741 3015 2954 3070 cunctis
2989 3014 3308 3086 proceribus
3340 3016 3435 3087 qui
3467 3023 3597 3072 tunc

2006 3104 2230 3163 adfuere
2254 3104 2588 3161 conﬁrmari.
2638 3104 2844 3161 Ibidem
2871 3106 3038 3161 etiam
3091 3106 3287 3161 missos
3314 3104 3598 3163 Paschalis

301 3174 599 3264 incertum,
642 3212 864 3255 suorum
893 3174 1077 3258 tamen
1122 3202 1274 3274 jutus
1324 3204 1529 3260 auxilio
1570 3174 1893 3275 domestico;
1926 3174 1972 3243 (ἶ
2005 3198 2308 3271 apostolici,
2345 3198 2567 3255 Petrum
2611 3198 3131 3256 Ccntumcellensem
3175 3201 3512 3272 episcopum,
3540 3208 3597 3257 et

304 3278 604 3351 discrimen
649 3292 941 3351 imminens
973 3302 1123 3353 tutus
1146 3297 1338 3364 evasit,
1385 3298 1481 3353 sed
1507 3307 1564 3354 et
1588 3297 1895 3359 desertores

304 3398 437 3439 suos
487 3392 680 3457 postea
733 3388 966 3460 subegit.
1020 3388 1234 3447 Interea
1287 3391 1604 3448 Liudevitus
1647 3394 1896 3463 sequenti

300 3472 486 3537 hieme
537 3477 874 3536 Dalmatiam
921 3481 1121 3539 iterum
1172 3483 1470 3555 ingressus,
1502 3493 1698 3541 cuncta
1727 3500 1896 3557 popu-

298 3566 407 3626 lari
448 3570 681 3641 nititur;
730 3572 878 3631 ferro
930 3592 1053 3646 qua:
1103 3577 1343 3633 animata
1396 3587 1557 3634 erant
1596 3581 1894 3651 perimens,

300 3660 603 3723 inanimata
629 3679 757 3720 vero
787 3665 900 3737 igni
921 3669 1266 3725 contradens.
1298 3667 1463 3740 Cujus
1488 3670 1542 3725 vi
1568 3686 1690 3727 cum
1713 3670 1894 3728 Borna

299 3754 528 3811 obviare
558 3758 830 3828 nequiret,
868 3767 989 3817 astu
1040 3761 1187 3817 viam
1221 3763 1452 3819 nocendi
1494 3766 1763 3834 qumsivit.
1796 3764 1898 3821 Ne-

301 3861 410 3917 que
433 3845 578 3902 enim
611 3858 862 3920 apertum
888 3852 939 3906 ei
972 3852 1174 3910 bellum
1227 3854 1442 3921 indixit,
1474 3857 1569 3910 sed
1620 3857 1890 3929 improvi-

302 3938 384 3994 sis
441 3939 832 4011 irruptionibus
884 3944 1021 3999 adeo
1060 3953 1115 4000 et
1142 3944 1290 4000 illum
1328 3955 1384 4002 et
1426 3948 1730 4004 exercitum
1775 3949 1896 4019 ejus

298 4029 577 4099 protrivit,
627 4040 689 4087 ut
723 4033 950 4105 puderet
979 4050 1043 4091 ac
1072 4036 1363 4107 paeniteret
1403 4053 1526 4093 eum
1570 4037 1698 4093 talia
1745 4039 1895 4095 moli-

302 4129 445 4178 tum.
484 4123 617 4181 Nam
651 4126 823 4195 tribus
846 4126 1086 4183 millibus
1127 4127 1428 4185 interfectis
1477 4129 1544 4185 tle
1574 4129 1719 4187 illius
1745 4146 1896 4186 exer-

301 4216 440 4283 citu,
469 4219 731 4289 equisque
758 4235 825 4277 ac
875 4220 1026 4276 varia
1079 4221 1183 4277 sibi
1239 4221 1608 4293 suppellectile
1656 4223 1893 4295 plurima

311 4307 548 4378 direpta,
582 4310 801 4380 regione
852 4326 951 4368 sua
979 4326 1104 4368 eum
1145 4314 1411 4370 excedere
1438 4313 1716 4387 compulit.
1762 4314 1894 4384 Quae

303 4409 505 4455 cuncta
551 4401 849 4473 imperator
898 4404 1070 4474 Aquis
1122 4406 1428 4462 consistens
1473 4405 1629 4465 lactus
1663 4409 1888 4464 audivit.

300 4488 516 4548 Interea
544 4492 817 4550 Vascones
846 4496 1028 4552 nativa
1075 4497 1356 4553 seditionis
1382 4508 1534 4569 peste
1571 4500 1893 4555 discordan-

302 4590 410 4649 tes,
444 4599 474 4639 a
502 4584 732 4657 Pippino
758 4587 1104 4657 imperatoris
1152 4588 1265 4645 ﬁlio
1291 4590 1410 4660 ipso
1465 4606 1609 4647 anno
1661 4593 1738 4648 ita
1768 4602 1894 4649 sunt

264 4722 269 4727 .
300 4671 553 4743 edomiti,
607 4684 669 4732 ut
713 4676 892 4734 nullus
927 4693 1118 4734 eorum
1145 4679 1409 4736 rebellare
1430 4680 1673 4738 auderet.
1729 4682 1893 4740 Pater

298 4764 448 4821 enim
477 4782 600 4823 eum
631 4767 699 4823 ad
754 4769 860 4825 hoc
886 4771 1273 4827 destinaverat.
1306 4770 1402 4826 llis
1436 4774 1695 4843 peractis,
1720 4775 1891 4845 impe—

296 4868 453 4913 rator
479 4868 809 4919 conventum
861 4863 1086 4919 dimisit.
1147 4864 1435 4935 Venationi
1482 4881 1719 4937 congruo
1751 4875 1889 4924 tem-

296 4964 433 5022 pore
463 4967 687 5024 operam
716 4954 867 5012 dedit
894 4956 949 5011 in
992 4956 1311 5025 Arduenna,
1346 4966 1510 5030 atque
1542 4959 1886 5018 hiematurus

299 5043 371 5101 ad
404 5046 669 5116 palatium
698 5049 951 5120 Aquense
975 5061 1061 5109 est
1081 5069 1357 5111 reversus.

376 5134 548 5212 (820.)
600 5138 659 5196 1η
712 5141 903 5197 eodem
955 5144 1160 5214 palatio
1211 5146 1391 5202 hieme
1444 5150 1887 5220 superveniente,

298 5228 600 5300 imperator
638 5234 932 5290 coadunari
968 5237 1149 5308 papuli
1181 5237 1544 5310 frequentiam
1590 5241 1737 5299 fecit.
1770 5244 1891 5312 Quo

300 5329 545 5396 tempore
571 5326 748 5384 Borna
769 5328 836 5384 de
864 5327 1211 5386 infestatione
1232 5332 1505 5390 Liudeviti
1533 5345 1887 5407 conquestus,

297 5429 526 5488 magnas
586 5418 839 5488 adjutorii
898 5422 1083 5493 copias
1114 5423 1182 5477 ab
1235 5424 1568 5495 imperatore
1624 5428 1887 5500 suscepit,

296 5523 422 5580 quae
447 5517 652 5567 terram
681 5514 825 5571 illius
878 5523 1114 5573 atterere
1141 5526 1382 5588 possent.
1416 5520 1548 5590 Qua:
1587 5522 1731 5578 trina
1762 5540 1892 5595 par-

298 5604 494 5661 titione
509 5606 716 5677 divisie,
738 5612 913 5681 primo
932 5628 1060 5669 vere
1088 5621 1291 5669 terram
1318 5614 1540 5673 ditionis
1567 5616 1713 5674 illius
1738 5617 1889 5675 ferro

297 5705 357 5754 et
388 5699 516 5771 igne
566 5717 705 5772 pene
735 5719 951 5761 omnem
999 5715 1368 5773 vastaverunt,
1428 5708 1547 5780 ipso
1600 5709 1888 5767 Liudevito

296 5794 512 5853 castelli
551 5795 833 5867 cujusdam
875 5799 1160 5859 altitudine
1216 5816 1277 5858 se
1303 5809 1644 5877 protegente,
1698 5810 1754 5860 et
1780 5816 1885 5862 nec

1998 3290 2237 3346 Leonem
2283 3289 2748 3345 nomenclatorem
2789 3291 3049 3363 suscepit,
3080 3291 3304 3358 audivit,
3364 3291 3593 3348 remisit.

2000 3383 2178 3453 Atque
2206 3383 2333 3438 inde
2390 3380 2700 3456 digrediens
2737 3382 3077 3455 Aquasgrani
3110 3384 3345 3455 repetiit,
3387 3394 3444 3440 et
3470 3384 3598 3444 inde

1999 3489 2099 3546 per
2125 3472 2476 3529 Arduennam
2508 3489 2680 3544 usque
2710 3473 2777 3530 ad
2831 3473 3107 3530 Rumerici
3136 3476 3337 3545 montis
3359 3476 3596 3532 altitudi-

2000 3582 2147 3633 nem,
2183 3567 2488 3639 Vosagique
2516 3565 2840 3624 latissimam
2884 3569 3215 3634 vastitatem,
3253 3577 3424 3625 totum
3452 3569 3596 3641 quod

2001 3656 2272 3728 superfuit
2328 3657 2613 3715 dimidium
2671 3659 2844 3714 :estivi
2893 3669 2948 3715 et
3011 3660 3257 3715 autumni
3335 3662 3595 3732 temporis

2001 3750 2285 3821 transegit.
2317 3746 2465 3805 inter
2501 3750 2617 3805 haec
2645 3749 2825 3805 Borna
2872 3751 2986 3805 vita
3030 3752 3265 3821 privato,
3322 3766 3598 3806 successo-

2000 3855 2118 3895 rem
2148 3839 2199 3896 ei
2225 3840 2505 3895 constituit
2555 3841 2852 3910 imperator
2902 3850 3157 3910 nepotem
3186 3857 3344 3895 suum
3374 3840 3594 3896 nomine

2000 3933 2365 3989 Ladasdeum.
2400 3932 2517 3999 Quo
2546 3940 2790 4003 tempore
2819 3932 3069 3987 nuntium
3115 3932 3355 4004 suscepit
3398 3932 3594 3990 mortis

1999 4025 2198 4083 Leonis
2247 4025 2593 4098 imperatoris
2651 4025 3252 4098 Constantinopolitani,
3304 4025 3398 4097 qui
3437 4042 3468 4081 a
3499 4026 3596 4083 do-

1999 4117 2243 4174 mesticis
2264 4117 2377 4174 suis
2404 4126 2460 4173 et
2484 4117 2756 4190 pnecipue
2777 4133 2807 4172 a
2835 4115 3092 4174 Michaele
3118 4118 3438 4175 interfectus
3463 4126 3548 4174 est
3572 4135 3587 4174 :

1998 4214 2091 4285 qui
2122 4214 2288 4269 etiam
2310 4213 2365 4270 in
2406 4212 2526 4271 loco
2561 4215 2678 4287 ejus
2714 4212 3042 4272 substitutus
3072 4225 3179 4284 est,
3208 4215 3596 4290 conspiratori-

1998 4308 2102 4363 bus
2134 4306 2248 4364 suis
2294 4315 2352 4363 et
2380 4309 2619 4364 maxime
2656 4308 3002 4378 praetorianis
3053 4308 3316 4366 militibus
3364 4309 3416 4365 ei
3437 4307 3598 4365 anni-

1999 4401 2260 4458 tentibus.
2293 4401 2496 4458 Eodem
2520 4417 2661 4461 anno
2694 4402 2872 4460 medio
2917 4402 3138 4459 Octobri
3166 4412 3467 4459 conventus
3493 4416 3595 4474 pu-

1998 4493 2172 4551 blicus
2202 4493 2258 4550 in
2282 4494 2592 4555 Thcodonis
2639 4497 2764 4554 villa
2819 4497 3148 4555 celebratur.
3204 4498 3308 4555 Ubi
3355 4497 3593 4567 denique

1921 4554 1975 4617 Β
1999 4587 2253 4647 dominus
2289 4589 2588 4661 imperator
2643 4593 3005 4664 primogenita
3046 4554 3160 4649 ﬁlio
3205 4554 3305 4649 suo
3335 4554 3594 4650 Lothal'io

1997 4682 2427 4755 Ermengardam
2476 4683 2642 4741 ﬁliam
2665 4684 2907 4755 Hugonis
2960 4684 3179 4741 comitis
3207 4699 3435 4740 uxorem
3466 4699 3592 4741 cum

1996 4772 2223 4830 solemni
2248 4773 2430 4846 junxit
2458 4785 2741 4851 apparatu.
2815 4777 2916 4833 Ubi
2938 4777 3105 4832 etiam
3157 4774 3381 4833 adfuere
3426 4776 3593 4849 legati

1992 4881 2150 4939 papa:
2202 4865 2456 4935 Romani,
2488 4868 2810 4927 Theodorus
2863 4867 3229 4939 primicerius,
3277 4882 3345 4924 ac
3371 4866 3588 4935 Florus,

1993 4976 2119 5017 cum
2183 4963 2397 5034 magnis
2471 4963 2752 5034 variisque
2825 4964 3159 5021 muneribus.
3241 4964 3591 5036 Imperatoris

1994 5067 2162 5124 porro
2186 5052 2492 5119 clementia,
2522 5069 2649 5111 cum
2679 5056 2735 5111 in
2758 5056 2880 5113 aliis
2910 5056 3072 5113 rebus
3101 5071 3318 5128 semper
3342 5056 3587 5114 admira-

1992 5150 2117 5207 bilis
2143 5148 2362 5215 claruit,
2395 5149 2452 5205 in
2480 5150 2584 5205 hoc
2613 5159 2883 5207 conventu
2913 5150 3332 5222 quammaxime,
3377 5159 3583 5224 quanta

1990 5242 2050 5299 in
2069 5240 2185 5311 ejus
2204 5250 2350 5297 esset
2383 5247 2622 5311 pectore,
2648 5240 3095 5299 manifestissime
3119 5243 3310 5315 patuit.
3338 5242 3474 5303 Nam
3503 5258 3589 5299 re-

1991 5336 2201 5393 vocatis
2228 5335 2479 5391 omnibus
2499 5335 2593 5406 qui
2622 5344 2812 5391 contra
2865 5337 3035 5393 vitam
3059 5352 3217 5394 suam
3246 5352 3585 5410 regnumque

1998 5429 2440 5500 coniuraverant,
2480 5444 2589 5486 non
2619 5430 2780 5487 modo
2822 5430 2991 5487 vitam
3021 5433 3376 5503 membraque
3422 5433 3590 5489 dona-
3623 5429 3639 5499 ἱ

1996 5523 2099 5590 vit,
2157 5521 2250 5577 sed
2279 5528 2334 5575 et
2382 5521 2778 5593 possessiones,
2827 5522 3027 5594 quibus
3081 5523 3329 5595 legaliter
3370 5523 3589 5583 fuerant
3643 5594 3649 5601 .

1994 5614 2211 5687 privati,
2239 5629 2363 5670 cum
2390 5630 2588 5688 magno
2610 5614 2954 5673 liberalitatis
2981 5619 3295 5675 testimonio
3323 5618 3585 5674 restituit.

1992 5707 2361 5763 Adalhardum
2397 5709 2562 5764 etiam
2589 5710 2842 5767 abbatem
2894 5719 3164 5783 quondam
3200 5709 3444 5767 Corbeiae
3470 5723 3588 5764 mo-

1991 5800 2239 5868 nasterii,
2293 5801 2391 5860 sed
2444 5808 2571 5859 tunc
2624 5802 2681 5860 in
2721 5804 2894 5863 sancti
2945 5803 3193 5861 Filiberti
3241 5801 3582 5859 monasterio
