4056 6350
521 345 617 400 951

1623 347 1946 403 LUDOVICI
1984 349 2002 403 l
2044 347 2518 408 COGNOMENTO
2556 350 2644 407 PII

3696 358 3808 413 95?.

520 457 929 518 consistentem,
962 455 1278 525 magisterio
1301 457 1471 526 priori
1523 459 1772 514 reddidit.
1807 460 2106 532 Itidemque
2131 465 2181 525 Α
2211 455 2388 528 etans,
2434 464 2768 535 singulorum
2817 465 2980 520 rebus
3028 480 3266 537 congrue
3314 469 3696 538 prOSpiciebat.
3745 472 3810 528 In

518 551 744 605 fratrem
782 547 900 617 ejus
919 548 1263 615 Bernarium,
1295 566 1326 604 a
1353 553 1684 608 monasterio
1737 554 1909 608 sancti
1937 554 2106 608 Bene-

517 645 650 700 dicti
702 651 984 699 evocatum
1011 651 1067 698 et
1091 644 1520 712 reconciliatum,
1579 646 1753 702 eidem
1785 663 1908 703 cum
1936 648 2105 706 fratre

516 734 759 790 restituit
789 734 928 790 loco.
960 734 1058 790 His
1084 736 1365 806 completis
1409 739 1728 810 cazterisque
1751 756 1870 810 quae
1896 743 2104 799 utilitas

514 826 776 898 poscebat
807 826 1101 897 explicitis;
1157 827 1328 884 ﬁlium
1380 830 1600 900 quidem
1647 832 1966 888 Lotharium
1987 835 2103 891 hie-

513 927 724 975 matum
752 919 1112 976 Wormatiam
1167 923 1334 990 misit,
1368 922 1485 996 ipse
1537 932 1718 983 autem
1757 927 2102 1002 Aquasgrani

514 1028 768 1070 reversus
795 1023 897 1070 εει.

584 1105 743 1164 Anno
764 1109 910 1164 hunc
929 1110 1175 1180 sequenti
1204 1109 1352 1183 (822)
1374 1112 1626 1170 dominus
1650 1114 1950 1185 imperator
1973 1132 2103 1172 con-

512 1203 736 1252 ventum
765 1197 1071 1268 generalem
1101 1199 1246 1255 coire
1267 1200 1430 1271 jussit
1459 1202 1513 1255 in
1543 1201 1664 1257 loco
1685 1204 1839 1274 cujus
1864 1208 2104 1261 vocabu-

511 1287 623 1341 lum
655 1300 740 1342 est
766 1287 1089 1345 Attiniacus.
1127 1290 1183 1346 In
1221 1308 1328 1363 quo
1358 1297 1672 1352 convocatis
1703 1299 1769 1352 ad
1809 1300 2101 1356 concilium

511 1380 799 1450 episcopis,
841 1381 1126 1438 abbatibus
1163 1386 1638 1459 spiritualibusque
1675 1391 1827 1454 viris,
1863 1409 1963 1449 nec
1991 1410 2100 1450 non

511 1479 566 1526 et
588 1473 740 1544 regni
769 1473 851 1527 sui
884 1476 1221 1543 proceribus,
1253 1479 1432 1547 primo
1461 1482 1679 1549 quidem
1715 1483 1977 1540 fratribus
2017 1503 2103 1540 re-

511 1564 792 1620 conciliari
839 1564 1081 1633 studuit,
1130 1582 1266 1636 quos
1308 1571 1507 1626 invitos
1552 1575 1823 1629 attonderi
1872 1576 2098 1645 fecerat,

510 1655 706 1711 deinde
727 1657 980 1712 omnibus
1003 1659 1200 1728 quibus
1225 1660 1428 1730 aliquid
1452 1663 1662 1719 laesura:
1685 1667 1931 1724 intulisse
1951 1670 2102 1725 vide-

507 1746 687 1802 batur.
735 1747 866 1804 Post
893 1750 1009 1805 baec
1034 1760 1213 1807 autem
1241 1753 1417 1822 palam
1452 1770 1511 1810 se
1546 1771 1764 1813 errasse
1792 1759 2099 1827 confessus,

2209 554 2397 610 eodem
2421 564 2688 610 conventu
2713 556 2951 611 Avarum
2986 558 3183 629 legatio
3214 575 3436 615 munera
3459 562 3693 619 afferens
3713 566 3812 619 ad-

2207 645 2328 699 fuit.
2366 645 2510 700 Missi
2541 645 3000 704 Nortmannorum
3033 667 3223 721 pacem
3248 663 3574 709 renovantes
3597 663 3653 709 et
3678 672 3814 710 con-

2208 736 2492 792 ﬁrmantes
2531 755 2639 794 non
2686 739 2992 794 defuerunt.
3047 741 3193 809 Quos
3243 745 3456 800 auditos
3502 761 3626 800 cum
3677 762 3812 802 con-

2206 844 2340 899 grue
2377 830 2697 897 remisisset,
2740 830 2795 884 in
2841 833 3031 887 eodem
3079 833 3198 888 loco
3242 839 3578 906 praeparatis,
3629 847 3693 892 ut
3724 839 3812 893 di-

2206 934 2372 989 gnum
2395 930 2515 976 erat
2555 931 2609 976 et
2638 924 2871 993 tempori
2897 925 3251 994 congruebat,
3281 943 3421 982 novo
3447 944 3614 998 opere
3643 931 3815 984 :ediﬁ-

2205 1013 2329 1078 ci'is,
2367 1014 2645 1069 hiemavit.
2691 1016 2748 1070 In
2792 1017 2980 1072 eadem
3021 1019 3170 1084 villa,
3206 1020 3616 1077 Franconoford
3656 1025 3809 1078 scili-

2205 1114 2310 1172 cet,
2353 1107 2646 1176 imperator
2684 1109 2864 1164 hieme
2897 1120 3122 1175 exacta,
3164 1112 3304 1168 Maio
3342 1130 3532 1170 mense
3563 1131 3808 1170 conven-

2205 1208 2320 1254 tum
2367 1199 2554 1254 habuit
2587 1200 2921 1256 Australium
2959 1202 3314 1269 Francorum,
3361 1205 3644 1260 Saxonum
3681 1208 3816 1262 alia—

2207 1309 2434 1363 rumque
2461 1294 2703 1365 gentium
2733 1297 2814 1350 eis
2845 1296 3298 1352 collimitantium.
3340 1298 3398 1352 In
3435 1317 3545 1370 quo
3573 1301 3810 1356 duorum

2205 1384 2432 1439 fratrum
2457 1395 2752 1448 certamen,
2781 1387 2926 1456 quod
2949 1387 3016 1443 de
3042 1391 3210 1459 regho
3234 1406 3426 1460 magna
3449 1391 3812 1448 altercatione

2206 1475 2352 1530 inter
2377 1490 2434 1529 se
2461 1475 2764 1540 vertebant,
2795 1493 3036 1546 congruo
3070 1477 3174 1531 ﬁne
3207 1479 3444 1534 diremit.
3498 1481 3674 1536 Erant
3711 1499 3811 1536 au-

2205 1574 2316 1620 tem
2338 1567 2500 1621 Wilzi
2525 1583 2724 1637 genere
2754 1566 2847 1622 ﬁlii
2873 1567 3028 1623 Liubi
3058 1571 3329 1640 quondam
3361 1573 3526 1643 regis.
3579 1572 3812 1628 Nomina

2205 1672 2394 1713 eorum
2426 1658 2599 1723 fuere,
2645 1659 2996 1730 Mileguastus
3037 1670 3093 1715 et
3128 1661 3517 1734 Celeadragus.
3566 1664 3809 1730 Quorum

2205 1761 2360 1823 pater
2383 1753 2540 1807 Liubi
2565 1753 2694 1808 dum
2726 1753 3001 1818 Abodritis
3030 1756 3230 1812 bellum
3276 1759 3586 1825 indixisset,
3627 1762 3698 1816 ab
3733 1763 3813 1817 eis

507 1850 563 1897 et
593 1843 834 1899 imitatus
866 1844 1154 1901 Theodosii
1183 1848 1526 1916 imperatoris
1554 1853 1878 1922 exemplum,
1918 1857 2096 1924 poeni-
2127 1846 2175 1906 B
2205 1846 2565 1918 interemptus
2591 1854 2690 1910 est,
2733 1863 3068 1919 regnumque
3113 1851 3482 1922 primogenito
3532 1855 3811 1908 contradi-

512 1935 740 1988 tentiam
771 1942 1123 2006 spontaneam
1155 1939 1412 2008 suscepit,
1438 1947 1548 1994 tam
1572 1940 1639 1995 de
1668 1943 1753 1996 his
1782 1959 1942 2013 quam
1981 1961 2101 2014 quas

509 2026 563 2080 in
591 2026 925 2082 Bernardum
948 2038 1200 2098 nepotem
1234 2032 1509 2100 proprium
1534 2044 1779 2104 gesserat
1807 2052 1818 2087 :
1845 2044 1899 2089 et
1929 2037 2100 2091 corri-

507 2133 640 2188 gens
666 2119 711 2172 si
743 2119 872 2188 quid
897 2120 1084 2175 talium
1111 2121 1248 2176 vela
1279 2138 1357 2188 se,
1387 2124 1472 2178 vel
1505 2141 1536 2178 a
1565 2134 1721 2194 patre
1751 2143 1849 2182 suo
1885 2139 2100 2199 gestum

503 2209 749 2279 reperire
785 2211 983 2267 alicubi
1014 2213 1212 2282 potuit,
1235 2215 1400 2268 etiam
1421 2215 1775 2285 plurimarum
1799 2219 2098 2294 eleemosy-

506 2318 697 2358 narum
736 2306 1073 2377 elargitione,
1119 2310 1212 2364 sed
1253 2320 1307 2364 et
1342 2325 1623 2367 servorum
1662 2313 1864 2372 Christi
1899 2318 2100 2372 oratio-

505 2409 636 2448 num
676 2395 952 2463 instantia,
993 2415 1092 2455 nec
1130 2416 1236 2455 non
1276 2405 1494 2474 propria
1529 2405 1921 2474 satisfactione,
1963 2409 2098 2464 adeo

502 2486 851 2545 Divinitatem
883 2492 985 2547 sibi
1014 2492 1233 2562 placare
1257 2498 1500 2562 curabat,
1529 2499 1685 2568 quasi
1715 2500 1831 2555 haec
1861 2516 1981 2570 quae
2023 2501 2098 2555 Ie-

504 2579 700 2649 galiter
737 2598 901 2654 super
927 2602 1368 2658 unumquemque
1396 2591 1843 2659 decucurrerant,
1875 2609 1972 2648 sua
2006 2609 2096 2663 ge-

499 2684 584 2729 sta
615 2674 815 2733 fuerint
846 2682 1185 2738 crudelitate.
1233 2683 1545 2756 Exercitum
1575 2701 1708 2742 sane
1735 2688 1927 2743 eodem
1963 2699 2100 2743 tem-

497 2783 630 2839 pore
654 2773 803 2827 misit
823 2774 887 2827 de
905 2774 1059 2829 Italia
1081 2786 1274 2832 contra
1288 2777 1633 2832 Liudevitum
1658 2779 1711 2832 in
1730 2778 2091 2834 Pannoniam.

503 2859 624 2928 Quo
649 2862 737 2916 ille
765 2866 1062 2922 consistere
1088 2883 1196 2923 non
1223 2869 1427 2936 valens,
1456 2871 1733 2942 pr0priam
1766 2873 1983 2942 reliquit
2013 2874 2093 2928 ci-

499 2952 742 3019 vitatem,
791 2964 846 3010 et
887 2958 954 3012 ad
995 2963 1285 3029 quemdam
1333 2965 1634 3034 principem
1684 2965 1966 3022 Dalmatiae
2001 2983 2096 3023 ve-

501 3048 678 3116 niens,
709 3049 778 3104 ab
814 3065 879 3104 eo
923 3064 1205 3124 susceptus
1237 3065 1320 3112 est
1358 3057 1499 3113 intra
1536 3059 1832 3114 civitatem.
1883 3059 1983 3128 Qui
2017 3071 2096 3117 ta-

497 3157 622 3198 men
653 3159 809 3200 versa
845 3146 964 3202 vice
1001 3156 1369 3220 susceptorem
1397 3167 1554 3207 suum
1585 3152 1708 3208 dolo
1748 3153 2004 3221 confecit,
2038 3162 2095 3210 et

497 3236 772 3294 civitatem
812 3256 910 3295 suo
947 3242 1243 3298 dominatui
1272 3243 1519 3314 subjecit.
1565 3245 1633 3300 Et
1657 3261 1968 3317 quanquam
2001 3264 2094 3304 no-

497 3329 626 3383 stris
680 3346 780 3386 nec
823 3348 1059 3404 pugnam
1102 3335 1374 3404 intulerit,
1417 3353 1518 3392 nec
1565 3338 1865 3394 collocutus
1907 3339 2092 3406 fuerit,

499 3425 684 3472 tamen
715 3422 895 3476 missis
921 3423 1112 3495 legatis
1138 3435 1192 3480 et
1226 3443 1440 3482 errasse
1472 3444 1530 3484 se
1558 3430 1716 3495 dixit,
1749 3438 1806 3485 et
1829 3431 1897 3484 ad
1925 3431 2096 3486 domi-

501 3524 632 3562 num
676 3510 1059 3579 imperatorem
1095 3516 1282 3571 venire
1318 3518 1587 3587 promisit.
1641 3519 1959 3574 Nuntiatum
2011 3529 2096 3576 est

499 3602 690 3656 eodem
722 3612 963 3673 tempore
988 3607 1326 3678 imperatori,
1349 3610 1492 3678 quod
1511 3611 1764 3666 custodes
1788 3611 1976 3665 limitis
2007 3609 2097 3665 Hi-

503 3696 712 3766 spanici
741 3697 972 3752 Sicorim
1005 3699 1225 3755 ﬁuvium
1269 3701 1608 3768 transierint,
1644 3702 1916 3773 Hispania:
1956 3703 2093 3758 inte-

501 3788 646 3842 riora
679 3793 1104 3858 penetraverint,
1137 3802 1340 3849 etcum
1381 3810 1574 3865 magna
1614 3794 1799 3865 praeda
1833 3809 2095 3865 prospere

502 3880 784 3948 redierint,
825 3885 1047 3940 vastatis
1082 3885 1424 3957 incensisque
1449 3887 1703 3942 omnibus
1729 3904 1850 3957 quae
1879 3889 2094 3943 obviam

501 3984 560 4023 se
590 3973 958 4040 prmbuerunt.
1012 3974 1121 4031 Nec
1151 3993 1258 4033 non
1305 3988 1356 4032 et
1399 3978 1456 4032 hi
1496 3978 1589 4048 qui
1627 3977 1762 4033 ﬁnes
1804 3978 2094 4032 tuebantur

502 4063 865 4130 Britannicos,
889 4065 1222 4122 Britanniam
1247 4069 1476 4140 ingressi
1503 4076 1790 4124 vastarunt
1817 4070 2093 4140 regionem

499 4161 612 4208 tam
653 4154 800 4210 ferro
847 4173 1010 4226 quam
1064 4159 1204 4229 igne,
1252 4168 1475 4230 propter
1522 4161 1802 4232 cujusdam
1856 4160 2092 4214 Britonis

500 4245 872 4312 rebellionem,
925 4247 1078 4318 cujus
1123 4266 1316 4305 nomen
1369 4251 1752 4306 Wiomarchus
1796 4251 1914 4306 fuit.
1962 4253 2092 4318 Qui-

496 4335 601 4392 bus
648 4340 920 4406 peractis,
973 4355 1230 4410 prospere
1271 4351 1398 4398 sunt
1445 4344 1698 4413 regressi.
1750 4343 1930 4398 Finito
1986 4344 2092 4399 hoc

496 4429 718 4498 placito,
756 4430 1075 4486 Lotharium
1108 4433 1276 4488 ﬁlium
1307 4451 1461 4489 suum
1496 4435 1749 4491 dominus
1795 4435 2092 4505 imperator

498 4522 550 4574 in
593 4521 802 4576 Italiam
835 4523 1003 4590 misit,
1045 4535 1098 4579 et
1136 4541 1257 4580 cum
1303 4543 1368 4582 eo
1407 4525 1619 4582 Walam
1668 4526 1881 4582 afﬁnem
1931 4543 2089 4582 suum

2202 1946 2337 1992 tum.
2390 1937 2461 1992 At
2483 1954 2605 1993 cum
2629 1938 2792 1993 nimis
2815 1941 3120 2010 segniorem
3151 1958 3209 1996 se
3240 1959 3404 2012 quam
3443 1959 3534 1998 res
3559 1954 3813 2013 posceret

2201 2029 2254 2084 in
2288 2029 2432 2100 regia
2458 2030 2927 2087 administratione
2952 2033 3252 2099 exhiberet,
3279 2036 3422 2090 circa
3448 2036 3689 2106 junioris
3715 2038 3813 2092 bo-

2200 2135 2392 2175 norem
2434 2118 2588 2175 favor
2630 2121 2813 2191 populi
2854 2122 3162 2177 declinavit.
3210 2123 3268 2178 In
3303 2142 3412 2196 qua
3452 2127 3809 2182 altercatione

2202 2220 2330 2268 ante
2363 2212 2704 2283 prmsentiam
2734 2214 3076 2285 imperatoris
3103 2217 3403 2283 venientes,
3440 2221 3711 2288 requisita
3736 2230 3812 2274 at-

2201 2319 2307 2373 que
2336 2313 2549 2374 reperta
2575 2305 2850 2360 voluntate
2871 2307 3074 2376 p0puli,
3096 2308 3281 2378 junior
3308 2311 3530 2379 quidem
3560 2312 3810 2382 princeps

2200 2396 2509 2452 declaratur
2541 2417 2552 2451 :
2584 2398 2774 2453 ambos
2806 2406 2989 2453 tamen
3018 2400 3310 2470 imperator
3339 2403 3669 2458 muneribus
3701 2421 3809 2458 am-

2198 2487 2302 2560 plis
2327 2488 2575 2553 donatos,
2599 2497 2655 2543 et
2676 2490 3036 2544 sacramentis
3065 2491 3367 2557 devinctos,
3390 2501 3442 2546 et
3475 2493 3624 2547 inter
3661 2509 3722 2549 se
3760 2503 3812 2549 et

2195 2563 2303 2633 sibi
2343 2579 2549 2634 dimisit
2575 2581 2802 2636 amicos.
2836 2580 3047 2636 Interea
3085 2582 3378 2638 Lotharius
3407 2583 3556 2639 ﬁlius
3597 2585 3809 2639 domini

2202 2673 2565 2742 imperatoris,
2592 2690 2738 2739 cum,
2767 2675 2908 2730 sicut
2939 2691 3101 2745 supra
3135 2677 3339 2732 dictum
3367 2686 3471 2742 est,
3499 2693 3530 2730 a
3561 2687 3724 2748 patre
3757 2677 3808 2730 in

2197 2764 2409 2820 Italiam
2437 2767 2638 2822 missus
2665 2777 2830 2833 esset,
2863 2776 2920 2823 et
2955 2769 3252 2824 secundum
3282 2770 3528 2824 virorum
3563 2771 3656 2840 qui
3685 2787 3810 2825 cum

2199 2871 2264 2912 eo
2298 2859 2451 2913 missi
2489 2869 2644 2914 erant
2679 2861 2966 2915 consilium
2996 2861 3430 2932 opportunitates
3459 2864 3810 2934 negotiorum

2197 2947 2525 3016 ordinasset,
2563 2958 2619 3003 et
2652 2951 2974 3020 quibusdam
3021 2952 3302 3022 perfectis,
3343 2953 3676 3022 quibusdam
3716 2955 3809 3009 ad-

2198 3041 2302 3097 huc
2329 3040 2564 3108 infectis,
2591 3043 2656 3097 de
2686 3045 2912 3114 singulis
2936 3047 3268 3114 respondere
3294 3054 3348 3099 et
3374 3046 3442 3100 ad
3483 3056 3700 3116 patrem
3740 3047 3809 3101 de

2196 3133 2374 3189 reditu
2433 3135 2736 3204 cogitaret:
2771 3143 2959 3206 rogatu
3007 3136 3287 3192 Paschalis
3337 3154 3490 3209 papa:
3539 3138 3806 3207 Romam,

2121 3209 2168 3275 (ἶ
2199 3227 2518 3282 imminente
2547 3237 2737 3282 sancta
2781 3228 3003 3283 Paschae
3039 3229 3400 3295 solemnitate,
3436 3231 3596 3295 adiit,
3639 3241 3808 3303 atque

2199 3316 2268 3371 ab
2291 3316 2482 3372 eodem
2519 3332 2654 3388 papa
2684 3318 2985 3374 clarissima
3020 3321 3317 3376 ambitione
3341 3331 3652 3392 susceptus,
3689 3325 3808 3394 ipso

2199 3419 2392 3465 sancto
2421 3411 2510 3466 die
2537 3412 2679 3483 apud
2714 3413 2928 3468 beatum
2969 3413 3191 3470 Petrum
3229 3416 3478 3472 diadema
3517 3419 3806 3488 imperiale

2199 3518 2322 3557 cum
2364 3503 2583 3558 nomine
2629 3503 2859 3574 Augusti
2898 3507 3156 3576 suscepit.
3207 3506 3337 3562 Post
3378 3509 3496 3564 haec
3539 3525 3666 3565 cum
3710 3509 3807 3565 Pa-

2196 3597 2341 3665 piam
2388 3599 2662 3663 venisset,
2715 3599 3103 3670 aliquantisper
3155 3603 3576 3658 necessitatibus
3629 3617 3802 3659 semet

2197 3690 2638 3762 impedientibus,
2668 3693 2867 3748 ibidem
2894 3705 3137 3750 moratus
3166 3704 3274 3761 est,
3297 3706 3352 3751 et
3381 3697 3461 3752 sic
3488 3696 3558 3752 ad
3589 3709 3802 3769 patrem

2197 3797 2385 3837 mense
2408 3781 2568 3838 Junio
2594 3787 2862 3854 pervenit,
2892 3785 3133 3856 perfecta
3153 3791 3448 3854 ‘nuntians,
3481 3790 3550 3845 de
3579 3791 3804 3846 inchoa-

2198 3876 2267 3929 tis
2315 3875 2678 3946 interrogans.
2728 3877 2809 3931 Ad
2867 3879 3164 3949 supplenda
3215 3891 3396 3936 autem
3443 3897 3567 3951 qua:
3622 3884 3801 3938 minus

2195 3965 2434 4036 perfecta
2466 3975 2642 4033 erant,
2668 3968 2868 4023 missus
2888 3978 2970 4024 est
3000 3970 3343 4027 Adalhardus
3378 3987 3564 4028 eomes
3587 3974 3795 4044 palatii,

2196 4062 2438 4116 adhibito
2485 4062 2588 4116 sibi
2637 4063 2786 4117 socio
2826 4062 3125 4135 Mauringo.
3173 4065 3445 4121 Gundulfo
3475 4083 3642 4136 porro
3687 4067 3796 4120 Me-

2198 4153 2334 4208 tensi
2363 4154 2615 4223 episc0po
2635 4154 2824 4208 eodem
2851 4161 3091 4224 tempore
3114 4155 3387 4222 defuncto,
3413 4157 3592 4212 clerus
3614 4161 3797 4212 omnis

2191 4243 2531 4314 populusque
2579 4243 2822 4313 ejusdem
2869 4245 3124 4300 Ecclesiae
3155 4288 3171 4314 ,
3218 4247 3387 4301 veluti
3442 4263 3542 4302 uno
3587 4249 3788 4317 spiritu

2193 4336 2440 4399 animati,
2480 4335 2783 4405 Drogonem
2830 4337 3175 4406 imperatoris
3222 4337 3448 4394 fratrem
3488 4340 3586 4394 sub
3625 4356 3796 4395 cano-

2194 4427 2315 4482 nico
2351 4427 2539 4482 habitu
2568 4427 2902 4482 nobilissime
2935 4429 3229 4495 viventem,
3262 4431 3364 4485 sibi
3404 4441 3639 4502 poscunt
3674 4433 3788 4487 dari

2194 4520 2570 4584 sacerdotem;
2603 4519 2908 4590 mirumque
2942 4521 2995 4574 in
3027 4522 3247 4576 modum
3289 4531 3399 4577 tam
3444 4523 3792 4593 imperatoris

496 4617 839 4677 monachum,
898 4617 992 4672 sed
1038 4626 1093 4672 et
1147 4619 1466 4674 Geruntium
1521 4619 1873 4692 [Geruncum]
1921 4621 2088 4675 ostia-
2115 4585 2168 4646 D
2194 4628 2354 4682 quam
2381 4627 2667 4684 procerum
2696 4611 2832 4681 ejus,
2865 4614 2959 4668 sed
2988 4623 3043 4668 et
3070 4616 3234 4670 totius
3258 4616 3441 4686 populi
3465 4632 3786 4679 consensus,

495 4707 634 4761 rium
659 4723 673 4762 :
699 4724 931 4778 quorum
961 4710 1186 4765 consilio
1216 4728 1303 4765 res
1331 4712 1498 4766 Italici
1530 4713 1682 4783 regni
1713 4721 2086 4782 componeret,

495 4799 760 4870 erigeret,
822 4809 1095 4869 tueretur,
1145 4811 1256 4857 tam
1308 4803 1549 4872 publicas
1601 4819 1764 4874 quam
1822 4804 2084 4873 privatas.

500 4889 786 4960 Pippinum
818 4904 998 4949 autem
1025 4895 1194 4950 ﬁlium
1227 4912 1352 4951 cum
1395 4897 1449 4951 in
1482 4897 1828 4966 Aquitaniam
1871 4899 2089 4955 mittere

497 4983 797 5050 statuisset,
821 4986 973 5054 prius
995 4985 1068 5040 illi
1089 4986 1370 5058 conjugem
1400 4986 1562 5040 ﬁliam
1589 4987 1899 5044 'I‘heotberti
1918 4989 2089 5044 comi-

437 5096 454 5109 ο
496 5073 568 5126 tis
587 5071 766 5139 junxit
792 5095 804 5128 :
827 5085 882 5130 et
919 5078 998 5132 sic
1034 5079 1251 5133 demum
1297 5079 1363 5133 ad
1399 5089 1723 5134 memoratas
1761 5091 1944 5150 partes
1990 5099 2081 5137 re-

498 5164 702 5235 gendas
757 5167 973 5224 direxit.
1042 5171 1249 5238 Quibus
1303 5171 1617 5242 dispositis,
1665 5171 1821 5240 juxta
1874 5190 2085 5231 morem

500 5254 834 5311 Francorum
873 5275 1061 5331 regum
1104 5263 1414 5318 autumnale
1460 5273 1670 5334 tempus
1705 5266 2086 5321 venationibus

498 5347 802 5416 insumpsit,
831 5349 1212 5424 hiemandique
1232 5355 1405 5424 gratia
1432 5364 1580 5410 trans
1611 5355 1880 5422 Rhenum,
1907 5355 2086 5412 locum

499 5437 655 5508 cujus
699 5440 1020 5496 vocabulum
1050 5453 1135 5498 est
1173 5444 1600 5511 Franconoford,
1639 5446 1847 5516 petivit.
1897 5446 2084 5516 Ibique

443 5577 462 5590 ,
499 5536 826 5582 conventum
872 5529 1034 5598 jussit
1086 5531 1200 5588 ﬁeri
1249 5536 1748 5606 circumjacentium
1802 5537 2084 5592 nationum

499 5618 674 5694 (825),
702 5624 944 5678 omnium
980 5626 1185 5682 scilicet
1214 5630 1304 5699 qui
1342 5639 1491 5684 trans
1521 5631 1693 5686 Rheni
1726 5632 2086 5689 consistentes

499 5709 700 5768 ﬂuenta
725 5715 912 5771 ditioni
948 5716 1282 5775 Francorum
1310 5722 1587 5777 obediunt.
1637 5721 1772 5779 Cum
1796 5724 1992 5795 quibus
2016 5726 2084 5781 de

505 5808 752 5866 omnibus
786 5827 904 5880 qua:
934 5813 1157 5869 utilitati
1200 5815 1504 5872 conducere
1539 5817 1651 5872 visa
1694 5825 1838 5885 sunt,
1871 5827 2084 5889 pertra-

2194 4704 2349 4772 quasi
2372 4706 2607 4774 quodam
2635 4705 2858 4774 coagulo
2885 4705 2938 4759 in
2965 4723 3131 4760 unum
3155 4705 3478 4775 conjuravit,
3515 4716 3574 4761 ut
3600 4724 3790 4763 omnes

2193 4796 2248 4851 id
2292 4795 2450 4863 velle,
2502 4795 2680 4850 nullus
2729 4797 2870 4851 nolle
2918 4798 3266 4867 reperiretur.
3323 4799 3446 4853 Ideo
3492 4799 3786 4870 imperator

2195 4906 2320 4946 cum
2348 4905 2560 4944 summo
2584 4890 2779 4960 gaudio
2805 4891 3050 4961 petitioni
3075 4891 3334 4947 Ecclesia:
3360 4895 3572 4956 annuit,
3600 4897 3789 4964 eisque

2193 4996 2354 5050 quem
2375 4983 2635 5051 petebant
2659 4981 2971 5052 pontiﬁcem
2999 4983 3164 5038 dedit.
3215 4983 3274 5038 In
3302 4985 3490 5040 eodem
3514 4997 3786 5041 conventu

2192 5087 2342 5126 mors
2368 5073 2648 5126 nuntiatur
2672 5072 2938 5128 Liudeviti
2965 5075 3203 5145 tyranni,
3231 5091 3263 5128 a
3284 5078 3519 5145 quodam
3548 5077 3674 5133 dolo
3704 5080 3787 5133 in—

2189 5162 2422 5218 terfecti.
2451 5162 2746 5232 Imperator
2768 5163 2872 5218 hoc
2896 5164 3153 5235 placitum
3176 5166 3360 5232 solvit,
3386 5175 3441 5222 et
3465 5167 3635 5223 alium
3656 5185 3782 5223 con-

2188 5264 2409 5312 ventum
2431 5253 2763 5325 Compendio
2791 5262 3034 5326 tempore
3061 5257 3362 5313 autumnali
3389 5259 3602 5314 indixit.
3667 5259 3781 5314 Sub

2187 5352 2292 5408 hoc
2326 5353 2489 5407 etiam
2525 5361 2769 5422 tempore
2801 5350 3066 5422 perlatum
3104 5360 3188 5407 est
3221 5353 3556 5422 imperatori,
3603 5353 3780 5409 Theo-

2187 5445 2380 5500 dorum
2399 5443 2769 5515 primicerium
2792 5452 2990 5498 sanctae
3012 5443 3269 5500 Ecclesia:
3290 5445 3548 5501 Romana:
3569 5458 3626 5501 et
3646 5447 3784 5502 Leo-

2187 5553 2312 5594 nem
2341 5537 2799 5594 nomenclatorem
2849 5538 3138 5593 luminibus
3174 5539 3438 5609 privatos,
3479 5555 3545 5594 ac
3585 5539 3780 5594 deinde

2140 5677 2145 5680 _
2188 5630 2482 5686 decollatos
2512 5631 2565 5684 in
2610 5633 2768 5685 domo
2807 5629 3100 5700 episcopali
3142 5631 3519 5685 Lateranensi.
3570 5630 3777 5685 Invidia

2185 5739 2350 5794 porro
2386 5707 2822 5779 interfectoribus
2852 5725 3250 5790 innascebatur,
3290 5740 3357 5780 eo
3386 5725 3530 5794 quod
3565 5724 3773 5780 dicere-

2188 5828 2277 5876 tur
2299 5821 2370 5878 ob
2398 5818 2710 5877 ﬁdelitatem
2736 5819 2978 5880 Lotharii
3004 5835 3099 5879 eos
3126 5823 3221 5894 qui
3244 5822 3514 5881 interfecti
3540 5832 3668 5880 sunt
3693 5832 3774 5879 ta-
