4056 6350
271 339 379 398 953

1804 333 1981 391 VITA.

3439 345 3547 403 954

269 461 342 516 lia
373 455 540 510 fuisse
567 467 874 524 perpessos.
927 452 987 508 In
1013 468 1119 524 qua
1152 466 1213 506 re
1248 451 1392 506 fama
1414 451 1684 523 pontiﬁcis
1719 467 1850 521 quo-
1876 451 1932 511 Α
1952 457 2009 504 et
2035 450 2366 506 haberentur
2395 470 2407 506 :
2439 466 2607 522 quare
2659 453 2822 508 etiam
2870 463 3034 512 tanta:
3084 460 3318 530 querelae
3347 464 3543 521 adver-

269 569 377 625 que
399 550 710 613 lmdebatur,
740 548 868 602 dum
897 547 1013 616 ejus
1040 546 1326 601 consensui
1353 554 1525 600 totum
1555 545 1859 600 ascribere-

266 655 378 702 tur.
425 641 727 711 Imperator
761 646 942 693 autem
970 638 1096 693 dum
1125 638 1191 691 ad
1220 639 1361 692 hanc
1388 652 1502 690 rem
1533 635 1857 691 enucleatis-

267 742 406 796 sime
429 735 878 806 investigandam,
903 733 1242 805 Adalungum
1268 733 1520 787 abbatem
1543 730 1856 786 monasterii

265 829 443 886 sancti
471 825 714 892 Vedasti,
746 833 800 880 et
828 823 1149 880 Hunfridum
1177 823 1430 878 comitem
1451 823 1667 877 mittere
1697 837 1857 877 cura-

263 928 371 986 ret,
420 917 699 974 Paschalis
741 930 893 986 papae
930 915 1081 970 missi
1120 921 1576 985 supervenerunt,
1622 911 1856 968 Joannes

262 1015 556 1084 episcopus
587 1010 748 1065 Silvae
780 1008 1048 1074 Candidze,
1079 1017 1134 1063 et
1168 1007 1490 1062 Benedictus
1521 1006 1857 1062 archidiaco-

260 1124 370 1164 nus
392 1115 596 1162 sanctte
625 1103 880 1160 Ecclesiae
916 1103 1195 1167 Romanae,
1230 1100 1559 1157 accusationi
1581 1113 1856 1170 Opponen-

261 1209 350 1255 tes
383 1197 810 1262 excusationem,
847 1203 902 1250 et
927 1210 1088 1264 super
1115 1195 1213 1248 ista
1239 1193 1554 1263 imperatori
1578 1190 1856 1247 examina-

259 1290 468 1344 tionem
501 1285 814 1340 oll'erentes.
855 1285 1059 1352 Quibus
1089 1284 1306 1348 auditis,
1350 1291 1404 1338 et
1449 1299 1572 1338 cum
1616 1296 1856 1354 congruo

260 1393 526 1448 responso
553 1376 818 1441 remissis,
854 1377 1052 1430 missos
1081 1375 1398 1440 destinatos,
1429 1382 1489 1428 ut
1505 1374 1716 1443 jussum
1748 1373 1857 1429 fue-

258 1481 369 1537 rat,
391 1471 617 1525 Romam
639 1470 720 1524 ire
741 1469 1012 1539 praecepit,
1043 1469 1462 1540 investigaturos
1485 1469 1550 1523 de
1570 1469 1747 1523 dubiis
1765 1483 1854 1523 ve-

257 1564 500 1618 ritatem.
547 1561 666 1632 Ipse
697 1569 898 1625 autem,
929 1569 1090 1630 prout
1109 1560 1284 1615 visum
1319 1568 1422 1625 est,
1453 1560 1677 1631 singulis
1698 1559 1754 1614 in
1782 1560 1856 1614 lo-

258 1655 346 1710 cis
390 1661 654 1718 moratus,
705 1654 1002 1709 constituto
1051 1662 1312 1723 tempore,
1369 1654 1423 1709 id
1471 1662 1553 1709 est
1601 1654 1854 1709 Kalendis

257 1745 555 1801 Novembr.
588 1745 656 1799 ad
691 1743 1081 1814 Compendium
1113 1745 1276 1800 venit.
1315 1746 1371 1800 In
1407 1761 1514 1815 quo
1541 1746 1739 1815 placito
1776 1745 1854 1800 le-

1957 557 2050 598 sus
2075 543 2440 599 Romanorum
2467 545 2750 616 pontiﬁces
2786 546 3105 620 judicesque
3132 566 3411 624 sonarent,
3452 574 3541 616 re-

1957 644 2169 704 pertum
2194 645 2277 690 est
2312 637 2455 705 quod
2483 639 2841 706 quorumdam
2883 641 3202 710 pontiﬁcum
3251 649 3334 702 vel
3387 651 3540 722 igno-

1957 729 2132 782 rantia
2155 729 2239 783 vel
2265 730 2492 796 desidia,
2516 732 2610 785 sed
2633 740 2686 787 et
2709 731 2955 800 judieum
2983 751 3125 791 caeca
3148 747 3202 793 et
3226 741 3536 812 inexplebili

1957 819 2269 887 cupiditate,
2325 821 2618 876 multorum
2657 824 2852 891 prtedia
2908 823 3108 893 injuste
3137 827 3336 886 fuerint
3365 835 3537 889 conﬁ-

1957 916 2124 964 scata.
2156 909 2389 979 Ideoque
2422 913 2695 968 reddendo
2723 930 2842 983 quae
2874 915 3070 985 injuste
3099 928 3256 974 erant
3305 924 3538 994 sublata,

1957 999 2247 1056 Lotharius
2275 1018 2526 1073 magnam
2554 1005 2752 1074 populo
2776 1006 3020 1062 Romano
3041 1011 3250 1065 creavit
3273 1011 3539 1070 lmtitiam.

1959 1091 2234 1148 Statutum
2271 1101 2356 1149 est
2383 1095 2548 1148 etiam
2571 1094 2727 1163 juxta
2764 1099 3048 1169 antiquum
3101 1118 3333 1168 morem,
3374 1113 3431 1158 ut
3472 1122 3540 1161 ex

1957 1184 2127 1241 latere
2197 1187 2540 1257 imperatoris
2615 1190 3000 1259 mitterentur,
3057 1196 3150 1265 qui
3196 1195 3542 1265 judiciariam

1958 1289 2274 1333 exercentes
2302 1287 2645 1349 potestatem,
2665 1280 2933 1350 justitiam
2979 1288 3126 1341 omni
3158 1291 3352 1359 populo
3398 1291 3544 1348 face-

1957 1379 2096 1436 rent,
2133 1379 2188 1426 et
2221 1381 2461 1442 tempore
2489 1389 2596 1444 quo
2631 1374 2808 1429 visum
2857 1376 2998 1433 foret
3045 1379 3357 1450 imperatori
3386 1400 3542 1453 aequa

1957 1462 2112 1517 lance
2146 1463 2463 1533 penderent.
2495 1463 2625 1530 Quae
2645 1480 2767 1520 cum
2805 1468 3022 1523 rediens
3051 1468 3194 1524 ﬁlius
3214 1473 3354 1541 patri
3395 1482 3543 1528 retu-

1958 1555 2128 1620 lisset,
2166 1564 2420 1624 tanquam
2444 1563 2654 1610 amator
2675 1558 2969 1627 aequitatis,
2999 1569 3053 1614 et
3079 1561 3257 1616 cultor
3275 1565 3540 1634 veritatis,

1957 1660 2153 1716 magno
2175 1646 2369 1717 gaudio
2395 1645 2644 1716 perfusus
2664 1657 2769 1716 est,
2801 1663 2866 1708 eo
2893 1651 3036 1722 quod
3061 1655 3334 1724 Oppressis
3360 1657 3543 1727 inique

1958 1741 2215 1796 relevatio
2236 1740 2453 1810 pietatis
2480 1743 2800 1798 occurrerit.

259 1839 376 1908 gati
415 1838 642 1892 Romam
677 1837 828 1890 missi
870 1837 1166 1900 redierunt,
1215 1837 1526 1892 nuntiantes
1572 1835 1714 1906 quod
1759 1817 1930 1891 Pa—B
2029 1832 2294 1903 Tempore
2349 1835 2701 1903 subsequenti
2761 1835 3012 1892 dominus
3068 1839 3364 1908 imperator
3413 1856 3544 1896 con-

257 1929 463 1985 schalis
491 1944 627 1999 papa
656 1929 724 1983 ab
754 1928 1161 1983 interfectorum
1189 1944 1322 1984 nece
1359 1945 1418 1984 se
1453 1945 1574 1984 cum
1605 1929 1854 1998 plurimis

256 2021 641 2091 episc0porum
693 2028 1035 2074 sacramento
1080 2021 1431 2090 purgaverit,
1478 2020 1855 2076 interfectores

257 2119 444 2164 autem
475 2124 815 2179 nequaquam
844 2109 1101 2165 exhibere
1136 2111 1373 2179 potuerit
1402 2129 1415 2165 :
1440 2111 1534 2166 sed
1565 2120 1620 2166 et
1643 2127 1737 2166 eos
1762 2112 1854 2181 qui

255 2202 534 2258 interfecti
569 2211 716 2268 sunt,
756 2203 964 2258 meritis
1011 2204 1352 2274 exigentibus
1401 2205 1527 2259 talia
1570 2221 1853 2276 perpessos

253 2296 672 2352 asseveraverit.
707 2296 988 2366 Simulque
1015 2312 1198 2352 secum
1225 2299 1628 2368 praesentabant
1660 2301 1852 2356 missos

255 2393 328 2446 ab
364 2391 659 2462 apostolico
691 2392 949 2456 directos,
983 2391 1180 2447 similia
1219 2391 1573 2462 perferentes.
1623 2391 1852 2446 Nomina

255 2483 561 2555 legatorum
595 2491 741 2546 sunt,
781 2481 1018 2537 Joannes
1054 2483 1340 2552 episcopus
1384 2481 1544 2536 Silva:
1573 2481 1848 2550 Candidze,

255 2573 484 2644 Sergius
527 2573 1004 2639 bibliothecarius,
1057 2573 1314 2646 Quirinus
1351 2575 1746 2639 subdiaconus,
1799 2583 1854 2629 et

252 2662 369 2720 Leo
414 2665 677 2734 magister
715 2665 966 2719 militum.
1018 2651 1317 2734 Imperator
1357 2681 1487 2734 ergo
1525 2672 1719 2718 natura
1750 2665 1852 2718 mi~

254 2756 747 2823 sericordissimus,
794 2756 1099 2812 occisorum
1144 2757 1438 2812 vindictam
1487 2757 1630 2812 ultro
1666 2774 1852 2828 perse-

253 2852 352 2922 qui
381 2867 488 2907 non
519 2853 723 2917 valens,
754 2867 1063 2922 quanquam
1087 2852 1318 2906 multum
1350 2852 1558 2917 volens,
1586 2853 1653 2906 ab
1679 2852 1850 2921 inqui-

254 2948 454 3002 sitione
479 2946 849 3016 hujuscemodi
881 2947 1199 3001 cessandum
1240 2947 1570 3000 existimavit
1595 2965 1608 2999 :
1633 2955 1690 3001 et
1723 2963 1849 3002 eum

254 3043 538 3112 responsis
563 3042 816 3112 congruis
845 3041 1040 3095 missos
1061 3041 1336 3096 Romanos
1364 3039 1610 3094 absolvit.
1644 3039 1846 3094 Eodem

254 3144 502 3205 tempore
529 3135 776 3204 quaedam
822 3134 1131 3204 prodigiosa
1179 3133 1330 3203 signa
1377 3132 1689 3201 apparentia
1731 3133 1848 3186 ani-

253 3244 404 3283 mum
451 3227 796 3298 imperatoris
833 3226 1216 3290 sollicitabant,
1257 3226 1526 3295 przecipue
1565 3234 1846 3278 terrtemo-

253 3329 345 3377 tus
399 3321 584 3392 palatii
623 3321 923 3390 Aquensis,
975 3327 1032 3375 et
1072 3320 1282 3374 sonitus
1323 3318 1547 3372 inauditi
1583 3326 1849 3372 nocturno

254 3424 522 3483 tempore,
551 3422 606 3468 et
631 3413 826 3483 puella:
852 3411 1128 3480 cujusdam
1155 3411 1362 3481 jejunia
1390 3409 1671 3466 duodecim
1699 3425 1850 3465 men-

251 3507 408 3562 sibus
430 3507 576 3560 omni
605 3507 724 3560 cibo
751 3505 968 3575 penitus
996 3505 1343 3570 abstinentis,
1373 3505 1564 3560 crebra
1595 3510 1650 3558 et
1682 3503 1849 3558 inusi-

252 3604 364 3650 tata
399 3594 632 3666 fulgura,
665 3595 903 3665 lapidum
933 3610 1054 3650 eum
1099 3596 1362 3666 grandine
1389 3611 1566 3660 casus,
1591 3596 1849 3666 pestilen-

255 3687 333 3742 tia
381 3688 662 3742 hominum
711 3695 766 3743 et
813 3688 1148 3744 animalium.
1199 3689 1428 3760 Propter
1472 3706 1591 3760 quae
1639 3691 1850 3762 singula

251 3781 534 3850 piissimus
559 3781 852 3850 imperator
877 3783 1074 3837 crebro
1100 3781 1216 3837 ﬁeri
1246 3783 1477 3853 jejunia,
1513 3783 1849 3838 orationum-

252 3887 363 3942 que
403 3873 679 3938 instantia,
730 3881 892 3942 atque
936 3872 1406 3944 eleemosynarum
1452 3873 1844 3943 largitionibus,

253 3965 610 4020 Divinitatem
649 3980 748 4034 per
792 3963 1135 4019 sacerdotum
1172 3963 1405 4018 ofﬁcium
1446 3963 1697 4017 monebat
1738 3962 1851 4031 pla-

254 4055 491 4112 candam
523 4073 535 4108 :
570 4054 875 4110 certissime
912 4054 1117 4118 dicens,
1158 4069 1255 4123 per
1292 4054 1407 4108 haec
1445 4052 1691 4122 portendi
1733 4068 1849 4105 ma-

253 4163 423 4220 gnam
460 4147 696 4202 humano
733 4146 916 4216 generi
966 4144 1202 4200 futuram
1243 4146 1470 4200 cladem.
1521 4144 1639 4211 Quo
1681 4145 1846 4200 etiam

254 4254 426 4303 anno,
457 4254 644 4294 mense
668 4236 850 4302 Iunio,
881 4245 1044 4291 natus
1069 4236 1119 4292 ei
1157 4243 1241 4291 est
1272 4236 1415 4291 ﬁlius
1443 4250 1509 4291 ex
1543 4235 1728 4290 Judith
1768 4252 1848 4291 re-

253 4329 384 4400 gina
413 4347 427 4384 :
459 4345 622 4399 quem
646 4338 886 4399 tempore
911 4328 1165 4399 baptismi
1192 4327 1443 4383 Carolum
1470 4329 1710 4384 vocitare
1733 4329 1848 4398 pla-

255 4421 392 4476 cuit.
441 4420 644 4476 Eodem
682 4437 826 4476 anno
861 4421 1025 4476 Eblus
1064 4430 1228 4491 atque
1264 4421 1560 4476 Asenarius
1597 4422 1842 4486 comites,

1955 1933 2177 1978 ventum
2205 1941 2236 1979 a
2270 1927 2467 1996 populo
2509 1943 2606 1983 suo
2628 1928 2890 1983 celebrari
2928 1929 3094 1998 jussit
3122 1940 3362 2002 tempore
3420 1935 3542 1990 Maii

1956 2019 2160 2072 mensis
2212 2018 2542 2090 Aquisgrani
2595 2019 2767 2089 (825).
2815 2020 2931 2088 Quo
2969 2025 3286 2080 consistenti
3342 2026 3541 2096 legatio

1955 2109 2269 2180 Bulgarum,
2293 2112 2383 2180 qui
2411 2113 2500 2165 diu
2524 2113 2578 2166 in
2602 2113 2872 2183 Bajoaria,
2899 2117 3191 2170 secundum
3217 2128 3544 2187 praeceptum

1955 2201 2091 2270 ejus,
2143 2203 2521 2269 substiterant,
2561 2205 2612 2259 ei
2665 2206 2898 2260 adducta
2951 2216 3034 2262 est
3069 2208 3357 2263 audienda.
3411 2210 3542 2278 Quae

1957 2296 2191 2350 maxime
2225 2306 2346 2362 post
2372 2297 2523 2366 pacis
2567 2298 3010 2354 constitutionem
3053 2301 3121 2354 de
3149 2302 3397 2356 terminis
3441 2303 3543 2358 fuit

1954 2394 2228 2439 terrarum
2267 2387 2408 2440 inter
2451 2386 2709 2457 Bulgaros
2758 2389 3108 2460 Francosque
3156 2394 3542 2448 custodiendis.

1953 2475 2260 2531 Adfuerunt
2287 2477 2450 2531 etiam
2477 2477 2760 2532 Britouum
2780 2481 3051 2549 primores
3079 2497 3187 2536 non
3218 2484 3399 2552 pauci,
3423 2483 3549 2540 sub-

1947 2569 2239 2638 jectionem
2269 2570 2744 2640 obedientiamque
2774 2572 2956 2627 multis
3001 2574 3180 2628 verbis
3208 2591 3545 2644 prosequen-

1954 2670 2037 2716 tes
2067 2675 2080 2713 :
2115 2660 2256 2715 inter
2285 2676 2419 2729 quos
2456 2669 2510 2715 et
2546 2660 2963 2717 Winemarehus
3011 2664 3212 2736 [Supra
3266 2666 3544 2720 Wiomar—

1954 2751 2132 2822 chus],
2182 2753 2273 2821 qui
2305 2753 2520 2808 caeteris
2554 2753 2880 2808 auctoritate
2921 2764 3183 2824 praestare
3233 2757 3538 2823 videbatur,

1952 2842 2156 2912 quique
2185 2842 2375 2896 insana
2407 2842 2715 2898 temeritate
2741 2851 2905 2912 atque
2928 2845 3264 2900 stultissimis
3292 2848 3440 2902 ausis
3485 2849 3539 2903 in

1953 2940 2164 2986 tantum
2194 2941 2556 3002 processerat,
2592 2941 2652 2987 ut
2689 2934 2854 2988 etiam
2890 2935 3271 3005 imperatorem
3325 2945 3547 3008 propter

1952 3042 2105 3082 suam
2139 3026 2477 3080 insolentiam
2499 3027 2983 3096 comprimendam,
3027 3027 3094 3081 ad
3147 3028 3545 3098 expeditionem

1954 3120 2009 3173 in
2043 3119 2162 3172 illas
2186 3127 2369 3188 partes
2395 3117 2700 3173 faciendam
2729 3120 3123 3190 provocaverit.
3154 3119 3205 3174 Is
3239 3136 3369 3190 ergo
3420 3136 3544 3176 cum

1957 3213 2165 3267 diceret
2192 3212 2456 3280 poenitere
2477 3227 2536 3264 se
2566 3209 2697 3264 facti
2719 3211 2824 3275 sui,
2849 3221 2903 3265 et
2927 3213 3290 3280 imperatoriae
3317 3212 3439 3266 ﬁdei
3486 3227 3547 3268 se

1953 3302 2338 3366 commisisset,
2363 3303 2429 3356 ab
2452 3316 2517 3355 eo
2539 3301 2696 3370 juxta
2722 3317 2929 3356 morem
2959 3318 3136 3368 suum,
3169 3318 3273 3372 qua
3306 3303 3544 3357 clemen-

1951 3397 2026 3452 tia
2054 3411 2269 3466 semper
2299 3396 2376 3449 uti
2415 3395 2714 3459 consuevit,
2760 3395 3189 3450 misericorditer
3239 3404 3544 3465 susceptus,

1950 3502 2155 3548 etcum
2198 3491 2408 3546 caeteris
2455 3492 2666 3547 civibus
2716 3493 3033 3547 muneribus
3081 3493 3334 3558 donatus,
3382 3501 3548 3562 atque
3641 3553 3646 3556 _

1951 3588 2019 3642 ad
2045 3587 2286 3642 nativum
2317 3586 2488 3640 solum
2519 3594 2602 3640 est
2629 3586 2930 3656 permissus
2968 3584 3166 3640 redire.
3217 3584 3540 3653 Quietamen

1951 3690 2139 3750 postea
2172 3686 2443 3734 consuetae
2477 3677 2718 3747 perﬁdiae
2739 3693 2850 3732 non
2879 3677 3190 3740 immemor,
3230 3675 3358 3729 dum
3409 3691 3544 3728 cun-

1951 3780 2162 3827 ctorum
2219 3786 2338 3840 quae
2396 3770 2723 3837 promiserat
2770 3776 2826 3821 et
2873 3783 2994 3836 qua:
3035 3751 3543 3835 expertus‘fuerat,

1951 3863 2218 3916 bonorum
2247 3859 2478 3924 ,ohlitus,
2532 3857 2743 3911 vicinos
2771 3873 2898 3911 suos
2950 3855 3154 3910 domini
3194 3855 3544 3924 imperatoris

1951 3951 2140 4005 ﬁdeles
2169 3950 2453 4003 incursare
2482 3956 2645 4017 atque
2670 3947 2903 4002 assiduis
2934 3947 3090 4001 malis
3127 3947 3397 4003 lacessere
3431 3965 3540 4004 non

1951 4043 2286 4107 obmitteret,
2321 4041 2388 4096 ad
2415 4042 2467 4096 id
2501 4041 2768 4110 pervenit,
2798 4048 2858 4094 ut
2883 4055 3177 4112 oppressus
3204 4023 3234 4095 ἐι
3260 4040 3545 4097 Lantberti

1951 4132 2277 4195 hominibus,
2313 4131 2367 4186 in
2396 4132 2616 4204 propria
2647 4133 2806 4187 domo
2841 4149 2964 4187 cum
3007 4133 3250 4188 omnium
3278 4133 3546 4190 malorum

1950 4226 2058 4284 ﬁne
2101 4226 2392 4280 terminum
2439 4227 2563 4279 vitze
2593 4225 2900 4280 sortiretur.
2948 4223 3196 4280 Dimissis
3223 4241 3378 4298 ergo
3433 4234 3544 4281 tam

1950 4321 2306 4391 Bulgarorum
2337 4319 2519 4374 missis
2546 4334 2709 4389 quam
2735 4317 3031 4384 Britannis,
3070 4318 3366 4389 imperator
3387 4334 3545 4374 exer-

1948 4413 2078 4468 citio
2134 4411 2364 4466 venandi
2404 4425 2462 4465 se
2490 4410 2760 4465 commisit
2810 4407 3006 4480 Vosagi
3034 4410 3260 4466 secretis
3300 4430 3312 4465 :
3345 4411 3541 4466 iterum

255 4523 413 4569 trans
438 4513 685 4584 Pyrenaei
709 4515 909 4569 montis
931 4514 1268 4569 altitudinem
1286 4514 1421 4582 jussi
1452 4523 1577 4570 sunt
1607 4515 1704 4568 ire.
1741 4515 1843 4582 Qui
1870 4536 1922 4597 D
1951 4505 2004 4597 id
2065 4504 2330 4597 agendum
2383 4504 2630 4568 credens,
2685 4518 2856 4573 “sQue
2910 4519 3018 4573 quo
3069 4519 3256 4559 mense
3299 4504 3544 4575 Augusto

254 4621 384 4662 cum
405 4605 617 4677 magnis
639 4606 810 4676 copiis
845 4621 1018 4676 usque
1054 4607 1122 4660 ad
1157 4605 1526 4675 Pampilonam
1566 4605 1755 4670 issent,
1793 4614 1848 4661 et

257 4699 387 4754 inde
440 4699 658 4770 negotio
708 4707 928 4769 peracto
967 4698 1234 4762 redirent,
1282 4699 1498 4753 solitam
1542 4699 1645 4754 loci
1683 4700 1848 4768 perﬁ-

255 4792 405 4847 diam
456 4792 930 4862 habitatorumque
981 4791 1268 4863 genuinam
1331 4790 1576 4846 fraudem
1638 4792 1848 4862 experti

255 4892 408 4937 sunt.
463 4882 828 4939 Circumventi
861 4885 1004 4940 enim
1029 4883 1098 4938 ab
1128 4883 1319 4939 incolis
1351 4883 1493 4937 illius
1521 4884 1646 4950 loci,
1674 4886 1850 4940 enmi-

255 4976 364 5030 bus
400 4977 618 5031 amissis
649 4976 838 5046 copiis,
877 4977 930 5030 in
963 4976 1309 5031 inimicorum
1335 4991 1526 5030 manus
1557 4977 1845 5034 devenere.

258 5067 370 5134 Qui
400 5068 590 5124 Eblum
613 5070 830 5139 quidem
853 5068 1155 5124 Cordubam
1184 5068 1294 5137 regi
1329 5066 1724 5122 Saracenorum
1756 5070 1852 5124 mi-

259 5169 490 5227 serunt;
543 5161 806 5216 Asenario
851 5176 978 5215 vero
1019 5167 1278 5229 tanquam
1321 5159 1416 5229 qui
1457 5173 1549 5214 eos
1593 5158 1851 5216 afﬁnitate

255 5253 543 5324 sanguinis
565 5259 831 5321 tangeret,
857 5266 1168 5320 pepercere.

332 5343 543 5398 Interea
572 5358 698 5398 cum
731 5341 1040 5406 Lotharius,
1068 5349 1130 5395 ut
1149 5340 1467 5410 prtedictum
1502 5350 1610 5405 est,
1639 5355 1668 5394 a
1695 5349 1853 5411 patre

261 5435 466 5490 missus
517 5433 747 5490 Romam
797 5433 1055 5498 venisset,
1106 5432 1463 5487 libentissime
1495 5433 1564 5487 ab
1610 5433 1853 5503 Eugenio

261 5546 404 5602 papa
443 5537 726 5598 susceptus
775 5537 859 5584 est
900 5526 1070 5600 (824).
1102 5525 1347 5595 Cumque
1369 5526 1435 5581 de
1482 5527 1568 5582 his
1596 5543 1717 5596 qua:
1763 5542 1854 5581 ac-

263 5635 551 5682 cesserant
576 5633 916 5695 quereretur,
941 5639 1111 5693 quare
1138 5622 1348 5677 scilicet
1394 5621 1452 5676 hi
1481 5621 1573 5691 qui
1621 5621 1853 5692 impera-

264 5718 376 5772 tori
413 5726 468 5772 et
496 5716 721 5772 Francis
749 5716 932 5771 fideles
963 5716 1177 5770 fuerant
1205 5715 1391 5784 iniqua
1419 5729 1553 5768 nece
1588 5713 1855 5784 perempti

265 5810 492 5880 fuerint,
514 5821 572 5870 et
588 5812 682 5884 qui
706 5809 1111 5883 superviverent
1132 5809 1382 5886 ludibrio
1401 5807 1625 5880 reliquis
1675 5805 1863 5896 forent

1941 4596 2098 4666 juxta
2138 4596 2446 4651 condictum
2493 4597 2804 4668 generalem
2836 4597 3048 4667 populis
3068 4597 3409 4668 Aquasgrani
3460 4613 3545 4653 re-

1949 4706 2139 4745 versus
2174 4699 2276 4745 est.
2329 4690 2447 4757 Quo
2493 4699 2733 4759 tempore
2766 4705 2952 4759 pacem
2991 4704 3110 4758 quae
3137 4705 3167 4743 a
3194 4689 3546 4746 Nortmannis

1948 4783 2258 4855 petebatur,
2281 4799 2466 4838 mense
2487 4780 2708 4837 Octobri
2721 4780 2886 4849 jussit
2909 4780 3250 4847 conﬁrmari;
3280 4781 3546 4853 factisque

1950 4875 2202 4930 omnibus
2253 4889 2373 4944 qua:
2401 4875 2456 4928 in
2509 4874 2700 4928 eodem
2729 4872 2931 4942 placito
2984 4879 3040 4926 et
3091 4872 3278 4942 peragi
3309 4880 3365 4928 et
3414 4873 3544 4928 deﬁ-

1950 4970 2055 5023 niri
2079 4969 2195 5024 visa
2223 4977 2372 5033 sunt,
2397 4968 2511 5035 ipse
2540 4967 2756 5036 quidem
2784 4981 2907 5020 eum
2929 4964 3040 5019 ﬁlio
3062 4963 3322 5019 Lothario
3343 4964 3541 5020 Novio-

1951 5076 2170 5130 magum
2225 5060 2518 5123 concessit,
2558 5059 2770 5112 minore
2823 5055 3096 5110 Ludovico
3151 5057 3206 5111 in
3238 5056 3540 5125 Bajoariam

1952 5153 2177 5207 dimisso
2211 5170 2224 5204 :
2275 5150 2532 5221 factaque
2561 5149 2807 5204 autumni
2842 5147 3104 5217 temporis
3152 5149 3438 5203 venatione
3487 5149 3540 5202 in

1951 5248 2204 5317 Aquense
2233 5245 2494 5317 palatium
2546 5243 2724 5298 rediit.
2780 5241 2863 5296 Ah
2909 5243 3014 5298 hoc
3044 5251 3314 5297 conventu
3360 5257 3542 5313 regre-

1953 5340 2224 5396 dientibus
2271 5337 2626 5408 Bulgarorum
2675 5336 2875 5401 missis,
2908 5335 3226 5405 litterasque
3252 5335 3544 5405 imperato-

1953 5431 2030 5486 ris
2055 5427 2445 5492 deferentibus,
2477 5441 2572 5481 rex
2593 5441 2781 5481 eorum
2811 5426 2989 5480 minus
3018 5434 3169 5495 grate
3190 5442 3310 5496 quae
3338 5426 3542 5495 scripta

1955 5531 2080 5580 sunt
2106 5521 2250 5586 tulit,
2280 5535 2346 5574 eo
2368 5519 2512 5588 quod
2542 5519 2710 5588 petita
2746 5533 2855 5573 non
2879 5518 3200 5588 impetrarit.
3228 5517 3363 5572 Cum
3401 5533 3537 5586 qua-

1955 5617 2079 5672 dam
2115 5628 2245 5684 ergo
2271 5611 2703 5668 stomachatione
2745 5611 2994 5676 eumdem
3051 5610 3299 5664 nuntium
3329 5607 3540 5660 'remit-

1954 5716 2096 5773 tens,
2128 5705 2409 5761 mandavit
2463 5713 2522 5759 ut
2560 5711 2652 5757 aut
2701 5703 3003 5758 communis
3043 5702 3232 5756 ﬁnium
3275 5697 3540 5752 terminus

1955 5808 2308 5869 statueretur,
2344 5805 2439 5856 aut
2462 5812 2782 5870 quacunque
2805 5805 3020 5870 poterat
3045 5795 3246 5850 virtute
3293 5796 3538 5846 tueretur
