4048 6350
546 328 654 388 955

1654 319 1979 379 LUDOVICI
2014 320 2040 380 I
2076 318 2548 382 COGNOMENTO
2583 322 2673 379 PII

531 443 737 501 limites
793 452 1019 498 suorum
1062 436 1276 494 tinium.
1323 434 1432 495 Sed
1476 449 1603 493 eum
1649 435 1797 493 fama
1839 410 2117 493 rumorem
2141 435 2197 503 Α
2218 434 2383 491 mitti.
2425 433 2596 506 Hujus
2629 435 2899 493 desiderio
2920 437 3173 497 dominus
3218 444 3548 515 apostolicus
3589 451 3814 512 satiata.

530 538 840 611 sparsisset,
891 548 1077 607 regem
1099 533 1227 589 talia
1256 534 1602 590 mandantem
1657 548 1828 606 regno
1850 534 2118 601 caruisse,

531 630 830 700 imperator
878 628 1069 684 tandiu
1119 626 1353 700 legatum
1386 627 1578 695 tenuit,
1621 642 1903 698 quousque
1949 627 2120 684 misso

530 723 777 779 Bertrico
830 721 1030 778 comite
1057 721 1264 792 palatii,
1302 719 1437 776 falsa
1462 735 1583 776 esse
1628 737 1750 791 qua:
1768 718 2121 791 iactabantur

528 816 920 888 comperissem
946 815 1165 871 Rescita
1195 822 1376 870 autem
1422 814 1671 881 veritate,
1720 816 1949 872 missum
1979 815 2121 871 infe-

530 916 622 965 cto
648 908 868 978 negotio
899 908 1129 963 remisit.

602 1002 726 1073 Ipso
774 1017 917 1057 anno
963 1000 1132 1073 (826),
1196 1000 1452 1057 Kalendis
1497 1000 1801 1067 Februarii,
1854 998 2118 1071 Pippinus

531 1096 675 1153 filius
700 1096 1043 1166 imperatoris
1066 1094 1132 1150 ad
1159 1102 1369 1165 patrem
1411 1094 1580 1164 Aquis
1623 1092 1951 1149 hiemantem
1991 1106 2119 1163 per-

528 1190 699 1244 venit.
748 1187 844 1245 Cui
872 1189 940 1245 ab
979 1189 1308 1259 imperatore
1333 1202 1463 1243 cura
1507 1187 1905 1251 commendata,
1934 1194 1995 1241 ut
2025 1201 2118 1256 pa-

529 1293 682 1342 ratus
734 1292 920 1351 esset,
963 1283 1010 1338 si
1058 1283 1190 1354 quid
1250 1298 1316 1338 ex
1367 1280 1615 1353 partibus
1667 1280 1938 1350 Hispaniae
1986 1278 2114 1333 novi

528 1379 785 1441 oriretur,
814 1376 1044 1446 qualiter
1070 1376 1291 1430 obviare
1318 1382 1521 1444 posset,
1551 1388 1831 1444 regressus
1853 1382 1956 1428 est.
2010 1372 2116 1427 lm-

528 1478 750 1543 perator
800 1484 931 1525 vero
976 1468 1231 1523 Kalendis
1283 1466 1427 1522 Junii
1481 1466 1684 1521 mensis
1721 1466 1790 1521 ad
1822 1466 2116 1538 lngelheim

530 1562 698 1627 venit,
728 1562 1033 1631 ibidemque
1055 1561 1133 1616 illi
1158 1569 1455 1616 conventus
1476 1559 1656 1631 populi
1685 1560 1792 1626 sui,
1818 1559 2116 1614 secundum

533 1656 676 1725 quod
730 1661 1084 1724 prmceperat,
1140 1653 1397 1710 occurrit.
1427 1652 1488 1708 in
1537 1652 1728 1708 eodem
1777 1652 1978 1722 placito
2025 1666 2117 1706 se-

532 1746 765 1803 cundum
816 1760 1024 1801 morem
1060 1761 1215 1801 suum
1262 1745 1430 1799 multa
1459 1759 1580 1814 quas
1624 1743 1883 1798 Ecclesia:
1932 1750 2117 1797 essent

2218 526 2391 609 ciens,
2447 542 2547 598 per
2603 529 2893 599 praedictos
2952 531 3152 590 missos
3208 538 3566 598 sacratissimi
3625 547 3815 606 militi

2218 618 2418 676 Christi
2446 622 2666 677 exuvias
2692 622 2861 679 misit.
2913 622 3044 691 Quae
3078 628 3491 700 religiosissime
3525 652 3556 690 a
3614 641 3814 708 praedi-

2218 724 2307 769 cto
2332 715 2454 770 viro
2482 724 2766 786 susceptae,
2795 725 2958 786 atque
2980 718 3201 776 interim
3238 739 3365 781 cum
3402 725 3582 784 ioculo
3622 744 3812 788 vecta-

2216 806 2378 872 torio,
2426 814 2487 863 ut
2521 808 2698 863 allatas
2743 818 2889 877 sunt,
2932 808 3091 879 juxta
3151 830 3352 887 corpus
3376 818 3522 874 beati
3568 822 3813 882 ledardi

2215 903 2423 973 posita.
2450 903 2658 971 Quibus
2697 904 2770 960 ibi
2805 888 3249 977 consistentibus,
3298 920 3509 970 tantam
3542 916 3692 973 Deus
3718 935 3813 989 per

2214 998 2563 1067 praesentiam
2621 998 2886 1055 adventus
2932 1014 3123 1057 eorum
3185 1005 3510 1063 mortalibus
3562 1011 3815 1067 attribuit

2212 1088 2478 1145 virtutum
2525 1089 2756 1160 copiam,
2792 1098 2851 1146 ut
2902 1092 3191 1149 multitudo
3221 1112 3509 1154 numerum
3556 1105 3809 1159 excedat.

2213 1180 2387 1237 Porro
2420 1182 2654 1252 qualitas
2703 1182 2862 1239 fidem
2894 1197 3134 1255 superet,
3184 1188 3287 1247 nisi
3315 1191 3395 1247 eis
3432 1192 3666 1251 auribus
3696 1212 3815 1253 cre-

2215 1271 2377 1329 datur
2398 1273 2594 1343 quibus
2631 1289 2952 1344 persuasum
2981 1279 3224 1334 estnihil
3277 1298 3584 1354 repugnare
3618 1287 3814 1344 divina:

2209 1362 2464 1435 jussioni,
2496 1366 2589 1421 sed
2610 1355 2666 1422 et
2694 1366 2874 1422 omnia
2902 1368 3179 1438 possibilia
3201 1386 3321 1428 esse
3344 1375 3616 1429 credenti.

2286 1455 2559 1513 Praeterea
2603 1457 2809 1514 Aizone
2853 1458 3145 1516 infestante
3170 1477 3265 1517 eos
3302 1465 3395 1534 qui
3428 1465 3481 1519 in
3515 1468 3723 1523 nostris
3754 1470 3815 1523 ti-

2215 1550 2376 1606 nibus
2416 1551 2806 1618 consistebant,
2833 1562 2889 1608 et
2917 1555 3186 1624 praecipue
3212 1554 3551 1619 Ceritaniam
3598 1559 3813 1617 Vellen-

2217 1658 2442 1713 semque
2482 1646 2761 1716 regionem
2808 1661 3199 1717 usquequaque
3225 1659 3477 1705 vastante
3515 1668 3584 1707 eo
3644 1670 3814 1723 usque

2219 1736 2535 1793 immanitas
2585 1738 2728 1794 illius
2758 1740 3042 1810 processit,
3076 1741 3451 1798 annitentibus
3498 1743 3813 1803 Maurorum

528 1841 684 1895 utilia
734 1838 1036 1905 admonuit,
1080 1839 1269 1894 statuit
1311 1855 1375 1894 ac
1404 1811 1667 1903 definivit,
1708 1836 2113 1908 legationesque

2219 1835 2276 1882 et
2328 1827 2722 1885 Saracenorum
2768 1830 3006 1898 auxiliis,
3050 1839 3113 1887 ut
3159 1833 3328 1905 aliqui
3374 1848 3697 1892 nostrorum
3722 1854 3809 1894 ca‘

527 1941 639 1989 tam
680 1950 709 1988 a
738 1941 925 1989 sancta
963 1934 1093 1988 sede
1134 1932 1399 1997 Romana,
1438 1948 1602 2003 quam
1627 1947 1658 1985 a
1684 1939 1868 1986 monte
1896 1930 2115 1996 Oliveti,

526 2041 626 2098 per
651 2026 991 2081 Dominicum
1032 2026 1283 2081 abbatem
1313 2023 1551 2095 perlatas
1581 2022 1841 2091 suscepit,
1889 2021 2113 2075 audivit.

526 2119 776 2175 absolvit.
810 2118 922 2174 Nec
952 2133 1061 2173 non
1096 2117 1233 2172 duos
1260 2117 1448 2181 duces,
1494 2114 1837 2186 Ceadragum
1887 2111 2119 2168 ΑΙ)οὰνί-

523 2217 724 2276 torum,
761 2218 817 2273 et
846 2209 1180 2279 Tunglonem
1230 2207 1582 2273 Soraborum,
1638 2222 1759 2261 cum
1791 2219 2118 2261 accusarem

523 2307 631 2363 tur,
662 2309 717 2354 et
765 2301 1015 2371 probatio
1053 2300 1188 2355 satis
1218 2298 1364 2354 clara
1410 2298 1695 2364 emineret,
1722 2298 2018 2369 castigatos
2047 2297 2117 2351 ad

523 2394 744 2463 prepria
788 2393 1019 2448 remisit.
1069 2392 1183 2447 Nec
1211 2407 1320 2446 non
1350 2390 1637 2446 Herioldus
1662 2405 1693 2445 a
1742 2390 2115 2445 Nortmanniae

520 2486 767 2555 partibus
805 2500 927 2539 cum
958 2498 1130 2541 uxore
1153 2484 1397 2549 veniens,
1420 2483 1806 2553 Danorumque
1830 2497 1940 2537 non
1988 2496 2117 2552 par-

523 2590 591 2631 va
644 2591 825 2645 manu,
854 2576 1175 2648 Magontiaci
1205 2576 1347 2647 apud
1389 2582 1638 2631 sanctum
1664 2574 1956 2640 Albanum,
1990 2589 2118 2629 cum

523 2670 639 2725 suis
666 2671 938 2737 omnibus,
974 2670 1116 2725 sacri
1153 2669 1499 2741 baptismatis
1541 2669 1687 2723 unda
1730 2675 1814 2723 est
1842 2666 2114 2738 perfusus,

522 2763 881 2835 plurimisque
904 2763 1222 2817 muneribus
1266 2762 1336 2817 ab
1364 2761 1694 2831 imperatore
1723 2760 1977 2815 donatus.
2010 2756 2119 2813 Ve-

521 2873 651 2914 rens
680 2867 862 2913 autem
908 2857 1185 2927 piissimus
1218 2855 1515 2927 imperator
1550 2869 1619 2909 ne
1645 2854 1715 2908 ob
1762 2852 1867 2907 tale
1911 2849 2116 2906 factum

520 2958 815 3021 negaretur
841 2950 891 3003 ei
918 2949 1181 3005 habitatio
1210 2947 1311 3003 soli
1346 2946 1631 3013 naturalis,
1659 2944 1808 3001 dedit
1830 2943 1881 3000 ei
1928 2957 2115 3013 quem-

523 3043 650 3100 dam
707 3043 1028 3099 comitatum
1079 3042 1135 3097 in
1187 3041 1385 3108 Frisia,
1450 3039 1607 3111 cujus
1660 3038 1981 3096 vocabulum
2034 3045 2118 3093 est

521 3136 775 3196 Biustri:
819 3150 928 3208 quo
978 3150 1038 3193 se
1087 3150 1344 3207 suosque,
1397 3134 1444 3191 si
1501 3133 1802 3191 necessitas
1850 3132 2112 3204 exigeret,

518 3237 640 3286 tuto
676 3230 919 3301 recipere
950 3237 1152 3301 posset.
1180 3217 1395 3284 interea
1433 3242 1557 3283 cum
1599 3224 1880 3281 Baidricus
1918 3234 1975 3280 et
2006 3223 2115 3280 Ge-

518 3321 748 3387 raidus,
801 3321 1092 3392 cteterique
1144 3318 1549 3375 Pannoniarum
1610 3317 1866 3374 custodes
1922 3316 2112 3370 [inium

519 3413 793 3479 adessent,
820 3412 1045 3468 adduxit
1068 3411 1351 3468 Baldricus
1377 3411 1597 3467 domino
1620 3410 1935 3481 imperatori
1960 3423 2115 3479 pres-

520 3503 776 3577 bytcrum
817 3505 1107 3576 quemdam
1151 3504 1369 3560 nomine
1402 3504 1744 3575 Gregorium,
1795 3502 1950 3556 bona;
1987 3501 2113 3555 vitae

520 3596 822 3665 hominem,
870 3596 961 3668 qui
1028 3598 1235 3654 diceret
1283 3612 1546 3671 organum
1599 3608 1751 3651 more
1797 3595 2114 3650 Graecorum

518 3703 679 3761 posse
699 3704 1047 3761 componere.
1076 3689 1249 3758 Quem
1280 3690 1580 3761 imperator
1603 3696 1885 3761 gratanter
1924 3702 2110 3744 susce-

517 3781 635 3854 pit:
663 3788 718 3837 et
743 3782 869 3853 quia
902 3782 1043 3838 Deus
1064 3783 1143 3838 illi
1169 3797 1290 3853 quae
1315 3790 1443 3839 ante
1470 3798 1528 3839 se
1562 3783 1823 3838 inusitata
1858 3789 2017 3839 erant
2057 3782 2113 3838 in

517 3890 687 3945 regno
728 3874 1062 3931 Francorum
1120 3875 1469 3942 attribucbat,
1523 3877 1821 3948 gratiarum
1874 3876 2114 3932 actiones

520 3969 772 4033 reddidit,
803 3984 868 4025 ac
913 3968 1177 4025 'i‘anculi‘o
1223 3984 1503 4051 sacrorum
1536 3970 1861 4026 scriniorum
1888 3970 2114 4041 praelato

521 4062 943 4128 commendavit,
984 4062 1325 4134 publicisque
1378 4063 1666 4135 stipendiis
1707 4076 1902 4119 curare
1950 4062 2115 4134 jussit

521 4161 578 4209 et
606 4168 670 4209 ea
698 4169 819 4225 quae
864 4153 992 4210 huic
1037 4154 1190 4226 operi
1237 4142 1547 4211 necessaria
1595 4155 1774 4211 forent
1807 4168 2116 4229 praeparare

518 4246 816 4303 mandavit.
849 4246 969 4319 ipso
1007 4247 1215 4302 interea
1266 4262 1408 4305 anno
1439 4249 1617 4306 medio
1660 4249 1882 4307 Octobri
1910 4259 2113 4307 emtum

420 4360 431 4367 -
518 4339 701 4411 populi
744 4338 1128 4396 Germanicum
1179 4340 1326 4396 coire
1353 4340 1515 4412 jussit
1559 4349 1710 4399 trans
1755 4343 2025 4410 Rhenum,
2056 4344 2112 4398 in

517 4431 644 4487 villa
673 4433 827 4505 cujus
855 4432 1178 4489 vocabulum
1228 4441 1312 4489 est
1347 4432 1491 4490 Salz.
1523 4434 1581 4490 in
1612 4451 1720 4508 qua
1769 4435 2109 4503 consistenti,

2217 1922 2371 1977 stella
2393 1931 2448 1978 et
2499 1925 2792 1995 municipia
2846 1941 2967 1996 qua:
3015 1928 3281 1985 hactenus
3311 1937 3598 1987 tenuerant
3648 1932 3822 1989 uelin-

2221 2030 2389 2086 quere
2440 2026 2784 2089 cogerentur,
2806 2015 3144 2091 plurimique
3168 2021 3336 2077 etiam
3368 2038 3398 2077 a
3430 2024 3591 2079 nobis
3623 2023 3820 2079 defice-

2217 2118 2360 2175 rent,
2402 2118 2668 2165 eteorum
2706 2125 2766 2166 se
2791 2111 3040 2167 societati
3085 2112 3401 2169 conferrent
3445 2113 3623 2188 (827).
3676 2116 3817 2171 inter

2215 2218 2353 2274 quos
2382 2203 2780 2260 Willemundus
2821 2204 2975 2259 Bern:
3020 2204 3185 2272 filius,
3222 2221 3412 2261 eorum
3453 2206 3818 2278 perduellioni

2219 2312 2345 2352 cum
2363 2296 2614 2367 plurimis
2639 2296 3029 2354 foederatorum
3056 2313 3116 2354 se
3132 2297 3336 2368 junxit.
3363 2299 3448 2355 Ad
3468 2315 3615 2370 quos
3640 2309 3818 2357 motas

2216 2389 2675 2461 comprimendos,
2731 2398 3058 2461 nostrosque
3113 2390 3473 2456 roborandus,
3533 2392 3672 2448 dum
3720 2392 3818 2447 im-

2214 2487 2439 2551 perator
2459 2481 2761 2536 exercitum
2783 2479 2913 2536 illuc
2935 2481 3259 2537 mittendum
3281 2481 3524 2548 ordinat,
3548 2482 3818 2552 praemisit

2216 2573 2497 2630 Elisacbar
2520 2573 2793 2639 abbatem,
2827 2579 2883 2629 et
2926 2572 3353 2629 Hiidebrandum
3381 2573 3673 2639 comitem,
3718 2588 3819 2629 nec

2216 2683 2325 2722 non
2354 2674 2409 2722 et
2431 2666 2719 2722 Dentatum.
2769 2667 2873 2735 Qui
2899 2668 3292 2738 praecedentes,
3325 2667 3532 2738 junctis
3558 2667 3666 2722 sibi
3709 2666 3819 2723 Go-

2217 2761 2438 2816 thorum
2498 2759 2971 2832 Hispanorumque
3017 2762 3224 2833 copiis,
3254 2761 3470 2817 illorum
3518 2763 3820 2833 protervi:

2215 2852 2571 2925 pertinaciter
2598 2853 2936 2918 restiterunt,
2958 2852 3236 2909 Bernardo
3260 2855 3675 2924 quummaxime
3695 2853 3821 2909 Bar-

2217 2945 2428 3000 cinonte
2457 2945 2656 2999 comite
2692 2952 2920 3001 conatus
2942 2960 3131 3002 eorum
3164 2946 3220 3001 in
3246 2945 3466 3002 irritum
3488 2946 3816 3002 deducente.

2218 3036 2373 3105 Quod
2401 3052 2632 3092 cernens
2658 3037 2816 3105 Aizo,
2864 3039 3165 3095 exercitum
3194 3054 3225 3095 ι
3263 3039 3556 3097 Saracenis
3586 3041 3818 3111 petitum

2218 3131 2352 3185 abiit
2377 3130 2783 3200 praetorianum.
2822 3131 2994 3199 Quem
3017 3132 3367 3203 impetratum
3390 3147 3516 3189 cum
3560 3133 3702 3189 duce
3721 3147 3821 3190 suo

2217 3222 2552 3279 Abumarum
2609 3221 2984 3299 [Amaruan]
3062 3225 3537 3298 Ctesaraugustam
3590 3235 3649 3281 et
3694 3226 3819 3281 inde

2215 3330 2390 3386 usque
2439 3314 2508 3370 ad
2552 3315 2911 3374 Barcinonam
2966 3318 3238 3389 perduxit.
3298 3316 3470 3375 Porro
3514 3318 3819 3389 imperator

2215 3406 2504 3477 Pippinum
2529 3406 2702 3464 ﬁlium
2727 3425 2887 3467 suum
2915 3410 3224 3481 Aquitaniae
3253 3425 3436 3480 regem
3470 3421 3668 3468 contra
3721 3428 3818 3470 eos

2214 3503 2386 3568 misit,
2424 3504 2694 3574 simulque
2728 3506 2925 3562 missos
2945 3522 3015 3561 ex
3060 3506 3234 3563 latere
3276 3523 3376 3563 suo
3418 3506 3716 3578 Hugonem
3764 3515 3819 3563 et

2215 3594 2528 3652 Matfridum
2568 3597 2816 3653 comites.
2869 3598 3079 3666 Quibus
3107 3598 3482 3654 meticulnsius
3506 3613 3678 3669 quam
3724 3599 3818 3653 de-

2214 3688 2331 3744 cuit
2358 3691 2796 3756 occurrentibus,
2824 3690 3012 3745 tandiu
3038 3706 3206 3746 morae
3228 3691 3443 3745 innexae
3466 3699 3598 3747 sunt
3624 3692 3811 3757 moris,

2213 3786 2497 3851 quousque
2522 3782 2599 3837 illi
2628 3789 2841 3839 vastata
2868 3783 3191 3840 Bareinona
3221 3792 3382 3855 atque
3406 3782 3685 3840 Gerunda:
3735 3800 3816 3840 re-

2213 3877 2373 3949 gione
2394 3917 2409 3943 ,
2441 3877 2912 3949 Cmsaraugustam
2957 3894 3078 3935 sese
3107 3889 3450 3952 receperunt.
3505 3878 3812 3934 Przecesee-

2213 3977 2342 4025 runt
2364 3986 2496 4026 sane
2523 3972 2665 4027 hanc
2712 3970 2920 4027 cladem
2977 3971 3251 4026 terribiles
3278 3971 3384 4026 illa:
3432 3970 3538 4025 sub
3570 3978 3814 4041 tempore

2214 4068 2480 4117 nocturno
2509 4063 2672 4130 acies,
2704 4063 2940 4119 humano
2974 4063 3238 4135 sanguine
3279 4062 3595 4129 rutilantes,
3642 4063 3811 4133 ignis-

2213 4166 2320 4221 que
2348 4152 2553 4222 paiiore
2604 4153 2917 4226 flagrantes.
2965 4154 3268 4225 imperator
3311 4169 3480 4226 porro
3530 4153 3812 4208 venationi

2215 4242 2539 4315 [Imperator
2568 4260 2732 4314 porro
2766 4247 3099 4318 Compendio
3141 4261 3322 4302 annua
3368 4246 3663 4315 suscipiens
3713 4245 3819 4300 do-

2212 4354 2303 4405 na,
2336 4340 2422 4395 his
2450 4342 2763 4411 compertis,
2812 4342 2881 4397 ad
2934 4357 3098 4413 supra
3127 4341 3331 4397 dictam
3364 4356 3607 4397 marcam
3654 4347 3818 4396 tuen-

2214 4429 2338 4485 dam
2363 4430 2562 4485 auxilia
2592 4432 2902 4497 destinavit,
2935 4440 2991 4488 et
3011 4447 3184 4503 usque
3204 4433 3273 4488 ad
3295 4432 3525 4488 hiberna
3558 4440 3809 4502 tempora

519 4524 747 4597 perfidia
778 4532 940 4595 atque
971 4524 1206 4581 defectio
1224 4525 1447 4583 Aizonis
1480 4529 1731 4584 nuntiata
1758 4537 1861 4594 est,
1916 4530 2009 4599 qui
2048 4529 2113 4583 de
2136 4559 2193 4621 D
2216 4522 3031 4621 vena_li0tli._etc:]_in_saitibus
3080 4522 3496 4621 Compendio‘et
3529 4522 3812 4621 Carisiaco

520 4616 722 4690 palatio
773 4616 979 4672 domini
1040 4616 1387 4688 imperatoris
1443 4617 1679 4691 fugiens,
1734 4621 1802 4675 ad
1835 4621 2112 4677 civitatem
2136 4612 2186 4621 '
2218 4612 2487 4685 contiguis
2517 4613 2734 4670 institit.
2763 4614 2967 4670 Eodem
3012 4631 3155 4671 anno
3194 4629 3382 4672 mense
3409 4614 3660 4686 Augusto
3700 4615 3809 4669 Eu.

520 4712 796 4767 Ausonam
845 4710 1012 4779 venit,
1042 4710 1227 4783 ibique
1255 4720 1530 4784 receptus,
1571 4713 1780 4769 Rodam
1812 4715 2108 4783 subvertit;

520 4805 617 4861 sed
641 4814 694 4861 et
721 4806 978 4863 resistere
994 4805 1295 4863 nitentibus
1319 4823 1430 4862 non
1466 4822 1661 4877 parum
1704 4807 2114 4863 incommodita-

518 4900 593 4956 tis
616 4899 814 4955 intulit.
840 4899 1073 4957 Castella
1104 4915 1224 4971 qute
1255 4901 1557 4971 irrumpere
1584 4900 1763 4970 potuit
1791 4901 2109 4958 custodibus

520 4990 788 5062 impositis
842 4988 1056 5047 fortiter
1093 4991 1466 5048 communivit.
1506 4989 1613 5046 Sed
1641 4999 1696 5046 et
1744 4991 1910 5047 misso
1937 4990 2108 5049 fratre

521 5098 622 5139 suo
651 5082 718 5137 ad
743 5097 926 5154 regem
950 5082 1347 5140 Saracenorum
1382 5082 1715 5139 Abdiraman
1742 5084 1976 5150 nomine,
2008 5098 2105 5139 va-

521 5174 693 5230 lidum
726 5183 915 5231 contra
939 5192 1040 5233 nos
1066 5176 1342 5232 exercitus
1366 5176 1535 5231 robur
1551 5176 1776 5248 accepit.
1809 5176 1939 5244 Quae
1980 5175 2105 5246 qni-

522 5267 645 5324 dem
672 5266 1016 5339 imperatoris
1057 5268 1298 5323 animum
1334 5277 1762 5325 commoverunt.
1799 5266 1885 5321 Nil
1925 5274 2107 5323 tamen

517 5373 753 5433 propere
815 5359 1109 5431 gerendum
1163 5368 1333 5427 ratus,
1396 5360 1827 5417 consiliariorum
1883 5374 2108 5417 suorum

521 5454 870 5521 sententiam,
894 5455 1022 5527 quid
1042 5455 1135 5511 tali
1165 5454 1308 5511 facto
1328 5468 1465 5525 opus
1485 5463 1651 5520 esset,
1680 5450 2104 5525 statuitoperiri.

518 5544 627 5604 Per
662 5548 801 5606 idem
833 5559 1049 5623 tempus
1079 5551 1363 5606 Hilduinus
1405 5548 1572 5609 abbas
1598 5551 1917 5608 monasterii
1962 5551 2110 5607 beati

520 5640 765 5716 Dionysii
792 5643 1025 5699 Romam
1053 5645 1348 5700 monachos
1371 5644 1651 5715 petitionis
1675 5659 1785 5700 sua:
1808 5641 2021 5713 bajulos
2042 5645 2111 5699 ad

521 5730 823 5806 Eugenium
877 5742 1079 5788 sanctae
1122 5735 1379 5791 Romamn
1425 5737 1570 5791 sedis
1597 5735 1882 5807 prtesulem
1939 5735 2108 5803 misit,

489 5820 778 5905 ﬂagitans
804 5838 931 5880 ossa
952 5822 1097 5881 beati
1139 5823 1445 5882 Sebastiani
1494 5827 1751 5899 martyris
1785 5826 1891 5884 sibi
1929 5833 2111 5883 trans-

2216 4707 2407 4777 genius
2436 4722 2573 4779 papa
2609 4708 2753 4763 diem
2794 4709 3047 4764 ultimum
3077 4707 3289 4764 clausit.
3328 4707 3655 4764 Valentinus
3691 4708 3809 4762 dia-

2216 4813 2387 4853 conus
2410 4798 2530 4855 loco
2558 4800 2677 4871 ejus
2704 4801 2991 4857 successit.
3022 4801 3140 4868 Quo
3168 4801 3257 4855 vix
3309 4813 3421 4855 uno
3475 4814 3674 4855 mense
3722 4815 3810 4855 an-

2213 4892 2461 4961 perstite,
2486 4892 2605 4948 loco
2636 4893 2780 4951 illius
2810 4894 3105 4966 Gregorius
3132 4895 3422 4966 presbyter
3446 4893 3593 4949 tituli
3637 4895 3809 4951 sancti

2217 4981 2385 5038 Marci
2410 4984 2616 5040 eiectus
2663 4995 2778 5052 est,
2828 4987 2994 5042 dilata
3040 4986 3455 5043 consecratione
3478 4985 3601 5056 ejus
3639 5000 3809 5056 usque

2215 5074 2284 5129 ad
2314 5075 2621 5130 consultum
2644 5077 3009 5149 imperatoris.
3042 5079 3160 5147 Quo
3186 5089 3477 5146 annuente,
3511 5088 3569 5136 et
3585 5082 3808 5139 electio-

2213 5181 2339 5224 nem
2376 5167 2508 5225 cleri
2544 5180 2598 5226 ct
2626 5174 2805 5243 populi
2831 5175 3110 5244 probante,
3153 5175 3439 5232 ordinatus
3469 5187 3553 5232 est
3603 5178 3656 5232 in
3683 5179 3807 5232 loco

2215 5262 2433 5335 prioris.
2474 5262 2662 5335 Legati
2704 5265 3046 5336 imperatoris
3090 5265 3370 5324 Michaelis
3424 5270 3616 5327 eodem
3659 5286 3809 5326 anno

2211 5373 2402 5415 mense
2430 5359 2773 5432 Septembrio
2806 5360 3198 5433 Compendium
3250 5373 3546 5433 venerunt,
3574 5381 3805 5421 munera

2214 5449 2552 5506 attulerunt:
2587 5452 2843 5508 nobiliter
2874 5454 3131 5525 suscepti,
3162 5456 3576 5527 opulentissime
3603 5461 3804 5525 curati,

2216 5543 2517 5601 liberaliter
2542 5547 2834 5613 munerati,
2864 5556 2921 5602 et
2957 5563 3216 5619 prospere
3238 5557 3365 5605 sunt
3396 5553 3654 5622 regressi.
3686 5552 3806 5622 Ipso

2217 5655 2361 5697 anno
2386 5640 2686 5697 Heinardus
2717 5641 3128 5715 [EginbardusL
3156 5643 3399 5699 virorum
3419 5646 3502 5701 sui
3544 5645 3807 5717 temporis

2215 5732 2691 5805 prudentissimus,
2718 5743 2921 5790 sancta:
2959 5734 3262 5790 devotionis
3303 5737 3499 5793 anlnre
3522 5737 3804 5799 incitatus,

2217 5824 2451 5887 Romam
2490 5826 2663 5897 misit,
2689 5834 2747 5884 et
2771 5842 2998 5900 corpora
3043 5834 3358 5886 sanctorum
3402 5829 3705 5889 Marcellini
3751 5838 3808 5888 et
