4048 6350
227 342 343 403 98⁸1

1768 332 1947 395 VITA.

3400 344 3505 402 958

224 456 405 524 Petri,
462 456 733 509 annuente
756 465 916 524 papa,
945 450 1000 507 ia
1027 449 1317 511 Franciam
1369 447 1499 507 fecit
1519 449 1815 519 transvehi,
1844 452 1900 515 Α
1921 465 2092 518 mum,
2121 452 2315 510 deinde
2353 430 2425 510 ad
2455 454 2863 526 imperatorem,
2892 459 3129 531 professi
3176 468 3301 519 sum
3357 477 3510 519 erro-

222 563 288 611 et
321 549 478 606 valde
512 549 767 605 decenter
787 546 866 601 vin
896 544 1115 616 proprio
1151 544 1431 602 territorio
1479 545 1822 615 propriisque

222 646 540 717 sumptibus
604 641 926 697 recondidit.
998 640 1239 707 Quorum
1299 640 1508 695 meritis
1553 641 1823 699 hactenus

221 740 306 797 ibi
338 738 507 795 multa
526 736 787 791 virtutum
813 734 1075 790 miracula
1110 742 1369 805 operatur
1391 734 1673 790 Dominus.

301 836 487 893 Mense
511 833 809 889 Februario
835 832 1114 903 sequentis
1161 831 1360 887 hiemis
1387 829 1537 903 (828)
1583 846 1821 887 conven-

224 938 320 985 tus
348 928 566 983 habitus
592 924 839 996 pubiicus
863 923 1213 995 Aquisgrani,
1239 924 1330 978 ubi
1388 938 1512 978 cum
1562 921 1619 978 in
1674 922 1818 990 aliis,

222 1030 349 1077 tum
393 1020 629 1077 maxime
655 1018 898 1073 fervebat
920 1032 1009 1072 res
1037 1017 1091 1072 in
1128 1032 1309 1072 marca
1330 1016 1621 1087 iiispanica
1649 1032 1822 1085 nuper

222 1115 490 1171 damnose
512 1111 980 1181 ignominioseque
1013 1119 1254 1181 peracta.
1315 1108 1432 1178 Qua
1458 1109 1717 1165 ventilata
1764 1116 1821 1165 et

221 1209 669 1265 enucleatissime
720 1208 1078 1280 investigata,
1126 1206 1181 1262 hi
1236 1204 1441 1275 reperti
1483 1213 1611 1260 sunt
1659 1203 1820 1274 hujus

222 1301 401 1371 culpae
451 1307 704 1355 auctores
753 1299 846 1369 qui
907 1298 976 1353 ab
1034 1298 1362 1369 imperatore
1404 1296 1647 1368 praefecti
1691 1304 1820 1352 sunt

222 1395 417 1450 duces.
482 1393 594 1448 Hos
636 1407 766 1464 ergo
815 1390 1155 1447 solummodo
1202 1391 1502 1447 honoribus
1549 1389 1817 1461 ademptis

220 1486 378 1542 luere
395 1485 559 1556 jussit
586 1486 884 1554 imperator
907 1483 1118 1555 culpam
1148 1481 1308 1551 hujus
1328 1483 1571 1552 ignaviae.
1594 1482 1815 1537 itidem-

218 1594 334 1650 que
358 1578 608 1633 Baldrieo
639 1577 763 1633 duci
797 1575 1157 1647 Foroiuliensi
1203 1575 1331 1629 dum
1388 1573 1719 1643 objiceretur
1762 1583 1819 1629 et

216 1670 515 1741 probatura
548 1676 693 1724 esset
716 1665 833 1735 ejus
864 1667 1076 1739 ignavia
1119 1673 1176 1720 et
1224 1665 1434 1719 incuria
1484 1672 1752 1719 vastatam
1783 1679 1817 1719 a

1920 558 2057 598 rem.
2114 544 2323 603 Dehinc
2374 545 2686 605 obtulerunt
2730 562 3027 623 congruam
3058 552 3312 625 vindicta}
3341 554 3506 613 satis-

1918 634 2214 693 factionem
2239 656 2252 692 :
2279 638 2499 695 modum
2526 649 2710 701 autem
2744 642 3134 703 satisfactionis
3164 647 3512 707 conferentes

1920 729 1976 785 in
2002 729 2348 799 imperatoris
2379 731 2739 796 voluntatem,
2781 732 3074 797 dummodo
3103 735 3332 797 firmitas
3355 741 3509 813 pacis

1920 819 2238 878 incouvulsa
2274 833 2542 881 maneret.
2589 823 2794 894 Quibus
2843 828 3140 900 imperator
3165 845 3266 901 pro
3300 842 3426 888 voto
3451 841 3510 892 et

1918 914 2181 984 petitione
2234 917 2443 971 annuit.
2496 916 2807 974 Bonifacius
2842 935 3024 979 comes
3075 923 3142 979 ab
3178 922 3510 994 imperatore

1920 1005 2155 1063 Corsica:
2185 1009 2477 1079 prmfectus
2506 1012 2719 1080 insulae,
2752 1028 2873 1070 cum
2903 1012 3073 1072 fratre
3103 1014 3331 1075 Beraido
3364 1018 3511 1075 aliis-

1919 1115 2027 1171 que
2074 1100 2344 1171 adjunctis
2368 1102 2473 1159 sibi
2526 1121 2825 1164 conscensa
2856 1123 3023 1180 parva
3050 1108 3245 1176 classe,
3272 1111 3398 1169 dum
3429 1112 3511 1184 pi-

1920 1204 2070 1251 ratas
2123 1197 2468 1268 pervagando
2516 1200 2687 1256 maria
2742 1202 2971 1272 requirit
3023 1209 3080 1259 et
3120 1218 3229 1260 non
3281 1204 3509 1274 invenit,

1924 1287 2222 1345 Sardorum
2250 1276 2550 1346 amicorum
2579 1292 2684 1348 sibi
2728 1292 2961 1349 insulam
3000 1295 3208 1366 appulit
3235 1315 3248 1351 :
3277 1296 3513 1368 indeque

1922 1378 2059 1435 alios
2130 1397 2330 1453 gnaros
2394 1383 2594 1439 marini
2648 1384 2861 1441 itineris
2916 1385 3019 1441 sibi
3085 1403 3407 1455 assumens,
3455 1390 3510 1446 in

1918 1467 2160 1529 Africam
2191 1470 2467 1541 profectus
2497 1481 2600 1538 est,
2624 1481 2680 1528 et
2726 1482 3065 1535 transvectus
3097 1478 3241 1535 inter
3287 1478 3507 1536 Uticam

1916 1568 1973 1615 et
2014 1559 2421 1634 Carthaginem.
2453 1562 2655 1620 Contra
2704 1581 2866 1637 quem
2912 1569 3202 1625 multitudo
3252 1570 3511 1629 Afrorum

1918 1654 2267 1721 conveniens,
2298 1655 2587 1726 quinquies
2621 1657 2883 1725 conflixit,
2913 1659 3055 1717 inter
3095 1677 3239 1732 quos
3265 1670 3321 1718 et
3341 1678 3508 1733 quos-

216 1760 474 1833 Bulgaris
492 1767 733 1816 nostram
782 1759 1079 1830 regionem,
1133 1757 1321 1828 pulsus
1355 1764 1439 1813 est
1481 1756 1706 1822 ducatu,
1759 1762 1816 1811 et
1845 1830 1880 1833 _
1919 1745 2045 1803 dam
2096 1748 2324 1818 contigit
2385 1757 2640 1820 appetere
2669 1759 3003 1819 nostrorum,
3034 1770 3172 1825 quos
3208 1764 3303 1812 aut
3338 1756 3511 1811 multa

218 1830 369 1910 inge}-
422 1861 658 1925 (μημιον
720 1854 950 1908 comites
1017 1849 1260 1918 ejusdem
1330 1857 1571 1920 poleslas
1619 1848 1809 1904 divisa.
1843 1830 1893 1891 B
1919 1837 2195 1907 alacritas,
2232 1846 2327 1895 aut
2349 1840 2658 1897 inconsulta
2683 1842 2875 1900 levitas
2906 1846 2974 1901 ad
3000 1846 3162 1903 nimis
3197 1848 3510 1907 audendum

217 1947 488 2018 Equidem
528 1947 878 2017 imperatoris
910 1945 1124 2000 animus
1148 1952 1339 1999 natura
1371 1943 1815 1999 misericordissi-

216 2056 348 2095 mus
383 2055 595 2111 semper
643 2039 996 2109 peccantibus
1024 2038 1451 2095 misericordiam
1507 2052 1815 2109 praerogare

218 2132 448 2188 studuit.
479 2132 552 2186 At
576 2147 710 2187 vero
737 2132 773 2186 ii
810 2130 1009 2201 quibus
1044 2131 1173 2185 talia
1199 2131 1440 2201 prmstita
1482 2137 1630 2194 sunt,
1679 2144 1814 2198 quo-

218 2225 384 2281 modo
410 2224 696 2280 clementia
735 2224 880 2279 illius
924 2223 1081 2278 abusi
1132 2231 1260 2278 sunt
1301 2222 1357 2277 in
1408 2221 1811 2287 crudelitatem,

216 2324 345 2389 post
370 2332 542 2387 pauca
566 2316 793 2387 patebit,
828 2330 953 2371 cum
982 2314 1243 2371 claruerit
1270 2315 1543 2385 quomodo
1564 2329 1663 2385 pro
1690 2314 1814 2369 vitae

216 2409 509 2475 beneficio,
560 2424 826 2463 summam
855 2409 927 2475 ei,
958 2415 1222 2479 quantum
1252 2409 1329 2462 in-
1355 2423 1412 2462 se
1450 2406 1570 2472 fuit,
1603 2407 1812 2475 impor-

218 2504 458 2558 taverint
483 2502 710 2559 cladem.
736 2502 856 2573 ipso
894 2511 1137 2572 tempore
1182 2502 1514 2557 Halitcarius
1559 2501 1814 2556 Camera-

216 2596 401 2654 censis
450 2597 758 2668 episcopus,
807 2606 863 2652 et
898 2595 1175 2652 Auti‘ridus
1210 2595 1542 2670 [Ansfridus]
1594 2596 1811 2652 Nonan-

216 2688 346 2744 tuia:
400 2689 718 2744 monasterii
763 2690 952 2756 abbas,
981 2690 1011 2745 εἰ
1038 2688 1421 2745 transmarinis
1449 2688 1697 2759 partibus
1727 2703 1814 2743 re-

214 2784 490 2849 deuntes,
554 2783 948 2839 humanissime
1012 2798 1071 2840 se
1141 2790 1422 2852 susceptos
1489 2797 1520 2836 a
1584 2780 1815 2836 Michael

214 2874 541 2931 retulerunt.
573 2874 872 2947 imperator
900 2891 1033 2931 sane
1061 2881 1252 2930 mstate
1288 2874 1536 2945 sequenti
1560 2873 1614 2927 in
1641 2871 1815 2944 lnge]-

214 2965 367 3021 heim
406 2974 731 3022 conventum
784 2967 1059 3038 publicum
1111 2966 1322 3022 habuit.
1383 2966 1570 3037 ibique
1615 2965 1815 3021 missos

212 3073 371 3129 papa:
400 3058 650 3127 Romani,
678 3060 961 3128 Quirinum
999 3059 1395 3130 primicerium,
1419 3066 1476 3114 et
1524 3057 1816 3130 TheOphy-

212 3157 423 3213 iactum
474 3156 954 3223 nomenclatorem,
985 3173 1106 3213 cum
1136 3156 1348 3227 magnis
1376 3154 1694 3210 muneribus
1722 3170 1814 3209 ve-

213 3250 454 3318 nientes,
503 3258 559 3306 et
585 3250 826 3321 suscepit
853 3259 907 3305 et
938 3249 1165 3305 remisit.
1217 3248 1436 3305 Etcum
1484 3248 1542 3303 in
1570 3248 1812 3303 Theonis

214 3345 404 3401 villam
436 3344 761 3411 devenisset,
792 3344 1042 3414 famaque
1062 3352 1321 3399 venturos
1354 3343 1408 3397 in
1438 3349 1657 3397 nostros
1679 3340 1815 3399 fines

217 3438 524 3495 Saracenos
563 3437 957 3510 pervulgasset,
990 3436 1137 3493 misit
1186 3436 1356 3491 filium
1382 3434 1702 3495 Lothurium
1745 3433 1816 3488 ad

215 3532 465 3587 eamdem
518 3530 776 3598 Marcam,
817 3528 1090 3599 adjunctis
1127 3529 1203 3585 illi
1232 3528 1569 3585 Francorum
1620 3526 1815 3583 validis

215 3621 514 3693 multisque
534 3623 725 3693 copiis.
758 3621 860 3690 Qui
890 3636 1013 3677 cum
1036 3622 1327 3693 prchcptis
1349 3620 1592 3692 paternis
1612 3633 1815 3690 parens

213 3712 539 3786 Lugdunum
589 3715 938 3782 devenisset,
996 3722 1052 3770 et
1106 3715 1356 3769 nuntium
1410 3712 1814 3785 praestolaretur

214 3808 455 3880 partium
495 3806 935 3879 Hispanicarum,
993 3806 1255 3879 Pippinus
1282 3805 1401 3877 ejus
1428 3806 1598 3861 frater
1648 3805 1815 3861 collo-

215 3908 448 3957 cuturus
476 3900 717 3956 advenit.
742 3899 1057 3970 ibidemque
1079 3899 1187 3953 illis
1216 3899 1579 3964 morantibus,
1610 3898 1812 3953 missus

213 3991 405 4057 rediit,
455 3990 680 4047 dicens:
714 3991 950 4047 movisse
980 3989 1202 4060 quidem
1234 3988 1540 4044 Saracenos
1570 3988 1815 4042 Mauros-

212 4100 325 4156 que
355 4086 649 4141 exercitum
699 4101 864 4158 quam
908 4084 1231 4149 maximum,
1278 4085 1372 4139 sed
1397 4083 1591 4154 pedem
1636 4084 1812 4139 conti-

216 4180 427 4245 nuisse,
481 4195 584 4235 nec
628 4179 719 4235 illo
763 4186 1007 4250 tempore
1046 4176 1260 4248 longius
1304 4175 1361 4230 in
1408 4182 1632 4231 nostros
1673 4175 1811 4230 ﬁnes

214 4286 591 4347 processuros.
647 4271 855 4340 Quibus
906 4270 1130 4335 auditis,
1179 4268 1440 4340 Pippinus
1484 4269 1540 4323 in
1585 4267 1814 4337 Aquita-

212 4366 390 4432 niam,
424 4365 717 4422 Lotharius
755 4372 937 4420 autem
976 4364 1045 4419 ad
1073 4370 1285 4435 patrem
1331 4377 1591 4434 prospere
1628 4361 1808 4416 rediit.

209 4455 430 4515 Interea
492 4458 589 4514 filii
641 4458 917 4515 Godefridi
966 4458 1246 4512 Danorum
1301 4457 1574 4528 quondam
1635 4454 1809 4527 regis,

211 4551 533 4610 Herioidum
558 4567 728 4624 regno
753 4551 1094 4622 expulerant.
1138 4548 1244 4605 Sed
1271 4564 1395 4605 cum
1422 4548 1721 4618 imperator
1756 4554 1812 4603 et
1834 4571 1889 4633 Β

211 4645 533 4703 Herioldum
548 4641 741 4713 juvare
775 4643 957 4709 vellet,
985 4649 1184 4697 etcum
1218 4640 1343 4696 filiis
1379 4638 1659 4695 Godefridi
1706 4637 1809 4695 fte-

211 4738 320 4794 dus
362 4738 515 4807 pacis
540 4736 753 4802 inisset,
795 4736 980 4791 missis
1008 4735 1063 4790 in
1087 4735 1187 4789 bos
1207 4733 1383 4803 ipsum
1411 4746 1535 4787 cum
1559 4730 1679 4802 ipso
1704 4730 1810 4786 He-

213 4826 393 4884 rioido
419 4826 715 4883 comitibus
737 4825 1043 4889 Saxonicis,
1066 4824 1326 4897 prmcepit
1353 4830 1411 4878 ut
1433 4829 1659 4895 agerent
1686 4838 1810 4878 cum

210 4922 516 4995 prmdictis,
568 4926 835 4991 quatenus
866 4936 992 4975 eum
1020 4920 1075 4975 in
1122 4919 1461 4981 societatem,
1511 4924 1571 4972 ut
1599 4917 1810 4988 pridem

209 5013 562 5080 habuerant,
621 5013 980 5083 susciperent.
1043 5010 1330 5066 Herioldus
1385 5018 1566 5067 autem
1613 5010 1808 5065 harum

210 5118 497 5163 morarum
550 5104 862 5175 impatiens,
900 5102 1090 5158 insciis
1134 5101 1363 5167 nostris,
1397 5101 1608 5172 aliquas
1652 5100 1813 5155 vilia-

210 5214 341 5255 rum
371 5197 585 5253 illorum
623 5197 747 5268 igne
795 5195 994 5266 injecto
1022 5192 1411 5257 concremavit,
1463 5191 1812 5263 praedamque

212 5293 464 5349 abduxit.
492 5292 562 5347 At
596 5292 674 5347 iiii
701 5296 958 5362 putantes
1003 5288 1122 5343 haec
1169 5287 1448 5342 voluntate
1496 5294 1811 5342 nostrorum

211 5394 395 5461 gesta,
432 5385 745 5457 improvisis
768 5389 824 5439 et
851 5380 989 5437 nihil
1026 5380 1135 5436 tale
1179 5379 1584 5454 suspicantibus
1611 5377 1812 5434 nostris

212 5478 631 5551 superveniunt,
667 5475 1005 5546 transitoque
1033 5472 1271 5546 Egidora
1318 5470 1559 5536 flumine,
1611 5470 1810 5526 castris

209 5573 445 5648 peliunt,
486 5572 542 5627 in
572 5570 755 5643 fugam
787 5567 1139 5641 compellunt,
1188 5565 1456 5639 potitique
1484 5563 1725 5619 omnium
1752 5562 1810 5617 in

211 5676 397 5725 castra
439 5667 659 5740 propria
701 5682 759 5722 se
800 5666 1091 5737 recipiunt.
1126 5660 1235 5719 Sed
1273 5661 1360 5718 his
1394 5659 1584 5733 gestis,
1613 5673 1812 5731 cogno-

213 5769 435 5819 scentes
490 5760 567 5817 rei
620 5760 927 5826 veritatem,
978 5766 1032 5814 et
1065 5763 1319 5813 verentes
1363 5754 1603 5811 debitam
1644 5751 1808 5807 uitio-

214 5860 369 5921 nem,
402 5848 679 5909 mittentes
725 5849 795 5907 ad
838 5864 935 5907 eos
969 5849 1168 5921 quibus
1214 5846 1344 5904 talia
1383 5844 1681 5901 intulerant
1701 5840 1813 5914 pri-

1914 1933 2149 2005 impuiit.
2192 1931 2504 1990 Bonifacius
2534 1943 2717 1993 tamen
2743 1936 2907 1993 sociis
2962 1940 3196 2011 receptis
3242 1941 3311 1997 ad
3345 1958 3513 2000 naves

1915 2044 1975 2084 se
2021 2028 2261 2100 collegit,
2294 2028 2530 2098 patriam
2573 2032 2846 2101 repetivit,
2876 2032 3315 2105 inexpletumque
3349 2044 3514 2106 atque

1914 2122 2219 2176 inauditum
2247 2131 2453 2177 metum
2474 2124 2629 2194 prius
2655 2123 2803 2179 Afris
2832 2124 3073 2196 reliquit.
3102 2125 3218 2182 Hoc
3255 2144 3402 2183 anno
3428 2129 3515 2184 bis

1915 2214 2210 2284 deliquium
2238 2214 2381 2272 lunae
2410 2216 2641 2287 contigit
2670 2216 2727 2273 in
2777 2216 3038 2273 Kalendis
3073 2215 3223 2284 Julii,
3254 2227 3312 2274 et
3353 2228 3514 2277 nocte

1915 2306 2123 2364 Natalis
2148 2307 2384 2363 Domini.
2418 2306 2527 2364 Sed
2569 2317 2624 2365 et
2669 2325 2883 2367 annona
2915 2311 3164 2380 quaedam
3194 2311 3513 2383 imperatori

1915 2401 2096 2457 delata
2118 2409 2204 2456 est
2240 2416 2272 2456 a
2308 2402 2532 2472 regione
2570 2402 2896 2468 Wasconiae,
2944 2402 3164 2458 brevior
3211 2402 3511 2472 frumento,
3556 2468 3559 2469 ν

1914 2506 2018 2548 nec
2061 2502 2247 2551 tamen
2300 2501 2444 2549 teres
2487 2501 2547 2549 ut
2588 2493 2728 2564 pisa,
2778 2509 2943 2564 quam
2990 2494 3246 2550 dixerunt
3284 2496 3514 2551 descen-

1916 2588 2061 2645 disse
2091 2587 2160 2644 de
2208 2587 2368 2645 etelo.
2402 2587 2643 2647 Hiberna
2695 2587 2958 2645 Dominus
3003 2588 3302 2659 imperator
3336 2588 3512 2660 Aquis

1915 2680 2117 2751 exegit.
2806 2726 2809 2727 ν

1990 2772 2180 2829 Hieme
2221 2779 2496 2829 transacta
2525 2787 2655 2829 cum
2686 2772 3132 2844 Quadragesima:
3174 2776 3373 2833 sacrati
3396 2775 3514 2833 dies

1917 2864 2349 2930 celebrarentur,
2399 2872 2456 2921 et
2498 2865 2731 2922 instaret
2764 2861 2988 2922 Pascha:
3039 2868 3349 2925 veneranda
3416 2881 3510 2923 so-

1916 2957 2173 3014 lemuitas
2213 2956 2389 3028 (829),
2443 2957 2765 3028 intempesta
2813 2966 2974 3014 nocte
3002 2968 3349 3020 terrmmotus
3377 2960 3515 3017 adeo

1917 3051 2130 3108 validus
2168 3050 2404 3118 exstitit,
2435 3060 2496 3108 ut
2540 3050 2787 3107 :editiciis
2831 3052 3042 3108 cunctis
3089 3052 3302 3109 ruinam
3345 3052 3519 3109 ruina-

1919 3154 2090 3201 retur.
2121 3145 2294 3202 Porro
2340 3146 2490 3202 venti
2537 3145 2792 3202 violentia
2839 3146 3152 3210 subsecuta,
3186 3161 3295 3201 non
3345 3145 3509 3203 modo

1919 3243 2154 3309 minora,
2188 3244 2283 3299 sed
2330 3244 2497 3299 etiam
2548 3244 2725 3315 ipsum
2755 3244 3018 3313 palatium
3043 3244 3320 3315 Aqucnse,
3348 3244 3515 3299 vehe-

1916 3335 2121 3391 mentia
2143 3335 2227 3390 sui
2255 3336 2330 3391 ita
2360 3336 2609 3408 agitavit,
2637 3337 2882 3392 utetiam
2908 3336 3187 3395 laterculis
3220 3336 3513 3407 plumbeis,

1917 3428 2114 3499 quibus
2145 3436 2285 3483 tecta
2314 3436 2436 3484 erat
2458 3427 2685 3485 basilica
2717 3436 2922 3484 sanctae
2952 3428 3049 3485 Dei
3085 3428 3368 3501 genitricis
3394 3426 3511 3481 Ma-

1917 3521 2032 3587 riae,
2079 3522 2316 3577 maxima
2343 3537 2409 3576 ex
2438 3529 2594 3593 parte
2621 3521 2923 3593 detegeret.
2976 3521 3217 3578 Moratus
3245 3528 3329 3578 est
3364 3521 3421 3576 in
3449 3535 3516 3577 eo

1914 3613 2116 3683 palatio
2181 3613 2431 3685 plurimis
2480 3615 2800 3686 cogentibus
2838 3615 3277 3679 necessitatibus,
3333 3622 3388 3670 et
3417 3630 3517 3685 pu-

1914 3705 2073 3762 blicis
2119 3706 2469 3762 utilitatibus.
2533 3702 2737 3762 Statuit
2782 3706 3042 3763 Kalendis
3093 3707 3223 3763 .‘iulii
3270 3706 3513 3764 indidem

1914 3799 2209 3870 proficisci,
2240 3806 2297 3854 et
2346 3798 2713 3854 Wormatiam
2740 3799 2809 3854 ad
2853 3798 3242 3854 celebrandum
3292 3812 3517 3868 genera-

1914 3891 2024 3947 lem
2048 3891 2234 3960 populi
2259 3901 2589 3947 conventum
2613 3905 2926 3962 properare.
2958 3890 3002 3944 A
3026 3904 3132 3959 qua
3160 3890 3515 3961 dispositione

1916 3990 2041 4040 eum
2077 3989 2294 4043 mutare
2314 3983 2710 4059 aliquantisper
2734 3982 2916 4052 coegit
2942 3997 3150 4047 rumor,
3180 3981 3274 4052 qui
3298 3982 3513 4038 sederat

1916 4077 2297 4134 Nordmannos
2316 4077 2455 4134 velle
2481 4077 2753 4148 trangredi
2772 4082 2977 4132 statuta
3000 4076 3147 4145 pacti
3181 4083 3235 4132 et
3258 4075 3529 4146 proprios.

1915 4171 2074 4237 ﬁnes,
2098 4178 2154 4227 et
2180 4170 2629 4226 Transaibianam
2659 4168 2935 4239 regionem
2960 4167 3231 4240 populari.
3278 4167 3385 4223 Sed
3424 4167 3511 4225 his

1915 4263 2075 4319 aliter
2099 4276 2159 4319 se
2190 4262 2535 4328 habentibus,
2586 4262 2887 4332 imperator
2925 4262 3224 4318 secundum
3270 4261 3506 4332 disposi-

1917 4356 2121 4411 tionem
2169 4355 2276 4411 ioci
2321 4364 2377 4411 et
2402 4354 2663 4427 temporis
2693 4344 2935 4421 advenit,
2995 4356 3063 4412 de
3087 4356 3174 4412 bis
3224 4368 3346 4425 quae
3393 4353 3511 4411 visa

1917 4454 2044 4503 sunt
2091 4446 2335 4503 studiose
2386 4447 2663 4514 tractavit,
2714 4461 2893 4503 annua
2955 4445 3095 4503 dona
3139 4445 3399 4516 suscepit,
3448 4444 3512 4501 fi-

1916 4539 2156 4610 liumque
2198 4554 2354 4595 suum
2383 4538 2703 4595 Lotbarium
2728 4540 2785 4595 in
2826 4539 3040 4597 italiam
3070 4539 3296 4596 dimisit.
3340 4536 3401 4593 In
3443 4552 3511 4595 eo

1914 4634 2080 4688 etiam
2122 4642 2417 4699 conventu,
2472 4634 2814 4703 comperiens
2851 4632 3217 4690 clandestinae
3258 4633 3403 4687 circa
3451 4646 3511 4688 se

1914 4741 2107 4781 eorum
2157 4740 2297 4796 quos
2321 4725 2448 4782 vita:
2472 4736 2849 4784 reservaverat
2894 4726 3328 4802 machinationes
3357 4740 3511 4781 more

1914 4816 2100 4872 cancri
2165 4831 2407 4886 serpere,
2467 4824 2522 4874 et
2582 4818 2876 4877 multorum
2931 4817 3143 4875 animos
3195 4816 3352 4887 quasi
3411 4832 3511 4888 per

1912 4908 2177 4979 quosdam
2199 4909 2480 4967 cuniculos
2507 4909 2823 4975 sollicitare,
2850 4909 3044 4967 statuit
3069 4908 3171 4964 sibi
3195 4916 3386 4964 contra
3414 4923 3510 4965 eos

1914 4998 2188 5067 quoddam
2231 4998 2695 5069 propugnaculum
2734 4998 2964 5069 erigere.
3012 4996 3148 5052 Nam
3173 4997 3508 5053 Bernardum

1914 5098 2141 5146 eatenus
2165 5089 2553 5161 Hispaniarum
2577 5091 2816 5161 partium
2855 5095 2911 5145 et
2946 5089 3177 5147 limitum
3227 5089 3507 5157 comitem,

1913 5199 2145 5241 camerte
2171 5197 2284 5238 sum
2308 5180 2572 5253 praefecit.
2604 5183 2735 5250 Qua:
2760 5197 2850 5238 res
2879 5196 2986 5239 non
3008 5180 3362 5237 seminarium
3393 5180 3508 5237 dis-

1913 5276 2114 5332 cordia:
2163 5275 2462 5343 exstinxit,
2518 5275 2614 5332 sed
2655 5274 2838 5346 potius
2890 5280 3241 5346 augmentum
3278 5273 3506 5329 creavit.

1917 5367 2027 5425 Sed
2050 5383 2173 5424 eum
2201 5368 2433 5423 necdum
2469 5366 2508 5421 ii
2535 5366 2627 5437 qui
2654 5365 2750 5421 tali
2794 5373 2949 5436 peste
2979 5365 3356 5433 tabescebant,
3392 5363 3510 5420 vui-

1917 5476 2024 5518 nus
2061 5475 2221 5517 suum
2272 5458 2526 5530 detegere
2585 5465 2812 5529 possent
2863 5466 2926 5514 ut
2971 5466 3100 5529 pote
3145 5458 3343 5529 quibus
3363 5455 3510 5512 nulla

1918 5556 2074 5625 copia
2100 5553 2167 5609 ad
2196 5552 2559 5625 peragendum
2606 5567 2727 5623 quae
2755 5551 3143 5626 concupierant
3170 5557 3507 5624 suppeteret,

1918 5646 1972 5702 in
1998 5646 2142 5701 aliud
2176 5654 2387 5716 tempus
2434 5644 2550 5700 haec
2582 5643 2801 5701 differre
2842 5653 3168 5701 statuerunt.
3209 5644 3513 5714 Imperator

1917 5747 2101 5796 autem
2156 5738 2282 5803 bis,
2341 5745 2402 5792 ut
2450 5736 2824 5808 opportunitas
2885 5737 3148 5805 dictabat,
3205 5732 3505 5806 explicitis,

1916 5834 2170 5892 Rhenum
2196 5832 2430 5902 transiit,
2457 5830 2870 5895 Franconoford
2898 5833 3088 5927 villam
3122 5830 3302 5905 petiit,
3324 5827 3510 5902 ibique
