4048 6350
556 352 661 412 959
717 302 722 309 '

1655 310 1979 404 Lunoth
2014 342 2039 399 ι
2075 340 2550 401 cocuousuro
2588 340 2677 399 ru

3706 338 3822 396 960

552 466 792 544 quandiu
828 466 1033 522 bunum
1060 465 1237 521 visum
1265 469 1370 530 est,
1399 470 1456 518 et
1481 461 1660 518 hieme
1714 459 2132 531 propinquantia
2158 460 2213 522 Α
2233 456 2383 512 Italia
2406 455 2575 522 venit,
2606 470 2836 528 eumque
2859 456 2917 511 in
2936 454 3270 528 Compendio
3294 456 3520 527 reperit.
3545 456 3635 512 Ad
3652 470 3823 528 quem

551 562 752 634 frigora
778 559 1041 626 siverunt,
1066 556 1340 613 venationi
1364 554 1590 610 indulsit
1617 572 1631 607 :
1662 568 1726 608 ac
1752 553 1945 609 deinde
1986 551 2133 608 circa
2234 550 2537 606 venientem
2567 566 2626 605 se
2647 550 2875 606 contulit
2903 559 3013 606 tota
3039 552 3127 606 illa
3146 551 3309 606 factio
3330 552 3550 607 inimica
3577 554 3821 623 impera-

551 654 777 711 missam
826 651 1001 708 sancti
1053 649 1298 717 Martini,
1329 649 1397 705 ad
1450 647 1791 719 Aquasgrani
1835 662 1894 703 se
1947 646 2132 712 vertit,

551 747 736 817 ibique
760 754 815 802 et
841 747 1017 816 ipsam
1051 742 1423 809 festivitatem,
1462 750 1517 797 et
1543 741 1716 796 sancti
1743 739 1992 805 Andreae,
2035 754 2135 795 nec

550 854 660 895 non
702 836 1014 893 Nativitatis
1039 835 1351 902 Dominicaz,
1383 849 1509 890 cum
1528 833 1771 904 reliquis,
1798 839 1859 887 ut
1885 830 2131 899 decebat,

550 934 763 1005 peregit
790 932 1098 988 celebriter.

622 1021 781 1078 Circa
808 1030 1019 1093 tempus
1045 1035 1209 1091 porro
1231 1016 1727 1091 Quadragesimale,
1752 1032 1878 1072 cum
1900 1015 2136 1086 impera-

553 1123 641 1171 tor
667 1115 786 1170 loca
837 1115 973 1170 mari
1005 1113 1445 1186 circumjacentia
1492 1121 1832 1183 peragraret,
1879 1109 2135 1166 factionis

553 1206 755 1278 iniqua:
779 1206 1056 1277 principes
1075 1205 1217 1261 ultra
1244 1204 1386 1261 ferre
1411 1220 1517 1259 non
1532 1203 1777 1258 valentes
1802 1201 2134 1257 occultatum

551 1298 643 1354 diu
670 1297 867 1353 vulnus
895 1297 1174 1369 detegunt.
1209 1297 1345 1352 Nam
1388 1298 1626 1367 primum
1657 1296 1800 1351 inter
1830 1310 1889 1350 se
1929 1294 2135 1364 primo-

549 1403 639 1444 res
667 1388 870 1444 foedere
895 1390 1131 1459 quodam
1154 1390 1443 1460 conjurant
1466 1430 1482 1456 ,
1531 1388 1724 1443 deinde
1752 1388 1991 1443 minores
2029 1386 2133 1441 sibi

554 1490 871 1551 aggregant.
905 1481 1145 1548 Quorum
1166 1497 1294 1551 pars
1321 1481 1638 1537 mutationis
1661 1495 1880 1549 semper
1911 1479 2127 1547 cupida,

548 1585 702 1626 more
731 1587 925 1627 canum
950 1575 1239 1643 aviumque
1264 1574 1543 1643 rapacium
1568 1614 1582 1638 ,
1616 1587 1736 1641 qua:
1768 1572 2007 1625 alienum
2034 1570 2131 1625 de-

550 1664 867 1719 trimentum
893 1681 1050 1720 suum
1087 1674 1335 1735 quaerunt
1357 1664 1475 1720 fieri
1500 1664 1854 1735 suppletionis
1874 1678 2135 1733 augmen-

553 1763 687 1809 tum.
721 1755 869 1811 Freti
898 1771 1027 1828 ergo
1054 1757 1395 1812 multitudine
1419 1766 1475 1812 et
1497 1771 1722 1811 assensu
1747 1754 2128 1826 plurimorum,

2237 643 2399 708 toris;
2424 642 2538 711 ipse
2569 651 2749 697 tamen
2774 642 2908 697 nihil
2932 651 3058 698 tunc
3087 644 3344 714 temporis
3388 645 3530 713 patri
3560 646 3819 704 intulisse

2236 734 2385 789 visus
2410 743 2495 790 est
2517 735 2819 801 dedecoris,
2844 735 3090 805 probavit
3115 744 3295 790 autem
3316 752 3438 806 quae
3458 746 3614 807 gesta
3634 749 3821 795 erant.

2236 824 2479 894 Denique
2504 825 2823 881 lleribertus
2846 824 3106 881 Bernardi
3139 825 3329 894 frater,
3360 828 3643 884 luminum
3656 833 3826 887 amis-

2237 918 2386 974 sione
2408 918 2695 974 mulctatus
2727 927 2813 975 est
2837 928 3027 975 contra
3059 929 3247 975 votum
3278 922 3657 993 imperatoris,
3698 925 3822 980 Odo

2238 1010 2592 1065 consobrinus
2620 1009 2765 1064 illius
2798 1011 2963 1065 armis
3011 1010 3204 1065 ablatis
3237 1014 3429 1068 exsilio
3475 1014 3821 1084 deportatus,

2238 1110 2497 1171 tanquam
2541 1116 2729 1157 eorum
2762 1116 2882 1171 quae
2916 1100 3192 1157 Bernardo
3234 1111 3289 1157 et
3323 1104 3523 1174 reginae
3554 1105 3827 1160 acclama-

2235 1191 2431 1247 bantur
2471 1192 2672 1247 conscii
2726 1200 2781 1247 et
2824 1192 3087 1269 fautores.
3141 1193 3201 1248 In
3229 1194 3428 1250 talibus
3485 1212 3624 1267 ergo
3649 1198 3826 1252 consi-

2238 1292 2407 1350 stens,
2452 1283 2566 1340 solo
2617 1285 2834 1341 nomine
2885 1286 3204 1356 imperator,
3258 1296 3503 1342 aestatem
3535 1290 3822 1359 transegit.

2236 1379 2370 1435 Cum
2417 1389 2600 1437 autem
2650 1381 2877 1437 instaret
2917 1364 3247 1440 autumnalis
3281 1386 3612 1455 temperies,
3644 1387 3685 1440 ii
3736 1389 3824 1458 qui

2236 1471 2549 1541 imperatori
2598 1474 2870 1528 contraria
2915 1474 3223 1530 sentiebant
3248 1476 3442 1531 alicubi
3489 1479 3547 1532 in
3590 1479 3828 1537 Francia

2236 1570 2562 1617 conventum
2582 1564 2890 1633 generalem
2922 1565 3036 1620 fieri
3065 1567 3340 1623 volebant.
3394 1568 3709 1641 Imperator
3730 1588 3828 1625 au-

2236 1662 2342 1709 tem
2358 1654 2601 1710 clanculo
2615 1656 2979 1721 obnitebatur,
3003 1656 3249 1713 difﬁdens
3264 1657 3517 1725 Francis,
3542 1662 3827 1732 magisque

2237 1762 2294 1804 se
2319 1749 2547 1805 credens
2572 1749 2877 1805 Germanis.
2905 1749 3153 1811 Obtinuit
3194 1758 3378 1807 tamen
3421 1755 3700 1808 sententia
3722 1756 3826 1808 im-

552 1843 722 1901 ﬁlium
774 1848 1122 1918 imperatoris
1158 1849 1443 1920 pippinum
1474 1848 1693 1914 adeum,
1729 1849 2131 1918 praetendentes
2163 1829 2210 1890 Β
2237 1841 2508 1911 peratoris
2529 1849 2590 1895 ut
2618 1841 2945 1912 Niumagum
2971 1842 3203 1912 populus
3233 1843 3573 1898 conveniret.
3622 1845 3831 1900 Yerens

555 1938 913 2010 abjectionem
941 1942 1049 2009 sui,
1075 1940 1336 1997 Bernardi
1358 1941 1723 2007 insolentiam,
1741 1949 1796 1996 et
1816 1948 2135 1996 caaterorum

554 2030 957 2102 despectionem
989 2052 1002 2088 :
1055 2042 1361 2090 asserentes
1395 2034 1559 2090 etiam
1586 2049 1709 2088 eum
1746 2073 1761 2101 ,
1812 2035 1958 2103 quod
1987 2034 2137 2089 dictu

553 2125 709 2182 nefas
739 2168 754 2192 ,
796 2127 936 2182 thori
982 2128 1194 2198 paterni
1247 2128 1631 2182 incestatorem
1669 2140 1684 2179 :
1724 2140 1889 2196 porro
1922 2132 2137 2195 patrem

550 2218 685 2273 adeo
700 2218 1023 2288 quibusdam
1040 2218 1332 2288 prtestigiis
1352 2218 1587 2283 elusum,
1617 2224 1677 2270 ut
1698 2217 1814 2272 haec
1843 2231 1951 2271 non
1974 2216 2136 2271 modo

552 2325 662 2364 non
694 2309 1004 2374 vindicare,
1046 2309 1141 2364 sed
1170 2324 1272 2365 nec
1307 2308 1589 2364 advertere
1616 2315 1819 2377 posset.
1874 2306 2137 2377 Oportere

550 2412 704 2469 ergo,
730 2398 1002 2464 dicebant,
1031 2399 1234 2454 bonum
1258 2399 1432 2454 filium
1480 2398 1701 2470 indigne
1731 2398 1876 2454 ferre
1899 2398 2135 2454 dedecus

551 2499 862 2560 paternum,
910 2490 1214 2561 ablatisque
1237 2508 1268 2547 e
1296 2491 1474 2547 medio
1504 2491 1793 2546 restituere
1837 2496 2052 2560 patrem
2081 2496 2138 2546 et

552 2583 720 2637 menti
746 2590 799 2637 et
829 2582 1079 2654 dignitati
1107 2600 1121 2650 ;
1154 2591 1209 2639 et
1236 2584 1339 2639 hoc
1368 2591 1619 2652 agentem
1644 2598 1753 2637 non
1784 2582 1959 2637 solum
1990 2581 2136 2637 fama

546 2675 766 2731 virtutis
790 2685 1231 2747 prosequeretur,
1262 2677 1357 2731 sed
1384 2677 1547 2731 etiam
1579 2675 1930 2745 ampliﬁcatio
1975 2674 2131 2745 regni

550 2767 851 2833 terrestris,
877 2768 982 2823 hoc
1004 2769 1224 2823 nomine
1246 2776 1609 2837 prtetexentes
1625 2767 1861 2837 culpam.
1892 2767 1990 2821 His
2003 2780 2135 2837 ergo

552 2858 921 2913 incitamentis
949 2858 1171 2913 allectus
1189 2859 1426 2928 juvenis,
1451 2874 1575 2914 cum
1605 2860 1686 2914 eis
1710 2866 1766 2914 et
1799 2858 1988 2912 multis
2031 2872 2131 2912 co-

550 2948 657 3019 piis
684 2964 907 3003 suorum
942 2963 1040 3018 per
1065 2948 1509 3004 Aurelianensem
1538 2951 1749 3014 urbem,
1774 2949 1987 3004 sublato
2011 2949 2137 3004 inde

548 3037 755 3107 Odone,
784 3050 841 3097 ct
865 3043 1118 3098 restituto
1138 3041 1408 3109 Matfrido,
1441 3040 1828 3097 Werimbriam
1855 3058 2029 3113 usque
2050 3058 2141 3098 ve-

546 3141 764 3190 nerunt.
790 3134 862 3189 At
886 3150 1015 3190 vero
1055 3135 1350 3206 imperator
1372 3140 1431 3189 ut
1457 3149 1645 3191 eorum
1675 3136 2136 3205 conspirationem

546 3235 734 3284 contra
779 3243 838 3282 se
880 3238 936 3283 et
963 3243 1189 3283 uxorem
1218 3229 1662 3298 Bernardumque
1707 3229 2136 3284 obstinatissime

549 3321 815 3389 comperit
828 3319 1073 3375 feraliter
1086 3329 1379 3386 armatam,
1401 3319 1738 3375 Bernardum
1754 3319 1976 3389 quidem
1998 3319 2137 3391 fugae

551 3416 806 3486 praesidio
852 3431 911 3470 se
958 3416 1303 3470 committere
1347 3416 1635 3485 permisit;
1679 3430 1908 3469 uxorem
1954 3424 2137 3470 autem

547 3507 794 3563 Lauduni
814 3524 952 3574 esse,
1007 3517 1061 3563 et
1110 3509 1163 3562 in
1194 3509 1522 3563 monasterio
1550 3517 1753 3563 sanctae
1788 3507 1972 3562 Mariae
2002 3523 2135 3563 con-

551 3599 745 3654 sistere
772 3599 975 3666 voluit;
1005 3600 1121 3668 ipse
1142 3606 1322 3653 autem
1349 3598 1739 3669 Compendium
1761 3598 1936 3668 petiit.
1961 3596 2134 3653 Porro

545 3687 584 3742 ii
638 3688 730 3759 qui
762 3703 887 3743 cum
925 3688 1154 3759 Pippino
1203 3672 1589 3744 Werimbriam
1632 3700 1922 3755 venerunt,
1961 3689 2133 3745 misso

549 3780 774 3835 Werino
804 3779 1001 3853 [Infra,
1027 3782 1276 3856 Warino]
1298 3791 1354 3837 et
1372 3783 1691 3850 Lantberto,
1711 3782 1937 3853 aliisque
1965 3797 2133 3853 quam

544 3875 813 3946 plurimis,
849 3873 1035 3932 Judith
1064 3878 1311 3949 reginam
1353 3893 1422 3933 ex
1450 3878 1672 3933 civitate
1702 3876 2135 3946 monasteriique

548 3966 773 4022 basilica
802 3967 1074 4036 eductam,
1117 3968 1185 4023 ad
1216 3984 1276 4025 se
1296 3968 1518 4039 perduci
1545 3967 1810 4023 fecerunt.
1834 3965 2004 4034 Quam
2035 3981 2132 4021 us-

546 4073 652 4128 que
678 4060 812 4115 adeo
845 4060 1110 4114 intentata
1133 4075 1232 4129 per
1258 4061 1459 4116 diversi
1483 4060 1698 4131 generis
1740 4074 1935 4131 poenas
1956 4066 2135 4113 morte

548 4149 796 4219 adegere,
826 4158 886 4203 ut
912 4152 1256 4220 promitteret
1275 4166 1357 4217 se,
1388 4152 1434 4206 si
1450 4151 1552 4206 sibi
1579 4151 1736 4220 copia
1759 4150 1983 4205 daretur
2008 4162 2134 4204 cum

544 4240 871 4313 imperatore
896 4242 1168 4311 loquendi,
1189 4258 1575 4313 persuasuram
1596 4250 1865 4313 quatenus
1900 4242 2133 4311 impera-

542 4339 653 4399 tor,
682 4332 909 4403 abjectis
933 4334 1100 4388 armis
1127 4335 1405 4406 comisque
1419 4336 1626 4401 recisis,
1657 4335 1990 4391 monasterio
2013 4321 2135 4389 sese

547 4426 843 4493 conferret,
881 4440 940 4482 se
967 4428 1135 4483 etiam
1164 4428 1419 4499 imposito
1446 4430 1568 4484 velo
1590 4430 1756 4500 capiti
1786 4428 1975 4484 itidem
2012 4428 2127 4483 fac-

550 4527 750 4575 turam.
802 4520 974 4588 Quam
1026 4537 1143 4577 rem
1179 4523 1397 4592 quando
1442 4522 1565 4593 plus
1610 4523 1952 4594 cupiebant,
1979 4529 2131 4576 tanto

548 4611 763 4668 facilius
795 4614 1160 4669 crediderunt.
1191 4613 1370 4670 Missis
1415 4616 1558 4669 enim
1592 4631 1713 4671 cum
1750 4629 1813 4668 ea
1863 4614 2132 4684 aliquibus

544 4727 765 4768 suorum
795 4753 810 4778 ,
868 4712 936 4767 ad
976 4712 1362 4783 imperatorem
1414 4728 1588 4783 usque
1621 4712 1988 4766 deduxerunt.
2031 4710 2132 4766 Cui

549 4818 670 4858 cum
697 4802 786 4858 ille
805 4804 1070 4858 secretius
1092 4818 1277 4858 secum
1306 4802 1559 4873 loquendi
1610 4803 1887 4858 licentiam
1915 4803 2129 4873 praesti-

544 4899 722 4963 tisset,
751 4897 1099 4968 permittente
1146 4896 1238 4952 illo
1284 4905 1345 4952 ut
1371 4905 1605 4952 mortem
1635 4896 1866 4952 evadere
1916 4905 2125 4967 posset,

545 4990 663 5059 ipsa
697 4989 875 5044 velum
912 4989 1017 5046 sibi
1071 4989 1235 5060 capiti
1287 4989 1674 5061 superposuit:
1713 4989 1780 5044 de
1811 4990 2129 5059 ,attonsione

543 5104 705 5159 porro
750 5104 848 5145 sua
891 5091 1188 5160 imperator
1215 5097 1429 5159 tempus
1473 5087 1805 5144 deliberandi
1851 5087 2120 5159 poposcit.

547 5180 719 5235 Tanto
746 5183 1233 5254 enim‘imperator,
1258 5184 1379 5240 aliis
1412 5183 1647 5254 benigne
1670 5184 1887 5249 sumper
1909 5181 2122 5246 vivens,

546 5270 745 5339 injusto
788 5273 913 5328 odio
955 5275 1256 5340 laborabat,
1288 5281 1350 5329 ut
1377 5273 1599 5329 taederet
1642 5287 1736 5327 eos
1760 5271 1884 5326 vita:
1931 5270 2121 5339 ipsius,

547 5362 701 5432 cujus
744 5364 1005 5421 beneficio
1040 5367 1144 5421 nisi
1196 5366 1269 5421 illi
1296 5367 1547 5429 viverint,
1590 5363 1737 5433 juste
1774 5373 1830 5418 et
1875 5361 2125 5433 legaliter

544 5456 657 5510 vita
684 5444 1001 5510 caruissent.
1053 5457 1333 5513 Redeunte
1374 5473 1503 5527 ergo
1531 5457 1599 5511 ad
1651 5471 1710 5511 se
1741 5455 1946 5526 regina,
2000 5453 2122 5508 aliis

544 5546 762 5618 quidem
791 5546 948 5602 malis
970 5553 1358 5618 temperarunt,
1382 5548 1755 5604 acclamatioui
1778 5554 1959 5602 autem
1975 5544 2122 5616 vulgi

545 5639 972 5704 consentientes,
1002 5638 1192 5694 exsilio
1221 5656 1339 5695 eam
1368 5640 1641 5709 deportari
1663 5647 1717 5693 et
1743 5640 1797 5693 in
1840 5645 2121 5693 monaste-

544 5733 630 5789 rio
658 5740 859 5789 sanctae
882 5730 1227 5800 Radegundis
1250 5730 1451 5786 retrudi
1471 5728 1767 5797 jusserunt.
1788 5729 1943 5795 Circa
1972 5743 2126 5784 men—

548 5832 663 5881 sem
691 5824 893 5883 Maium
935 5837 1100 5896 porro
1147 5821 1293 5878 illius
1342 5820 1685 5891 imperatoris
1726 5819 2019 5878 Lotharius
2055 5835 2127 5878 ex

2235 1947 2399 2001 porro
2427 1946 2494 1986 ne
2520 1932 2809 1988 multitudo
2848 1935 3247 1989 contrariorum
3270 1943 3554 2005 superaret
3581 1938 3833 2005 paucita-

2238 2030 2349 2078 tem
2418 2040 2639 2080 suorum
2693 2026 2930 2081 ﬁdelium
2961 2068 2976 2093 ,
3024 2026 3188 2095 jussit
3234 2036 3295 2081 ut
3341 2028 3721 2097 unusquisque
3766 2028 3835 2083 ad

2238 2116 2379 2170 idem
2408 2117 2667 2187 placitum
2692 2120 2933 2185 veniens,
2959 2120 3191 2191 simplici
3224 2129 3469 2176 uteretur
3494 2130 3826 2177 commeatu.

2238 2205 2503 2277 Prmccpit
2555 2210 2720 2264 etiam
2780 2211 3032 2267 comitem
3074 2211 3425 2267 Lambcrtum
3472 2212 3671 2267 finium
3729 2214 3828 2269 sibi

2240 2297 2623 2369 deputatorum
2646 2302 2948 2356 custodiam
2974 2302 3198 2358 habere.
3225 2302 3548 2358 Heiisachar
3575 2304 3827 2359 abbatem

2234 2390 2474 2460 justitias
2498 2391 2769 2448 facturum
2799 2410 2865 2450 eo
2909 2411 3123 2466 quoque
3152 2396 3373 2452 direxit.
3417 2398 3670 2453 Tandem
3700 2414 3824 2470 ergo

2240 2487 2562 2559 Niumagum
2588 2498 2811 2545 ventum
2833 2499 2935 2555 est,
2958 2492 3244 2562 omnisque
3281 2491 3582 2547 Germania
3610 2508 3681 2548 eo
3708 2509 3832 2548 con-

2238 2576 2412 2645 ﬂuxit,
2442 2580 2756 2650 imperatori
2797 2581 2996 2636 auxilio
3036 2581 3235 2636 futura.
3284 2581 3590 2653 Imperator
3646 2592 3826 2638 autem

2242 2674 2429 2728 volens
2458 2674 2633 2728 adhuc
2653 2675 2798 2729 vires
2820 2674 3257 2730 adversariorum
3282 2683 3594 2741 attenuare,
3629 2674 3833 2729 Hildui-

2238 2780 2365 2819 num
2388 2765 2638 2820 abbatem
2666 2766 2915 2836 culpans,
2945 2768 3295 2838 interrogavit
3328 2783 3444 2834 cur,
3476 2783 3605 2822 cum
3629 2769 3835 2838 simpli-

2238 2857 2373 2911 citer
2400 2856 2586 2910 venire
2603 2857 2790 2927 jussus
2825 2858 2916 2921 sit,
2944 2858 3215 2912 hostiliter
3240 2858 3545 2912 advenerit.
3579 2858 3687 2924 Qui
3714 2872 3833 2912 cum

2237 2965 2436 3020 negare
2481 2952 2749 3022 nequiret,
2792 2952 3052 3006 continuo
3079 2968 3145 3007 ex
3197 2953 3400 3023 palatio
3447 2953 3604 3008 exire
3650 2955 3834 3025 jussus

2238 3048 2321 3094 est
2347 3058 2359 3093 :
2387 3050 2586 3095 etcum
2617 3042 2960 3111 paucissimis
2986 3044 3294 3099 hominibus
3314 3044 3458 3113 justa
3478 3044 3833 3100 Patrisbrun-

2240 3147 2365 3186 nam
2400 3133 2456 3187 in
2485 3134 2871 3204 expeditionali
2901 3136 3252 3191 tabernaculo
3296 3137 3568 3192 hiemare.
3603 3136 3831 3192 Walacb

2241 3225 2409 3280 abbas
2442 3223 2630 3294 jussus
2662 3235 2747 3281 est
2780 3226 2847 3280 ad
2879 3229 3274 3283 monasterium
3320 3228 3501 3283 redire
3563 3229 3826 3290 Corbeixe,

2241 3316 2422 3387 ibique
2446 3317 2766 3389 regulariter
2788 3318 3087 3373 obversari.
3129 3319 3255 3374 Hzec
3293 3335 3416 3375 cum
3441 3320 3477 3374 ii
3508 3321 3605 3389 qui
3657 3321 3829 3391 impe-

2240 3408 2411 3463 ratori
2433 3408 2771 3464 adversaturi
2796 3419 3184 3475 convenerant,
3214 3412 3593 3481 providerent,
3643 3414 3715 3467 ad
3745 3414 3833 3468 de-

2239 3500 2604 3571 sperationem
2628 3500 2876 3555 ultimam
2901 3501 3118 3558 infracti
3140 3504 3350 3559 viribus
3375 3518 3495 3569 sese
3521 3512 3826 3560 vertean

2237 3592 2479 3661 Denique
2530 3607 2630 3663 per
2660 3601 2829 3648 tetam
2862 3604 3076 3649 noctem
3106 3604 3385 3660 coeuntes,
3432 3604 3601 3666 atque
3638 3598 3708 3651 ad
3734 3598 3828 3651 ha-

2235 3685 2535 3741 bitaculum
2585 3688 2829 3744 Lotharii
2874 3690 3221 3759 imperatoris
3270 3689 3365 3744 filii
3415 3692 3823 3757 convenientes,

2237 3775 2598 3831 hortabantur
2646 3786 2740 3832 aut
2778 3778 2920 3834 bello
2950 3779 3366 3853 confligendum,
3401 3791 3497 3836 aut
3541 3782 3830 3851 aliquose-

2239 3868 2541 3924 cedeudum
2573 3870 2778 3940 absque
2809 3873 3153 3942 imperatoris
3180 3875 3479 3931 voluntate.
3509 3877 3570 3931 ln
3597 3893 3703 3948 qua
3737 3879 3828 3932 ἀει

2235 3961 2556 4018 liberatione
2580 3979 2704 4019 cum
2736 3972 2902 4019 totam
2934 3968 3322 4037 expendissent
3360 3978 3583 4025 noctem
3606 4012 3622 4035 ,
3671 3986 3829 4026 mane

2237 4056 2535 4127 imperator
2558 4056 2672 4114 ﬁlio
2696 4059 2920 4114 mandat
2952 4076 3019 4116 ne
3038 4062 3273 4117 inimicis
3295 4063 3682 4119 communibus
3709 4078 3828 4117 creo

2237 4148 2349 4212 dat,
2384 4148 2481 4202 sed
2537 4148 2605 4201 ad
2641 4164 2699 4204 se
2746 4156 3006 4219 tanquam
3056 4152 3123 4206 ad
3173 4161 3385 4223 patrem
3430 4152 3574 4207 filius
3620 4146 3826 4208 veniit.

2235 4239 2439 4307 Quibus
2468 4240 2556 4295 ille
2581 4242 2803 4309 auditis,
2841 4242 2968 4298 licet
3017 4244 3433 4301 dehortantibus
3457 4245 3542 4315 qui
3579 4246 3732 4299 circa
3760 4247 3833 4299 il-

2232 4332 2345 4387 lum
2370 4339 2545 4397 erant,
2588 4334 2657 4387 ad
2691 4345 2902 4403 patrem
2931 4337 3100 4391 venit.
3139 4337 3185 4391 A
3208 4353 3317 4407 quo
3362 4355 3470 4393 non
3512 4345 3597 4393 est
3618 4353 3825 4408 aspera

2235 4426 2606 4497 increpatione
2642 4428 2910 4495 invectus,
2957 4430 3053 4485 sed
3083 4431 3324 4485 modesta
3372 4432 3598 4487 lenitate
3639 4448 3828 4487 corre-

2236 4525 2375 4573 ctus.
2403 4518 2653 4589 Ingresso
2683 4530 2863 4576 autem
2892 4522 2983 4578 illo
3014 4523 3156 4578 intra
3180 4524 3364 4594 penita
3390 4524 3558 4595 regia:
3608 4526 3822 4595 domus,

2238 4610 2437 4666 diaboli
2473 4611 2819 4683 instigatione
2851 4614 3045 4683 vulgus
3082 4624 3273 4671 contra
3319 4632 3378 4673 se
3405 4600 3599 4688 cmpit‘
3621 4618 3821 4684 furere,

2235 4706 2699 4777 processissetque
2724 4706 2875 4761 furor
2896 4723 3066 4778 usque
3097 4709 3162 4763 ad
3188 4718 3429 4764 mutuam
3462 4694 3694 4776 eadem,
3723 4713 3821 4768 nisi

2234 4800 2586 4871 imperatoria
2640 4800 2925 4870 prudentia
2962 4802 3351 4871 prospexisset.
3391 4803 3531 4856 Dum
3562 4805 3713 4860 enim
3749 4803 3821 4858 illi

2233 4882 2376 4946 inter
2422 4907 2484 4947 se
2532 4891 2959 4958 tumultuantes,
3009 4907 3147 4961 pene
3184 4894 3239 4948 in
3284 4908 3543 4949 vesanum
3583 4884 3820 4951 furorem

2232 4988 2473 5047 ruerent,
2499 4982 2796 5051 imperator
2814 4984 2881 5038 ad
2902 4991 3220 5039 cunctorum
3248 4995 3531 5055 aspectum
3561 5003 3691 5042 cum
3718 4988 3821 5042 filio

2234 5076 2522 5144 processit.
2560 5076 2677 5143 Quo
2724 5075 2895 5143 facto,
2943 5080 3120 5133 omnis
3151 5079 3242 5133 illa
3298 5079 3487 5137 feralis
3522 5085 3819 5138 commotio

2233 5168 2560 5238 conquievit.
2593 5169 2943 5241 lmperatoria
2963 5174 3108 5227 enim
3135 5174 3383 5229 oratione
3404 5177 3615 5241 audita,
3643 5179 3822 5232 omnis

2232 5259 2508 5328 popularis
2564 5260 2827 5317 tumultus
2875 5261 3117 5318 facessit.
3171 5263 3300 5319 Post
3353 5266 3472 5321 h:ec
3523 5267 3821 5336 imperator

2231 5365 2422 5406 omnes
2448 5351 2661 5407 illorum
2689 5352 2849 5422 hujus
2879 5355 3057 5425 impiae
3083 5357 3507 5427 conspirationis
3540 5360 3820 5429 principes

2231 5447 2331 5503 sub
2348 5444 2557 5515 privata
2585 5447 2828 5501 custodia
2870 5448 3138 5503 asservari
3160 5450 3434 5519 pmoepit.
3460 5451 3608 5518 Quos
3630 5463 3818 5523 postea

2231 5536 2298 5591 ad
2325 5533 2591 5604 judicium
2638 5536 2918 5603 adductos,
2959 5554 3081 5593 cum
3128 5553 3318 5593 omnes
3364 5541 3508 5610 juris
3553 5556 3819 5597 censores

2231 5628 2437 5698 filiique
2459 5628 2801 5698 imperatoris
2823 5627 3028 5699 judicio
3052 5629 3233 5700 legali,
3259 5637 3520 5700 tanquam
3547 5648 3674 5688 reos
3704 5649 3817 5688 ma-

2226 5723 2463 5793 iestatis,
2489 5723 2845 5799 decernerent
2864 5723 3080 5793 capitali
3104 5726 3376 5779 sententia
3395 5723 3575 5791 feriri,
3606 5724 3815 5781 nullum

2233 5830 2302 5875 ex
2328 5814 2409 5873 eis
2450 5814 2701 5887 permisit
2728 5813 2941 5893 occidi:
2978 5813 3085 5891 sed
3124 5828 3283 5890 usus,
3318 5824 3381 5871 ut
3405 5815 3599 5875 multis
3638 5808 3815 5872 visum
