4048 6350
262 399 366 454 961

1800 385 1986 445 vrrA.
2246 431 2273 457 ,

3416 375 3523 434 962
3566 336 3573 341 ⁷

264 518 374 583 est,
425 506 620 564 leniori
648 518 810 577 quam
848 502 1035 560 debuit
1077 502 1300 573 pietate,
1351 501 1455 559 sibi
1506 510 1687 560 tamen
1717 476 1847 560 con-
1873 507 1929 568 Α
1955 498 2063 555 Sed
2109 492 2462 555 considerans
2508 493 2803 565 imperator
2849 494 3204 564 quorumdam
3248 494 3522 551 malorum

264 610 426 659 sueto
450 597 799 670 benignitatis
825 604 882 652 et
909 596 1210 651 clementiae
1228 611 1406 661 more,
1436 595 1608 651 laicos
1629 595 1845 667 quidem

259 694 527 767 prtecepit
560 692 695 773 locis
731 690 1048 761 opportunis
1099 688 1367 744 attonderi
1391 694 1427 754 ;‘
1450 688 1680 743 clericos
1718 702 1847 743 vero

261 786 323 843 in
359 782 805 842 convenientibus
825 781 1012 837 itidem
1047 780 1395 835 monasteriis
1421 779 1700 834 custodiri.

337 879 436 934 llis
458 877 697 949 peractis
719 876 788 931 ad
813 875 1162 930 hiemandum
1183 876 1481 945 imperator
1504 874 1846 946 Aquasgrani

261 968 493 1026 secessit
522 966 691 1040 (851).
734 966 935 1022 Habuit
969 974 1150 1021 autem
1188 983 1286 1038 per
1335 968 1477 1023 idem
1509 976 1722 1038 tempus
1764 981 1847 1022 se-

260 1076 390 1118 cum
425 1074 642 1129 semper
660 1057 975 1112 Lotharium
998 1056 1165 1111 ﬁlium
1190 1072 1367 1112 suum.
1390 1057 1534 1111 Misit
1562 1058 1767 1112 interea
1792 1057 1848 1112 in

257 1153 608 1224 Aquitaniam
639 1192 653 1217 ,
683 1151 1075 1221 conjugemque
1105 1151 1403 1218 revocavit,
1452 1150 1758 1220 fratresque
1786 1150 1849 1205 il-

259 1242 371 1299 lius
416 1242 725 1298 Conradum
778 1249 832 1296 et
877 1241 1166 1296 Rodulfum
1211 1239 1531 1310 jamdudum
1558 1249 1845 1297 'attonsos.

261 1335 441 1401 Quam
498 1345 679 1389 tamen
732 1335 974 1404 conjugis
1024 1336 1230 1389 honore
1282 1350 1391 1390 non
1440 1343 1523 1391 est
1572 1334 1844 1405 dignatus,

262 1430 440 1484 donec
468 1444 526 1483 se
547 1428 704 1499 legali
733 1428 1051 1498 praescripto
1077 1428 1239 1482 modo
1284 1429 1352 1484 ab
1378 1427 1606 1496 objectis
1649 1444 1849 1498 purga-

257 1528 364 1573 ret.
402 1517 555 1585 Quod
604 1526 891 1588 postquam
941 1526 1152 1588 gestum
1199 1527 1310 1585 est,
1361 1519 1418 1575 in
1464 1517 1850 1573 Puriﬁcatione

258 1594 475 1661 sanctae
502 1606 703 1673 Mariae,
737 1608 948 1662 cunctis
981 1606 1290 1675 dijudicatis
1318 1609 1386 1663 ad
1414 1618 1645 1663 mortem
1679 1609 1850 1663 vitam

257 1697 551 1752 mncessit.
594 1698 664 1751 At
710 1696 1029 1752 Lotharium
1075 1698 1129 1751 in
1177 1697 1406 1765 Italiam,
1456 1698 1744 1769 Pippinum
1792 1700 1851 1755 in

256 1790 633 1861 Aquitaniam,
664 1790 998 1846 Ludovicum
1029 1792 1085 1845 in
1113 1791 1413 1859 Bajoariam
1453 1793 1533 1847 ire
1560 1792 1846 1862 permisit:

1950 591 2231 647 hominum
2258 587 2507 653 consilia,
2559 586 2655 641 ﬁlii
2702 586 2944 640 animum
2999 593 3107 640 tam
3145 586 3307 642 minis
3358 601 3523 657 quam

1947 675 2398 752 promissionibus
2414 678 2481 733 ad
2499 677 2769 734 deteriora
2784 675 3156 730 festinantium
3178 684 3488 747 pervertere
3506 692 3519 729 :

1948 774 2291 841 maximeque
2319 771 2650 826 Bernardum
2710 783 2937 834 verens,
2985 768 3141 838 cujus
3179 768 3405 823 consilio
3445 767 3525 822 uti

1948 878 2078 923 tunc
2099 866 2380 923 dicebatur
2419 864 2679 935 Pippinus
2708 860 2821 935 (qui
2850 871 2906 916 et
2934 861 3049 931 ipse
3072 868 3200 915 tunc
3227 861 3281 915 in
3306 859 3527 931 Aquita-

1948 961 2040 1015 nia
2060 958 2415 1030 morabatur),
2445 957 2622 1028 Ligeri
2660 965 2994 1010 transmeato
3022 995 3038 1021 ,
3078 970 3202 1009 cum
3248 968 3346 1008 suo
3374 968 3525 1008 com-

1949 1060 2131 1108 meatu
2162 1052 2229 1107 ad
2260 1050 2649 1107 Jocundiacum
2672 1047 2932 1118 palatium
2960 1045 3129 1111 venit,
3164 1045 3217 1099 in
3248 1044 3527 1100 territorio

1949 1145 2236 1202 Lemovico
2259 1145 2443 1200 situm.
2463 1143 2580 1209 Quo
2602 1140 2863 1195 ventilata
2885 1129 3167 1207 utriusque
3189 1153 3374 1203 causa,
3403 1136 3529 1191 Ber-

1949 1238 2152 1292 nardus
2179 1236 2398 1307 quidem
2427 1249 2549 1289 cum
2581 1230 2987 1287 insimularetur
3027 1228 3385 1293 inﬁdelitatis,
3431 1242 3532 1282 nec

1950 1336 2132 1384 tamen
2160 1343 2332 1397 usque
2357 1327 2425 1380 ad
2467 1323 2905 1395 congressionem
2949 1322 3207 1390 probator
3235 1317 3531 1389 procedere

1958 1420 2140 1486 vellet,
2181 1419 2478 1474 honoribus
2524 1418 2767 1488 privatus
2808 1422 2911 1468 est.
2966 1411 3253 1481 Pippinum
3304 1425 3435 1464 vero
3461 1409 3531 1463 ob

1949 1527 2245 1582 pravorum
2286 1524 2499 1565 morum
2544 1506 2971 1576 corruptionem,
3003 1502 3106 1557 sub
3153 1501 3395 1556 custodia
3423 1501 3533 1571 pri-

1956 1611 2085 1658 vata
2127 1602 2394 1658 Treveros
2422 1598 2646 1670 perduci
2677 1595 2859 1664 jussit.
2893 1594 3010 1662 Quo
3057 1608 3178 1648 cum
3226 1593 3528 1655 duceretur,

1950 1703 2030 1750 et.
2054 1693 2418 1765 indulgentius
2470 1690 2783 1753 haberetur,
2828 1702 2861 1741 a
2892 1685 3008 1740 suis
3063 1676 3321 1739 custodite
3370 1690 3533 1735 noctu

1953 1786 2315 1849 subducitur,
2375 1791 2430 1839 et
2484 1796 2660 1851 usque
2696 1779 2765 1835 ad
2816 1776 3162 1847 imperatoris
3206 1772 3437 1828 reditum
3465 1771 3534 1825 ab
3570 1772 3573 1775 ’

257 1883 378 1953 ipse
401 1898 529 1938 vero
548 1881 1025 1953 Quadragesimale
1055 1890 1267 1953 tempus
1286 1883 1617 1954 Paschteque
1647 1883 1844 1938 solem-
1869 1878 1919 1940 B
1944 1876 2259 1946 Aquitania,
2286 1886 2728 1944 quaquaversum
2755 1869 2923 1923 valuit
2953 1876 3006 1922 et
3027 1865 3231 1931 voluit,
3270 1877 3532 1935 pervaga—

256 1976 487 2029 nitatem
518 1975 572 2028 in
599 1990 664 2030 eo
694 1973 813 2029 loco
833 1974 1149 2029 celebravit.
1178 1974 1529 2029 Paschalihus
1564 1988 1694 2045 ergo
1719 1988 1842 2044 per-

253 2067 400 2122 actis
439 2067 734 2133 solemniis,
778 2068 845 2123 ad
889 2068 1186 2140 Ingelheim
1228 2068 1526 2138 imperator
1574 2068 1835 2139 perrexit.

251 2159 380 2232 Ipso
401 2161 630 2231 denique
668 2170 911 2232 tempore
956 2172 1229 2217 consuetae
1270 2161 1671 2217 misericordiae
1722 2176 1836 2216 non

254 2238 567 2319 immemor,
593 2269 736 2324 qum,
775 2254 1005 2331 sicut‘de
1030 2269 1090 2308 se
1112 2254 1190 2308 ait
1211 2252 1335 2319 Job,
1375 2255 1443 2310 ab
1473 2253 1644 2307 initiis
1671 2252 1844 2307 crevit

256 2361 386 2400 cum
412 2346 521 2410 illo,
563 2354 618 2401 et
638 2346 704 2401 de
727 2355 884 2401 utero
905 2348 1096 2404 matris
1122 2346 1338 2401 videtur
1372 2362 1495 2401 cum
1518 2347 1636 2416 ipso
1659 2359 1844 2417 egres-

258 2454 327 2493 sa
360 2458 372 2492 ε
410 2454 525 2505 eos,
552 2455 691 2509 quos
720 2440 920 2495 dudum
943 2440 1288 2511 exigentibus
1314 2440 1527 2494 meritis
1547 2455 1645 2511 per
1667 2440 1845 2494 diver-

257 2546 323 2586 sa
373 2532 493 2586 loca
540 2533 915 2602 deputaverat,
961 2540 1238 2599 evocatos,
1290 2533 1448 2589 bonis
1494 2533 1730 2605 propriis
1760 2546 1847 2587 re-

258 2624 466 2689 stituit,
495 2632 550 2679 et
588 2624 634 2678 si
662 2625 754 2693 qui
778 2625 976 2679 attonsi
1011 2624 1247 2692 fuerant,
1276 2633 1460 2678 utrum
1489 2626 1569 2680 sic
1601 2639 1845 2691 manere,

271 2730 346 2770 an
394 2715 447 2768 in
476 2714 720 2768 habitum
745 2716 1034 2785 pristinum
1062 2716 1240 2771 redire
1289 2715 1509 2781 vellent,
1531 2714 1847 2770 facultatem

261 2805 586 2859 contribuit.
638 2806 845 2861 Dehinc
894 2807 1189 2877 imperator
1239 2807 1293 2861 in
1335 2816 1520 2877 partes
1568 2807 1849 2864 Rumerici

268 2898 479 2952 montis
507 2915 603 2968 per
626 2898 898 2970 Vosagum
932 2901 1184 2955 transiit:
1217 2901 1400 2971 ibique
1442 2902 1730 2971 piscationi
1762 2898 1850 2956 at-

259 3007 370 3061 que
417 2992 712 3059 venationi,
759 2993 1001 3062 quandiu
1046 2993 1230 3059 libuit,
1285 2993 1554 3060 indulsit,
1596 3002 1652 3049 et
1680 2993 1850 3049 lilium

259 3082 582 3139 Lotharium
609 3087 663 3139 in
692 3085 897 3140 Italiam
921 3086 1137 3141 direxit.
1171 3087 1341 3144 Porro
1366 3089 1612 3142 autumni
1645 3095 1852 3158 tempo-

262 3191 328 3231 re
356 3177 411 3230 in
439 3176 742 3243 Theodonis
767 3179 952 3233 villam
998 3181 1291 3235 convenire
1334 3181 1661 3252 generaliter
1690 3197 1851 3237 suum

260 3269 525 3340 p0pulum
579 3270 854 3340 praecepit.
910 3271 970 3327 In
1011 3287 1118 3341 quo
1152 3272 1270 3328 loco
1331 3280 1443 3327 tres
1479 3272 1642 3344 legati
1679 3271 1848 3327 Sara-

264 3376 528 3416 cenorum
568 3377 599 3416 a
640 3364 1021 3418 transmarinis
1066 3364 1312 3434 partibus
1353 3380 1553 3420 venere
1597 3364 1852 3438 (quorum

266 3453 379 3507 duo
410 3452 687 3520 Saraceni,
712 3470 851 3509 unus
863 3454 969 3510 fuit
986 3454 1352 3527 Christianus)
1384 3454 1677 3511 afferentes
1698 3472 1854 3527 gran-

269 3543 363 3600 dia
388 3558 608 3601 munera
637 3560 748 3601 sua:
778 3546 987 3616 patrias,
1019 3541 1257 3604 odorum
1273 3547 1483 3604 scilicet
1518 3547 1732 3603 diversa
1761 3564 1854 3621 ge-

264 3652 403 3691 nera
430 3646 483 3691 et
512 3653 838 3707 pannorum.
888 3637 989 3706 Qui
1032 3655 1165 3709 pace
1190 3640 1359 3710 petita
1405 3648 1461 3695 et
1486 3650 1732 3710 accepta,
1759 3656 1853 3696 re-

264 3727 427 3781 missi
444 3735 588 3782 sunt.
612 3727 799 3783 Adfuit
836 3728 1002 3783 etiam
1030 3729 1359 3794 Bernardus,
1400 3729 1494 3800 qui
1518 3731 1678 3786 modo
1706 3746 1844 3801 prae-

266 3816 437 3881 dicto,
488 3816 742 3888 fugiendo
778 3835 838 3875 se
867 3820 1108 3886 salvans,
1136 3821 1228 3875 diu
1251 3821 1306 3875 in
1336 3820 1535 3875 ﬁnibus
1567 3821 1848 3891 Hispanize

264 3909 636 3966 exsulaverat.
658 3911 708 3967 Is
729 3926 857 3984 ergo
885 3912 1272 3982 imperatorem
1294 3912 1482 3968 adiens
1510 3953 1524 3978 ,
1547 3913 1767 3967 modum
1792 3928 1853 3968 se

264 3999 536 4072 purgandi
556 4005 624 4058 ab
661 4018 727 4058 eo
757 4002 1055 4074 quarrebat,
1087 4018 1240 4058 more
1268 4003 1497 4059 Francis
1521 4004 1703 4069 solito,
1747 4003 1854 4059 sci-

263 4096 403 4150 licet
430 4098 631 4152 crimen
651 4098 926 4169 objicienti
947 4103 1119 4153 semet
1142 4096 1384 4168 objicere
1411 4096 1621 4164 volens,
1655 4097 1852 4152 armis-

266 4200 379 4256 que
405 4186 634 4257 impacta
663 4187 889 4243 diluere.
927 4186 1035 4243 Sed
1064 4203 1186 4243 cum
1216 4196 1520 4254 accusator,
1556 4188 1682 4244 licet
1708 4202 1854 4259 qua-

268 4278 435 4343 situs,
468 4278 699 4345 deesset,
738 4280 1080 4357 cessantibus
1115 4280 1285 4336 armis
1320 4282 1574 4351 purgatio
1600 4282 1745 4336 facta
1769 4288 1855 4335 est

261 4369 616 4440 juramentis.
662 4370 1004 4442 Praeceperat
1055 4387 1220 4443 porro
1276 4373 1574 4445 imperator
1619 4383 1679 4429 ut
1727 4374 1855 4430 huic

270 4461 475 4533 placito
503 4461 648 4517 ﬁlius
676 4460 793 4530 ejus
816 4461 1077 4533 Pippinus
1115 4464 1421 4519 interesset.
1460 4463 1568 4519 Sed
1590 4465 1680 4520 ille
1714 4480 1848 4520 con-

268 4554 455 4608 ventui
482 4563 652 4609 semet
674 4555 962 4620 subtraxit,
980 4563 1101 4623 post
1124 4554 1386 4624 placitum
1398 4564 1581 4610 autem
1608 4555 1848 4611 advenit.

268 4646 571 4715 Imperator
598 4654 779 4702 autem
802 4647 990 4702 volens
1016 4654 1072 4702 et
1106 4647 1247 4701 hanc
1276 4646 1700 4702 inobedientiam
1738 4648 1857 4719 plu-

271 4738 578 4809 rimamque
603 4739 658 4793 in
677 4752 741 4797 eo
762 4740 1030 4811 castigare
1048 4754 1259 4794 morum
1280 4738 1643 4802 insolentiam,
1669 4754 1856 4794 secum

272 4847 401 4888 eum
428 4833 630 4887 morari
654 4833 836 4903 jussit,
863 4841 917 4888 et
945 4848 1116 4903 usque
1139 4832 1387 4887 Natalem
1418 4832 1632 4887 Domini
1669 4847 1857 4888 secum

272 4921 445 4991 Aquis
467 4921 656 4976 tenuit.
687 4922 792 4977 Sed
830 4922 919 4977 ille
943 4923 1084 4978 ultra
1110 4938 1266 4978 suum
1288 4939 1348 4979 se
1367 4922 1505 4979 velle
1527 4924 1702 4979 teneri
1736 4938 1860 4996 gra-

273 5024 455 5082 vatus,
476 5017 657 5087 fugam
683 5018 941 5088 capessit,
996 5017 1237 5073 etinscio
1262 5025 1419 5088 patre
1438 5018 1493 5072 in
1511 5017 1860 5088 Aquitaniam

275 5112 570 5168 concessit.
616 5112 919 5182 Imperator
946 5126 1077 5168 vero
1123 5112 1181 5167 in
1212 5112 1457 5168 hibernis
1484 5118 1543 5165 ut
1592 5098 1859 5182 cmperat,

274 5205 605 5278 Aquisgrani
642 5205 963 5275 permansit.

351 5295 559 5351 Hiemis
584 5311 718 5351 sane
756 5296 937 5365 rigore
960 5301 1261 5361 transacto,
1294 5302 1350 5350 et
1372 5292 1581 5350 vernali
1604 5307 1862 5348 successu

276 5390 527 5454 reducto,
557 5390 865 5444 nuntiatum
911 5396 996 5443 est
1025 5380 1344 5459 imperatori
1383 5387 1647 5458 quosdam
1680 5394 1863 5442 motus

274 5484 548 5537 excitatos
569 5483 622 5537 in
660 5482 907 5552 Bajoaria
938 5481 1105 5555 (852).
1138 5481 1221 5536 Ad
1252 5496 1480 5551 quorum
1503 5478 1860 5550 compressio-

279 5590 409 5631 nem
439 5575 667 5630 festinus
693 5575 846 5640 abiit,
880 5575 947 5630 ad
993 5575 1338 5645 Ausburgum
1384 5586 1556 5641 usque
1588 5569 1856 5641 pervenit,

283 5667 618 5739 insurgentia
648 5668 876 5735 sedavit,
903 5667 1160 5723 continuo
1189 5665 1372 5730 rediit,
1426 5669 1860 5731 conventumque

281 5759 561 5830 publicum
604 5758 910 5814 Aurelianis
941 5759 1059 5814 ﬁeri
1098 5756 1281 5827 jussit,
1316 5755 1499 5825 ibique
1538 5753 1641 5809 sibi
1684 5750 1865 5821 Pippi-

290 5866 421 5906 num
448 5865 735 5908 occurrere
767 5850 1063 5921 mandavit,
1091 5852 1183 5922 qui
1210 5850 1333 5905 licet
1359 5848 1560 5903 invitus
1600 5845 1858 5902 occurrit.

1942 1976 2053 2023 tur.
2088 1968 2156 2021 Et
2184 1974 2314 2021 tunc
2344 1965 2564 2036 quidem
2587 1964 2880 2035 imperator
2917 1961 3065 2016 inter
3095 1958 3234 2013 ﬁlios
3265 1972 3390 2012 suos
3432 1956 3537 2011 Lo-

1942 2062 2182 2117 tharium
2217 2068 2380 2131 atque
2406 2057 2659 2113 Carolum
2686 2048 2975 2127 quamdam
3021 2052 3337 2108 divisionem
3382 2048 3536 2122 regni

1945 2149 2244 2205 constituit.
2292 2130 2434 2215 Quae
2496 2154 2680 2201 tamen
2742 2143 3050 2215 ingentibus
3102 2130 3550 2212 impedimentis,

1946 2256 2065 2311 qua:
2093 2238 2321 2294 dicenda
2347 2245 2491 2303 sunt,
2521 2253 2622 2307 pro
2646 2244 2773 2291 voto
2793 2237 3015 2290 minime
3040 2236 3223 2291 cessit.
3266 2233 3345 2286 Eo
3373 2246 3538 2302 porro

1946 2339 2190 2401 tempore
2236 2330 2415 2385 visum
2453 2336 2538 2382 est
2587 2326 2905 2396 imperatori
2955 2326 3022 2380 ab
3060 2323 3352 2394 Aquitania
3390 2336 3540 2375 sece-

1947 2426 2108 2490 dere,
2168 2425 2263 2479 sed
2305 2430 2431 2493 post
2480 2435 2713 2492 paucum
2763 2428 2975 2490 tempus
3030 2417 3173 2472 idem
3202 2415 3269 2471 ad
3320 2414 3555 2468 missam.

1947 2512 2122 2568 sancti
2180 2508 2396 2564 Martini
2462 2508 2725 2579 populum
2803 2504 3185 2569 convocavit,
3259 2500 3541 2568 ﬁliumque

1949 2603 2243 2673 Pippinum
2290 2599 2591 2671 fugientem
2617 2599 2685 2652 ad
2712 2611 2771 2651 se
2812 2610 3030 2666 quoquo
3063 2593 3224 2649 modo
3276 2605 3554 2660 revocare

1951 2696 2141 2751 voluit.
2173 2693 2281 2750 Sed
2309 2692 2402 2748 illo
2428 2693 2485 2746 id
2526 2689 2851 2762 refugiente,
2892 2686 3194 2757 asperrima
3232 2683 3428 2738 hiemis
3454 2682 3538 2734 in-

1952 2785 2143 2843 cubuit
2172 2783 2521 2840 inclementia
2549 2823 2564 2849 ,
2597 2781 2772 2852 primo
2797 2779 3020 2850 quidem
3040 2776 3346 2848 pluviarum
3368 2772 3539 2844 pluri-

1951 2895 2170 2935 marum
2223 2876 2578 2942 inundantia,
2629 2873 2823 2929 deinde
2872 2870 3333 2927 humectationem
3381 2876 3559 2921 terrae

1952 2974 2169 3047 glaciali
2202 2974 2392 3047 rigore
2420 2972 2779 3042 astringente,
2824 2984 2946 3038 quae
2972 2968 3107 3022 adeo
3135 2961 3445 3027 noxia~fuit,
3477 2967 3545 3015 ut

1926 3066 2204 3127 subtritis
2226 3065 2456 3136 pedibus
2489 3063 2726 3134 equinis,
2776 3076 2935 3116 rarus
2979 3058 3207 3129 quisque
3253 3056 3396 3110 foret
3446 3051 3539 3121 qui

1956 3163 2207 3219 vectione
2255 3176 2520 3231 equorum
2542 3165 2806 3214 uteretur.
2862 3156 3059 3209 Fracto
3108 3167 3262 3222 ergo,
3291 3144 3536 3204 exercitu

1879 3231 1925 3295 (ἶ
1956 3255 2127 3311 multo
2153 3254 2357 3309 laboris
2384 3251 2757 3315 incommodo,
2796 3256 2851 3303 et
2900 3245 3221 3317 improvisus
3274 3254 3537 3296 excursus

1954 3332 2358 3421 Aquitanorum
2386 3344 2613 3401 subinde
2642 3352 2696 3399 et
2724 3341 2953 3399 moleste
2974 3339 3199 3399 ferente,
3223 3333 3413 3416 statuit
3436 3332 3541 3385 im-

1953 3451 2181 3514 perator
2207 3440 2276 3495 ad
2305 3439 2487 3494 villam
2511 3437 2665 3508 cujus
2685 3432 3008 3491 vocabulum
3026 3440 3111 3487 est
3132 3428 3313 3484 Restis
3332 3426 3542 3491 venire,

1952 3541 2138 3611 ibique
2164 3539 2375 3610 Ligeris
2405 3549 2565 3591 amne
2606 3538 2959 3597 transmeato,
3009 3528 3065 3582 in
3107 3516 3393 3582 Franciam
3424 3521 3541 3578 bie-

1954 3640 2163 3688 matum
2200 3631 2400 3686 redire.
2455 3626 2610 3695 Quod
2634 3633 2690 3681 et
2733 3623 2865 3680 fecit
2894 3663 2910 3690 ,
2940 3621 3069 3676 licet
3101 3619 3283 3674 minus
3313 3616 3543 3671 honeste

1955 3738 2120 3794 quam
2150 3721 2352 3777 decuit.
3370 3728 3377 3733 ‘
3575 3766 3577 3768 .

2028 3815 2223 3884 (855.)
2262 3812 2513 3866 Humano
2540 3822 2707 3878 porro
2738 3804 2925 3877 generi
2971 3801 3202 3872 pacique
3233 3794 3543 3854 contrarius

1956 3906 2205 3963 diabolus
2232 3945 2246 3969 ,
2290 3913 2634 3971 nequaquam
2689 3899 2758 3952 ab
2808 3894 3156 3950 infestatione
3195 3887 3541 3960 imperatoris

1956 3990 2274 4056 feriabatur,
2327 3991 2423 4045 sed
2460 4006 2560 4059 per
2592 3987 2886 4042 satellitum
2922 3999 3143 4039 suorum
3184 3979 3457 4037 versutias
3486 3978 3546 4033 ﬁ-
3577 4038 3583 4042 _

1955 4085 2058 4141 lios
2083 4081 2434 4148 sollicitabat,
2464 4079 2802 4151 persuadens
2829 4076 2935 4132 illis
2955 4075 3099 4146 quod
3127 4082 3283 4146 pater
3307 4072 3429 4126 illos
3456 4069 3543 4124 ul-

1955 4187 2043 4233 tro
2072 4176 2302 4249 perdere
2331 4173 2493 4229 vellet
2532 4187 2547 4225 :
2579 4186 2687 4226 non
2714 4168 3124 4226 considerantes
3154 4164 3298 4237 quod
3322 4164 3415 4235 qui
3445 4163 3546 4218 mi-
3576 4156 3581 4163 ’

1956 4271 2065 4327 lior
2090 4268 2404 4325 hominibus
2425 4266 2667 4323 externis
2694 4273 2872 4331 esset,
2900 4262 3156 4318 immanis
3188 4276 3295 4315 non
3329 4263 3546 4330 poterat

1957 4364 2098 4421 ellici
2124 4364 2259 4420 suis.
2301 4362 2407 4417 Sed
2438 4360 2565 4430 quia
2591 4364 2949 4428 corrumpunt
2972 4356 3144 4411 bonos
3166 4366 3349 4408 mores
3380 4348 3545 4406 collo-

1956 4457 2084 4528 quia
2111 4455 2251 4510 mala
2276 4495 2291 4520 ,
2344 4461 2401 4508 et
2428 4452 2669 4523 lapidum
2706 4450 2871 4506 etiam
2900 4447 3154 4505 duritiam
3184 4444 3362 4500 mollis
3387 4455 3541 4528 aqua:

1959 4548 2169 4622 guttula
2198 4547 2395 4618 saepius
2426 4544 2567 4599 illisa
2600 4543 2880 4599 terebrare
2924 4540 3082 4607 solet,
3129 4536 3350 4593 tandem
3394 4531 3543 4633 ad

1961 4650 2185 4697 ventum
2207 4647 2293 4695 est
2320 4647 2383 4692 ut
2401 4637 2543 4692 ﬁlios
2572 4633 2921 4706 imperatoris
2947 4632 3002 4686 iu
3027 4644 3195 4685 unum
3221 4640 3345 4681 cum
3370 4632 3545 4693 copiis

1962 4734 2159 4805 quibus
2183 4739 2440 4803 poterant
2481 4730 2630 4785 coire
2676 4728 2956 4790 facerent,
2998 4720 3428 4794 Gregoriumque
3449 4731 3546 4786 pa—

1961 4844 2091 4900 pam
2118 4826 2488 4890 advocarent,
2523 4823 2623 4878 sub
2650 4828 2848 4877 ornatu
2876 4817 3034 4888 quasi
3080 4814 3175 4885 qui
3214 4810 3357 4883 patri
3398 4808 3544 4865 solus
3590 4876 3593 4879 _

1948 4920 2108 4991 ﬁlios
2149 4916 2503 4973 reconciliare
2532 4914 2756 4968 deberet
2791 4918 2843 4965 et
2873 4914 3059 4980 posset
3085 4924 3098 4959 :
3131 4904 3213 4960 rei
3241 4911 3422 4957 tamen
3445 4913 3542 4955 ve-
3604 4976 3607 4977 γ

1963 5014 2101 5069 ritas
2126 5020 2253 5082 post
2277 5009 2492 5065 claruit.
2531 5006 2832 5077 Imperator
2857 5015 3023 5073 porro
3043 5014 3075 5054 e
3094 4996 3369 5055 contrario
3392 5007 3545 5049 men-

1966 5121 2027 5162 se
2062 5103 2204 5159 Maio
2231 5099 2592 5156 Wormatiam
2618 5097 2769 5153 venit
2795 5110 2919 5150 cum
2946 5091 3125 5147 valida
3153 5103 3338 5153 manu,
3360 5085 3545 5155 ibique

1967 5197 2097 5267 quid
2128 5194 2393 5266 agendtﬁn
2434 5190 2537 5246 sibi
2573 5188 2717 5245 foret
2743 5187 2835 5242 diu
2863 5181 3198 5241 deliberavit.
3258 5177 3544 5245 Missisque
3622 5264 3629 5268 1

1967 5288 2272 5351 destinatis,
2300 5284 2579 5340 Bernardo
2608 5280 2816 5337 scilicet
2852 5277 3106 5347 episcopo
3145 5287 3269 5328 cum
3295 5268 3539 5338 reliquis,

1966 5383 2109 5438 ﬁlios
2141 5378 2463 5434 hortabatur
2508 5373 2579 5427 ad
2637 5363 2719 5428 se
2741 5367 3066 5425 veniendum
3096 5371 3150 5420 et
3184 5362 3537 5435 redeundum.

1967 5472 2076 5528 Sed
2104 5480 2159 5524 et
2182 5481 2377 5539 papam
2406 5465 2665 5519 Romanae
2690 5458 2836 5516 sedis
2868 5455 3242 5519 conveniebat,
3262 5442 3330 5507 ut
3356 5450 3400 5506 si
3427 5462 3544 5502 mo-

1954 5542 2027 5618 re
2060 5561 2521 5632 praadecessorum
2547 5566 2770 5609 suorum
2798 5551 3005 5615 aderat,
3035 5563 3135 5602 cur
3159 5553 3337 5601 tantas
3362 5547 3544 5597 necte-

1968 5664 2054 5709 ret
2091 5666 2272 5707 moras
2312 5664 2421 5704 non
2469 5648 2571 5703 sibi
2614 5643 2968 5701 occurrendo.
3030 5639 3166 5695 Cum
3199 5650 3325 5692 vero
3356 5643 3543 5687 rumor

1968 5758 2356 5817 usquequaque
2381 5742 2607 5797 dill‘usus
2634 5747 2841 5796 sereret
2858 5739 2925 5794 de
2944 5735 3156 5793 caeteris
3185 5729 3327 5804 quod
3352 5738 3543 5793 verum
3610 5782 3611 5785 η

1971 5848 2124 5904 erat,
2170 5836 2239 5893 de
2265 5850 2406 5908 papa
2431 5850 2563 5893 vero
2585 5833 2832 5891 Romano
2850 5873 2866 5900 ,
2897 5828 3041 5903 quod
3084 5827 3204 5882 ideo
3234 5822 3449 5877 adesset
3484 5824 3548 5877 ut
