4048 6350
566 403 674 468 963
1690 394 2021 463 LUDOVICI
2054 401 2077 459 Ι
2115 390 2585 463 COGNOMENTO
2619 396 2710 461 PII
3746 396 3864 455 964

566 531 679 578 tam
701 520 1084 591 imperatorem
1110 529 1274 592 quam
1305 515 1588 589 episcopos
1623 517 2139 575 excommunicatio-
2164 519 2214 583 Α
2241 514 2402 574 libuit
2445 529 2788 573 commorans
2811 554 2829 584 ,
2878 516 2937 571 et
2979 529 3100 588 quae
3123 514 3241 572 visa
3268 520 3397 571 sunt
3437 512 3719 572 ordinans
3739 556 3757 581 ,
3785 531 3861 572 ac

563 615 651 671 nis
674 611 904 669 vinculis
926 610 1143 667 irretire
1163 609 1345 677 vellet,
1375 610 1422 666 si
1449 610 1541 682 qui
1562 608 1933 667 inobedientes
1953 617 2139 667 essent
2234 608 2494 682 populum
2526 606 2812 666 absolvens
2832 649 2847 675 ,
2881 607 2977 664 sed
3001 616 3057 663 et
3090 616 3416 665 conventum
3446 610 3651 681 populo
3678 609 3863 665 Com-

564 722 677 765 suaa
710 706 1053 775 ﬁliorumque
1078 704 1424 777 imperatoris
1453 704 1757 761 voluntati:
1784 719 1977 776 parum
2008 705 2138 774 quid
2235 705 2418 775 pendii
2447 704 2692 761 indicens
2717 743 2733 769 ,
2780 702 3053 774 Vosagum
3092 718 3190 774 per
3234 700 3857 775 Mauri-Monasterium

561 797 834 870 subripuit
876 797 1144 868 episcopis
1189 796 1534 867 imperatoris
1580 798 1930 867 praesumptio
1972 796 2139 851 auda-
2236 796 2478 863 transiit,
2511 806 2568 852 et
2592 793 3088 862 Mediomatricum,
3120 811 3242 866 quae
3270 795 3439 851 altero
3465 796 3701 851 nomine
3734 794 3857 851 Me-

561 889 677 954 cite,
710 889 1077 946 asserentibus
1101 888 1249 945 nullo
1286 889 1446 945 modo
1472 904 1533 945 se
1558 889 1696 945 velle
1730 888 1845 959 ejus
1873 888 2137 944 voluntati
2236 888 2308 959 tis
2329 896 2583 952 vocatur,
2622 888 2891 961 pervenit.
2932 886 3049 961 Qua
3091 887 3280 944 relicta
3309 888 3559 957 civitate,
3606 888 3852 969 Vir-idu-

560 982 940 1038 succumbere.
989 980 1100 1039 Sed
1141 981 1188 1037 si
1232 981 1799 1038 excommunicaturus
1835 980 2134 1047 adveniret,
2236 998 2368 1039 num
2397 980 2640 1051 appulit,
2679 988 2736 1038 et
2764 981 3114 1038 Suessionum
3142 983 3335 1038 urbem
3365 983 3513 1037 adiit.
3554 982 3765 1055 Ibique
3792 985 3852 1039 in

560 1073 1061 1131 exeommunicatus
1094 1073 1298 1139 abiret,
1341 1088 1465 1129 eum
1495 1073 1654 1129 aliter
1681 1088 1741 1131 se
1771 1073 1969 1129 habeat
1996 1072 2137 1127 anti-
2235 1074 2570 1130 monasterio
2604 1074 2783 1129 sancti
2826 1072 3068 1129 Medardi
3095 1083 3308 1146 patrem
3345 1075 3444 1131 sub
3472 1084 3629 1131 arcta
3657 1082 3851 1133 custo-

561 1179 789 1236 quorum
821 1179 1089 1220 canonum
1118 1164 1436 1221 auctoritas.
1476 1164 1717 1220 Tandem
1745 1178 1872 1236 ergo
1900 1177 2136 1219 eonven—
2235 1164 2325 1222 dia
2345 1182 2462 1224 esse
2475 1168 2731 1239 praecepit
2755 1186 2769 1223 :
2792 1174 2846 1224 et
2858 1167 3051 1224 Carolo
3064 1168 3296 1226 Prumire
3312 1172 3729 1238 commendato,
3747 1189 3849 1229 nec

560 1264 678 1311 tum
702 1264 786 1312 est
822 1254 1117 1311 festivitate
1160 1256 1334 1311 sancti
1364 1254 1719 1327 prtecursoris
1746 1253 1949 1310 Christi
1970 1250 2135 1308 Joan-
2235 1266 2417 1315 tamen
2435 1268 2671 1326 attonso,
2699 1262 2815 1333 ipse
2847 1263 3119 1319 venationi
3142 1263 3359 1328 institit,
3384 1266 3557 1322 donec
3583 1266 3847 1323 autumni

559 1348 650 1405 nis
680 1348 738 1404 in
768 1347 943 1407 locum
969 1348 1085 1419 qui,
1106 1349 1175 1404 ab
1204 1363 1269 1405 eo
1290 1348 1434 1419 quod
1461 1346 1534 1403 ibi
1565 1356 1776 1420 gestum
1805 1355 1918 1412 est,
1944 1362 2136 1419 perpe-
2235 1359 2502 1423 tempore,
2524 1351 2577 1408 id
2596 1362 2679 1410 est
2694 1352 2949 1411 Kalendis
2963 1354 3236 1423 Octobris,
3258 1357 3400 1415 sicut
3416 1367 3538 1414 erat
3562 1361 3848 1416 constitu—

559 1443 655 1492 tua
682 1437 915 1493 nominis
937 1437 1230 1509 ignominia
1256 1447 1477 1494 notatus
1505 1446 1618 1503 est,
1644 1446 1704 1493 ut
1733 1447 1956 1494 vocetur
1981 1437 2135 1494 Cam—
2235 1450 2382 1511 tum,
2426 1453 2635 1516 patrem
2663 1462 2846 1503 secum
2876 1449 3077 1506 ducens
3094 1492 3109 1517 ,
3141 1449 3525 1522 Compendium
3552 1454 3733 1509 venit.

557 1528 965 1601 pus-Mentitus.
1026 1529 1161 1597 Quia
1213 1530 1360 1586 enim
1396 1530 1431 1584 ii
1480 1530 1573 1600 qui
1616 1528 1777 1585 ﬁdem
1821 1529 2134 1601 imperatori
2306 1536 2491 1607 Ibique
2518 1540 2835 1597 consistenti
2874 1541 3075 1614 legatio
3113 1542 3710 1616 Constantinopolitani
3744 1548 3847 1604 im-

555 1624 967 1695 promittebant,
1002 1625 1216 1680 mentiti
1247 1632 1396 1690 sunt,
1427 1624 1581 1681 locus
1615 1625 1670 1680 in
1700 1640 1806 1695 quo
1830 1626 1884 1681 id
1909 1625 2136 1697 contigit
2236 1630 2506 1698 peratoris
2530 1671 2546 1697 ,
2596 1632 2811 1691 Marcus
2846 1636 3290 1709 archiepiscopus
3328 1638 3563 1708 Ephesi,
3610 1651 3666 1695 et
3697 1640 3843 1699 Pro-

557 1714 715 1770 testis
742 1714 999 1786 nequitim
1025 1715 1081 1771 in
1115 1730 1214 1772 suo
1233 1716 1451 1771 nomine
1478 1718 1756 1773 remansit.
1789 1716 1924 1773 Cum
1951 1726 2132 1774 autem
2236 1721 2606 1791 tospatharius
2628 1725 2992 1796 imperatoris,
3011 1730 3078 1783 ad
3104 1737 3317 1800 patrem
3344 1732 3536 1797 missa,
3558 1735 3839 1801 occurrit,

556 1804 700 1862 haud
722 1805 911 1876 procul
935 1804 1059 1861 inde
1086 1802 1305 1863 aciebus
1329 1807 1594 1864 ordinatis
1619 1808 1998 1873 consisterent,
2018 1806 2133 1877 jam
2174 1890 2177 1891 γ
2236 1826 2465 1867 munera
2493 1814 2594 1871 sibi
2631 1817 2887 1886 deputata
2920 1819 3146 1887 obtulit,
3172 1823 3317 1891 patri
3340 1823 3506 1879 missa
3530 1826 3840 1882 subtraxit.

549 1895 774 1968 jamque
800 1897 1062 1955 ruentium
1092 1898 1149 1954 in
1185 1915 1338 1954 arma
1363 1907 1671 1971 putaretur,
1706 1900 2015 1955 nuntiatum
2052 1908 2136 1957 est
2161 1890 2210 1958 B
2239 1900 2411 1970 Quam
2440 1904 2558 1973 ille,
2607 1905 2733 1963 licet
2774 1908 2843 1964 ad
2876 1917 3090 1979 patrem
3120 1890 3308 1976 missa,
3334 1914 3407 1969 ad
3440 1930 3496 1970 se
3522 1924 3708 1972 tamen
3742 1934 3846 1974 ve-

555 1984 873 2057 imperatori
900 1978 1160 2044 advenire
1186 2004 1380 2060 papam
1410 1989 1799 2045 Romanorum.
1843 1989 2015 2057 Quem
2045 2005 2139 2047 ve-
2242 1996 2480 2052 nientem
2513 2000 2786 2072 suscepit,
2836 1978 3041 2058 audivit
3082 2005 3512 2078 tragmdiamque
3538 2020 3843 2080 reportan-

554 2078 794 2135 nientem
821 2080 1120 2152 imperator
1158 2082 1212 2136 in
1239 2083 1356 2153 ipsa
1384 2084 1500 2139 acie
1525 2084 1831 2140 consistens
1875 2084 2135 2154 suscepit,

553 2168 683 2226 licet
710 2172 1047 2229 indecentius
1092 2188 1256 2242 quam
1309 2174 1521 2239 debuit;
1574 2174 1846 2244 imputans
1893 2175 1944 2230 ei
1993 2174 2139 2245 quod

553 2259 673 2331 ipse
706 2262 809 2317 sibi
840 2261 1002 2317 talem
1026 2262 1425 2333 susceptionem
1453 2264 1864 2333 praeparaverit,
1886 2265 1981 2336 qui
2016 2265 2139 2319 inu-

552 2351 720 2409 sitato
750 2356 911 2409 modo
956 2355 1026 2411 ad
1068 2371 1130 2413 se
1159 2356 1387 2412 venerit.
1447 2356 1652 2413 Ductus
1691 2365 1870 2413 autem
1912 2374 2050 2429 papa
2081 2358 2139 2414 in

554 2445 948 2503 habitationem
976 2455 1310 2504 castrensem
1328 2489 1342 2516 ,
1378 2448 1563 2506 multis
1594 2449 1991 2506 assertionibus
2016 2465 2139 2521 per-

555 2536 763 2603 docuit,
789 2554 901 2595 non
929 2555 990 2596 se
1022 2549 1234 2597 tantum
1264 2542 1370 2597 iter
1394 2542 1463 2599 ob
1491 2543 1639 2598 aliud
1663 2544 2001 2615 suscepisse,
2032 2543 2137 2599 nisi

550 2632 679 2701 quia
730 2632 1012 2690 dicebatur
1056 2639 1199 2706 quod
1253 2637 1575 2695 inexorabili
1626 2639 1895 2697 discordia
1945 2648 2138 2695 contra

549 2720 691 2781 ﬁlios
716 2724 1025 2794 laboraret,
1051 2728 1280 2799 ideoque
1312 2746 1503 2801 pacem
1534 2731 1588 2786 in
1617 2740 1904 2802 utramque
1925 2743 2138 2803 partem

558 2828 741 2870 serere
765 2816 947 2871 vellet.
986 2816 1181 2873 Audita
1211 2835 1342 2876 vero
1363 2828 1517 2890 parte
1542 2821 1906 2891 imperatoris,
1936 2822 2140 2878 mansit

512 2970 521 2977 ν
559 2916 683 2957 cum
711 2917 776 2958 eo
798 2904 1003 2974 aliquot
1024 2907 1234 2963 diebus.
1277 2909 1557 2967 Remissus
1586 2919 1767 2966 autem
1800 2912 1868 2968 ab
1894 2911 2138 2983 impera-

552 2997 673 3047 tore
697 2992 765 3047 ad
800 2992 962 3059 ﬁlios,
992 3003 1053 3049 ut
1085 3011 1275 3066 pacem
1309 3008 1554 3055 mutuam
1582 3008 1823 3056 neeteret
1852 3018 1865 3055 :
1898 3017 2022 3057 cum
2044 3017 2138 3072 pe-

548 3095 620 3138 ne
644 3084 824 3141 omnis
862 3086 1092 3156 populus
1128 3089 1328 3158 partim
1370 3091 1527 3151 donis
1562 3093 1894 3159 abstractus,
1936 3095 2136 3166 partim

550 3172 838 3242 promissis
865 3175 1100 3245 illectus,
1129 3180 1328 3249 partim
1360 3182 1523 3237 minis
1554 3174 1798 3252 territus,
1829 3184 1898 3241 ad
1925 3200 2019 3241 eos
2043 3201 2140 3256 po-

2239 2092 2350 2141 tem
2396 2103 2533 2160 pene
2576 2089 2872 2147 inauditam
2916 2095 3143 2151 remisit.
3199 2095 3259 2151 In
3308 2099 3501 2154 eodem
3549 2112 3835 2158 conventu

2241 2193 2364 2233 cum
2390 2179 2543 2234 multi
2574 2179 3019 2240 insimularentur
3046 2187 3351 2243 devotionis
3377 2189 3430 2245 in
3458 2201 3710 2262 patrem,
3742 2195 3836 2250 de-

2240 2260 2492 2324 fectionis
2518 2269 2572 2323 in
2594 2270 2765 2326 ﬁlium
2788 2313 2803 2339 ,
2836 2274 3057 2344 quidam
3090 2276 3270 2334 verbis
3307 2260 3681 2352 simplicibus,
3713 2287 3832 2355 qui-

2241 2358 2367 2415 dam
2397 2360 2721 2430 juramentis
2745 2362 2958 2436 objecta
2991 2366 3282 2425 diluerunt.
3340 2371 3624 2430 Miseratio
3650 2384 3831 2433 tamen

2239 2451 2613 2522 hujuscemodi
2636 2456 2737 2520 rei,
2766 2466 2820 2511 et
2849 2457 2971 2514 talis
2997 2474 3177 2527 rerum
3205 2466 3554 2532 permutatio,
3585 2469 3832 2537 exceptis

2239 2545 2553 2601 auctoribus
2571 2587 2585 2611 ,
2632 2562 2821 2604 omnes
2848 2549 3101 2607 habebat.
3146 2550 3301 2608 Unde
3323 2564 3580 2611 verentes
3607 2559 3832 2614 sceleris

2240 2636 2641 2706 conspiratores
2671 2640 2933 2708 inauditi,
2970 2659 3040 2699 ne
3061 2659 3219 2699 versa
3246 2645 3364 2701 vice
3390 2648 3699 2719 rctrolapsa
3732 2649 3831 2706 fer-

2239 2735 2430 2782 rentur
2456 2737 2610 2799 gesta
2655 2746 2775 2801 qua:
2820 2740 3006 2801 erant,
3038 2732 3252 2803 callido,
3293 2744 3354 2791 ut
3376 2737 3477 2792 sibi
3511 2740 3696 2795 visum
3724 2750 3826 2808 est,

2239 2834 2364 2873 cum
2409 2817 2678 2890 aliquibus
2720 2821 3098 2894 episcoporum
3128 2834 3355 2882 utuntur
3392 2841 3744 2900 argumento,
3772 2840 3830 2888 ut

2237 2923 2338 2980 pro
2368 2908 2455 2965 bis
2485 2911 2549 2966 de
2576 2912 2771 2981 quibus
2798 2913 2912 2983 jam
2950 2917 3343 2986 ptenitudinem
3383 2931 3633 2992 gesserat
3661 2924 3828 2995 impc-

2239 3008 2409 3066 rator,
2442 3002 2637 3056 iterum
2670 3004 2885 3075 publica
2932 3009 3249 3077 poenitentia
3275 3052 3292 3079 ,
3343 3015 3513 3069 armis
3543 3014 3823 3086 depositis,

2238 3089 2668 3150 lrrevocabiliter
2691 3096 3089 3170 quodammodo
3115 3102 3371 3159 Ecclesia:
3397 3102 3717 3164 satisfacere
3728 3110 3827 3183 ju-

2240 3182 2560 3241 dicaretur:
2602 3203 2735 3243 cum
2781 3205 2850 3245 ne
2906 3188 3153 3250 forenses
3186 3196 3403 3264 quidem
3455 3196 3608 3268 leges
3637 3182 3822 3256 contra

551 3262 845 3335 pulumque
870 3282 992 3325 cum
1021 3270 1103 3325 eis
1139 3273 1529 3329 consistentem
1571 3290 1722 3331 more
1754 3278 2009 3333 torrentis
2035 3280 2132 3335 de-
2159 3274 2204 3337 C
2235 3287 2401 3327 “nam
2442 3275 2654 3346 CU'Pam
2688 3279 2854 3334 semel
2901 3285 3245 3339 Commissam
3285 3278 3368 3341 bis
3410 3282 3674 3344 ἱηνθῦδηῐ
3703 3293 3820 3346 τίη·

553 3351 782 3422 ﬂueret,
826 3372 1165 3429 nequaquam
1196 3372 1254 3416 ut
1280 3362 1457 3419 fuerat
1480 3366 1693 3437 jussus,
1724 3377 1807 3423 est
1832 3369 2131 3439 permissus

547 3448 745 3504 redire.
791 3450 893 3506 Tot
922 3468 1050 3525 ergo
1080 3456 1250 3527 c0piis
1278 3457 1412 3513 inibi
1441 3459 1711 3527 adductis,
1739 3469 1795 3515 et
1815 3462 2128 3532 imperatori

549 3539 866 3611 subductis,
898 3545 1033 3600 adeo
1061 3546 1292 3603 defectio
1325 3549 1378 3602 in
1416 3548 1529 3605 dies
1564 3552 1822 3619 invaluit,
1873 3564 1933 3608 ut
1961 3554 2014 3611 in
2047 3555 2127 3611 fe-

549 3631 792 3689 Stivitate
822 3636 996 3691 sancti
1042 3634 1214 3703 Pauli,
1260 3637 1456 3709 plebeii
1484 3650 1677 3696 contra
1717 3643 2126 3716 imperatorem,

550 3723 820 3785 adulando
843 3727 970 3784 ﬁliis
1000 3729 1137 3801 ejus,
1170 3730 1527 3803 irruptionem
1554 3732 1735 3790 facere
1760 3735 2123 3793 minarentur.

547 3812 756 3882 Quibus
804 3818 1011 3885 viribus
1055 3820 1352 3891 imperator
1386 3823 1559 3880 obniti
1608 3841 1716 3881 non
1746 3826 1954 3894 valens,
2000 3827 2127 3886 ﬁliis

545 3905 821 3965 mandavit
850 3926 921 3966 ne
948 3926 1007 3967 se
1035 3913 1281 3984 populari
1314 3912 1603 3987 direptioni
1634 3926 1988 3989 exponerent.
2027 3918 2125 3977 (iui

545 3998 871 4059 remandanl.
905 4008 963 4056 ut
990 4002 1187 4067 castris
1217 4003 1424 4060 relictis
1450 4005 1516 4061 ad
1547 4021 1607 4062 se
1631 4008 1831 4072 veniat,
1858 4024 1917 4065 se
1942 4018 2125 4065 autem

542 4094 905 4150 maturissime
925 4096 1136 4153 obviam
1161 4098 1262 4169 ipsi
1291 4115 1661 4168 processuros.
1698 4102 1903 4169 Quibus
1934 4103 2123 4159 altrin-

545 4197 704 4239 secus
730 4184 948 4240 sibimet
968 4188 1377 4244 occurrentibus
1396 4229 1411 4254 ,
1444 4189 1741 4261 imperator
1778 4192 1916 4248 ﬁlios
1938 4194 2123 4249 admo-

540 4273 680 4338 nuit,
712 4275 863 4345 equis
894 4270 1236 4342 desilientes,
1281 4286 1336 4332 et
1376 4278 1480 4333 sibi
1509 4291 1882 4349 occurrentes,
1914 4291 1973 4337 ut
1996 4300 2122 4355 pro-

542 4363 819 4421 missionis
848 4381 959 4420 sum
984 4381 1252 4422 memores
1270 4408 1285 4434 ,
1317 4376 1429 4424 tam
1456 4371 1559 4426 sibi
1588 4388 1748 4443 quam
1780 4373 1891 4429 tilio
1919 4382 1974 4429 et
1996 4391 2121 4431 uxo-

542 4452 634 4521 ri,
684 4450 890 4511 illibata
950 4473 1070 4527 qua:
1119 4458 1248 4515 olim
1297 4463 1664 4531 promiserant
1707 4476 2115 4523 conservarent.

538 4544 687 4614 Quos
717 4564 954 4620 congrue
992 4551 1381 4622 respondentes
1424 4556 1719 4626 osculatus,
1750 4568 1804 4614 et
1831 4560 1898 4616 ad
1934 4570 2115 4617 castra

2233 3364 2459 3431 dictam,
2489 3374 2545 3423 et
2568 3378 2751 3424 nostra
2781 3369 2867 3427 lex
2896 3374 3093 3430 habeat
3124 3392 3231 3432 non
3256 3377 3505 3451 judicare
3532 3380 3706 3437 Deum
3739 3383 3821 3439 bis

2232 3455 2289 3511 in
2316 3457 2570 3530 idipsum.
2612 3460 2710 3516 Cui
2750 3464 2957 3534 judicio
2985 3469 3143 3538 pauci
3172 3472 3590 3540 contradixere,
3638 3476 3820 3546 plures

2232 3564 2514 3605 assensum
2543 3555 2848 3623 praebuere,
2877 3559 3114 3614 maxima
3136 3577 3282 3631 pars,
3314 3571 3372 3616 ut
3408 3564 3614 3621 assolet
3652 3568 3706 3622 in
3746 3578 3819 3622 ω.

2228 3639 2392 3708 libus,
2424 3658 2493 3697 ne
2520 3646 2788 3715 primores
2809 3647 3171 3718 offenderent,
3210 3655 3375 3711 verbo
3404 3665 3566 3713 tenus
3593 3674 3813 3716 consen-

2227 3748 2367 3790 sere.
2409 3735 2790 3808 Adjudicatum
2830 3758 2958 3813 ergo
2988 3759 3110 3798 eum
3134 3745 3447 3815 absentem,
3502 3761 3563 3804 et
3601 3751 3813 3807 inaudi-

2227 3832 2363 3893 tum,
2387 3844 2488 3885 nec
2516 3831 2889 3902 conﬁtentem,
2912 3851 3087 3909 neque
3111 3843 3439 3907 convictum,
3468 3854 3599 3899 ante
3617 3860 3811 3916 corpus

2227 3922 2400 3977 sancti
2448 3920 2687 3979 Medardi
2740 3928 3103 3998 confessoris,
3170 3941 3226 3987 et
3279 3936 3451 3991 sancti
3508 3936 3809 3994 Sebastiani

2226 4015 2503 4087 martyris,
2535 4034 2685 4072 arma
2718 4019 3016 4092 deponere,
3063 4032 3117 4079 et
3146 4036 3271 4082 ante
3300 4025 3474 4085 altare
3496 4047 3704 4101 ponere
3729 4048 3808 4089 co-

2223 4114 2393 4176 gunt:
2421 4107 2672 4179 pullaque
2710 4110 2956 4167 indutum
2984 4124 3161 4181 veste,
3208 4118 3452 4175 adhibita
3481 4138 3679 4192 magna
3715 4139 3811 4179 cu-

2232 4197 2428 4265 stodia,
2462 4202 2560 4257 sub
2590 4208 2787 4257 tectum
2818 4206 3085 4275 quoddam
3112 4208 3419 4266 rctrudunt.
3453 4212 3674 4282 Expleta
3698 4215 3808 4270 hoc

2221 4289 2456 4358 negotio,
2498 4292 2661 4348 missa
2709 4296 2883 4352 sancti
2933 4296 3181 4365 Martini,
3217 4302 3449 4373 populus
3476 4303 3693 4359 licentia
3720 4322 3810 4361 ac-

2220 4389 2373 4450 cepta
2402 4397 2502 4452 pro
2526 4384 2720 4441 talibus
2761 4389 2929 4460 gestis
2957 4400 3182 4447 mtestus
3222 4392 3289 4448 ad
3336 4396 3555 4467 propria
3586 4400 3807 4455 reverti-

2219 4480 2328 4528 tur.
2366 4473 2655 4533 Lotharius
2680 4476 2860 4535 aut‘em
2891 4492 3104 4552 patrem
3142 4501 3297 4541 suum
3328 4486 3532 4544 ducens
3552 4530 3569 4555 ,
3614 4490 3808 4562 Aquis-

2219 4565 2373 4636 grani
2404 4567 2697 4624 hiematum
2726 4573 3049 4642 regreditur.
3094 4575 3244 4631 Intra
3286 4578 3449 4649 hujus
3488 4581 3691 4639 hiemis
3717 4586 3806 4640 du-

537 4636 752 4693 illorum
785 4648 868 4694 est
901 4640 1193 4711 profectus.
1237 4644 1353 4712 Quo
1389 4649 1723 4716 pervenienti
1750 4667 1887 4706 uxor
1915 4654 2116 4709 subdu-
2138 4628 2193 4689 D
2219 4628 2506 4727 rationem,
2535 4628 2818 4734 gregatimv
2828 4667 3005 4737 populi
3032 4676 3138 4723 tam
3170 4628 3449 4740 Franebe,
3480 4690 3649 4746 quam
3680 4677 3804 4732 Bur-

536 4733 696 4797 citur,
728 4741 782 4789 et
810 4734 876 4789 ad
898 4732 1156 4793 Ludovici
1182 4736 1528 4796 tabernacula
1556 4742 1907 4800 convertitur.
1934 4746 2114 4818 Ipsum

534 4836 663 4877 vero
692 4816 986 4881 Lotharius
1022 4825 1090 4882 ad
1119 4842 1213 4883 sua
1240 4845 1361 4885 cum
1397 4830 1593 4887 Carolo
1628 4833 1912 4891 admodum
1941 4816 2112 4908 puero

533 4910 795 4982 deduxit,
840 4926 896 4971 et
941 4934 1062 4973 cum
1108 4922 1449 4990 paucissimis
1491 4924 1544 4979 in
1585 4926 1856 4998 papilione
1893 4928 1961 4983 ad
2006 4930 2110 4987 hoc

534 4992 789 5072 deputato
837 5010 1137 5067 consistere
1167 5010 1312 5068 fecit.
1356 5013 1485 5071 Post
1529 4992 1855 5076 haee—antem
1878 5021 1991 5093 jam
2020 5038 2112 5093 po-

531 5092 661 5165 pulo
698 5096 1022 5166 juramentis
1070 5103 1354 5172 obstricto,
1396 5106 1684 5177 imperium
1708 5112 1866 5187 .intcr
1906 5092 2108 5171 fratres

534 5192 688 5239 terna
718 5190 957 5246 sectione
984 5194 1237 5263 partitur.
1290 5196 1441 5254 Uxor
1467 5201 1637 5272 patris
1665 5218 1695 5257 a
1721 5202 1993 5261 Ludovico
2025 5225 2108 5264 re—

532 5292 598 5363 ge
628 5291 857 5351 recepta,
906 5286 1097 5343 exsilio
1144 5289 1342 5345 iterum
1390 5293 1706 5363 deportatur
1743 5297 1797 5352 in
1834 5300 2106 5357 civitatem

530 5362 697 5425 Italiae
718 5369 1032 5433 Tartonam.
1074 5380 1366 5453 Gregorius
1386 5401 1523 5458 papa
1549 5387 1675 5442 talia
1703 5405 1955 5457 cernens,
1982 5410 2105 5449 eum

533 5464 771 5523 maxime
822 5483 1055 5526 maerore
1100 5468 1329 5530 Romam
1385 5479 1719 5550 regreditur;
1772 5490 1827 5536 et
1875 5476 2104 5539 duorum

526 5548 761 5647 fratrum
788 5556 1047 5630 Pippinus
1075 5564 1130 5619 in
1155 5548 1502 5636 Aquitaniam
1521 5610 1538 5636 ,
1580 5567 1883 5629 Ludovicus
1924 5575 1977 5629 in
2001 5576 2106 5647 Ba-

518 5642 758 5717 joariam
787 5652 1096 5710 revertitur.
1125 5654 1295 5713 Porro
1320 5659 1610 5717 Lotharius
1627 5673 1781 5735 patre
1799 5642 2100 5741 assumpto,

527 5746 583 5795 et
613 5755 857 5798 seorsum
884 5759 1008 5799 cum
1043 5744 1312 5815 deputatis
1343 5754 1623 5823 equitante
1651 5765 1814 5829 atque
1850 5762 2102 5830 privatim

529 5843 815 5901 manente,
866 5833 1183 5905 Merlegium
1228 5838 1409 5896 villam
1449 5843 1694 5912 devenit,
1730 5848 1913 5918 ibique
1941 5863 2103 5922 prout

2216 4754 2445 4824 gundize,
2472 4772 2572 4810 nec
2598 4772 2705 4811 non
2727 4754 3053 4827 Aquitania,
3070 4762 3164 4816 sed
3194 4773 3247 4819 et
3269 4763 3580 4823 Germaniae
3607 4785 3804 4826 coeun-

2215 4851 2297 4899 tes
2324 4885 2338 4911 ,
2388 4844 2719 4903 calamitosis
2756 4851 2992 4918 querelis
3024 4851 3091 4907 de
3116 4853 3467 4925 imperatoris
3496 4857 3800 4916 infortunio

2214 4934 2602 5007 querebantur.
2668 4941 2733 4994 Et
2774 4940 2991 5011 quidem
3030 4943 3085 4999 in
3123 4944 3412 5002 Franciam
3444 4947 3798 5020 Eggebardus

2213 5042 2413 5093 comes,
2444 5037 2500 5085 et
2538 5024 2842 5088 Willelmus
2878 5049 3057 5091 comes
3101 5036 3331 5103 stabuli,
3378 5056 3517 5110 quos
3543 5051 3797 5111 poterant

2210 5117 2313 5175 sibi
2362 5119 2416 5174 in
2461 5121 2660 5178 unione
2717 5122 3008 5182 voluntatis
3062 5126 3383 5184 restituendi
3443 5132 3795 5202 imperatoris

2210 5212 2608 5269 coadunabant.
2679 5215 2725 5269 A
2766 5217 3054 5272 Germania
3097 5235 3260 5289 porro
3310 5219 3469 5293 Hugo
3516 5223 3685 5279 abbas
3733 5223 3791 5279 in

2206 5301 2556 5373 Aquitaniam
2583 5307 2784 5364 missus
2813 5322 2844 5361 a
2890 5306 3192 5375 Ludovico,
3235 5320 3291 5366 et
3320 5312 3388 5368 ab
3426 5314 3510 5369 eis
3540 5316 3635 5384 qui
3663 5315 3791 5370 illuc

2208 5393 2585 5467 confugerant,
2612 5414 2643 5452 a
2672 5398 2919 5469 Drogone
2948 5399 3153 5457 scilicet
3183 5403 3436 5474 episcopo
3463 5415 3518 5461 et
3540 5405 3789 5477 reliquis,

2207 5478 2493 5561 Pippinum
2521 5490 2574 5543 in
2604 5489 2707 5545 hoc
2730 5491 2904 5560 ipsum
2931 5493 3238 5563 instigabat.
3282 5493 3455 5552 Porro
3474 5494 3790 5553 Bernartius

2204 5583 2261 5631 et
2323 5577 2575 5634 Warinus
2625 5580 2680 5634 in
2720 5580 3033 5653 Burgundia
3084 5585 3471 5640 consistentem
3523 5588 3784 5660 pepulum

2206 5671 2547 5728 suasionibus
2567 5674 2953 5742 accendebant,
2976 5676 3426 5746 promissionibus
3446 5677 3781 5747 alliciebant,

2199 5759 2522 5832 iuramentis
2535 5764 2931 5838 astringebant,
2942 5775 3002 5822 et
3016 5767 3069 5822 in
3088 5784 3252 5823 unum
3267 5768 3404 5825 velle
3416 5768 3777 5826 lmderabant.

2278 5855 2448 5929 (834.)
2489 5856 2675 5913 Hieme
2719 5868 2898 5916 autem
2938 5871 3149 5928 exacta,
3192 5867 3247 5917 et
3272 5877 3401 5918 vere
3418 5863 3533 5934 jam
3559 5879 3774 5921 roseam
