4048 6350
226 358 358 423 965

1797 354 1980 422 VI'I’A.

160 534 177 547 _
222 481 448 539 faciem
469 474 870 553 pratendente,
920 472 1217 536 Lotharius
1242 475 1398 550 patre
1436 484 1711 550 assumpto
1735 490 1837 549 per
1862 478 1918 540 Α
1939 474 2255 533 viderentur
2299 475 2551 548 injuriam
2598 476 2826 551 patienti
2879 482 3114 553 compati
3177 487 3234 540 et
3278 484 3521 545 relevate

220 590 446 648 pagum
496 573 923 631 Hasbaniensem
968 574 1073 629 iter
1111 571 1368 646 arripuit,
1411 579 1466 628 et
1503 569 1839 628 Parisiorum

223 672 437 728 urbem
465 669 661 742 petiit,
706 667 799 724 ubi
846 668 1065 725 obviam
1101 668 1205 725 sibi
1245 666 1362 724 fore
1390 676 1616 724 cunctos
1651 667 1836 723 ﬁdeles

223 766 523 839 pracepit.
560 762 660 822 Cui
706 762 1056 836 Eggebardus
1100 778 1284 819 comes
1317 766 1372 820 et
1410 762 1501 817 alii
1531 760 1674 816 illius
1712 760 1835 832 pagi

222 872 505 932 proceres
532 872 657 913 cum
684 871 881 929 magna
910 862 1099 911 coacta
1122 872 1307 925 manu,
1332 854 1546 911 obviam
1576 869 1674 926 pro
1700 853 1836 909 Iibe—

224 950 459 1007 ratione
496 949 839 1022 imperatoris
873 949 1161 1021 pugnaturi
1198 954 1581 1022 processerunt
1606 965 1618 1001 :
1643 958 1833 1018 perve-

228 1044 530 1114 nissetque
558 1059 647 1099 res
677 1041 745 1098 ad
770 1040 1041 1108 eﬁ‘ectum,
1070 1041 1179 1098 nisi
1200 1040 1478 1115 piissimus
1507 1040 1829 1111 imperator,

227 1153 448 1194 cavens
475 1146 530 1191 et
574 1134 866 1192 multorum
904 1134 1204 1208 periculum
1248 1132 1409 1192 simul
1443 1142 1499 1189 et
1525 1132 1829 1207 proprium,

226 1238 305 1294 ab
341 1238 448 1293 hoc
484 1238 723 1307 ineo-pte
749 1244 1026 1307 praecepto
1065 1245 1120 1293 et
1154 1235 1521 1293 obtestatione
1564 1249 1658 1291 eos
1688 1232 1831 1289 inhi-

224 1331 470 1389 buisset.
514 1330 752 1387 Tandem
802 1346 933 1403 ergo
974 1338 1297 1402 perventum
1338 1337 1424 1386 est
1458 1328 1527 1399 ad
1553 1334 1830 1385 monaste-

227 1426 384 1481 rium
415 1424 589 1481 sancti
618 1423 859 1497 Dionysii
890 1423 1164 1496 martyris.

305 1516 574 1591 I‘ippinus
622 1533 753 1577 vero
804 1518 872 1575 ab
918 1517 1206 1588 Aquitania
1246 1534 1369 1574 cum
1402 1517 1638 1574 maxima
1665 1531 1827 1573 manu

224 1610 445 1675 exiens,
480 1618 536 1666 et
561 1610 629 1669 ad
662 1608 974 1682 Sequanam
1009 1626 1181 1682 usque
1206 1612 1451 1678 veniens,
1483 1627 1606 1666 cum
1633 1618 1826 1681 pontes

227 1704 488 1775 dissipati
531 1719 807 1775 navesque
858 1704 967 1759 alto
1002 1705 1265 1761 demersa
1314 1706 1605 1761 transitum
1639 1703 1827 1775 prohi-

222 1797 525 1865 buissent,
577 1796 839 1855 substitit.
889 1797 1063 1854 Porro
1110 1794 1372 1855 Warinus
1417 1807 1474 1854 et
1511 1796 1823 1853 Bernartius

224 1890 495 1956 comites,
533 1888 784 1965 plurimis
818 1890 1089 1947 sociorum
1124 1904 1190 1945 ex
1218 1888 1546 1963 Bnrgundia
1572 1890 1821 1962 partibus

224 1985 459 2048 coactis,
490 1991 547 2039 et
572 1984 640 2041 ad
663 1982 970 2040 Matronam
994 1982 1219 2040 fluvium
1233 1999 1405 2054 usque
1432 1989 1819 2056 pervenerunt,

223 2082 286 2131 et
311 2074 389 2131 ibi
416 2076 613 2147 partim
641 2076 939 2146 asperitate
982 2083 1037 2133 et
1084 2076 1409 2147 intemperie
1454 2076 1598 2134 aeris
1642 2083 1822 2131 retar-

225 2166 368 2234 dati,
398 2169 598 2239 partim
625 2185 725 2241 pro
754 2170 1076 2241 colligendis
1104 2171 1267 2229 sociis
1299 2170 1577 2241 suspensi,
1613 2170 1665 2224 in
1696 2168 1821 2224 villa

224 2259 492 2333 Bonogilo
539 2270 594 2319 et
633 2263 699 2319 iis
738 2262 959 2334 praediis
1017 2280 1138 2335 qua
1181 2261 1569 2336 circumjacent
1615 2262 1822 2333 aliquot

224 2351 424 2409 diebus
463 2354 776 2413 consedere.
837 2355 1077 2412 Instabat
1104 2370 1236 2412 sane
1276 2363 1477 2412 sancta
1512 2354 1822 2425 Quadrage-

224 2443 384 2501 sima
408 2453 637 2518 tempus.
679 2446 845 2517 Cujus
866 2448 1201 2505 hebdomada
1224 2447 1420 2519 prima,
1447 2445 1582 2502 feria
1605 2444 1815 2516 quinta,

222 2534 387 2593 missi
417 2544 543 2593 sunt
571 2538 638 2594 ab
668 2537 773 2593 illis
799 2537 981 2610 legati,
1009 2538 1287 2594 Rebaldus
1308 2537 1475 2597 abbas
1497 2545 1552 2593 et
1573 2536 1821 2593 Gautsel—

222 2644 351 2685 mus
381 2645 565 2686 comes
587 2671 602 2697 ,
660 2631 727 2686 ad
756 2630 1077 2687 Lotharium
1109 2630 1277 2686 ﬁlium
1304 2629 1683 2703 imperatoris,
1719 2643 1818 2699 po—

223 2720 497 2778 stulantes
523 2729 584 2777 ut
606 2721 686 2778 eis
714 2721 995 2778 absolutus
1020 2722 1282 2778 custodia
1312 2720 1542 2777 vinculis
1579 2722 1816 2788 impera-

222 2816 317 2868 tor
344 2811 682 2868 redderetur.
719 2811 961 2880 Quorum
994 2812 1039 2869 si
1065 2821 1282 2884 pareret
1306 2811 1678 2883 postulationi,
1711 2810 1814 2882 ipsi

222 2918 444 2978 quoque
470 2906 522 2962 ei
544 2921 710 2962 causa
730 2907 874 2978 apud
904 2918 1116 2978 patrem
1146 2907 1338 2965 salutis
1362 2914 1417 2963 et
1438 2906 1661 2963 honoris
1685 2906 1816 2962 olim

224 2996 475 3069 dispositi
506 2992 705 3056 forent.
748 2999 847 3059 Sin
888 2999 1069 3070 aliter,
1114 3002 1326 3057 etiamsi
1373 3016 1602 3057 necesse
1646 3009 1811 3068 esset,

225 3101 352 3144 cum
381 3088 465 3144 sui
486 3090 727 3160 periculo
755 3108 880 3148 eum
925 3092 1244 3163 requisituri
1273 3110 1286 3147 :
1338 3096 1394 3148 et
1433 3092 1845 3148 resistentibus.

225 3178 332 3236 sibi
359 3179 415 3235 in
441 3180 546 3238 hac
568 3197 630 3239 re
659 3198 781 3239 cum
812 3183 998 3251 armis,
1026 3182 1137 3241 Deo
1159 3182 1373 3254 judice,
1407 3192 1593 3239 essent
1628 3184 1815 3239 obvia-

1938 569 2326 642 congratulari.
2385 570 2600 628 Etenim
2643 588 2816 645 usque
2854 575 2920 630 ad
2952 573 3084 632 illud
3118 585 3332 650 tempus
3368 586 3522 642 tanta

1937 661 2257 719 incubuerat
2284 664 2647 734 procellarum
2673 666 2756 722 vis
2788 665 3203 740 pluviarumque
3232 672 3523 730 vehemen-

1935 753 2034 822 tia,
2062 758 2122 811 ut
2158 766 2312 813 extra
2350 759 2567 815 solitum
2610 774 2878 832 aquarum
2915 763 3407 834 superabundantia
3431 783 3521 825 ex-

1934 858 2239 919 cresceret,
2271 857 2549 923 statusque
2577 862 2864 909 ventorum
2906 853 3308 926 imperviabiles
3340 858 3520 918 ﬁumi-

1932 956 2062 997 num
2094 941 2278 999 alveos
2325 944 2594 1001 redderet.
2654 943 2763 1001 Sed
2803 945 2860 1002 in
2902 946 3049 1004 illius
3082 949 3423 1009 absolutione
3442 954 3520 1010 ita

1931 1036 2327 1106 quodammodo
2354 1039 2471 1094 visa
2493 1046 2620 1095 sunt
2644 1040 2959 1110 eonjnrasse
2984 1043 3275 1113 elementa,
3304 1052 3366 1103 ut
3391 1062 3519 1106 mox

1930 1134 1986 1185 et
2009 1130 2156 1185 venti
2185 1132 2472 1188 savientes
2499 1133 2849 1190 mitescerent
2866 1176 2881 1201 ,
2918 1143 2974 1192 et
3000 1136 3120 1193 cali
3144 1136 3311 1196 facies
3335 1140 3390 1196 in
3418 1157 3517 1197 an-

1930 1221 2138 1292 tiquam
2162 1234 2217 1278 et
2251 1223 2422 1281 multo
2451 1233 2696 1296 tempore
2725 1227 2955 1284 invisam
2996 1231 3344 1289 serenitatem
3373 1233 3519 1291 redi-

1930 1319 2033 1369 ret.
2074 1312 2378 1387 imperator
2421 1332 2550 1390 ergo
2594 1319 2663 1374 ab
2690 1333 2756 1375 eo
2781 1318 2901 1376 loco
2935 1319 3042 1377 iter
3071 1323 3254 1394 coepit,
3298 1325 3393 1381 sed
3421 1341 3518 1383 ne-

1929 1423 2201 1478 quaquam
2250 1408 2420 1465 ﬁlinm
2462 1410 2752 1465 abeuntem
2801 1414 3095 1484 persequi,
3155 1406 3285 1470 licet
3329 1416 3515 1474 multis

1928 1500 2297 1568 hortantibus,
2328 1502 2521 1557 voluit.
2561 1503 2690 1561 Inde
2719 1518 2850 1577 ergo
2891 1504 3257 1578 Nantogilum,
3302 1522 3367 1564 ac
3394 1516 3520 1580 post

1926 1593 2423 1650 venitCarisiacum
2450 1594 2631 1651 villam
2646 1598 2883 1668 regiam;
2916 1598 3008 1655 ubi
3029 1601 3333 1657 consistens
3353 1617 3517 1675 oppe-

1928 1685 2172 1742 riebatur
2201 1686 2370 1742 ﬁlium
2399 1687 2686 1761 Pippinum
2713 1699 2769 1745 et
2790 1706 2886 1747 eos
2914 1694 3007 1762 qui
3037 1700 3190 1749 trans
3215 1690 3517 1751 Matronam

1927 1780 2279 1837 residebant:
2313 1781 2409 1837 scd
2444 1789 2499 1837 et
2529 1797 2624 1837 eos
2653 1784 2747 1852 qui
2789 1790 2942 1839 trans
2969 1783 3215 1840 Rhenum
3246 1784 3314 1841 ad
3339 1785 3517 1844 Ludo-

1849 1860 1898 1921 B
1928 1872 2110 1927 vicum
2138 1870 2307 1926 ﬁlium
2339 1872 2455 1943 ejus
2494 1872 2804 1945 confugium
2831 1875 3108 1943 fecerant,
3137 1877 3231 1934 sed
3256 1887 3313 1934 et
3340 1878 3517 1951 ipsum

1926 1962 2096 2019 ﬁlium
2115 2006 2129 2029 ,
2159 1965 2251 2037 qui
2288 1965 2357 2020 ad
2383 1980 2507 2020 eum
2536 1967 2811 2034 veniebat,
2842 1967 3194 2025 Ludovieum.
3236 1970 3356 2039 Quo
3381 1986 3515 2027 con-

1925 2055 2141 2111 sistenti
2167 2097 2182 2123 ,
2226 2057 2406 2113 medio
2456 2057 2897 2131 Quadragesima
2941 2067 3207 2132 tempore,
3242 2064 3518 2123 arridente

1924 2147 2088 2203 etiam
2115 2147 2303 2204 latitia
2331 2149 2503 2221 ipsius
2529 2150 2673 2215 diei,
2709 2158 2763 2206 et
2791 2151 2951 2207 oﬁicil
2983 2155 3309 2211 exhortante
3340 2157 3520 2213 canti-

1923 2237 2045 2295 lena
2074 2241 2468 2309 ecclesiastica,
2500 2257 2567 2298 ac
2593 2243 2807 2300 dicente
2833 2262 2846 2299 :
2882 2244 3117 2313 Lwtare,
3155 2247 3512 2316 Hierusalem,

1922 2340 1971 2386 et
1998 2332 2136 2387 diem
2159 2331 2349 2403 festum
2378 2335 2517 2406 agite
2541 2351 2718 2391 omnes
2750 2338 2840 2409 qui
2861 2337 3081 2409 diligitis
3103 2352 3251 2407 eam;
3279 2341 3517 2397 maxima

1921 2425 2210 2483 multitudo
2236 2427 2475 2484 ﬁdelium
2508 2445 2732 2486 suorum
2760 2431 2962 2488 ibidem
2992 2436 3254 2503 occurrit,
3282 2451 3516 2507 congra-

1920 2516 2101 2572 tulans
2146 2519 2421 2573 communi
2468 2519 2691 2576 latitia.
2754 2524 2903 2587 Quos
2934 2520 3248 2594 'imperator
3285 2524 3517 2597 benigne

1918 2610 2221 2681 suscipiens
2245 2653 2261 2680 ,
2311 2619 2368 2667 et
2409 2628 2510 2684 pro
2553 2613 2679 2670 ﬁdei
2726 2613 3037 2687 integritate
3087 2617 3290 2688 gratias
3327 2631 3511 2688 agens,

1917 2700 2202 2774 Pippinum
2228 2706 2447 2776 quidem
2482 2705 2654 2763 ﬁlium
2693 2708 2751 2764 in
2790 2708 3141 2781 Aquitaniam
3173 2725 3297 2766 eum
3328 2710 3517 2766 latitia

1917 2793 2155 2862 dimisit,
2202 2804 2427 2854 cateros
2461 2806 2646 2855 autem
2682 2801 2749 2856 ad
2780 2800 2901 2856 loca
2930 2802 3035 2857 sibi
3066 2816 3305 2873 congrua
3333 2802 3514 2857 redire

1915 2884 2362 2956 lates°permisit.
2402 2887 2522 2960 Ipse
2543 2898 2727 2947 autem
2748 2891 3088 2964 Aquasgrani
3108 2894 3384 2964 pervenit;
3411 2893 3516 2950 ibi-

1915 2993 2021 3049 que
2050 2977 2237 3035 Judith
2261 2979 2561 3053 Augustam
2586 2986 2655 3040 ab
2681 2985 2834 3040 Italia
2863 2986 3249 3043 reducentibus
3276 2986 3507 3043 Rataldo

1915 3068 2189 3141 episcopo,
2207 3071 2573 3141 etBonifacio,
2598 3076 2691 3131 sed
2708 3085 2763 3132 et
2779 3075 3066 3149 Pippinum
3095 3076 3263 3132 ﬁlium
3283 3080 3507 3149 recepit.

1917 3161 2091 3217 Porro
2118 3163 2372 3219 Carolum
2399 3166 2513 3237 jam
2546 3166 2748 3223 dudum
2773 3183 2959 3223 secum
2983 3168 3241 3223 habebat.
3282 3167 3510 3224 Ibidem-

223 3273 358 3328 ποτε,
401 3270 545 3331 sane
570 3274 699 3333 huic
727 3228 1288 3348 mandaw’rcspgndit
1317 3228 1641 3343 ιξηὴπίυε,
1692 3275 1815 3330 ηηι,
1840 3228 1886 3295 C
1917 3270 2023 3325 que
2059 3253 2283 3312 Pascha
2313 3258 2711 3315 solemnitatem
2742 3276 2866 3316 cum
2893 3260 3053 3317 solita
3076 3262 3362 3316 devotione
3389 3272 3510 3333 per-

231 3362 345 3423 lum
388 3365 511 3435 plus
558 3381 617 3423 se
660 3364 748 3422 vel
793 3367 1030 3438 compati
1074 3375 1313 3437 paterna
1358 3364 1681 3435 calamitati,
1730 3365 1815 3422 vel

228 3458 575 3529 congaudere
600 3459 948 3530 prosperitati
990 3477 1003 3513 :
1050 3474 1152 3514 nec
1191 3458 1387 3515 debere
1424 3458 1527 3514 sibi
1556 3458 1813 3529 imputari

224 3549 442 3621 culpam
475 3550 709 3607 senioris
742 3550 846 3606 sibi
869 3549 1067 3616 oblati,
1097 3566 1221 3606 eum
1248 3551 1351 3622 ipsi
1383 3566 1505 3606 eum
1538 3549 1815 3607 destituis-

224 3650 346 3701 sent
374 3658 439 3699 ac
466 3642 853 3715 prodidissent,
892 3658 1069 3714 neque
1097 3642 1387 3699 carceralis
1419 3642 1679 3699 custodia
1701 3658 1813 3699 na-

230 3750 359 3790 vum
389 3733 492 3789 sibi
515 3733 640 3804 jure
667 3733 843 3801 inuri,
882 3750 1007 3790 cum
1033 3741 1315 3790 constaret
1339 3734 1443 3791 hoc
1468 3742 1648 3789 actum
1668 3734 1814 3806 judi-

227 3824 314 3883 cio
339 3825 653 3897 episcopali.
696 3825 830 3881 Cum
859 3826 963 3882 hac
988 3840 1118 3898 ergo
1146 3824 1520 3881 satisfactione
1542 3825 1813 3896 praemissi

227 3915 392 3987 legati
436 3916 652 3972 remissi
697 3924 823 3972 sunt
866 3916 936 3973 ad
976 3932 1071 3972 eos
1099 3916 1192 3986 qui
1224 3931 1283 3971 se
1321 3916 1601 3972 miserant.
1653 3915 1813 3972 Com-

222 4009 465 4066 mandati
517 4016 646 4065 sunt
688 4008 959 4066 Guerinus
997 4024 1209 4077 eomes,
1262 4017 1317 4066 et
1368 4008 1515 4076 Odo,
1563 4024 1663 4065 nec
1702 4024 1811 4066 non

221 4099 387 4158 Falco
406 4108 462 4155 et
483 4099 635 4172 Ilugo
665 4099 905 4164 abbates,
935 4101 1001 4156 ad
1019 4117 1076 4156 se
1097 4101 1376 4157 venirent:
1401 4110 1668 4172 quatenus
1686 4117 1812 4158 cum

222 4191 303 4248 eis
314 4189 709 4247 deliberaretur
728 4191 999 4261 quomodo
1019 4191 1210 4263 petitio
1240 4208 1429 4249 eorum
1453 4192 1663 4264 impleri
1684 4207 1812 4265 pos-

223 4291 323 4341 set.
357 4281 624 4355 Pracepit
650 4284 815 4339 etiam
854 4283 997 4340 ﬁlius
1031 4283 1276 4355 ejusdem
1321 4272 1665 4357 imperatoris
1705 4282 1812 4340 Loo

224 4374 433 4431 tharius
463 4383 524 4431 ut
554 4375 703 4430 missi
731 4375 835 4431 sibi
868 4376 920 4429 in
951 4376 1251 4431 crastinum
1291 4376 1675 4448 dirigerentur,
1715 4376 1811 4446 qui

229 4475 437 4540 tempus
482 4468 746 4524 adventus
781 4469 1164 4539 pradictorum
1215 4468 1460 4524 virorum
1496 4469 1564 4524 ab
1610 4484 1677 4525 eo
1716 4483 1810 4524 co-

222 4568 577 4635 gnoscerent,
622 4568 678 4616 et
707 4561 787 4616 sic
816 4560 884 4615 ad
911 4560 1221 4616 condictum
1252 4560 1396 4615 diem
1423 4560 1526 4616 sibi
1556 4576 1809 4616 occurre-

224 4661 365 4719 rent,
397 4653 464 4710 de
496 4667 659 4708 causa
705 4653 1012 4724 supradicta
1052 4651 1357 4706 tractaturi.
1415 4651 1632 4707 Etenim
1672 4666 1802 4707 vero

223 4754 429 4803 mutato
456 4743 712 4809 consilio,
761 4759 884 4799 cum
915 4742 999 4798 his
1027 4742 1119 4814 qui
1156 4744 1273 4815 ejus
1310 4738 1495 4798 favore
1533 4741 1804 4797 duceban-

221 4845 329 4904 tur,
354 4838 547 4894 relicto
571 4845 727 4910 patre
754 4838 807 4893 in
834 4835 1168 4897 monasterio
1187 4837 1360 4893 sancti
1382 4834 1654 4907 Dionysii,
1689 4836 1804 4907 ipse

221 4928 584 5001 Burgundiam
607 4927 784 4999 petiit,
810 4926 1072 4982 Viennam
1096 4942 1267 4997 usque
1288 4926 1558 4998 pervenit,
1578 4925 1805 4982 ibidem-

222 5037 325 5094 que
360 5022 557 5079 stativa
586 5022 768 5079 facere
812 5021 1031 5094 delegit.
1091 5022 1163 5078 At
1190 5038 1322 5079 vero
1360 5023 1396 5077 ii
1427 5022 1517 5095 qui
1550 5039 1672 5079 cum
1706 5023 1805 5078 im-

220 5120 467 5186 peratore
515 5121 925 5179 remanserant,
980 5129 1105 5171 eum
1146 5115 1215 5170 ad
1257 5114 1596 5185 recipiendas
1625 5114 1798 5185 impe-

220 5204 450 5260 ratorias
484 5203 686 5259 infulas
720 5203 1100 5260 hortabantur.
1144 5203 1249 5260 Sed
1288 5204 1604 5276 imperator,
1634 5222 1803 5276 quan-

222 5312 380 5369 quam
409 5300 573 5355 modo
613 5314 723 5371 quo
759 5298 1080 5369 pradictum
1107 5283 1189 5353 est
1211 5294 1467 5354 Ecclesia
1489 5297 1801 5353 eliminatus

223 5392 595 5448 communione
618 5432 633 5459 ,
662 5404 1006 5462 nequaquam
1034 5398 1217 5445 tamen
1246 5406 1605 5463 praepropera
1629 5389 1802 5446 voluit

222 5484 566 5555 acquiescere
592 5482 878 5541 sententia
904 5501 916 5537 :
947 5477 1043 5538 sed
1074 5480 1386 5551 Dominica,
1418 5499 1538 5555 qua
1583 5481 1639 5538 in
1678 5498 1799 5538 cra-

222 5579 420 5636 stinum
466 5576 720 5645 advenit,
771 5578 826 5633 in
856 5575 1088 5635 ecclesia
1119 5575 1295 5631 sancti
1325 5574 1567 5651 Dionysii
1594 5577 1804 5648 episco-

221 5671 326 5746 pali
349 5672 656 5731 ministerio
679 5672 849 5730 voluit
876 5669 1242 5761 reconciliari,
1268 5680 1322 5726 et
1343 5687 1443 5743 per
1465 5687 1659 5728 manus
1688 5671 1804 5743 epi-

224 5781 505 5839 scoporum
533 5769 703 5828 armis
730 5767 939 5841 accingi
983 5766 1281 5826 consensit.
1332 5765 1389 5822 In
1434 5782 1539 5839 qua
1569 5784 1627 5823 re
1654 5775 1803 5824 tanta

177 5928 185 5936 _
225 5864 508 5921 exsultatio
530 5864 713 5937 populi
760 5863 1034 5928 excrevit,
1085 5870 1145 5919 ut
1187 5862 1353 5919 etiam
1382 5860 1498 5932 ipsa
1535 5862 1799 5919 elementa

1829 4610 1885 4673 D

1912 3347 2044 3419 egit.
2095 3345 2227 3404 Post
2273 3346 2430 3418 cujus
2471 3350 2844 3408 celebritatem
2886 3366 2985 3423 per
3026 3350 3377 3408 Arduennam
3420 3350 3512 3407 sil-

1913 3459 2038 3499 vam
2086 3445 2376 3501 venatioue
2424 3458 2485 3502 se
2533 3445 2816 3501 exercuit:
2845 3453 2901 3501 et
2931 3456 3053 3518 post
3088 3454 3289 3502 sancta
3318 3445 3511 3502 Pente-

1913 3545 2093 3594 costes
2134 3538 2520 3605 festivitatem,
2562 3539 2618 3593 in
2659 3546 2844 3611 partes
2875 3538 3151 3595 Romerici
3184 3541 3384 3595 montis
3410 3555 3509 3596 ve»
3604 3534 3607 3539 ’

1913 3630 2123 3686 nationi
2174 3639 2335 3702 atque
2376 3631 2666 3702 piscationi
2708 3647 2933 3703 operam
2974 3633 3143 3688 dedit.
3187 3632 3331 3690 Sane
3356 3649 3511 3690 rece-

1913 3724 2075 3782 dente
2100 3725 2210 3781 ﬁlio
2235 3726 2581 3798 imperatoris
2611 3726 2872 3782 Lothario
2910 3744 2939 3781 a
2969 3736 3125 3798 patre
3151 3737 3206 3783 et
3242 3730 3295 3784 in
3326 3737 3511 3800 partes

1910 3818 2200 3886 pradictas
2231 3817 2499 3885 abeunte,
2531 3824 2912 3873 remanserant
2940 3818 2995 3871 in
3037 3817 3303 3874 Neustria
3334 3820 3505 3890 parti-

1910 3906 2015 3964 bus
2065 3906 2394 3964 Lantbertus
2446 3922 2672 3973 comes,
2729 3917 2784 3964 et
2838 3908 3155 3976 Matfridus,
3217 3912 3510 3984 caterique

1913 3999 2319 4071 quamplurimi,
2348 4001 2440 4071 qui
2467 3999 2690 4055 easdem
2716 4009 2902 4073 partes
2927 4003 3148 4073 propria
3185 4002 3237 4058 vi
3271 4003 3509 4063 retinere

1911 4090 2246 4147 nitebantur.
2308 4092 2483 4160 Quam
2522 4106 2639 4147 rem
2669 4106 2812 4164 agre
2849 4094 3033 4148 ferens
3072 4093 3187 4150 OdO
3215 4110 3421 4162 comes,
3452 4102 3509 4152 et

1911 4182 2003 4239 alii
2028 4183 2183 4240 multi
2217 4185 2565 4257 imperatoris
2588 4187 2835 4256 partibus
2866 4186 3140 4257 faventes,
3184 4199 3374 4247 contra
3411 4207 3508 4249 eos

1912 4292 2065 4333 arma
2086 4277 2411 4349 corripiunt,
2445 4288 2647 4350 eosque
2671 4279 2873 4350 pellere
2895 4281 3001 4336 illis
3029 4281 3165 4338 locis
3192 4284 3507 4340 nitebantur

1912 4380 2009 4427 aut
2040 4380 2189 4428 certe
2232 4388 2356 4429 cum
2402 4374 2483 4431 eis
2512 4375 2790 4447 congredi.
2851 4374 2981 4442 Qua
3011 4390 3099 4431 res
3133 4392 3257 4432 eum
3286 4378 3506 4448 segnius

1911 4477 2074 4533 quam
2117 4463 2301 4518 decuit
2345 4462 2845 4532 administraretur,
2898 4473 2954 4522 et
2997 4468 3178 4522 minus
3204 4475 3362 4523 caute
3390 4467 3503 4523 cir-

1912 4554 2366 4626 cumspiceretur,
2406 4570 2514 4611 non
2542 4556 2825 4612 minimam
2859 4558 3224 4615 calamitatem
3254 4560 3334 4615 eis
3360 4560 3504 4615 intu-

1911 4646 1995 4702 lit.
2033 4646 2173 4702 Dum
2201 4648 2346 4703 enim
2394 4663 2462 4703 ex
2511 4649 2785 4720 insperato
2824 4650 2930 4706 illis
2968 4653 3151 4708 hostes
3180 4667 3504 4724 supervene-

1911 4746 2073 4805 runt,
2105 4739 2183 4795 illi
2210 4751 2393 4797 autem
2420 4743 2618 4799 minori
2645 4759 2806 4815 quam
2843 4760 2933 4800 res
2957 4746 3264 4816 postulabat
3290 4747 3501 4803 cautela

1912 4839 2228 4899 uterentur,
2258 4833 2633 4891 insistentibus
2664 4836 2909 4891 hostibus
2948 4846 3100 4909 terga
3135 4838 3499 4895 nudaverunt.

1909 4921 2096 4992 Ibique
2125 4930 2180 4978 et
2201 4924 2318 4994 ipse
2345 4924 2461 4981 Odo
2491 4940 2613 4981 cum
2645 4925 2812 4983 fratre
2848 4926 3118 4984 Willelmo
3145 4928 3353 4983 interiit
3380 4929 3501 5001 plu-

1909 5015 2172 5087 rimisque
2210 5018 2363 5082 aliis,
2407 5019 2591 5074 cateri
2620 5019 2848 5075 salutem
2883 5023 2937 5076 in
2966 5020 3108 5093 fuga
3137 5022 3380 5080 subsidio
3402 5037 3499 5096 po-

1910 5119 2158 5166 suerunt.
2201 5109 2319 5178 Quo
2347 5114 2564 5183 negotio
2587 5121 2830 5183 peracto,
2872 5113 2912 5169 ii
2941 5114 3035 5185 qui
3072 5115 3299 5171 victoria
3338 5117 3499 5188 potiti

1909 5210 2057 5268 sunt,
2089 5216 2213 5258 cum
2250 5216 2427 5272 neque
2462 5203 2537 5258 ibi
2584 5205 2883 5261 consistere
2926 5220 3089 5278 posse
3130 5207 3263 5264 satis
3319 5215 3498 5264 tutum

1907 5296 2206 5364 videretur,
2257 5313 2432 5368 neque
2460 5296 2720 5355 Lothario
2750 5316 2808 5356 se
2830 5301 3062 5374 jungere
3104 5302 3367 5371 valerent,
3405 5318 3498 5360 ve-

1907 5396 2092 5444 rentes
2120 5403 2189 5445 ne
2223 5397 2317 5444 aut
2343 5390 2417 5446 ibi
2454 5392 2879 5450 consistentibus
2914 5393 3213 5467 imperator
3239 5412 3497 5469 superve-

1907 5483 2073 5547 niret,
2109 5493 2205 5538 aut
2245 5492 2396 5539 certe
2442 5483 2508 5539 ad
2557 5499 2686 5542 suos
2731 5489 3148 5559 properantibus
3196 5488 3253 5545 in
3298 5490 3497 5548 itinere

1906 5575 2185 5643 obviaret,
2218 5577 2288 5631 ad
2320 5576 2644 5634 Lotharium
2681 5582 3006 5652 quantocius
3046 5582 3287 5651 mittunt,
3322 5590 3384 5638 ut
3412 5581 3499 5640 eis

1908 5670 2186 5742 suppetias
2225 5669 2394 5729 ferret
2426 5687 2564 5745 quos
2617 5674 2752 5730 tanti
2802 5674 3139 5733 discriminis
3179 5684 3359 5732 metus
3386 5674 3497 5731 cir-

1906 5765 2276 5823 cumvallaret.
2318 5766 2422 5838 Qui
2464 5767 2649 5825 audito
2676 5784 2867 5827 eorum
2910 5771 3181 5843 periculo,
3231 5776 3287 5823 et
3330 5767 3498 5827 rebus

1908 5859 2105 5932 gestis,
2158 5858 2477 5919 deliberavit
2514 5861 2595 5919 eis
2630 5876 2972 5921 succurrere.
3024 5863 3143 5931 Qua
3168 5865 3494 5931 tempestate
