4048 6350
529 343 631 400 967

1661 323 1991 383 LUDOVICI
2025 323 2050 380 1
2085 278 2558 382 coeuousu'ro
2593 318 2683 376 ru

3694 317 3808 376 968

518 451 787 519 Warinus
805 459 989 504 comes
1015 458 1140 500 cum
1166 439 1417 514 plurimis
1456 439 1620 496 sociis
1655 447 1896 496 castrum
1922 437 2104 495 Cabil—
2129 443 2184 506 Α
2206 446 2517 510 statumque
2558 432 2989 493 ecclesiasticum
3029 443 3169 512 pene
3214 429 3518 504 collapsum
3561 431 3622 488 in
3656 434 3809 491 anti-

518 538 708 598 Ionum
755 546 1034 608 utcunque
1063 533 1325 599 munivit;
1364 539 1425 587 ut
1452 532 1498 587 si
1533 532 1736 602 aliquid
1761 530 1830 586 ab
1854 531 2112 586 adversa-

522 647 646 688 rum
670 631 909 704 partium
942 625 1201 683 studiosis
1238 622 1519 679 moliretur
1556 623 1716 685 novi,
1754 622 1859 678 sibi
1894 622 2113 691 suisque

521 720 665 777 foret
694 716 1041 789 receptacqu
1067 731 1134 773 ac
1165 715 1471 770 munitioni.
1513 714 1669 782 Quod
1694 728 1819 769 cum
1853 712 2112 767 Lothario

523 821 863 886 compertum
889 811 1067 878 foret,
1110 809 1437 880 improvisus
1484 807 1611 879 illuc
1650 807 1906 863 advenire
1929 806 2113 876 dispo-

523 907 655 973 suit,
693 904 841 976 quod
883 912 1065 958 tamen
1112 900 1293 984 facere
1340 900 1601 971 nequivit.
1647 898 1878 955 Advenit
1906 906 2108 960 tamen,

525 1006 582 1053 et
611 997 869 1068 oppidum
912 994 1312 1060 circumdedit,
1363 1009 1484 1065 qua:
1523 993 1580 1047 in
1620 992 1848 1047 circuitu
1878 991 2113 1047 civitatis

521 1101 680 1146 erant
727 1090 978 1146 incendio
1020 1088 1383 1160 conﬂagrans.
1440 1088 1747 1160 Pugnatum
1790 1095 1876 1143 est
1914 1087 2113 1142 acriter

524 1181 719 1237 diebus
746 1181 1016 1251 quinque;
1066 1188 1123 1236 et
1146 1180 1366 1235 tandem
1409 1180 1478 1235 ad
1518 1179 1848 1235 deditionem
1876 1179 2112 1248 primum

532 1273 662 1328 urbs
686 1282 901 1344 recepta
931 1280 1016 1328 est
1036 1314 1052 1339 ,
1104 1280 1229 1343 post
1262 1281 1446 1329 autem
1469 1288 1623 1328 versa
1663 1274 1781 1328 vice
1811 1273 2113 1329 crudelium

523 1364 793 1427 victorum
823 1381 995 1432 more,
1025 1366 1265 1437 primum
1286 1367 1505 1437 quidem
1528 1368 1919 1439 direptionibus
1945 1368 2115 1423 eccle-

527 1459 622 1516 site
649 1468 876 1533 vastatas
898 1500 914 1527 ,
968 1460 1213 1515 thesauri
1244 1460 1561 1531 depraedati,
1591 1469 1645 1516 et
1671 1475 1989 1517 communes
2018 1477 2112 1516 co-

524 1552 631 1623 piae
657 1553 880 1623 direptae
907 1570 918 1605 :
949 1552 1017 1607 ad
1047 1552 1301 1607 ultimum
1327 1567 1460 1607 vero
1487 1552 1680 1607 civitas
1712 1552 1895 1607 voraci
1930 1552 2116 1607 incen-

524 1644 616 1702 d-io
658 1645 881 1717 depasta
931 1653 1050 1712 est,
1100 1652 1301 1716 praeter
1348 1660 1515 1699 unam
1558 1660 1783 1715 parvam
1831 1644 2115 1699 basilicam

522 1756 672 1811 quae,
707 1741 975 1812 stupende
1012 1742 1297 1808 miraculo,
1338 1758 1462 1798 cum
1493 1742 1621 1797 hinc
1644 1742 1769 1797 inde
1798 1744 1975 1798 cincta
2003 1742 2114 1797 fue-

2215 549 2382 605 quum
2412 540 2615 588 statum
2640 531 2776 603 erigi
2796 529 2978 599 jussit.
3018 529 3260 599 Itemque
3286 529 3546 600 praecepit
3571 539 3637 585 ut
3649 531 3806 587 missi

2211 640 2312 698 per
2338 626 2579 698 singulos
2614 626 2906 680 comitatus
2927 624 3090 689 irent,
3120 625 3211 695 qui
3240 624 3641 678 immanitatem
3665 640 3810 695 pm-

2216 720 2420 775 d‘onum
2460 731 2622 791 atque
2675 719 2977 783 latronum,
3025 733 3146 789 quae
3191 718 3435 772 inaudita
3476 728 3808 784 emerserat,

2214 813 2552 879 cohiberent,
2584 819 2640 869 et
2659 813 2750 868 ubi
2780 827 2968 868 eorum
2991 810 3165 882 major
3186 811 3269 866 vis
3294 811 3621 867 incubuerat
3640 813 3811 867 etiam

2215 905 2443 962 comites
2485 905 2695 961 vicinos
2733 913 2788 960 et
2833 905 3210 975 episcoporum
3261 903 3515 959 homines
3558 903 3631 958 ad
3672 903 3813 960 tales

2214 999 2547 1055 evincendos
2591 1009 2647 1054 et
2688 999 3046 1069 proterendns
3092 997 3196 1053 sibi
3232 997 3568 1053 asciscerent
3593 1038 3610 1062 ,
3663 1000 3814 1055 etde

2215 1091 2301 1147 his
2329 1090 2557 1162 singulis
2592 1090 2695 1145 sibi
2745 1092 2801 1146 in
2837 1091 3087 1161 proximo
3132 1090 3332 1162 placito
3376 1089 3622 1161 generali
3650 1090 3814 1145 Wor-

2216 1182 2441 1237 matiam
2469 1183 2869 1248 renuntiarent,
2888 1183 3033 1252 quod
3060 1182 3302 1237 futurum
3326 1190 3611 1238 transacta
3632 1182 3815 1239 hieme

2216 1283 2273 1331 et
2299 1275 2560 1331 suadente
2584 1273 2792 1330 vernali
2825 1276 2998 1346 gratia
3025 1275 3237 1330 indixit.

2290 1364 2464 1437 (855.)
2488 1366 2773 1438 Transegit
2793 1381 2922 1438 ergo
2958 1367 3255 1437 imperator
3274 1366 3573 1421 maximam
3600 1378 3813 1438 partem

2216 1457 2430 1513 hiberni
2448 1460 2706 1529 temporis
2716 1458 3064 1529 Aquisgrani.
3078 1458 3315 1530 Indeque
3331 1457 3617 1530 profectus
3640 1470 3727 1516 est
3748 1461 3815 1516 ad

2220 1548 2526 1605 Theodonis
2546 1551 2731 1605 villam
2754 1560 2880 1605 ante
2897 1549 3139 1606 Natalem
3157 1550 3393 1618 Domini,
3409 1552 3499 1606 ubi
3524 1553 3693 1606 etiam
3720 1568 3815 1625 po-

2217 1647 2395 1718 pulus,
2412 1647 2498 1702 cui
2520 1655 2850 1718 praeceptum
2873 1645 3071 1713 fuerat,
3087 1646 3326 1702 advenit.
3347 1645 3452 1702 Ubi
3481 1648 3813 1711 consistens,

2220 1746 2406 1792 contra
2440 1737 2704 1807 quosdam
2735 1738 3017 1808 episcopos
3047 1737 3113 1791 de
3140 1738 3222 1791 sui
3251 1737 3551 1807 dejectione
3578 1753 3818 1809 conque-

520 1830 595 1884 rit
629 1831 978 1886 srevientibus
1014 1840 1071 1887 et
1107 1831 1468 1887 lambentibus
1494 1831 1975 1899 ﬁammis,‘tamen
2008 1850 2115 1887 non
2141 1839 2191 1899 Β
2219 1827 2456 1883 rebatur.
2504 1826 2611 1883 Sed
2641 1844 2765 1883 cum
2810 1829 3027 1898 quidam
3066 1829 3124 1883 in
3163 1829 3375 1883 Italiam
3421 1829 3814 1902 confugissent,

521 1924 698 1993 potuit
722 1924 897 1979 aduri.
929 1924 1054 1980 Fuit
1075 1933 1259 1981 autem
1289 1935 1605 1981 consecrata
1635 1928 1746 1981 Deo
1770 1927 1825 1982 in
1854 1929 2116 1983 honorem

521 2018 668 2074 beati
711 2017 933 2090 Georgii
979 2020 1258 2091 martyris.
1300 2020 1413 2076 Nec
1444 2030 1625 2076 tamen
1653 2019 1899 2075 Lotharii
1927 2018 2117 2074 volun-

524 2118 611 2167 tas
640 2111 745 2167 fuit
777 2120 836 2167 ut
859 2113 1053 2169 civitas
1077 2114 1519 2171 succenderetur.
1557 2114 1962 2169 Acclamatione
1992 2128 2118 2182 por-

523 2217 586 2256 ro
627 2202 852 2257 militari
894 2212 1018 2273 post
1050 2205 1243 2258 urbem
1290 2213 1537 2275 captam,
1568 2205 1881 2260 Gotselinus
1910 2220 2114 2270 eomes,

523 2291 762 2363 itemque
789 2293 973 2350 Sanila
997 2310 1180 2351 comes
1199 2337 1213 2363 ,
1243 2313 1345 2352 nec
1371 2313 1481 2352 non
1511 2297 1862 2352 Madalelmus
1884 2296 2119 2352 vasallus

525 2381 851 2451 dominicus,
879 2386 1053 2455 capite
1086 2387 1231 2456 plexi
1270 2397 1412 2443 sunt.
1456 2387 1563 2443 Sed
1592 2396 1647 2442 et
1679 2387 1976 2458 Gerberga,
2007 2387 2118 2441 ﬁlia

525 2474 802 2542 quondam
821 2474 1075 2531 Willelmi
1098 2479 1335 2545 comitis,
1382 2489 1641 2549 tanquam
1659 2479 1921 2544 veneﬁca,
1965 2478 2121 2548 aquis

524 2562 819 2632 pmfocata
832 2574 936 2621 est.
964 2568 1094 2635 Qute
1107 2570 1231 2623 dum
1247 2578 1528 2641 geruntur,
1553 2570 1848 2640 imperator
1866 2584 1988 2625 cum
2011 2568 2122 2624 ﬁlio

529 2652 806 2712 Ludovico
828 2658 1129 2730 Lingonum
1150 2662 1423 2718 civitatem
1447 2662 1764 2729 advenerat,
1788 2663 1842 2717 in
1868 2678 1973 2733 qua
1988 2662 2123 2717 urbe

531 2744 904 2815 hujuscemodi
932 2752 1171 2821 suscepit
1200 2753 1474 2819 nuntium,
1515 2754 1608 2823 qui
1636 2768 1760 2808 eum
1798 2754 1953 2809 valde
1982 2766 2121 2809 mue-

527 2841 672 2889 stum
714 2837 966 2892 reddidit.
1027 2840 1096 2894 Et
1139 2840 1431 2898 Lotharius
1475 2843 1695 2913 quidem
1740 2844 1859 2914 ejus
1901 2844 2044 2898 ﬁlius
2093 2860 2124 2899 a

534 2927 814 2985 Cabillono
861 2933 966 2986 iter
1017 2936 1247 3005 suscepit
1279 2938 1350 2991 ad
1382 2937 1861 3009 Augustodunum,
1894 2941 2126 3010 indeque

534 3018 884 3079 Aurelianum
910 3027 1101 3081 urbem
1132 3030 1399 3098 pervenit,
1429 3030 1623 3086 deinde
1650 3031 1705 3085 in
1732 3047 1930 3102 pagum
1958 3031 2127 3088 Ceno-

535 3115 808 3170 manicum
830 3157 844 3182 ,
895 3117 951 3172 in
978 3117 1163 3172 villam
1196 3118 1351 3188 cujus
1384 3122 1708 3178 vocabulum
1737 3131 1821 3178 est
1857 3123 2124 3190 Matualis,

2220 1922 2437 1992 quidam
2464 1922 2642 1977 vocati
2674 1921 2895 1977 obedire
2924 1923 3228 1977 noluissent
3247 1964 3262 1990 ,
3300 1923 3451 1980 solus
3479 1924 3589 1980 Ebo
3618 1941 3822 1980 eorum

2217 1992 2312 2080 qui
2338 2011 2760 2082 impetebantur,
2784 2010 2975 2066 adfuit.
3001 2012 3104 2079 Qui
3130 2028 3252 2067 cum
3272 2013 3508 2070 rationis
3529 2015 3821 2070 reddenda:

2219 2118 2384 2158 causa
2413 2118 2576 2173 super
2602 2104 2799 2160 talibus
2834 2113 3153 2175 urgeretur,
3201 2106 3528 2162 causabatur
3555 2123 3616 2163 se
3642 2108 3817 2162 solum

2220 2199 2426 2254 relictis
2473 2200 2744 2267 omnibus,
2793 2201 2849 2257 in
2895 2216 3129 2270 quorum
3171 2203 3464 2272 praesentia
3513 2203 3636 2258 haec
3682 2203 3821 2257 facta

2221 2287 2458 2355 fuerant,
2490 2291 2692 2361 urgeri.
2721 2291 2792 2346 At
2813 2307 2943 2348 vero
2969 2294 3150 2348 caeteri
3179 2294 3449 2366 episcopi,
3479 2311 3611 2351 cum
3638 2296 3823 2352 obten-

2223 2381 2415 2437 derent
2460 2385 2841 2439 necessitatem
2873 2387 3209 2456 prmsentiaz,
3260 2399 3596 2443 excusarent
3648 2398 3821 2444 autem

2222 2472 2559 2529 voluntatem
2590 2474 2945 2543 innocentize,
2996 2475 3136 2531 idem
3175 2477 3287 2533 Eho
3326 2479 3550 2535 tandem
3595 2463 3824 2536 moleste

2224 2560 2406 2621 ferens
2431 2564 2630 2622 talibus
2672 2568 2990 2639 ext'edjari,
3031 2570 3259 2625 consilio
3301 2572 3471 2642 petito
3517 2574 3824 2642 aliquorum
3880 2569 3885 2577 ’

2224 2656 2620 2727 episcoporum,
2646 2660 2762 2729 ipse
2787 2660 2843 2714 in
2871 2676 2930 2715 se
2953 2662 3241 2730 quamdam
3264 2661 3671 2719 confessionem
3694 2679 3826 2734 pne-

2226 2750 2447 2817 dicavit,
2479 2753 2930 2822 confirmavitque
2957 2768 3015 2808 se
3037 2762 3093 2809 et
3117 2753 3743 2825 indignumsacerdotio
3774 2766 3826 2811 et

2228 2845 2662 2901 irrevocabiliter
2690 2861 2755 2901 eo
2785 2846 3059 2902 abstinere
3096 2844 3403 2914 judicavit;
3446 2849 3594 2917 quod
3632 2855 3689 2902 et
3713 2847 3825 2918 epi-

2229 2938 2408 3006 scopis
2437 2945 2493 2991 et
2514 2952 2615 3007 per
2636 2952 2730 2992 eos
2760 2938 3076 3009 imperatori
3114 2939 3465 2994 contradidit.
3494 2940 3619 3008 Quo
3652 2938 3825 3003 facto,

2228 3027 2548 3099 Agobardus
2568 3029 2943 3101 Lugdunensis
2964 3031 3424 3102 archiepiscopus,
3450 3033 3546 3101 qui
3571 3042 3829 3088 evocatus

2232 3123 2299 3175 ad
2329 3121 2755 3177 satisfactionem
2780 3125 2967 3179 venire
2997 3125 3222 3193 distulit,
3262 3142 3384 3181 cum
3432 3136 3517 3181 ter
3539 3138 3689 3182 esset
3708 3143 3832 3183 evo-

532 3204 770 3263 devenit.
808 3208 880 3263 At
910 3210 1207 3282 imperator
1239 3228 1361 3268 cum
1387 3214 1501 3269 suis
1538 3214 1791 3270 maximis
1824 3216 2016 3287 copiis,
2055 3218 2130 3272 si-
2156 3202 2200 3264 C
2233 3225 2408 3282 catus,
2440 3217 2508 3270 ab
2549 3216 2806 3272 Ecclesia:
2845 3219 3137 3289 praesulatu
3182 3228 3423 3276 semotus
3454 3229 3567 3287 est,
3595 3220 3827 3285 caeteris,

533 3304 646 3358 mul
688 3313 745 3360 et
791 3305 1069 3363 Ludovico
1102 3308 1244 3374 ﬁlio,
1296 3324 1422 3364 eum
1463 3310 1729 3381 sequitur.
1772 3310 1891 3378 Quo
1921 3313 2125 3380 audito,

537 3393 684 3450 ﬁlius
710 3397 828 3466 ejus
850 3398 1167 3465 Lotharius,
1188 3402 1412 3471 jamque
1434 3404 1546 3459 suis
1568 3405 1821 3474 receptis,
1855 3422 1963 3462 non
1990 3405 2131 3462 mul-

430 3507 444 3529 ι
536 3493 595 3540 to
638 3487 925 3543 intervan
974 3507 1004 3545 a
1053 3502 1211 3562 patre
1259 3503 1436 3551 castra
1480 3496 1628 3562 ﬁxit;
1683 3498 1867 3569 ibique
1900 3508 2133 3569 quatuor

540 3573 733 3631 diebus
753 3576 945 3649 legatis
966 3580 1460 3666 intercurrentibus
1484 3594 1754 3641 moratum
1786 3598 1888 3643 est.
1930 3590 2134 3656 Quarta

542 3681 673 3722 sane
700 3678 861 3724 nocte
912 3670 1205 3727 Lotharius
1255 3690 1381 3729 cum
1423 3675 1538 3730 suis
1587 3677 1900 3734 hominibus
1929 3680 2136 3736 referre

540 3758 731 3827 pedem
760 3760 828 3816 ad
847 3763 1152 3833 posteriora
1174 3766 1360 3836 etrapit.
1398 3766 1602 3823 Contra
1631 3784 1791 3838 quem
1816 3780 1973 3840 pater
1992 3789 2139 3827 eom-

537 3854 800 3924 pendioso
853 3856 1051 3915 itinere
1078 3860 1484 3929 obambulabat,
1510 3879 1789 3935 usquequo
1818 3873 2137 3935 perventum

538 3952 625 3999 est
652 3946 720 4001 ad
744 3944 968 4011 ﬂuvium
993 3950 1231 4022 Ligerim
1261 3968 1429 4023 prope
1459 3962 1700 4010 castrum
1725 3956 2000 4024 Blesense,
2026 3973 2138 4028 quo

539 4035 669 4092 Ciza
719 4038 912 4096 ﬂuvius
962 4042 1143 4115 Ligeri
1198 4044 1438 4101 conﬂuit.
1500 4046 1702 4105 Positis
1728 4050 1855 4105 hinc
1892 4050 2019 4105 inde
2046 4066 2139 4106 ca-

542 4133 695 4197 stris,
725 4137 966 4191 occurrit
991 4139 1156 4194 etiam
1184 4141 1329 4210 patri
1356 4142 1619 4213 Pippinus
1643 4143 1787 4199 ﬁlius
1812 4161 1934 4200 cum
1964 4162 2138 4216 quan-

540 4234 598 4282 to
639 4230 818 4299 potuit
860 4232 1083 4288 militari
1135 4242 1421 4305 apparatu.
1457 4234 1728 4290 Infractus
1764 4251 1894 4306 ergo
1931 4237 2138 4294 viribus

542 4316 879 4389 Lotharius,
936 4324 1163 4395 supplex
1211 4325 1279 4380 ad
1328 4334 1540 4395 patrem
1589 4326 1755 4381 venit.
1827 4326 1999 4395 Quem
2048 4329 2138 4384 ille

545 4412 846 4466 coercitum
883 4415 1085 4480 verbis,
1135 4422 1191 4468 et
1240 4415 1564 4486 obligatum,
1608 4402 1729 4472 ltam
1764 4417 1945 4487 ipsum
1972 4434 2136 4488 quam

542 4520 803 4575 proceres
831 4508 972 4579 ejus,
1002 4510 1201 4579 quibus
1228 4510 1400 4567 voluit
1428 4516 1817 4582 sacramentis,
1850 4516 1905 4571 in
1930 4515 2135 4571 Italiam

541 4596 773 4663 remisit,
801 4600 1054 4670 oppilatis
1085 4603 1351 4672 angustiis
1383 4604 1663 4672 itinerum,
1692 4624 1813 4678 quae
1841 4609 1897 4663 in
1922 4608 2138 4665 Italiam

544 4693 943 4760 transmittunt,
986 4712 1055 4751 ne
1103 4697 1226 4767 quis
1273 4699 1507 4754 transire
1545 4708 1729 4769 posset
1772 4702 1878 4756 nisi
1919 4701 2138 4759 licentia

547 4785 989 4842 custodientium.
1044 4787 1253 4855 Quibus
1293 4792 1564 4858 peractis,
1609 4791 1921 4847 Aurelianis
1968 4808 2140 4863 usque

543 4878 795 4946 pervenit
822 4895 946 4933 cum
972 4879 1083 4935 ﬁlio
1113 4880 1425 4949 Ludovico,
1471 4883 1655 4953 ibique
1684 4891 1795 4937 tam
1831 4883 1943 4938 ﬁlio
1978 4900 2141 4954 quam

549 4969 671 5024 aliis
696 4972 870 5027 reditu
906 4973 973 5028 ad
1000 4975 1220 5045 propria
1268 4974 1479 5032 indulta
1527 4975 1770 5032 Parisius
1799 4978 1916 5048 ipse
1953 4994 2143 5048 perve-

553 5060 656 5113 nit.
697 5061 895 5118 Habuit
924 5075 1104 5121 autem
1146 5082 1212 5123 eo
1244 5076 1489 5143 tempore
1530 5071 1675 5125 circa
1716 5071 1940 5125 missam
1970 5070 2145 5126 sancti

553 5148 771 5207 Martini
797 5165 1125 5212 conventum
1164 5160 1471 5228 generalem
1513 5160 1567 5215 in
1607 5161 1880 5217 Attiniaco
1920 5161 2142 5232 palatio,

554 5244 645 5299 ubi
679 5262 801 5300 cum
836 5249 1005 5304 multa
1047 5265 1331 5322 perperam
1381 5253 1566 5308 inolita
1601 5270 1835 5325 purgare
1869 5254 2146 5311 decrevis-

555 5345 640 5393 set
678 5346 788 5393 tam
836 5342 892 5397 in
938 5345 1327 5404 ecclesiasticis
1352 5364 1515 5419 quam
1544 5348 1778 5418 publicis
1804 5349 1986 5415 rebus,
2016 5357 2146 5406 tunc

553 5431 827 5502 prmcipue
865 5434 1087 5493 fuerunt
1138 5441 1260 5496 ista.
1322 5442 1600 5497 Mandavit
1629 5441 1740 5499 ﬁlio
1769 5442 2020 5514 Pippino,
2046 5460 2146 5515 per

556 5522 871 5579 Ermoldum
901 5528 1172 5595 abbatem,
1202 5548 1290 5589 res
1314 5534 1721 5590 ecclesiasticas
1754 5552 1872 5607 qua:
1900 5538 1952 5592 in
1981 5553 2147 5609 regno

558 5610 679 5683 ejus
693 5624 866 5681 erant,
886 5632 1020 5688 quas
1049 5621 1130 5675 vel
1159 5623 1271 5692 ipse
1295 5624 1407 5678 suis
1434 5625 1780 5691 attribuerat,
1802 5625 1887 5680 vel
1914 5626 2016 5696 ipsi
2042 5626 2147 5682 sibi

558 5708 984 5779 praeripuerant,
1030 5714 1234 5781 absque
1264 5715 1610 5771 cunctatione
1635 5715 1880 5770 ecclesiis
1907 5716 2145 5771 restitui.

556 5799 751 5858 Missos
780 5803 944 5860 etiam
970 5821 1069 5875 per
1100 5805 1352 5862 civitates
1377 5815 1435 5862 et
1460 5809 1794 5865 monasteria
1817 5811 2144 5879 transmisit,

2231 3315 2293 3362 ut
2317 3309 2570 3373 diximus,
2597 3310 2654 3363 in
2678 3309 2887 3364 Italiam
2916 3310 3263 3383 fugientibus.
3289 3311 3556 3382 Sequenti
3583 3328 3718 3367 vero
3735 3312 3833 3367 Do-

2234 3399 2452 3464 minica,
2484 3415 2605 3470 qua:
2634 3415 2801 3457 sacrm
2829 3402 3268 3474 Quadragesimzn
3294 3404 3512 3459 initium
3544 3396 3830 3475 praecede-

2232 3488 2358 3555 bat,
2409 3489 2464 3543 in
2510 3489 2667 3545 Melis
2699 3490 2975 3546 civitatem
3008 3493 3257 3548 dominus
3295 3492 3631 3564 imperator,
3662 3495 3755 3549 sed
3776 3500 3831 3549 et

2235 3581 2493 3654 episcopi,
2525 3589 2578 3636 et
2604 3583 2838 3653 populus
2878 3585 3202 3640 universalis
3233 3584 3376 3641 illius
3406 3597 3717 3642 conventus
3742 3602 3830 3641 ve-

2235 3676 2353 3729 nit:
2396 3683 2453 3729 et
2490 3673 2633 3729 inter
2668 3675 2961 3731 missarum
2999 3678 3457 3744 celebrationem,
3504 3689 3718 3750 septem
3745 3694 3832 3733 ar-

2237 3767 2566 3838 chiepiscopi
2590 3776 2796 3838 septem
2816 3770 3281 3826 reconciliationis
3301 3771 3695 3827 ecclesiasticae
3716 3786 3835 3827 ora-

2237 3859 2414 3915 tiones
2453 3874 2616 3929 super
2661 3875 2787 3915 eum
2824 3862 3157 3919 cecinerunt.
3206 3864 3384 3933 Atque
3431 3880 3627 3919 omnes
3653 3862 3833 3934 populi

2236 3949 2343 4007 hoc
2368 3952 2508 4019 viso,
2537 3968 2638 4023 pro
2665 3952 2910 4024 plenaria
2950 3955 3297 4010 restitutione
3320 3955 3671 4025 imperatoris
3698 3954 3834 4009 mul-

2238 4051 2322 4097 tas
2348 4042 2460 4111 Deo
2489 4044 2693 4113 gratias
2723 4044 3093 4100 reddiderunt.
3124 4045 3254 4101 Post
3277 4062 3398 4115 quae
3418 4048 3624 4113 omnia,
3660 4048 3835 4102 Theo-

2239 4134 2394 4188 donis
2424 4134 2606 4189 villam
2640 4144 2752 4190 tam
2780 4136 3033 4201 dominus
3064 4137 3379 4207 imperator,
3412 4152 3577 4207 quam
3605 4138 3698 4207 qui
3719 4137 3838 4207 ejus

2236 4224 2464 4293 populus
2487 4234 2662 4292 erant,
2696 4228 2901 4283 reversi
2932 4234 3089 4283 sunt:
3117 4236 3172 4283 et
3200 4228 3481 4284 Dominico
3505 4244 3664 4283 sacro
3687 4228 3842 4296 Qua-

2240 4316 2559 4387 (lragesimae
2606 4328 2849 4391 tempore
2900 4320 3189 4376 inchoante
3211 4362 3226 4387 ,
3270 4336 3716 4392 unumquemque
3767 4321 3841 4377 ad

2238 4408 2457 4478 propria
2483 4409 2662 4465 redire
2698 4412 2974 4482 praecepit.
3022 4414 3140 4483 Ipse
3181 4421 3366 4469 autem
3394 4412 3839 4485 Quadragesimm

2243 4507 2455 4571 tempus
2483 4502 2684 4558 ibidem
2711 4506 2911 4575 exegit,
2953 4506 3048 4561 sed
3088 4514 3145 4561 et
3182 4505 3406 4562 Pascha:
3433 4506 3837 4562 solemnitatem

2244 4593 2300 4647 in
2320 4593 2478 4650 Metis
2503 4596 2814 4651 celebravit.
2840 4596 2970 4653 Post
2990 4598 3387 4655 solemnitatem
3407 4614 3579 4670 porro
3600 4599 3836 4657 Pascha-

2240 4688 2368 4754 lem,
2409 4698 2572 4761 atque
2599 4690 2947 4748 Pentecostes
2973 4694 3333 4751 venerabilem
3360 4695 3524 4759 diem,
3560 4696 3837 4751 civitatem

2242 4779 2604 4851 Vangionum,
2631 4799 2753 4853 quze
2773 4800 2918 4839 nunc
2940 4784 3245 4840 Wormatia
3273 4793 3520 4852 vocatur,
3537 4788 3835 4843 secundum

2243 4870 2552 4926 condictum
2598 4872 2666 4926 ad
2717 4872 3094 4930 celebrandum
3150 4885 3478 4931 conventum
3526 4877 3837 4948 generalem

2245 4961 2417 5017 abiit:
2459 4962 2553 5016 ubi
2580 4963 2629 5017 ei
2650 4964 2815 5019 etiam
2841 4965 2984 5021 ﬁlius
3011 4965 3269 5036 Pippinus
3293 4968 3558 5034 occurrit,
3591 4985 3695 5025 nec
3733 4969 3834 5024 Lu-

2247 5053 2472 5111 dovicus
2499 5056 2638 5112 alter
2664 5057 2781 5128 ejus
2812 5059 2954 5116 ﬁlius
2995 5061 3185 5117 defuit.
3222 5064 3369 5119 More
3393 5071 3578 5119 autem
3608 5082 3714 5120 suo
3742 5066 3839 5121 im-

2245 5152 2466 5215 perator
2489 5162 2830 5219 nequaquam
2872 5160 3195 5208 conventum
3224 5155 3389 5210 istum
3414 5170 3445 5209 a
3477 5155 3694 5226 publica
3735 5155 3840 5211 nti-

2247 5239 2401 5297 Iitate
2442 5258 2638 5298 vacare
2684 5260 2876 5315 passus
2915 5255 3017 5302 est.
3064 5246 3362 5319 Diligenter
3408 5264 3644 5319 namque
3677 5249 3739 5303 in
3777 5262 3842 5305 eo

2246 5338 2563 5393 examinare
2589 5338 2796 5393 studuit
2814 5341 2945 5410 quid
2965 5342 3164 5413 quique
3190 5344 3483 5401 missorum
3513 5342 3567 5397 in
3599 5343 3842 5399 diversas

2245 5440 2429 5500 partes
2457 5432 2646 5487 directi
2676 5433 2904 5503 egerint.
2938 5434 3005 5489 Et
3030 5435 3158 5505 quia
3185 5428 3351 5508 aliqui
3374 5437 3638 5493 comitum
3669 5437 3728 5491 in
3756 5450 3840 5492 ne-

2246 5524 2526 5597 prcssione
2546 5534 2602 5580 et
2623 5526 3074 5583 exterminatione
3095 5510 3367 5585 latronum
3404 5544 3600 5601 segnes
3636 5528 3839 5599 reperti

2249 5627 2407 5685 sunt,
2438 5618 2664 5675 diversis
2704 5621 2989 5675 sententiis
3023 5636 3209 5676 eorum
3238 5621 3523 5693 segnitiem
3568 5621 3839 5692 condigna

2249 5714 2554 5769 invectione
2581 5712 2899 5785 castigavit;
2939 5712 3183 5784 ﬁliosque
3202 5722 3258 5768 et
3279 5713 3535 5785 p0pulum
3554 5708 3839 5769 admonuit

2247 5812 2311 5861 ut
2347 5805 2657 5878 aequitatem
2702 5802 3007 5877 diligerent,
3041 5813 3396 5877 raptoresque
3431 5806 3838 5876 opprimerent,
