4048 6350
265 419 268 424 .
318 369 424 432 969

312 582 643 652 relevarent,
671 584 1050 649 interminatus
1075 597 1238 652 etiam
1277 604 1602 663 severiorem
1630 609 1684 664 in
1715 626 1810 667 eos
1835 628 1894 668 se

311 671 634 729 libraturum
668 681 989 737 sententiam
1016 686 1107 754 qui
1143 688 1268 744 huic
1293 691 1646 752 admonitioni
1673 717 1779 756 non
1806 717 1894 758 es-

305 944 699 1013 oonstituisset,
728 950 795 1003 ad
818 951 1162 1012 hiemandum
1189 958 1514 1033 Aquisgrani
1545 944 1603 1022 se
1631 973 1885 1027 contulit:

306 1031 526 1104 ﬁlioque
565 1052 663 1092 suo
699 1037 958 1100 Lothario
993 1047 1270 1106 mandavit
1310 1031 1386 1108 ut
1408 1056 1618 1114 nobiles
1650 1075 1890 1134 quosque

305 1142 530 1184 suorum
559 1131 625 1186 ad
658 1135 908 1190 eumdem
948 1136 1127 1195 locum
1168 1143 1458 1214 dirigeret,
1505 1159 1772 1219 quatenus
1800 1131 1888 1210 re-

303 1219 700 1278 conciliationis
735 1234 936 1282 mutua:
958 1229 1102 1286 inter
1130 1247 1189 1288 se
1223 1243 1278 1289 et
1311 1235 1460 1292 illum
1489 1241 1628 1296 ratio
1659 1243 1884 1299 investi-

300 1322 538 1382 garetur.
568 1314 807 1386 Augusta
831 1317 1016 1376 Judith
1039 1339 1160 1378 cum
1191 1328 1518 1386 consiliariis
1545 1332 1888 1404 imperatoris

298 1405 530 1460 consilio
554 1406 708 1474 inito,
740 1423 808 1464 eo
833 1413 978 1482 quod
996 1414 1250 1484 valentia,
1281 1429 1344 1476 ut
1370 1423 1678 1492 videbatur,
1715 1427 1887 1497 impe-

298 1498 499 1553 ratoris
523 1513 720 1569 corpus
764 1517 891 1558 mox
917 1505 1271 1578 destitueret,
1318 1522 1373 1569 et
1407 1531 1554 1572 mors
1587 1517 1881 1588 ingrueret,

293 1595 352 1642 et
380 1589 484 1644 sibi
507 1599 563 1646 et
593 1589 788 1650 Carolo
815 1596 1116 1666 periculum
1143 1601 1474 1674 immineret,
1513 1609 1618 1665 nisi
1648 1611 1883 1682 aliquem

292 1675 527 1734 fratrum
580 1681 682 1737 sibi
731 1685 1089 1756 asciscerent,
1145 1691 1619 1768 conjectantesque
1675 1701 1879 1758 nullum

291 1768 527 1826 ﬁliorum
566 1773 906 1844 imperatoris
929 1786 1041 1836 tam
1063 1787 1472 1844 convenientem
1496 1791 1622 1848 huic
1642 1794 1720 1849 rei
1742 1796 1880 1852 sicut

1852 402 2034 467 VITA.
2138 403 2146 413 ’

314 491 488 548 bonos
509 506 750 565 quosque
773 504 830 552 et
853 513 1042 557 eorum
1067 504 1439 574 possessiones
1459 514 1527 570 ab
1547 519 1900 587 oppressione

3395 525 3399 530 η
3475 453 3579 514 97o

1923 531 1977 590 Α
1995 523 2192 594 jubens
2217 550 2410 604 parare
2433 537 2532 596 sibi
2556 543 2938 616 stipendiarias
2967 571 3226 632 annonas,
3251 553 3581 650 stativasque

1997 632 2265 689 congruas
2293 643 2392 697 per
2416 646 2576 689 omne
2605 636 2736 705 iter,
2787 644 2932 713 quod
2976 646 3203 709 Romam
3240 632 3576 722 transmittit.

1960 720 1962 722 '
1995 708 2218 770 Dicebat
2248 720 2397 776 enim
2425 738 2484 779 se
2515 725 2702 786 limina
2727 708 3011 793 beatorum
3039 747 3399 813 apostolorum
3439 757 3582 813 invi-

1995 819 2116 860 sere
2152 809 2306 866 velle.
2339 812 2490 881 Quod
2518 834 2588 875 ne
2622 821 2804 893 ﬁeret,
2849 809 3090 900 irruptio
3105 835 3579 906 Nordmannorum

1993 897 2049 952 in
2076 898 2305 958 Frisiam
2338 905 2637 978 impedivit.
2681 915 2764 972 Ad
2794 897 3022 990 quorum
3058 928 3401 992 insolentiam
3431 956 3580 996 com-

1987 1350 2179 1412 baldus
2211 1373 2375 1427 porro
2401 1362 2628 1423 Romam
2653 1386 2922 1445 pergeret,
2952 1350 3578 1462 Gregorium-p'apa-t‘nde

1987 1449 2310 1504 necessariis
2336 1455 2701 1527 consulturus,
2745 1471 2799 1519 et
2841 1468 3175 1531 voluntatem
3204 1449 3576 1555 imperatoris,

1987 1545 2290 1610 caeteraque
2317 1543 2419 1600 sibi
2443 1545 2683 1616 injuncta
2704 1552 3028 1624 perlaturus.
3065 1563 3172 1623 Sed
3193 1543 3488 1632 Lotharius
3506 1543 3576 1635 de

1985 1627 2072 1683 his
2099 1643 2417 1702 conventus,
2455 1654 2556 1696 nec
2585 1659 2693 1699 non
2720 1636 2978 1709 delrebus
3002 1664 3362 1725 quarumdam
3398 1668 3575 1726 eccle-

1983 1719 2188 1776 siarum
2216 1723 2432 1793 ablatis,
2452 1745 2572 1800 quae
2595 1734 2647 1788 in
2675 1735 2828 1794 Italia
2850 1752 2996 1812 sunt,
3015 1719 3336 1816 quibusdam
3359 1760 3570 1829 annuit,

1983 1811 2231 1878 quaedam
2259 1830 2318 1870 se
2347 1833 2456 1874 non
2499 1837 2658 1891 posse
2695 1843 2917 1889 servare
2960 1811 3256 1910 respondit.
3305 1845 3373 1902 Et
3405 1811 3574 1909 Falco

1990 1859 2231 1878 1-"“'"
2259 1859 2318 1870 νυ
2347 1859 2456 1874 ··ν··
2499 1859 2658 1891 νυδσυ
2695 1859 2917 1889 acuatu
2960 1859 3256 1910 respondit.
3307 1859 3373 1902 ιιι
3408 1859 3574 1909 ιιύιοο

288 1859 642 1931 Lotharium,
691 1868 894 1926 hortati
945 1883 1072 1930 sunt
1113 1876 1495 1948 imperatorem
1537 1893 1598 1939 ut
1643 1887 1711 1940 ad
1754 1903 1881 1946 eum
1909 1879 1958 1942 Β
1983 1899 2202 1968 quidem
2238 1913 2401 1976 atque
2437 1910 2744 1974 Richard“
2790 1920 3106 1994 imperatori
3151 1949 3183 1988 a
3226 1935 3403 1995 Frisia
3446 1952 3574 2013 post

288 1951 487 2008 missos
516 1955 773 2013 paciﬁcos
800 1962 1042 2013 mitteret
1067 1974 1122 2013 et
1150 1970 1216 2013 ad
1246 1970 1347 2013 hnn
1393 1972 1568 2013 imum
1597 1976 1852 2013 ίηιοςρηηη
1978 1989 2151 2013 .___-,__
2188 1996 2235 2013 ιτ
2317 2002 2331 2013 .

245 2009 248 2012 ,
286 1951 487 2008 missos
516 1955 773 2025 paciﬁcos
800 1962 1042 2020 mitteret
1067 1974 1122 2021 et
1150 1970 1218 2024 ad
1243 1970 1349 2027 hoc
1392 1972 1570 2043 ipsum
1597 1976 1875 2036 invitaret.

285 2043 421 2112 Qui,
461 2055 520 2101 ut
562 2050 682 2120 paci
732 2067 949 2124 semper
979 2060 1239 2129 studens,
1288 2080 1608 2139 semperque
1651 2072 1878 2130 dilector

278 2138 434 2207 pacis
461 2147 624 2210 atque
662 2155 871 2202 amator
911 2149 1215 2221 ﬁrmitatis,
1264 2138 1541 2227 quaarebat
1578 2179 1686 2220 non
1716 2169 1876 2224 modo

278 2229 442 2297 ﬁlios,
484 2234 578 2289 sed
608 2243 664 2291 et
707 2237 959 2298 inimicos
989 2245 1091 2300 sibi
1135 2247 1406 2306 charitate
1453 2255 1617 2322 uniri,
1644 2257 1876 2315 libenter

275 2337 536 2380 assensus
559 2335 666 2382 est.
682 2328 741 2384 ln
767 2334 1017 2391 condicta
1042 2353 1207 2408 porro
1227 2341 1376 2410 villa,
1399 2353 1456 2400 et
1480 2355 1722 2420 tempore
1739 2367 1875 2423 prai-

275 2410 448 2478 ﬁnito,
481 2414 702 2472 adfuere
723 2420 876 2478 missi
901 2439 933 2478 a
961 2423 1096 2493 ﬁlio,
1123 2444 1260 2499 quos
1290 2432 1405 2504 ipse
1429 2410 1718 2509 praecepit,
1739 2410 1872 2514 .plu-

273 2501 422 2569 rimi,
467 2505 608 2560 inter
635 2523 771 2578 quos
814 2513 980 2570 etiam
1017 2517 1176 2576 Wala
1219 2501 1654 2592 primus-adfuit.
1694 2501 1869 2592 causa

261 2961 448 3032 vitque
471 2979 568 3034 per
593 2982 716 3024 eum
741 2982 796 3028 et
822 2984 1047 3036 casteros
1068 2980 1177 3037 ﬁlio
1198 2961 1414 3054 missos,
1447 2998 1505 3044 ut
1531 2996 1858 3063 quantocius

259 3053 490 3111 veniret.
523 3056 674 3126 Quod
706 3063 752 3118 si
781 3063 1018 3137 faceret,
1051 3075 1454 3136 consultissime
1479 3053 1581 3137 sibi
1611 3084 1855 3143 futurum

258 3144 446 3200 sciret.
475 3145 575 3214 Qui
597 3153 891 3224 redierunt,
917 3168 974 3215 et
1001 3163 1112 3218 ﬁlio
1138 3180 1255 3221 rem
1286 3171 1609 3228 retulerunt.
1641 3173 1756 3232 Sed
1783 3195 1854 3235 ne

241 3227 572 3294 mandatum
617 3243 962 3316 imperatoris
1002 3255 1070 3310 ad
1118 3257 1368 3315 effectum
1415 3267 1843 3339 perduceretur,

251 3327 479 3384 morbus
504 3329 778 3404 febrisque
806 3339 1144 3413 intercessit,
1179 3359 1235 3406 et
1270 3327 1482 3412 Wala'm
1508 3362 1726 3430 quidem
1760 3381 1846 3421 re-

252 3417 360 3475 bus
397 3420 646 3482 humanis
669 3430 914 3503 abduxit,
947 3437 1264 3500 Lotharium
1294 3463 1426 3505 vero
1466 3417 1666 3511 lectulo
1705 3457 1842 3527 deji-

249 3509 425 3579 ciens,
466 3517 705 3576 maximo
747 3530 988 3597 tempore
1027 3529 1285 3605 languere
1335 3538 1484 3597 fecit.
1541 3509 1842 3617 imperator

249 3616 383 3658 vero
413 3605 862 3674 clementissimus
904 3632 1098 3680 natura
1116 3668 1131 3693 ,
1164 3637 1226 3686 ut
1251 3631 1419 3691 ﬁlium
1446 3639 1671 3697 adversa
1695 3646 1840 3702 vale-

247 3691 438 3749 tudine
478 3711 786 3772 correptum
816 3712 1038 3780 audivit,
1085 3733 1184 3788 per
1216 3724 1411 3782 missos
1459 3728 1834 3804 ﬁdelissimos,

247 3781 453 3804 “mu,
484 3786 528 3804 η
793 3797 812 3804 -

246 3781 457 3840 scilicet
484 3786 759 3862 Hugonem
789 3797 1011 3859 fratrem
1050 3781 1238 3878 suum,
1271 3824 1326 3870 et
1358 3818 1711 3892 Adalgarium
1738 3781 1834 3883 co:

1224 3871 1235 3878 ,
1394 3871 1421 3872 η
1451 3871 1711 3892 mw"-..
1740 3871 1802 3883 νυ

244 3871 458 3942 mitem,
480 3893 604 3934 eum
631 3884 885 3957 visitavit,
928 3903 1090 3966 atque
1119 3904 1303 3959 omnia
1341 3909 1460 3978 ejus
1494 3911 1832 3975 incommoda

1978 1989 2158 2063 fugam
2187 1996 2658 2066 Nordmannorum
2689 2021 3024 2088 revertenti,
3048 2026 3173 2082 talia
3213 1989 3480 2091 nuntiantr
3511 2039 3570 2096 in

1976 2082 2382 2148 Franconoford
2425 2098 2665 2166 palatio:
2706 2105 2797 2160 ubi
2839 2109 2954 2179 ipse
2990 2082 3362 2178 autumnalem
3410 2141 3570 2183 exer-

1974 2193 2105 2237 cens
2126 2187 2487 2259 venationem,
2512 2191 2809 2255 hiematum
2830 2201 3169 2278 Aquasgrani
3193 2229 3312 2271 sese
3339 2234 3567 2276 conver-

1973 2269 2060 2325 tit.
2091 2272 2162 2328 At
2183 2291 2316 2333 vero
2344 2279 2686 2344 Adrebaldus
2708 2269 2956 2360 Romam,
2992 2269 3049 2352 uvt
3073 2299 3286 2369 jussum
3317 2309 3430 2384 sibi
3449 2311 3566 2368 fue-

1973 2372 2078 2430 rat,
2103 2371 2368 2437 pervenit,
2397 2374 2674 2435 dominnm
2702 2381 3023 2456 Gregorium
3052 2407 3247 2464 papam
3285 2380 3564 2472 aegrotan-

1971 2461 2078 2509 tem
2127 2462 2357 2530 reperit,
2405 2474 2460 2522 et
2499 2473 2734 2528 maxime
2769 2475 2918 2533 fluxu
2956 2461 3262 2555 sanguinis,
3307 2461 3400 2563 qui
3435 2495 3565 2556 licet

1969 2549 2194 2619 sensim,
2239 2557 2494 2614 continue
2529 2569 2708 2621 tamen
2754 2585 2822 2625 ex
2855 2549 3083 2633 naribus
3114 2549 3402 2642 deﬁniebat.
3447 2589 3558 2655 Sed

1968 2646 2119 2697 tanta
2150 2644 2434 2708 alacritate
2476 2663 2533 2710 et
2578 2661 2772 2728 gaudio
2811 2666 2878 2721 ad
2915 2671 3079 2727 verba
3129 2675 3472 2746 imperatoris
3504 2693 3562 2745 et

1966 2736 2370 2803 compassiones
2397 2742 2514 2814 ejus
2543 2759 2820 2810 recreatus
2852 2769 2955 2826 est,
3005 2771 3066 2819 ut
3112 2736 3464 2836 proﬁteretur
3499 2791 3559 2834 se

1962 2835 2103 2889 pene
2134 2824 2596 2894 incommoditatis
2619 2837 2853 2912 propriae
2872 2824 3129 2909 oblitum.-
3142 2856 3329 2928 Itaque
3348 2873 3405 2918 et
3425 2867 3558 2922 mls.

1837 2936 1862 2947 -
1963 2924 2082 2965 sum
2109 2914 2177 2968 ad
2219 2931 2279 2972 se
2304 2922 2714 2990 opulentissime
2742 2937 2954 2992 curavit
2981 2943 3122 3011 apud
3168 2962 3226 3002 se
3253 2953 3556 3012 consistenc

1961 3009 2106 3071 tem,
2157 3015 2214 3062 et
2261 3009 2526 3072 ditissime
2570 3027 2877 3083 muneravit
2921 3009 3296 3094 recedentem:
3330 3044 3555 3104 mittens

1959 3109 2082 3151 cum
2107 3113 2173 3154 eo
2200 3101 2334 3159 duos
2356 3108 2662 3182 episcopos,
2693 3114 2914 3175 Petrum
2940 3121 3422 3192 Centumcellensis
3458 3155 3551 3194 ur-

1954 3189 2058 3255 bis,
2084 3201 2140 3248 et
2161 3193 2451 3268 Georgium
2483 3206 2847 3275 regionarium
2891 3214 3152 3277 Romana:
3197 3225 3348 3290 urbis
3383 3231 3548 3289 simul

1954 3281 2288 3354 episcopum.
2305 3288 2597 3378 Lotharius
2618 3313 2782 3366 porro
2800 3312 2859 3358 ut
2884 3308 3089 3366 audivit
3117 3329 3546 3380 memoratorum

1948 3373 2329 3446 episcoporum
2377 3383 2444 3438 ad
2483 3371 2759 3446 dominum
2800 3394 3185 3469 imperatorem
3216 3410 3543 3485 adventum,

1948 3463 2102 3519 misit
2127 3465 2388 3539 Leonem,
2413 3477 2504 3545 qui
2535 3486 2648 3535 tum
2675 3486 2818 3554 apud
2847 3463 2997 3546 illum
3025 3501 3208 3568 magni

1943 3551 2124 3623 batur,
2153 3557 2451 3621 Bononiam
2477 3587 2489 3622 :
2535 3572 2627 3640 qui
2653 3551 2850 3649 magno
2878 3551 3146 3643 intentat;
3177 3598 3424 3664 terrore,
3452 3599 3540 3654 ul-

1942 3655 2025 3702 tra
2044 3655 2297 3722 progredi
2327 3659 2610 3732 episcopos
2651 3669 2947 3735 prohibuit.
2987 3675 3328 3740 Adrebaldus
3355 3655 3538 3746 tamen

1939 3741 2224 3808 epistolam
2252 3747 2568 3820 imperatori
2599 3755 2925 3816 destinatam
2955 3765 3024 3820 ab
3058 3769 3140 3823 eis
3180 3775 3392 3830 occulte
3417 3792 3535 3833 sus-

1938 3833 2100 3901 cepit,
2133 3843 2188 3889 et
2208 3838 2422 3894 cuidam
2451 3858 2672 3899 suorum
2703 3851 2804 3905 sub
2833 3851 3056 3908 obtentu
3101 3862 3356 3931 mendici,
3399 3881 3539 3936 quo-

1933 3935 2105 3991 usque
2134 3924 2298 3996 Alpes
2329 3933 2608 4000 transiret,
2652 3937 2933 3998 ferendam
2974 3951 3277 4018 commisit,
3309 3924 3372 4012 ac
3400 3924 3527 4027 post

1934 4012 2248 4084 imperatori
2278 4024 2541 4088 porrexit.
2572 4025 2648 4080 Ea
2670 4039 2992 4101 tempestate
3014 4049 3216 4108 quanta
3246 4012 3361 4101 lues
3387 4012 3530 4103 mor-

1932 4104 2056 4162 talis
2082 4109 2336 4180 populum
2379 4116 2470 4184 qui
2497 4116 2814 4177 Lotharium
2842 4104 3062 4185 secutus
3099 4142 3207 4202 est,
3240 4135 3523 4207 invaserit,

1923 4565 2266 4629 Corbeiensis
2286 4585 2600 4639 monasterii
2623 4587 2806 4657 abbas,
2833 4565 3138 4664 Matfridns,
3162 4565 3339 4671 ﬁngo.
3361 4601 3520 4658 Lam-

1330 4615 1347 4617 -
1539 4615 1555 4622 ν
1930 4615 2266 4629 -ν-νν-υι-υ-ιι
2286 4615 2549 4638 ιι-νιηωιω
2564 4615 2600 4639 ιι
2623 4615 2806 4657 anuus,
2833 4615 3138 4664 maurmus,
3162 4615 3339 4671 nugo.
3362 4615 3508 4658 Lam-

253 4615 339 4668 us,
371 4619 472 4663 nec
497 4625 605 4666 non
643 4615 756 4684 ipse
797 4621 852 4675 in
898 4627 1120 4684 tutelam
1166 4649 1538 4713 susceperant,
1571 4647 1818 4709 homines
1842 4618 1898 4677 Β
1921 4656 2129 4728 bertus,
2172 4662 2527 4740 Godofridus,
2559 4676 2796 4750 itemque
2834 4682 2977 4742 ﬁlius
3002 4688 3122 4760 ejus
3150 4688 3508 4761 Godofridus,

253 4691 349 4760 ius
384 4701 758 4761 cmdeliSSima
802 4715 955 4761 cladi:
981 4735 1236 4761 vrum-nn:
1290 4731 1419 4761 nn...
1457 4753 1544 4761 κ--
1576 4742 1710 4761 -_g,,,
1933 4746 2000 4761 ι..

1326 4701 1343 4710 _
1523 4701 1537 4713 ,
1572 4701 1817 4709 ,_..-___----
1922 4701 2129 4728 ,μνη-..η
2173 4701 2527 4740 uuumuuus,
2559 4701 2796 4750 itemque
2834 4701 2977 4742 nnus
3002 4701 3122 4760 ejus
3150 4701 3508 4761 Uodofridus,

225 4701 349 4760 ejus
384 4701 760 4766 crudelissima
802 4715 955 4774 clade
981 4735 1258 4783 vexarent.
1290 4731 1420 4798 Quae
1457 4753 1546 4794 res
1572 4742 1814 4802 animum
1919 4746 2173 4829 Albertus
2196 4773 2379 4817 comes
2405 4761 2702 4836 Pertensls,
2726 4771 3055 4846 Burgaretus
3077 4782 3351 4850 quondam
3371 4801 3511 4856 prae—

225 4783 373 4843 illius
396 4793 740 4856 mitissimum
766 4807 902 4856 adeo
938 4822 1273 4856 ρηειηωηνςι
1333 4834 1389 4856 ..ο
1418 4833 1699 4856 -..ιιλᾼμμ
1719 4853 1735 4856 -
1764 4839 1801 4856 ιθ
1921 4839 1944 4856 ι
2011 4851 2020 4856 -

1299 4783 1419 4798 ,ι-ν.
1457 4783 1545 4794 η..
1572 4783 1814 4802 .............
1919 4783 2074 4829 mou
2089 4783 2173 4812 tus
2196 4783 2379 4817 comes
2405 4783 2702 4836 rertensts,
2726 4783 3055 4846 Burgaretus
3077 4783 3351 4850 quondam
3371 4801 3507 4856 pra-

224 4783 373 4843 imus
396 4793 740 4857 miliSSimum
766 4807 902 4864 adeo
938 4822 1297 4890 θκδερεηνίι,
1333 4834 1393 4881 ιιι
1415 4833 1814 4899 quodammodo
1917 4839 2093 4902 fectus
2137 4856 2488 4913 venatoribus
2527 4862 2819 4930 regalibus,
2864 4869 2957 4922 sed
2987 4878 3042 4924 et
3070 4869 3376 4932 Richardus
3417 4879 3507 4935 vix

224 4884 748 4935 ﬂtraordinariam
773 4898 1056 4935 vitiati“..-
1099 4911 1289 4935 ..:--__
1323 4917 1362 4935 λ.
1403 4921 1414 4932 .
1555 4933 1562 4935 .
1681 4929 1715 4935 --

1435 4898 1449 4899 ί
1953 4898 1958 4899 ⁷
2013 4898 2088 4902 ᾑὟ
2151 4898 2488 4913 "‘"'"'""’""
2529 4898 2819 4930 ⁸νῦ¹¹¹¹υυδν
2864 4898 2957 4922 πυ
2987 4898 3042 4924 τι
3070 4898 3376 4932 ιιιυιιᾶιΐαυδ
3417 4898 3505 4935 γιχ

658 4903 750 4958 ἰη
773 4898 1074 4973 Videbatur,
1097 4911 1292 4970 missos
1313 4917 1586 4992 dirigeret,
1606 4929 1811 4989 nullum
1913 4937 2105 4991 evasit.
2148 4938 2268 4996 Non
2308 4954 2429 5014 post
2463 4950 2688 5008 multum
2719 4961 2774 5008 et
2802 4955 2918 5026 ipse
2965 4961 3214 5016 moritur.
3263 4964 3326 5020 Hi
3356 4969 3505 5023 enim

658 5001 687 5026 η
723 4987 824 5026 ira»
853 4996 1243 5026 nnnﬂnin_-l--__
1548 5025 1551 5026 ,
1595 5017 1626 5026 .-

1912 5037 2071 5084 erant
2099 5046 2329 5101 quorum
2359 5037 2584 5096 decessu
2627 5044 2908 5102 dicebatur
2947 5048 3177 5107 Francia
3218 5056 3500 5114 nobilitate

1911 5119 2121 5188 orbata,
2157 5123 2471 5186 fortitudine
2490 5134 2645 5201 quasi
2667 5138 2850 5193 nervis
2877 5141 3100 5198 succisis
3121 5143 3351 5210 evirata,
3375 5163 3502 5216 pru-

1910 5211 2092 5269 dentia
2113 5214 2199 5272 his
2223 5218 2548 5280 obeuntibus
2572 5227 2869 5284 annullata.
2894 5229 3000 5287 Sed
3031 5233 3355 5308 hissubruti
3376 5211 3496 5294 sos-

1909 5305 2079 5362 tendit
2116 5308 2259 5366 Deus
2297 5327 2461 5382 quam
2487 5317 2739 5388 salubre,
2773 5336 2938 5392 quam
2981 5305 3249 5386 laudabile
3280 5331 3354 5387 sit
3397 5330 3496 5387 ob-

1906 5412 2148 5469 servare,
2175 5406 2317 5474 quod
2339 5423 2403 5463 ex
2429 5424 2525 5465 ore
2553 5410 2670 5480 ejus
2704 5417 2968 5486 probatur
2991 5425 3325 5490 procedere:
3369 5425 3498 5482 Non

1903 5487 2178 5560 glorietur,
2209 5495 2478 5567 inquiens,
2508 5505 2716 5575 sapiens
2741 5508 2797 5561 in
2830 5487 3090 5581 sapientia
3117 5531 3236 5582 sua,
3267 5534 3362 5573 nec
3382 5516 3495 5588 for-

1900 5582 1967 5636 tis
1993 5585 2049 5638 in
2077 5587 2386 5656 fortitudine
2409 5610 2526 5662 sua,
2556 5613 2647 5651 nec
2671 5598 2815 5655 dives
2840 5602 2897 5656 in
2918 5603 3115 5660 divitiis
3139 5607 3268 5662 suis.
3303 5606 3409 5664 Sed
3433 5616 3492 5664 et

1902 5671 2244 5743 imperatoris
2264 5682 2507 5740 animum
2527 5688 2649 5757 quis
2669 5691 2899 5747 miretur
2917 5695 3100 5765 digne,
3115 5706 3320 5768 quanta
3341 5700 3487 5756 hunc

1601 5717 1799 5726 ._---..-
1902 5717 2183 5743 ...Ὕνιυ-ωι
2198 5717 2244 5736 ιο
2264 5717 2507 5740 αιιιιιιυιιι
2527 5717 2649 5757 quia
2670 5717 2899 5747 miretur
2917 5717 3100 5765 utgne,
3115 5717 3320 5768 quanta
3341 5717 3486 5756 nunc

207 5717 375 5849 “fg”?
398 5720 794 5849 Pampendtzns
817 5749 880 5789 ea
910 5737 1257 5801 Divinitatem
1295 5748 1612 5812 offenderet.
1645 5758 1798 5826 Quod
1827 5807 1831 5810 .
1899 5772 2254 5837 temperantia
2276 5775 2454 5832 divina
2495 5780 2876 5849 gubernaverit
2896 5786 3240 5846 clementia?
3270 5789 3486 5847 Etenim

207 5815 254 5849 8|
277 5819 310 5849 ιι
335 5820 554 5849 Immnm
575 5831 679 5849 nnn
731 5829 942 5849 ....._.-_.
980 5847 1004 5849 η
1111 5836 1123 5848 .
1441 5844 1488 5849 -,

1305 5801 1612 5812 __--._-.-..
1648 5801 1798 5826 κυνυ
1827 5807 1831 5810 η
1903 5801 2096 5837 ιιιιιγςι
2109 5801 2254 5828 unua
2276 5801 2454 5832 umna
2495 5801 2876 5849 gunernaverlt
2909 5801 3194 5846 Clementia
3216 5801 3240 5844 Ϊ
3270 5801 3485 5847 Etenim

203 5801 312 5860 sibi
334 5804 554 5895 impune
572 5831 682 5873 non
706 5817 948 5882 futurum
978 5847 1086 5891 non
1107 5836 1402 5908 ignoraret.
1435 5844 1607 5907 Simul
1630 5853 1795 5914 etiam
1898 5856 2002 5924 hoc
2029 5872 2281 5940 suscepto
2319 5873 2528 5942 nuntio,
2555 5888 2656 5934 nec
2685 5874 2739 5934 in
2765 5891 2825 5933 se
2850 5879 3163 5953 exsultavit,
3190 5881 3294 5939 nec
3317 5881 3485 5954 morti

569 5905 812 5954 pA'rnnv
893 5917 1027 5954 nm
1446 5931 1448 5933 ν
1473 5931 1478 5934 ·

569 5905 847 5976 ΡΛΤιιοι,
893 5917 1049 5985 CIV.
1133 5905 1153 5908 “
1446 5931 1478 5934 ,,
1564 5905 1583 5907 η

1952 5905 2001 5924 γν
2029 5905 2280 5940 -uqvvrwv
2319 5905 2528 5942 uuuuv,
2555 5905 2656 5934 νῦν
2685 5905 2739 5934 ιιι
2765 5905 2825 5933 DC
2850 5905 3000 5934 υλδιιι
