2024 3175
273 196 323 227 971

849 190 1011 240 LUDQVlCl
1031 191 1043 219 ι
1060 184 1298 220 COGNOMENTO
1317 188 1362 218 PII

1859 189 1917 219 972

271 253 444 282 inimicorum
459 250 614 285 insultavit;
632 249 679 279 sed
695 257 784 286 pugno
796 254 906 286 pectore
918 254 1008 283 tunso,
1027 250 1066 276 la-
1079 251 1106 282 Α
1117 247 1175 275 haec
1186 247 1302 283 scripsi,
1324 251 1352 283 et
1365 254 1411 282 Qui
1422 245 1505 281 huius
1517 244 1557 278 mi
1569 243 1715 283 scientiam
1727 244 1836 276 ὣὼαη
1849 255 1915 275 m-

269 299 423 336 crymisque
435 297 521 325 oculis
535 294 658 333 oppletis,
673 297 757 324 Deum
772 297 824 325 illis
838 296 985 332 propitium
1002 295 1063 323 ﬁeri

270 354 331 373 cum
344 344 444 380 ingenti
458 344 559 380 gemitu
577 347 705 380 preCatus
722 348 772 371 est.
796 343 853 371 Hoc
872 347 991 378 tempore
1003 342 1064 369 Bri-

269 398 362 420 tonum
381 391 499 426 impetus
514 395 621 419 emotus
637 395 690 423 est,
703 391 750 418 sed
768 396 823 418 tam
842 390 921 421 facile
935 389 1062 425 conquie-

268 441 317 474 x-it,
329 448 410 475 quam
424 440 571 475 imperator
583 439 609 467 in
625 446 686 467 eum
699 447 774 474 spem
788 439 877 474 posuit
887 438 932 466 cui
946 438 1062 466 veracis-

268 488 335 515 sime
351 486 469 513 dicitur:
491 485 584 513 Subest
606 486 674 513 enim
694 485 751 519 tibi,
766 485 888 519 Domine,
903 493 962 512 cum
975 484 1062 512 volue-

268 533 316 565 ris,
327 541 412 567 posse.

303 580 332 608 lu
351 579 417 615 ipsis
429 579 514 607 etiam
529 579 623 607 diebus
636 599 644 613 ,
664 579 692 607 in
706 579 805 614 quibus
819 577 982 614 ,Puriticatio
996 577 1062 605 bea-

267 621 380 653 tissima:
395 633 502 661 semper
511 625 624 661 virginis
635 625 726 655 Maria:
736 625 900 657 celebratur,
912 628 1061 651 conventus

267 672 377 702 quidem
392 679 514 707 magnus,
530 671 579 699 sed
592 671 728 707 praecipue
740 671 945 706 episcoporum,
962 670 1062 704 Aquis-

266 719 345 755 graui
359 718 483 747 convenit
497 718 583 754 (856).
597 718 627 746 ln
640 726 768 753 quocum
780 718 814 745 de
828 717 888 745 aliis
899 717 1062 746 utilitatibus

265 767 394 795 Ecclesia:
406 766 593 799 necessariis,
615 770 676 797 tum
702 766 839 801 pracipue
858 766 892 793 de
915 765 957 793 bis
980 766 1062 793 rebus

266 816 391 847 questum
412 816 462 847 est,
474 819 547 848 ,quas
565 811 695 846 Pippinus
712 815 742 839 et
756 811 797 839 sui
823 810 914 838 multis
930 810 1061 838 Ecolesiis

265 857 442 886 abstulerunt.
466 856 602 893 (utquam
621 864 678 885 rem
691 856 842 892 imperialis
864 857 1012 885 auctoritas
1034 861 1063 884 et

261 904 417 937 .comnmnis
426 904 535 932 concilii
545 903 786 936 commonitorium
798 904 951 936 ordinatur,
960 903 1061 938 quibus

264 954 486 979 commoneretur
500 950 631 986 Pippinus
644 954 672 977 et
682 949 724 977 sui
743 957 805 977 cum
819 953 919 985 quanto
940 949 1063 984 periculo

262 1004 308 1025 res
326 996 528 1025 ecclesiasticas
552 995 732 1031 pervaserint.
751 995 816 1028 Quae
837 1002 883 1023 res
901 1001 1061 1030 prosperam

264 1043 385 1078 suscepit
411 1043 526 1070 exitum.
554 1042 623 1071 Nam
641 1042 774 1078 'Pippinus
794 1041 896 1069 monita
917 1041 954 1076 pii
975 1041 1063 1075 patris

264 1094 473 1123 sanctorumque
489 1089 609 1116 virorum
625 1088 742 1116 libenter
753 1087 919 1122 suscipiens,
932 1087 1062 1114 obedien-

259 1139 302 1167 ter
317 1136 423 1170 paruit,
437 1140 465 1163 et
478 1135 569 1162 omnia
583 1135 676 1162 invasa
689 1134 795 1163 restitui
810 1134 893 1161 etiam
902 1140 955 1168 per
968 1133 1062 1161 annuli

262 1182 303 1208 sui
319 1181 525 1217 impressionem
539 1181 692 1209 constituit.
708 1180 865 1210 Proximum
880 1181 944 1208 buic
958 1180 1061 1215 placito

261 1231 425 1255 conventum
449 1227 597 1262 imperator
619 1226 647 1254 in
667 1234 736 1262 pago
757 1226 929 1262 Lugdunensi
951 1226 1060 1259 habuit,

259 1277 384 1308 tempore
391 1274 496 1306 aestivo,
504 1275 535 1301 in
549 1274 609 1303 loco
620 1274 666 1309 qui
681 1278 792 1302 vocatur
806 1274 983 1307 Stramiacus,
997 1282 1061 1301 cum

258 1318 375 1357 ,Pippino
386 1324 415 1347 et
429 1320 567 1351 Ludovico
588 1320 660 1348 filiis.
679 1320 747 1349 Nam
762 1320 834 1355 quod
845 1321 991 1348 Lotbarius
1006 1328 1060 1347 non

258 1365 356 1399 adfuit,
378 1366 523 1395 invalentia
537 1367 707 1403 aegritudinis
725 1375 806 1401 simra
825 1366 904 1394 dicta:
917 1365 1013 1394 obfuit.
1030 1366 1061 1393 lu

262 1419 317 1447 quo
335 1419 446 1439 causam
472 1412 649 1445 ecclesiarum
665 1412 853 1448 Lugdunensis
875 1417 958 1446 atque
977 1411 1060 1438 Vien-

260 1458 353 1489 nensis
366 1458 523 1491 vacantium
548 1458 674 1488 ventilari
686 1458 764 1490 fecit,
792 1466 825 1485 eo
844 1458 916 1493 quod
940 1457 1059 1492 θρίω)Ρὶ

259 1503 363 1537 dudum
376 1503 494 1537 illarum,
512 1503 675 1539 Agobardus
688 1504 797 1539 quidem
808 1504 902 1539 jussus
922 1503 955 1530 ad
973 1503 1059 1530 ratio-

260 1556 323 1577 nem
349 1557 403 1578 non
432 1550 539 1582 venerit
566 1550 754 1583 reddendam;
781 1549 938 1577 Bernartius
968 1553 1059 1576 autem

259 1595 424 1631 Viennensis
443 1595 560 1629 adfuerit
571 1596 692 1631 quidem,
709 1596 756 1625 sed
771 1595 972 1630 rursus‘fugam
984 1595 1059 1623 inie-

259 1640 305 1668 rit.
322 1640 376 1668 Sed
390 1642 449 1669 haec
461 1642 570 1676 quidem
592 1649 635 1670 res
653 1641 813 1677 imperfecta
833 1642 974 1674 remansit,
995 1649 1062 1676 pro-

258 1689 321 1721 pter
331 1686 495 1719 absentiam,
512 1687 715 1722 utprtediotum
730 1692 783 1720 est,
792 1688 992 1722 episcoporum.
1005 1686 1060 1715 Sed

259 1726 288 1763 et
300 1739 382 1759 causa
396 1732 547 1766 (iuniorum
565 1733 665 1763 ibidem
677 1734 806 1761 vontilata
819 1738 872 1765 est,
885 1740 1001 1768 quorum
1013 1732 1060 1759 alii

258 1778 383 1814 partibus
401 1779 532 1807 Bernardi
550 1779 693 1812 favebant,
709 1779 754 1807 alii
777 1780 946 1807 ducebantur
965 1779 1060 1806 favore

258 1824 411 1860 Beringarii
422 1824 553 1853 ﬂurouici
568 1825 711 1862 [Hunroci]
726 1826 861 1861 quondam
875 1826 982 1853 comitis
993 1825 1057 1852 ﬁlii.

260 1869 315 1898 Sed
336 1870 498 1906 Beringario
520 1871 667 1900 immatura
687 1875 780 1899 morte
802 1875 937 1906 praerepto
950 1891 957 1903 ,
986 1870 1058 1905 apud

262 1916 431 1945 Bernardum
446 1921 567 1953 potestas
588 1917 766 1952 Septimanie
778 1926 861 1953 quam
878 1918 999 1945 maxima
1014 1925 1058 1945 re—

260 1963 371 1996 mansit,
394 1963 490 1999 legatis
510 1963 577 1992 illuc
585 1964 691 1996 missis,
713 1964 759 1998 qui
771 1971 805 1991 ea
818 1971 878 1998 quae
897 1964 1057 1999 indigebant

259 2010 428 2043 correctione
446 2010 474 2037 in
493 2010 634 2038 meliorem
657 2014 851 2045 componerent
872 2015 983 2038 statum.
1006 2010 1056 2039 His

257 2055 378 2090 peractis
388 2075 395 2088 ,
411 2059 439 2083 et
448 2055 505 2089 jam
517 2055 582 2085 ﬁliis
594 2056 747 2091 populoque
760 2056 890 2089 dimissis,
905 2056 1054 2091 imperator

259 2101 410 2131 autumnali
423 2101 566 2131 venatione
573 2106 699 2137 peracta,
711 2102 745 2129 ad
756 2102 867 2129 missam
882 2103 969 2129 sancti
984 2102 1055 2129 Mar-

258 2147 307 2174 tini
319 2146 483 2182 Aquisgrani
499 2147 590 2179 rediit,
601 2151 630 2174 et
640 2147 759 2175 hiemem
771 2147 870 2175 ibidem
882 2148 984 2183 exegit,
994 2146 1053 2175 Nu-

257 2194 341 2222 talem
363 2202 470 2229 quoque
485 2195 592 2222 Domini
607 2194 728 2230 itemque
745 2195 906 2223 Paschalom
926 2196 1054 2223 solemni-

257 2246 353 2275 tatem,
365 2240 444 2275 juxta
454 2249 559 2270 morem
575 2242 696 2269 debitum
710 2246 738 2269 et
748 2242 801 2270 sibi
815 2249 924 2278 semper
931 2242 1053 2271 familia-

258 2289 406 2322 rissimum,
425 2288 525 2317 ibidem
539 2288 697 2317 celebravit.

293 2334 377 2371 (837.)
389 2334 424 2363 At
437 2342 504 2362 vero
514 2331 650 2363 mediante
662 2334 811 2363 festivitate
824 2334 947 2363 Phaenea
961 2338 1052 2363 dirum

257 2389 367 2416 semper
380 2389 413 2409 ac
427 2381 506 2410 triste
515 2386 683 2417 portentum,
701 2381 729 2409 id
743 2384 786 2408 est
796 2385 908 2409 cometae
922 2381 1007 2414 sidus,
1024 2381 1051 2408 in

256 2428 335 2463 signo
350 2427 469 2463 Virginis
492 2428 628 2463 apparuit,
643 2427 676 2456 vin
690 2435 722 2455 ea
744 2432 822 2463 parte
838 2427 959 2462 ejusdem
981 2427 1052 2463 signi

257 2482 310 2509 qua
323 2474 451 2509 penulam
464 2475 524 2510 ejus
535 2476 642 2507 subtus,
655 2475 770 2502 caudam
785 2482 850 2502 vero
861 2474 998 2509 serpentis
1011 2474 1034 2501 si
1043 2488 1050 2491 -

258 2521 368 2558 mulque
387 2529 500 2550 corvum
516 2522 694 2556 constringit.
714 2521 791 2555 Quod
814 2529 875 2548 cum
900 2529 953 2548 non
976 2528 1051 2549 more

257 2568 407 2595 errantium
421 2568 660 2604 septem‘siderum
668 2567 810 2595 Orientem
825 2575 921 2595 versus
934 2571 1049 2604 peteret,

256 2620 308 2648 per
324 2613 419 2649 viginti
442 2614 564 2650 quinque
581 2613 640 2641 dies
652 2634 660 2647 ,
683 2615 756 2649 quod
771 2613 871 2641 mirum
895 2617 937 2641 est
953 2613 1029 2641 dictu
1042 2634 1049 2647 ,

257 2659 328 2687 idem
340 2659 414 2687 sidus
426 2665 454 2688 et
463 2661 561 2689 Leonis
574 2669 606 2689 ac
619 2660 728 2695 Cancri,
743 2668 793 2688 nec
804 2668 858 2687 non
870 2660 1050 2688 Geminorum

258 2706 394 2733 transiens
407 2706 495 2742 signa,
511 2708 540 2734 in
555 2708 642 2742 capite
654 2707 737 2736 'I‘auri
753 2707 862 2734 tandem
878 2707 929 2734 sub
943 2707 1050 2743 Aurigae

256 2751 349 2787 pedes,
366 2752 475 2788 igneum
490 2752 600 2788 globum
612 2753 794 2789 jubarumque
806 2753 989 2788 prolixitatem
1004 2753 1050 2780 de-

256 2798 346 2834 posuit
358 2818 367 2831 ,
381 2805 450 2834 quas
461 2806 655 2835 usquequaque
672 2803 833 2835 porrexerat
855 2804 944 2827 antea.
962 2799 1050 2833 Quam

256 2846 313 2872 re’m
336 2852 399 2873 cum
409 2845 531 2881 primum
558 2847 707 2882 imperator
719 2847 814 2875 talium
835 2847 1049 2875 studiosissimus

256 2894 451 2927 conspexisset,
468 2894 601 2925 constitit,
617 2897 645 2920 et
666 2897 811 2928 antequam
826 2893 909 2928 quieti
925 2894 1049 2921 membra

258 2939 448 2974 committeret,
474 2940 591 2968 accitum
607 2939 750 2973 quemdam
763 2960 770 2974 ,
790 2940 909 2976 itemque
924 2948 984 2976 me,
1001 2941 1048 2977 qui

1116 293 1210 326 debar,
1221 292 1379 328 percomari
1392 292 1497 325 studuit
1511 292 1577 327 quid
1590 299 1675 328 super
1690 292 1743 321 hoc
1755 292 1824 322 mihi
1839 293 1918 321 vide-

1114 344 1200 367 retur.
1214 339 1236 366 Δ
1254 346 1308 374 quo
1320 347 1382 367 cum
1398 342 1505 373 tempus
1518 343 1639 375 peterem
1655 346 1714 374 quo
1727 338 1826 366 facian
1838 339 1918 367 side-

1114 385 1152 413 ris
1164 385 1366 413 considerarem
1376 405 1385 418 ,
1401 392 1435 412 ac
1449 392 1497 420 per
1508 385 1569 414 haec
1582 385 1622 413 rei
1637 385 1783 414 veritatem
1800 384 1919 413 insedi-

1113 439 1207 467 garem
1212 436 1250 465 ,et
1255 432 1392 468 cognitam
1401 431 1428 460 in
1436 432 1586 460 crastinum
1592 432 1918 467 nuntiaremer

1113 482 1199 511 ratus,
1212 478 1287 513 quod
1305 482 1366 506 erat
1378 486 1470 507 verum
1480 498 1489 511 ,
1506 483 1613 513 tempus
1626 486 1671 506 me
1684 478 1823 506 redimens
1834 478 1916 510 velle,

1113 532 1149 552 ne
1158 530 1269 560 cogeret
1283 525 1361 553 triste
1371 525 1475 560 aliquid
1489 525 1656 560 respondeas:
1673 534 1680 551 :
1694 524 1798 560 Euge,
1811 525 1917 559 inquit,

1112 574 1141 600 in
1154 572 1255 600 mnia
1273 572 1338 600 huic
1361 572 1455 601 domui
1479 572 1617 607 contigua,
1640 576 1669 600 et
1680 572 1762 599 nobis
1779 579 1840 606 qua
1853 579 1919 607 per.

1109 619 1236 652 .spexeris
1252 618 1359 645 nuntia.
1377 617 1448 645 Novi
1463 617 1537 645 enim
1556 625 1572 645 a
1582 624 1630 645 me
1648 618 1719 645 hanc
1737 617 1847 645 stellam
1863 625 1917 645 ne-

1113 671 1253 699 quaquam
1259 664 1400 700 .praeteiita
1414 672 1528 699 vespera
1542 664 1639 696 uisam,
1655 664 1697 692 vel
1708 671 1727 694 a
1736 668 1917 692 temeti-a-

1112 714 1172 738 tam
1187 717 1194 737 :
1212 711 1261 738 sed
1273 711 1330 738 scio
1340 711 1396 738 hoc
1410 710 1518 745 signum
1530 711 1713 740 caldarium
1725 718 1796 743 esse,
1810 711 1849 738 de
1861 718 1917 745 quo

1112 758 1170 793 iam
1178 759 1330 793 .prateritis
1344 760 1439 787 diebus
1451 759 1533 796 locuti
1543 767 1648 787 sumus.
1662 759 1731 792 Quid
1739 765 1837 786 metu
1850 766 1916 795 por-

1115 805 1227 833 tendere
1242 805 1294 833 tibi
1308 806 1441 838 videatur,
1461 806 1574 833 edicito.
1591 806 1719 841 Cumque
1732 806 1827 841 aliqua
1841 807 1916 834 dioe-

1110 859 1186 884 rem,
1206 856 1233 879 et
1246 851 1336 887 aliqua
1354 853 1502 880 tacuissem
1513 860 1526 879 -:
1540 852 1633 880 Unum
1648 859 1705 886 est,
1719 853 1811 887 inquit
1824 873 1831 885 ,
1845 852 1917 888 quod

1113 899 1204 926 adhuc
1215 898 1324 926 silemio
1335 900 1447 934 premis.
1467 899 1644 927 Mutationem
1657 899 1731 927 enim
1743 900 1826 935 regni
1840 907 1915 927 mor-

1074 935 1225 979 lB-tomque
1244 945 1381 980 principis
1401 947 1455 974 hoc
1476 950 1606 981 portento
1631 946 1783 973 monstrari
1809 946 1916 973 dicunt.

1114 991 1238 1027 Cumque
1253 1000 1304 1027 ego
1316 993 1504 1021 testimonium
1517 992 1664 1029 {’ropbetaa
1676 993 1704 1020 in
1718 993 1836 1021 medium
1851 1001 1918 1028 pro-

1115 1038 1237 1066 tulissem
1247 1046 1322 1073 ,-quo
1335 1039 1445 1072 dicitur,
1458 1039 1480 1066 Α
1493 1040 1575 1074 signis
1590 1039 1647 1066 caeli
1658 1047 1690 1066 ne
1704 1039 1846 1066 timuerim
1859 1047 1917 1074 qua:

1109 1089 1208 1119 .puvent
1216 1089 1318 1119 genta,
1337 1084 1386 1112 ille
1398 1084 1480 1112 solita
1492 1093 1558 1112 risus
1565 1084 1798 1120 magnanimitate
1813 1088 1843 1111 et
1854 1090 1917 1119 pru-

1115 1131 1208 1158 dentia
1224 1130 1304 1159 :Non
1319 1131 1401 1158 alium
1426 1132 1526 1166 inquit,
1553 1131 1649 1159 timere
1662 1131 1796 1158 debemus
1820 1136 1918 1165 praeter

1110 1178 1191 1207 illum
1199 1179 1250 1213 qui
1266 1179 1358 1206 nostri
1380 1182 1408 1206 et
1433 1178 1513 1213 hujus
1530 1178 1633 1206 sideris
1651 1182 1761 1205 creator
1785 1182 1839 1205 est.
1862 1177 1915 1204 Sed

1115 1223 1175 1259 ejus
1189 1224 1361 1254 elemitiam
1369 1232 1427 1252 non
1449 1225 1515 1252 satis
1538 1224 1650 1252 laudare
1667 1228 1694 1251 et
1707 1223 1804 1251 mirari
1821 1230 1916 1258 possu-

1110 1278 1186 1303 mus,
1202 1271 1248 1305 qui
1262 1274 1389 1298 nostrum
1400 1270 1542 1301 inertiam,
1557 1278 1626 1297 -cum
1649 1270 1734 1297 simus
1753 1274 1917 1304 peccatores

1113 1321 1142 1344 et
1158 1318 1369 1352 imputnitentes,
1383 1317 1482 1345 talibus
1495 1317 1603 1345 indiciis
1615 1317 1743 1352 dignatur
1758 1317 1914 1344 admonere.

1114 1363 1183 1397 Quia
1196 1372 1260 1399 ergo
1268 1369 1300 1392 et
1307 1368 1395 1392 ~me'et
1408 1372 1509 1392 ‘Olllllcs
1520 1364 1702 1392 communiter
1711 1364 1765 1391 hoc
1780 1368 1915 1391 ostentum

1109 1410 1202 1445 tangit
1212 1431 1219 1443 ,
1235 1418 1330 1438 omnes
1343 1418 1393 1446 pro
1408 1418 1488 1446 posse
1507 1415 1534 1438 et
1547 1417 1645 1445 sapere
1661 1411 1693 1437 ad
1708 1409 1824 1437 meliora
1841 1410 1914 1437 festi-

1108 1463 1227 1489 nemus,
1241 1464 1279 1483 ne
1298 1456 1368 1484 forte
1383 1456 1603 1484 misericordiam
1620 1455 1667 1483 illo
1681 1462 1869 1492 prmrogante,
1890 1459 1916 1483 et

1110 1508 1206 1531 nostra
1218 1504 1425 1539 impmnitudine
1439 1504 1613 1540 inrpediente,
1625 1512 1674 1532 nos
1685 1503 1729 1531 illa
1742 1504 1914 1531 inveniamur

1108 1549 1225 1585 indigni.
1244 1549 1296 1577 His
1308 1549 1399 1583 dictis,
1415 1554 1442 1578 et
1458 1550 1517 1585 ipse
1536 1549 1674 1585 paulisper
1694 1556 1771 1577 mero
1788 1549 1912 1582 indulsit,

1112 1599 1141 1623 et
1151 1596 1279 1623 omnibus
1291 1595 1418 1624 id-facere
1427 1596 1522 1631 jussit,
1533 1600 1560 1623 et
1575 1598 1799 1631 unumquemque
1813 1594 1849 1622 ad
1866 1601 1913 1622 sua

1111 1641 1286 1676 seeolligere
1309 1642 1449 1676 praecepit.
1467 1641 1634 1676 Noctemque
1655 1640 1731 1667 illam
1744 1661 1752 1674 ,
1778 1644 1810 1667 ut
1838 1639 1912 1668 nobis

1111 1687 1248 1722 perlatum
1262 1692 1314 1720 est,
1333 1688 1492 1723 pervigilem
1514 1688 1598 1720 duxit,
1622 1695 1653 1715 ac
1672 1687 1720 1715 Dei
1739 1687 1870 1715 laudibus
1886 1691 1911 1715 et

1112 1734 1348 1762 obsecrationibus
1362 1739 1516 1768 oneratam,
1540 1734 1593 1762 luci
1616 1733 1821 1769 supervenieuti
1846 1741 1912 1769 prte-

1113 1780 1239 1807 sentavit.
1252 1779 1282 1806 in
1299 1779 1376 1814 cujus
1389 1780 1549 1816 crepusculo
1560 1780 1702 1807 ministros
1716 1780 1823 1808 aulicos
1834 1787 1911 1807 voca-

1111 1826 1188 1852 vitet
1198 1825 1386 1861 eleemosynas
1400 1834 1468 1860 quas
1476 1825 1802 1862 largissimepauperibus
1815 1833 1846 1853 ac
1854 1833 1909 1852 ser-

1112 1872 1153 1899 vis
1164 1872 1239 1905 Dei,
1265 1877 1318 1899 tam
1342 1873 1486 1900 monachis
1507 1880 1589 1907 quam
1617 1872 1779 1905 canonicis,
1808 1871 1908 1908 porrigi

1107 1919 1206 1954 jussit»;
1219 1920 1420 1955 missarumque
1428 1919 1563 1947 solemnia
1573 1927 1623 1954 per
1633 1927 1814 1954 quoscunque
1823 1918 1909 1954 potuit

1110 1967 1243 1994 celebrari
1258 1966 1324 1995 fecit
1339 1976 1345 1993 :
1360 1975 1415 1994 non
1430 1970 1536 1994 tantum
1552 1966 1603 1993 sibi
1619 1970 1758 1999 metuens,
1777 1969 1907 2001 quantum

1109 2013 1237 2041 Ecclesiae
1252 2013 1304 2041 sibi
1319 2013 1429 2041 credita:
1440 2013 1620 2048 prospiciens.
1635 2011 1739 2046 Quibus
1749 2012 1804 2039 rite
1818 2012 1907 2046 dispo-

1109 2059 1169 2086 sitis
1190 2059 1229 2086 uti
1247 2058 1430 2091 ordinaverat,
1449 2063 1577 2087 venatum
1593 2058 1621 2085 in
1641 2058 1818 2086 Arduennam
1843 2065 1906 2093 per-

1109 2104 1188 2132 rexit.
1205 2104 1317 2138 Quodut
1328 2104 1463 2137 dicebant,
1479 2104 1549 2131 ultra
1563 2104 1672 2132 solitum
1685 2104 1709 2132 ei
1722 2104 1907 2141 prosperrime

1108 2150 1210 2183 cessit;
1234 2150 1379 2186 omniaque
1400 2158 1460 2185 quae
1488 2150 1532 2178 illo
1544 2155 1670 2186 tempore
1692 2150 1732 2183 illi
1756 2149 1905 2190 placuere,

1107 2204 1236 2233 prospero
1251 2201 1349 2224 eventu
1364 2202 1554 2225 cucurrerunt.
1574 2196 1711 2225 Prmterea
1726 2218 1733 2229 ,
1758 2196 1906 2225 insistente

1106 2243 1226 2278 Augusta
1248 2247 1276 2270 et
1297 2243 1430 2270 ministris
1454 2243 1599 2280 palatinis,
1626 2243 1774 2279 quamdam
1797 2248 1906 2281 partem

1067 2296 1093 2327 υ
1107 2288 1214 2324 imperii
1227 2288 1376 2324 imperator
1384 2288 1440 2316 lilio
1452 2297 1501 2317 suo
1513 2289 1689 2318 dilectissimo
1698 2288 1798 2318 Carolo
1807 2289 1906 2326 Aquis-

1105 2335 1183 2371 grani
1197 2335 1318 2367 tradidit,
1334 2335 1382 2363 sed
1401 2335 1464 2370 quia
1480 2334 1629 2364 inoiliciosa
1641 2335 1784 2370 remansit,
1799 2336 1906 2367 anubis

1104 2387 1213 2415 (ιυοῳίε
1226 2379 1338 2407 silentio
1355 2380 1499 2416 premitur.
1517 2380 1604 2414 Quam
1628 2388 1685 2408 rem
1702 2380 1827 2419 auditam
1842 2389 1904 2411 eum

1104 2428 1205 2454 fratres
1211 2426 1268 2461 ejus
1274 2435 1346 2462 :rgre
1353 2427 1490 2461 tulissent,
1499 2432 1621 2457 mutuum
1633 2428 1717 2456 iniere
1724 2427 1904 2465 colloquium.

1104 2473 1157 2501 Sed
1169 2473 1206 2500 nil
1217 2481 1247 2500 se
1263 2474 1399 2501 contraire
1414 2482 1495 2509 posse
1508 2474 1655 2508 intuentes,
1670 2479 1698 2503 et
1711 2479 1835 2515 emptum
1849 2475 1903 2504 ἀίε-

1103 2518 1272 2551 simulantes,
1298 2522 1386 2546 motus
1401 2519 1488 2554 patris
1499 2540 1507 2552 ,
1526 2520 1572 2554 qui
1588 2528 1621 2547 ex
1644 2520 1695 2548 hoc
1710 2519 1848 2557 accidisse
1861 2520 1903 2548 ri-

1102 2565 1246 2598 debantur,
1268 2565 1394 2593 facillime
1420 2575 1607 2601 compowcre.
1634 2566 1664 2594 In
1688 2566 1732 2594 his
1751 2566 1903 2602 imperator

1103 2617 1159 2641 tota
1173 2617 1267 2641 aestate
1279 2614 1440 2645 consistens,
1452 2614 1546 2641 indixit
1555 2613 1708 2649 generalem
1721 2617 1899 2645 conventum,

1102 2661 1367 2696 autumni'temporc,
1383 2661 1409 2689 id
1422 2665 1463 2689 est
1478 2661 1629 2697 Septembri
1647 2660 1795 2693 mediante,
1808 2660 1834 2687 in
1848 2659 1901 2687 Ca«

1103 2707 1211 2734 risiaco.
1227 2707 1256 2735 lu
1271 2716 1325 2743 quo
1344 2708 1403 2735 loco
1424 2712 1453 2735 et
1473 2712 1593 2743 tempore
1609 2706 1680 2734 [ilius
1695 2706 1754 2740 ejus
1767 2706 1900 2741 Pippinus

1102 2753 1136 2780 ab
1146 2752 1290 2788 Aquitania
1309 2754 1342 2781 ad
1358 2762 1420 2782 cum
1438 2754 1523 2786 venit,
1543 2758 1570 2781 ct
1588 2754 1638 2789 ipsi
1654 2752 1800 2780 conventui
1813 2751 1899 2779 inter-

1101 2799 1161 2827 fuit.
1187 2799 1236 2827 Ubi
1252 2800 1377 2828 dominus
1398 2801 1548 2835 imperator
1563 2800 1647 2828 ftlium
1669 2806 1747 2827 suum
1767 2797 1897 2825 Carolum

1102 2846 1186 2874 amis
1206 2846 1341 2881 virilibus,
1361 2847 1388 2874 id
1407 2851 1459 2880 est,
1477 2855 1553 2880 ense,
1574 2845 1677 2879 cinxit,
1696 2851 1799 2872 corona
1814 2842 1897 2880 regali

1101 2897 1181 2928 caput
1203 2894 1358 2929 insignivit,
1382 2900 1541 2930 partemque
1556 2893 1632 2929 regni
1656 2899 1737 2928 quam
1759 2891 1894 2925 homony-

1101 2949 1162 2971 mus
1181 2941 1240 2979 ejus
1256 2941 1369 2971 Carolus
1384 2941 1494 2976 habuit,
1509 2941 1539 2971 id
1556 2945 1602 2971 .est
1622 2939 1795 2973 Neustriam,
1812 2936 1892 2966 altri~
