4048 6350
282 452 388 510 9'77

1813 449 1998 506 VITA.

3435 460 3537 519 978

281 585 382 640 per
411 549 514 624 hoc
555 549 759 622 virtute
787 564 1026 635 destitui.
1061 563 1263 618 Natura
1307 563 1452 618 enim
1484 563 1596 619 suis
1642 564 1854 619 deserta
1882 565 1937 626 Α
1960 563 2256 618 commodis
2282 563 2350 618 ab
2379 577 2444 619 eo
2478 565 2711 622 amictus
2735 567 2827 631 sit,
2876 573 2931 622 et
2954 568 3086 639 quid
3136 575 3328 625 contra
3380 580 3536 627 natu-

281 660 592 722 comitibus,
626 670 848 712 necesse
887 665 970 711 est
1000 665 1061 710 ut
1103 657 1244 710 victa
1274 654 1507 710 fatiscat.
1569 655 1720 722 Quod
1743 672 1860 711 cer-

279 765 438 816 nens,
463 748 628 819 jussit
665 748 767 803 sibi
795 748 976 820 parari
1030 745 1334 802 habitacula
1363 747 1548 800 aestiva
1576 755 1736 816 atque
1765 761 1860 800 ex-

277 840 650 912 peditionalia,
700 840 757 894 in
808 839 984 894 insula
1035 837 1270 908 quadam
1331 837 1581 908 contigua
1636 836 1860 908 Mogon-

280 936 439 990 tiacze
467 933 670 990 civitati
705 951 718 987 :
751 932 934 1002 ibique
981 931 1190 987 viribus
1217 932 1488 997 desertus,
1515 929 1714 986 lectulo
1739 945 1858 985 sese

275 1025 584 1081 committit.

349 1117 522 1171 Porro
544 1115 667 1186 quis
689 1114 923 1186 explicet
964 1114 1082 1184 ejus
1106 1131 1207 1188 pro
1233 1114 1492 1172 Ecclesiae
1537 1122 1683 1171 statu
1710 1113 1859 1169 solli-

278 1210 603 1274 citudinem,
658 1208 745 1263 vel
799 1223 900 1278 pro
955 1207 1070 1277 ejus
1119 1208 1474 1265 concussione
1525 1206 1859 1262 mmrorem?

273 1300 399 1368 quis
424 1313 680 1354 enarrare
707 1297 1069 1368 lacrymarum
1099 1296 1339 1362 flumina,
1379 1313 1515 1368 quas
1569 1312 1670 1367 pro
1699 1310 1856 1350 acce-

274 1389 540 1444 leratione
562 1389 757 1443 divinae
804 1388 1104 1444 clementiae
1160 1387 1458 1443 fundebat?
1485 1385 1598 1442 Non
1627 1386 1773 1441 enim
1798 1401 1858 1440 se

271 1498 618 1540 recessurum
645 1481 883 1548 dolebat,
921 1481 1014 1537 sed
1040 1481 1184 1552 quod
1221 1479 1463 1534 futurum
1514 1486 1740 1535 noverat
1767 1492 1860 1546 ge-

271 1576 481 1641 mebat,
513 1575 698 1629 dicens
729 1589 787 1629 se
836 1574 1116 1637 miserum,
1173 1573 1326 1642 cujus
1373 1578 1617 1626 extrema
1650 1569 1861 1624 claude-

270 1673 466 1721 rentur
519 1664 718 1718 talibus
766 1661 974 1718 inferiis
1035 1661 1340 1735 [miseriis].
1397 1659 1638 1715 Aderant
1677 1668 1858 1713 autem

269 1756 391 1827 ejus
419 1755 769 1812 consolationi
822 1753 1157 1809 venerabiles
1181 1752 1450 1808 antistites
1491 1758 1546 1805 et
1593 1749 1683 1804 alii
1714 1747 1859 1803 servi

270 1851 368 1906 Dei
399 1847 804 1920 quamplurimi,
835 1847 974 1902 inter
1008 1862 1143 1916 quos
1173 1855 1329 1901 erant
1352 1845 1512 1901 Hethi
1533 1843 1858 1899 venerabilis

1962 669 2077 706 ram
2103 663 2158 707 et
2182 655 2394 708 Domini
2421 667 2744 728 przceeptum
2778 659 2906 713 talia
2935 660 3144 731 agendo
3193 676 3532 721 commemo-

1960 741 2051 795 rit.
2087 741 2194 797 Sed
2217 745 2341 813 quia
2388 745 2521 815 ipse,
2553 746 2746 816 inquit,
2778 748 2846 803 ad
2874 764 2960 804 me
3009 749 3195 805 venire
3219 751 3532 810 satisfactu-

1959 849 2052 888 rus
2079 836 2290 903 nequit,
2320 851 2420 908 ego
2445 839 2586 906 quod
2616 853 2797 894 meum
2842 847 2926 896 est
2953 857 3075 913 ago,
3104 843 3257 899 vobis
3305 845 3536 904 testibus

1959 934 2015 980 et
2043 925 2176 992 Deo,
2202 928 2380 982 omnia
2411 944 2530 997 qua:
2556 929 2610 984 in
2640 945 2725 986 me
2765 933 3009 1001 peccavit
3035 933 3111 989 illi
3139 935 3378 991 remitto.
3433 937 3538 993 Ve-

1958 1026 2133 1074 strum
2168 1027 2349 1074 autem
2383 1022 2487 1075 erit
2517 1022 2664 1077 illum
2705 1039 2947 1090 monere,
2976 1034 3036 1079 ut
3060 1027 3105 1081 si
3129 1042 3229 1099 ego
3268 1028 3342 1083 illi
3375 1030 3534 1085 toties

1958 1126 2240 1182 perperam
2287 1122 2438 1183 gesta
2486 1114 2701 1180 indulsi,
2733 1115 2822 1171 ille
2871 1125 3049 1172 tamen
3080 1117 3163 1172 sui
3210 1133 3315 1173 non
3344 1118 3535 1172 oblivi-

1961 1213 2160 1271 scatur,
2192 1207 2285 1275 qui
2337 1221 2500 1262 canos
2545 1216 2802 1278 paternos
2842 1209 3059 1264 deducit
3088 1225 3211 1264 cum
3253 1209 3438 1265 dolore
3465 1210 3535 1264 ad

1959 1305 2211 1362 mortem,
2244 1304 2300 1351 et
2328 1297 2384 1351 in
2429 1298 2627 1353 talibus
2655 1301 2956 1354 communis
2997 1299 3175 1356 Patris
3219 1300 3315 1355 Dei
3339 1315 3536 1372 praece-

1957 1395 2051 1457 pta
2109 1388 2390 1458 minasque
2443 1393 2786 1461 contempsit.
2842 1391 2939 1447 His
2989 1394 3224 1463 peractis
3267 1401 3322 1447 et
3376 1393 3536 1447 dictis

1960 1478 2098 1551 (erat
2138 1481 2283 1536 enim
2335 1497 2561 1553 vespere
2624 1483 2878 1555 sabbati),
2914 1485 3172 1556 praecepit
3223 1492 3279 1540 ut
3324 1494 3449 1539 ante
3477 1500 3536 1540 se

1959 1571 2364 1627 celebrarentur
2391 1573 2587 1645 vigilia:
2610 1582 2907 1640 nocturnae,
2938 1583 2992 1630 et
3022 1574 3167 1642 ligno
3189 1584 3388 1630 sancta:
3413 1592 3538 1630 eru-

1958 1664 2037 1719 cis
2083 1673 2272 1734 pectus
2317 1682 2471 1720 suum
2523 1667 2868 1722 muniretur:
2900 1674 2956 1722 et
3010 1667 3248 1737 quandiu
3299 1667 3534 1731 valebat,

1959 1771 2123 1811 manu
2162 1758 2381 1829 propria
2411 1764 2522 1812 tam
2564 1758 2795 1813 frontem
2824 1773 2983 1828 quam
3031 1766 3218 1828 pectus
3259 1758 3448 1812 eodem
3472 1758 3540 1812 si-

1960 1848 2188 1917 gnaculo
2216 1849 2525 1919 insignibat.
2552 1848 2608 1903 Si
2632 1849 2845 1919 quando
2873 1849 3194 1913 lassabatur,
3226 1864 3323 1919 per
3346 1864 3540 1903 manus

271 1940 634 1995 Treverorum
685 1938 1138 2008 archiepiscopus,
1179 1936 1432 2007 Otgarius
1465 1935 1751 2006 Mogontia:
1784 1935 1857 1990 si-
1883 1943 1932 2002 B
1960 1937 2149 1996 fratris
2201 1942 2282 1995 sui
2319 1939 2585 2012 Drogonis
2614 1951 2748 1996 nutu
2799 1942 2851 1998 id
2881 1941 2996 1998 fieri
3025 1944 3298 2014 poscebat.
3343 1941 3540 1998 Mansit

270 2030 476 2086 militer
515 2029 954 2100 archiepiscopus
983 2070 997 2095 ,
1039 2029 1133 2084 sed
1164 2037 1219 2083 et
1244 2030 1423 2099 Drogo
1450 2027 1621 2082 frater
1647 2027 1853 2082 domini

269 2120 615 2191 imperatoris
663 2119 919 2174 Mctensis
971 2121 1274 2190 cpiscopus,
1307 2136 1407 2174 nec
1450 2135 1559 2174 non
1587 2119 1726 2174 sacri
1761 2135 1856 2189 pa-

268 2209 390 2265 latii
420 2209 906 2279 archicapellanus.
937 2209 1109 2276 Quem
1136 2219 1337 2280 quanto
1367 2211 1468 2266 sibi
1511 2212 1856 2281 prepinquio-

269 2321 388 2360 rem
430 2311 676 2368 noverat,
708 2310 862 2358 tanto
888 2304 938 2358 ei
977 2303 1299 2360 familiarius
1332 2319 1429 2358 sua
1459 2304 1637 2358 omnia
1673 2311 1727 2358 et
1764 2319 1854 2358 se-

269 2403 384 2450 met
421 2393 694 2449 credebat.
746 2393 851 2448 Per
908 2393 1157 2448 eumdem
1206 2393 1447 2462 quotidie
1497 2392 1854 2449 confessionis

268 2501 383 2540 suae
408 2500 621 2547 munus,
655 2483 979 2539 sacrificium
1009 2483 1229 2554 spiritus
1256 2485 1621 2550 contribulati,
1654 2494 1710 2540 et
1729 2501 1853 2540 cor—

266 2579 353 2634 dis
379 2578 668 2642 humiliati,
727 2578 870 2647 quod
921 2577 1062 2632 Deus
1101 2592 1210 2632 non
1268 2578 1515 2648 despicit,
1569 2577 1850 2634 offerebat.

265 2670 434 2727 Cibus
485 2672 603 2743 ejus
647 2679 765 2726 erat
811 2669 1146 2726 solummodo
1198 2686 1298 2741 per
1350 2670 1465 2727 dies
1497 2674 1854 2744 quadraginta

268 2765 612 2821 Dominicum
642 2781 859 2837 corpus,
897 2765 1149 2822 laudante
1173 2780 1238 2822 eo
1282 2765 1550 2836 justitiam
1578 2767 1672 2823 Dei
1695 2777 1750 2825 et
1775 2770 1855 2825 di-

266 2862 427 2910 cente
453 2873 467 2909 :
498 2853 684 2911 Justus
729 2871 810 2922 es,
871 2856 1120 2922 Domine,
1191 2864 1252 2911 ut
1273 2858 1396 2928 quia
1423 2858 1855 2932 Quadragesimae

269 2955 486 3019 tempus
535 2964 640 3004 non
691 2949 943 3021 jejunans
998 2950 1176 3022 exegi,
1219 2950 1409 3006 saltem
1465 2959 1684 3006 coactus
1713 2952 1853 3008 idem

258 3035 526 3106 jejunium
558 3040 651 3094 tibi
684 3039 980 3095 exsolvam.
1033 3040 1201 3096 Jussit
1235 3049 1414 3097 autem
1471 3042 1648 3098 eidem
1693 3057 1855 3100 vene-

268 3129 427 3185 rabili
459 3130 612 3186 fratri
639 3147 738 3186 suo
765 3131 1023 3203 Drogoni,
1060 3141 1119 3186 ut
1145 3133 1428 3188 ministros
1481 3149 1711 3189 camerae
1741 3151 1854 3190 sua:

267 3228 396 3274 ante
425 3235 484 3276 se
516 3221 702 3276 venire
722 3220 941 3285 faceret,
975 3230 1031 3278 et
1052 3239 1166 3278 rem
1195 3222 1537 3290 familiarem,
1571 3240 1692 3295 qua:
1717 3240 1851 3280 con-

1955 2046 2086 2101 ergo
2137 2040 2247 2086 tota
2278 2033 2367 2087 illa
2402 2042 2558 2088 nocte
2608 2035 2786 2088 omnis
2807 2035 3021 2090 virtutis
3063 2051 3336 2105 corporeae
3364 2036 3538 2106 inops,

1954 2123 2120 2178 solius
2158 2124 2467 2178 sobrietatis
2498 2125 2662 2179 animi
2693 2140 2931 2196 compos.
2982 2125 3039 2180 ln
3070 2127 3386 2192 crastinum,
3422 2142 3542 2197 quae

1957 2221 2077 2268 erat
2101 2213 2404 2279 Dominica,
2431 2214 2595 2283 jussit
2629 2216 2987 2271 ministerium
3015 2218 3204 2272 altaris
3225 2220 3538 2289 prreparari,

1905 2298 1908 2300 ⁷
1953 2311 2008 2358 et
2035 2317 2133 2373 per
2172 2301 2404 2358 cilicium
2445 2304 2706 2374 Drogonis
2742 2305 3031 2361 missarum
3079 2306 3342 2362 solemnia
3397 2309 3541 2363 cele-

1953 2398 2101 2453 brari
2132 2415 2144 2451 :
2191 2413 2290 2452 nec
2315 2415 2422 2453 non
2451 2413 2550 2469 per
2585 2415 2780 2454 manus
2807 2398 2941 2468 ejus,
2959 2401 3115 2471 juxta
3138 2416 3368 2467 morem,
3393 2417 3542 2457 com-

1954 2487 2266 2542 munionem
2305 2503 2514 2543 sacram
2554 2489 2656 2543 sibi
2684 2490 2822 2556 dari,
2855 2498 2908 2544 et
2948 2500 3070 2560 post
3099 2492 3214 2546 hazc
3260 2491 3539 2562 cujusdam

1953 2580 2278 2652 potiunculae
2322 2580 2568 2635 calidulze
2591 2583 2840 2636 haustum
2872 2583 3121 2652 prteberi.
3177 2581 3295 2649 Quo
3318 2598 3543 2653 perpau-

1956 2671 2124 2726 lulum
2175 2670 2475 2742 praelibato,
2526 2680 2776 2742 precatus
2821 2681 2905 2728 est
2952 2671 3211 2739 fratrem,
3269 2681 3324 2728 et
3380 2673 3543 2728 simul

1957 2772 2220 2829 astantes,
2250 2772 2310 2818 ut
2339 2764 2595 2820 curandis
2624 2765 2941 2836 corporibus
2992 2781 3214 2837 Operam
3241 2765 3454 2831 darent,
3482 2778 3544 2820 se

1958 2853 2144 2909 tandiu
2193 2855 2627 2925 pmstolaturum
2677 2856 2914 2925 quandiu
2979 2856 3056 2910 illi
3106 2856 3256 2912 refici
3300 2864 3540 2925 possent.

1954 2947 2196 3002 Instante
2225 2955 2404 3001 autem
2426 2946 2766 3018 migrationis
2793 2946 2909 3017 ejus
2931 2945 3180 3011 articulo,
3210 2943 3400 3013 juncto
3423 2945 3541 3015 pol-

1956 3037 2058 3092 lice
2096 3053 2220 3092 cum
2275 3037 2512 3092 articulis
2567 3036 2693 3108 (hoc
2745 3037 2888 3092 enim
2936 3035 3118 3093 facere
3162 3045 3540 3104 consueverat,

1957 3129 2001 3184 si
2029 3129 2246 3200 quando
2271 3128 2495 3184 fratrem
2543 3137 2675 3183 nutu
2707 3129 2958 3200 vocabat)
3005 3128 3313 3199 Drogonem
3360 3143 3542 3182 accer-

1958 3221 2117 3276 sivit.
2141 3220 2258 3288 Quo
2288 3221 2538 3276 veniente
2571 3230 2626 3276 et
2653 3221 2879 3291 reliquis
2929 3221 3323 3286 sacerdotibus,
3352 3221 3541 3276 verbis

268 3312 452 3368 stabat
477 3312 530 3366 in
582 3314 917 3368 ornamentis
946 3313 1242 3385 regalibus,
1293 3315 1499 3370 scilicet
1526 3315 1764 3380 coronis,
1791 3305 1916 3369 etC
1948 3313 2145 3383 quibus
2193 3312 2368 3382 potuit
2391 3319 2446 3366 et
2475 3312 2694 3366 nutibus
2744 3327 2802 3367 se
2836 3313 3244 3377 commendans,
3286 3311 3532 3368 benedici

269 3403 461 3468 armis,
498 3403 664 3468 vasis,
695 3403 869 3470 libris,
911 3404 1442 3474 sacerdotalibusque
1466 3405 1725 3470 vestibus,
1753 3420 1850 3476 per

266 3493 480 3563 singula
508 3493 742 3548 describi
768 3494 1003 3565 juberet.
1036 3493 1134 3550 Cui
1190 3503 1348 3565 prout
1376 3495 1477 3551 sibi
1523 3497 1698 3552 visum
1727 3496 1848 3561 fuit,

265 3583 398 3652 quid
427 3583 694 3650 ecclesiis,
719 3584 848 3655 quid
891 3586 1237 3654 pauperibus,
1271 3596 1545 3657 postremo
1567 3589 1696 3658 quid
1727 3589 1852 3644 ﬁliis

263 3673 488 3744 elargiri
538 3675 785 3742 deberet,
821 3676 1088 3742 edixerat,
1132 3677 1389 3733 Lothario
1437 3679 1642 3734 scilicet
1670 3689 1725 3734 et
1749 3679 1853 3735 Ca-

265 3765 400 3820 rolo.
431 3765 496 3819 Et
520 3765 776 3822 Lothario
807 3768 1024 3837 quidem
1047 3783 1326 3834 coronam,
1350 3784 1556 3835 ensem,
1579 3780 1851 3840 sceptrum

263 3871 400 3911 auro
428 3858 764 3929 gemmisque
824 3859 1157 3924 redimitum,
1191 3875 1257 3914 eo
1310 3868 1497 3915 tenore.
1543 3861 1849 3916 habendum

263 3951 434 4012 misit,
461 3959 520 4004 ut
555 3950 716 4005 fidem
769 3951 962 4007 Carolo
1021 3961 1074 4006 et
1100 3951 1286 4006 Judith
1335 3961 1577 4007 servaret
1605 3962 1661 4008 et
1681 3963 1850 4008 totam

263 4044 417 4112 regni
448 4043 752 4113 portionem
806 4044 879 4098 illi
910 4045 1243 4098 consentiret
1270 4053 1326 4098 et
1353 4052 1617 4110 tueretur,
1661 4061 1844 4114 quam,

262 4138 378 4193 Deo
431 4146 568 4193 teste
613 4148 669 4193 et
695 4139 1014 4208 proceribus
1035 4137 1240 4209 palatii,
1281 4137 1369 4192 ille
1419 4153 1603 4192 secum
1635 4146 1689 4193 et
1728 4147 1850 4193 ante

262 4248 323 4287 se
353 4233 578 4302 largitus
607 4233 658 4288 ei
711 4232 906 4287 fuerat.
944 4232 1040 4287 His
1071 4233 1172 4288 rite
1202 4233 1455 4302 peractis,
1508 4232 1710 4302 gratias
1740 4233 1849 4287 Deo

261 4327 376 4397 egit
405 4327 530 4396 quia
587 4326 719 4381 nihil
766 4327 867 4380 sibi
905 4326 1204 4396 superesse
1246 4327 1522 4396 proprium
1578 4325 1846 4396 cognovit.

262 4414 412 4468 Inter
438 4415 553 4469 lucc
576 4424 686 4468 tam
707 4415 1032 4469 venerabilis
1064 4415 1292 4469 antistes
1319 4415 1517 4486 Drogo,
1551 4430 1714 4484 quam
1743 4429 1850 4468 cae-

265 4505 368 4559 teri
407 4505 708 4574 pontifices,
749 4507 874 4559 dum
906 4505 959 4561 in
1002 4505 1214 4561 cunctis
1261 4521 1381 4576 qum
1411 4507 1710 4577 agebantur
1740 4507 1851 4561 Deo

262 4603 447 4666 grates
493 4595 904 4664 persolverent:
957 4604 1017 4650 ut
1069 4602 1194 4664 pote
1247 4596 1336 4664 qui
1381 4595 1637 4650 videbant
1708 4595 1851 4664 quod

1953 3404 2166 3474 petivit,
2198 3410 2252 3458 et
2300 3419 2421 3474 quae
2457 3402 2632 3457 solent
2676 3403 2762 3473 agi
2807 3403 2861 3456 in
2891 3417 3110 3472 egressu
3146 3401 3360 3468 animae,
3421 3402 3541 3457 fieri

1951 3496 2264 3567 postulavit.
2321 3496 2527 3562 Quibus
2557 3495 2610 3549 id
2650 3493 2954 3565 agentibus,
2997 3495 3142 3550 sicut
3194 3493 3376 3565 plures
3403 3493 3543 3548 mihi

1953 3585 2275 3649 retulerunt,
2333 3601 2594 3640 conversa
2645 3585 2762 3640 acie
2792 3585 2846 3638 in
2886 3584 3164 3639 sinistram
3195 3596 3428 3654 partem,
3461 3584 3543 3638 in-

1954 3679 2224 3750 dignando
2273 3677 2692 3747 quodammodo,
2723 3676 2924 3730 virtute
2967 3683 3170 3744 quanta
3209 3675 3384 3743 potuit
3405 3675 3543 3728 dixit

1953 3773 2036 3826 his
2067 3770 2230 3835 Hutz,
2266 3770 2434 3836 Hutz,
2466 3769 2608 3839 quod
2634 3768 2928 3838 significat,
2956 3765 3145 3828 Foras,
3172 3765 3360 3820 Foras.
3387 3764 3543 3820 Ullde

1952 3870 2104 3931 patet
2149 3862 2275 3930 quia
2306 3861 2597 3930 malignum
2635 3859 2883 3927 spiritum
2927 3857 3083 3922 vidit,
3116 3855 3268 3926 cujus
3313 3855 3544 3910 societa-

1957 3961 2062 4008 tem
2089 3967 2190 4006 nec
2235 3951 2392 4005 vivus
2426 3967 2524 4005 nec
2567 3950 2808 4004 moriens
2861 3949 3061 4003 habere
3087 3947 3276 4002 voluit.
3306 3947 3376 4002 At
3411 3964 3544 4004 vero

1954 4045 2180 4098 elevatis
2215 4045 2283 4098 ad
2311 4043 2507 4099 caelum
2547 4043 2740 4108 oculis,
2790 4051 2994 4111 quanto
3032 4042 3136 4096 huc
3165 4041 3431 4096 minacius
3461 4042 3544 4096 in-

1954 4135 2228 4201 tuebatur,
2279 4143 2426 4189 tanto
2462 4135 2588 4188 illuc
2640 4133 2815 4188 lzetius
2868 4131 3182 4188 intendebat
3235 4131 3363 4205 [Ms.
3394 4132 3538 4196 cod.,

1954 4229 2267 4300 angelorum
2307 4228 2521 4299 agmina
2551 4227 2617 4281 ad
2646 4242 2704 4281 se
2746 4227 2963 4281 intuens
2985 4226 3269 4296 conspexit
3321 4226 3542 4281 venien-

1953 4325 2031 4380 tia
2061 4342 2073 4379 :
2115 4323 2201 4378 illa
2243 4323 2420 4377 laetius
2457 4323 2534 4378 sic
2590 4321 2925 4385 intendebat,
2973 4319 3124 4392 etc.],
3158 4321 3232 4374 ita
3262 4327 3322 4374 ut
3345 4319 3480 4374 nihil
3508 4336 3541 4374 a

1953 4417 2165 4472 ridente
2197 4415 2414 4470 dill'erre
2446 4415 2741 4469 videretur.
2774 4414 2832 4469 In
2873 4414 3070 4468 talibus
3097 4428 3226 4485 ergo
3253 4414 3376 4467 vitae
3402 4429 3542 4484 pra:-

1954 4508 2124 4563 sentis
2182 4508 2473 4563 terminum
2517 4507 2761 4571 sortitus,
2811 4507 2877 4559 ad
2907 4505 3153 4576 requiem
3199 4503 3449 4571 feliciter,
3482 4514 3544 4559 ut

1955 4599 2246 4664 credimus,
2305 4597 2715 4668 commigravit:
2748 4597 2893 4666 quia,
2930 4606 2988 4650 ut
3033 4594 3304 4650 veraciter
3331 4596 3538 4650 dictum

262 4701 411 4749 eum,
446 4700 605 4755 quem
633 4687 832 4741 chorus
885 4687 1143 4741 virtutum
1183 4701 1397 4758 semper
1425 4687 1712 4742 comitatus
1738 4687 1853 4744 fue-
1876 4657 1931 4717 Β
1955 4701 2040 4748 est
2085 4708 2116 4746 a
2164 4690 2402 4746 veridico
2449 4690 2706 4744 doctore:
2742 4687 2866 4741 Non
2915 4697 3078 4758 potest
3126 4687 3262 4742 male
3291 4687 3425 4741 mori
3451 4687 3543 4758 qui

263 4786 370 4841 rat,
413 4793 557 4831 nunc
614 4779 1021 4848 perseverantia
1081 4779 1442 4848 subsequens,
1495 4781 1648 4849 quasi
1679 4781 1849 4835 cauda

263 4870 480 4933 hostite,
512 4878 682 4924 totum
705 4870 821 4941 ejus
850 4872 974 4925 vita:
1025 4871 1350 4927 sacrificium
1381 4872 1492 4928 Deo
1520 4890 1741 4944 prorsus
1765 4890 1851 4929 ac-

263 4968 482 5028 ceptum
524 4960 820 5014 reddebat:
864 4977 1029 5014 unum
1073 4971 1192 5016 erat
1221 4977 1329 5032 quo
1383 4965 1636 5032 gaudium
1663 4980 1849 5020 eorum

263 5048 649 5104 ofl’uscabatur.
703 5049 1042 5105 Verebantur
1089 5053 1235 5107 enim
1286 5069 1355 5108 ne
1390 5054 1529 5110 forte
1579 5056 1689 5111 filio
1739 5056 1848 5110 Lu-

265 5139 458 5193 dovico
486 5139 842 5208 implacabilis
863 5157 983 5195 esse
1007 5141 1187 5207 vellet,
1228 5144 1463 5199 scientes
1489 5146 1632 5214 quod
1657 5146 1851 5200 vulnus

266 5231 583 5302 frequenter
636 5235 889 5298 incisum,
945 5242 1038 5286 aut
1087 5236 1327 5290 cauterio
1379 5237 1646 5302 adustum,
1705 5253 1851 5293 acer-

263 5323 474 5377 biorem
527 5325 768 5379 dolorem
835 5325 1121 5378 sustinenti
1157 5336 1512 5397 propagaret;
1558 5327 1642 5382 fisi
1673 5335 1850 5384 tamen

267 5415 333 5469 de
357 5413 473 5482 ejus
504 5416 701 5470 invicta
728 5415 988 5486 patientia
1041 5432 1148 5485 qua
1199 5432 1413 5486 semper
1462 5434 1592 5473 usus
1621 5429 1723 5485 est,
1756 5435 1854 5489 per

266 5510 578 5578 Drogonem
608 5507 834 5561 fratrem
873 5507 1011 5577 ejus,
1053 5507 1206 5577 cujus
1253 5511 1415 5564 verba
1469 5527 1724 5581 spernere
1751 5529 1851 5568 no-

265 5599 434 5663 lebat,
486 5599 724 5653 animum
776 5599 919 5654 illius
973 5599 1170 5655 leniter
1202 5600 1436 5670 pulsant.
1476 5602 1575 5669 Qui
1619 5605 1853 5673 primum

265 5693 490 5765 quidem
515 5692 927 5747 amaritudinem
952 5694 1032 5748 sui
1057 5692 1223 5747 animi
1248 5695 1600 5750 demonstrat.
1632 5696 1700 5750 At
1725 5711 1854 5752 vero

263 5799 564 5858 parumper
618 5783 941 5849 deliberans,
997 5793 1054 5840 et
1105 5785 1312 5841 viribus
1367 5788 1854 5858 quantuliscunque

269 5875 520 5934 collectis
570 5889 888 5931 enumerare
940 5877 1256 5936 conabatur.
1283 5887 1413 5947 quot
1454 5889 1506 5934 et
1535 5880 1748 5949 quantis
1779 5879 1849 5933 in-

1957 4785 2083 4839 bene
2109 4785 2312 4838 vixerit.
2341 4782 2583 4837 Decessit.
2609 4790 2788 4835 autem
2813 4796 2889 4834 xu
2927 4777 3362 4845 KalendasJulii,
3397 4794 3540 4833 anno

1958 4877 2085 4932 vita:
2117 4892 2227 4930 sum
2256 4875 2593 4945 sexagesimo
2638 4859 2850 4941 quarto.
2886 4870 2953 4924 Et
2982 4870 3286 4939 Aquitaniae
3321 4870 3538 4940 quidem

1957 4967 2174 5038 praefuit
2201 4981 2296 5036 per
2325 4981 2496 5019 annos
2527 4964 2744 5034 triginta
2801 4969 3027 5030 septem,
3077 4960 3361 5030 imperavit
3405 4975 3536 5016 vero

1956 5057 2147 5129 viginti
2177 5064 2404 5126 septem.
2433 5055 2625 5109 Anima
2647 5069 2808 5124 porro
2835 5053 3142 5116 recedente,
3174 5053 3349 5124 Drogo
3369 5051 3542 5109 frater

1958 5148 2076 5217 ejus
2103 5156 2158 5203 et
2187 5147 2471 5218 episcopus
2504 5144 2776 5210 Metensis,
2821 5159 2945 5199 cum
2973 5143 3091 5197 aliis
3123 5142 3414 5213 episcopis,
3445 5143 3541 5197 ab-

1958 5240 2192 5303 batibus,
2244 5236 2554 5301 comitibus,
2609 5235 2784 5290 vassis
2839 5234 3146 5299 dominicis,
3200 5233 3540 5305 plurimaque

1958 5331 2264 5401 frequentia
2310 5337 2420 5382 tam
2449 5327 2579 5382 cleri
2615 5343 2778 5396 quam
2819 5326 3022 5398 populi,
3055 5327 3286 5396 sumptis
3309 5327 3540 5398 impera-

1961 5424 2094 5478 toris
2135 5423 2376 5491 reliquiis
2432 5436 2557 5474 eum
2587 5434 2782 5489 magno
2834 5420 3036 5474 honore
3066 5418 3222 5473 Metis
3257 5426 3535 5489 transpor-

1961 5516 2062 5570 tari
2090 5514 2232 5573 fecit,
2266 5521 2320 5567 et
2344 5512 2396 5566 in
2423 5512 2647 5567 basilica
2680 5512 2852 5568 sancti
2879 5511 3106 5576 Arnulfi,
3137 5528 3246 5582 quo
3275 5520 3331 5566 et
3360 5518 3536 5565 mater

1957 5606 2072 5674 ejus
2100 5604 2314 5660 condita
2341 5612 2446 5668 est,
2476 5603 2732 5658 nobiliter
2757 5603 3016 5673 sepelivit.
3396 5652 3403 5659 ,

2033 5696 2247 5750 Finiunt
2308 5694 2426 5749 Vita
2475 5705 2523 5750 et
2549 5706 2696 5750 actus
2748 5693 2961 5765 gloriosi
2997 5695 3246 5765 principis
3281 5690 3459 5747 invicti
3480 5696 3534 5746 et

1957 5790 2231 5844 orthodoxi
2256 5789 2582 5860 imperatoris
2606 5787 2854 5842 Ludovici
2883 5785 2984 5842 Pii.
