4048 6350
782 562 1203 630 ΕΗΤΛΡΗΗῘΜ
1259 560 1582 619 LUDOYlCi
1619 560 1825 617 REGIS

1003 635 1093 690 ur
1120 632 1603 707 liiPERATORIS,

516 748 610 797 QUI
630 745 792 789 ιωη
827 746 885 786 ιιι
924 743 1271 785 ιοΝΑδτειυο
1306 743 1494 785 8ΔΝοΤ1
1544 740 1772 782 Αικυιιιι
1812 736 2091 781 ΙΒΪΙΝΞΒυ

513 825 735 898 Imperii
762 822 989 887 iuben,
1018 822 1353 879 Francorum
1380 819 1561 876 nobile
1581 819 1814 885 culmen,

586 918 787 974 Brutus
813 933 845 974 a
869 914 1029 972 saeclo
1051 913 1299 970 conditur
1322 913 1425 968 hoc
1450 910 1673 967 tumulo.

513 1010 631 1068 Bel
657 1010 961 1075 Lunokus
983 1005 1202 1077 pietatis
1226 1012 1413 1060 tantus
1439 1002 1671 1066 amicus,

587 1102 739 1170 Quod
762 1101 891 1156 Pius
918 1116 949 1155 a
969 1097 1166 1170 populo
1196 1096 1393 1152 dicitur
1428 1101 1485 1150 et
1509 1092 1688 1148 titulo.

514 1191 807 1261 Hildegard
833 1189 1067 1254 soboles,
1096 1186 1279 1243 Caroli
1308 1185 1489 1255 Magni
1512 1185 1603 1255 pia
1624 1182 1825 1253 proles,

584 1285 647 1342 in
672 1284 822 1356 pacis
843 1294 1019 1340 metas
1058 1281 1261 1353 colligit
1304 1282 1450 1336 hunc
1470 1280 1664 1350 pietas.

511 1377 854 1435 Rumelicum
872 1376 1075 1442 viuum,
1105 1373 1439 1444 quidquidve
1465 1372 1702 1428 refertur
1729 1369 1801 1426 ad
1828 1367 1995 1436 illam,

583 1468 813 1527 Arnulfo
841 1476 1031 1525 saneto
1057 1466 1307 1534 contulit,
1336 1465 1573 1536 huicque
1600 1465 1735 1521 loco.

515 1561 695 1633 Stirps
725 1577 758 1617 a
782 1577 893 1634 quo
914 1570 1221 1631 procerum,
1252 1572 1551 1631 regumque
1575 1556 1660 1612 vel
1684 1556 2097 1627 imperatorum,

583 1655 825 1725 Quarum
853 1656 1169 1712 muneribus
1195 1655 1407 1711 sistitur
1432 1654 1537 1710 iste
1562 1653 1734 1709 locus.

764 1782 975 1846 ALIUD
1011 1774 1434 1873 EPITAPHIUM
1470 1770 1815 1843 LUDOVICI.

513 1900 624 1976 (Ea:
663 1904 821 1959 uteri
855 1903 1157 1987 membrana
1185 1901 1243 1957 S.
1273 1902 1480 2026 Amat/3
1526 1901 1796 1966 Metensis,
1824 1900 1965 1974 apud
1984 1899 2094 1957 Ba-

759 1973 978 2026 luzzum.
1008 1972 1237 2026 Canitul.
1265 1984 1390 2026 tom.
1451 1972 1504 2026 Ι.
1532 1989 1651 2026 nan.
1676 1958 1860 2026 1566.)

759 1958 978 2040 Iasium,
1008 1958 1237 2047 Capitul.
1265 1984 1390 2027 tom.
1419 1958 1504 2039 II,
1532 1989 1651 2044 pag.
1676 1958 1860 2046 1566.}

510 2062 809 2122 Praecelsus
838 2066 1073 2133 meritis,
1099 2066 1304 2122 famoso
1339 2073 1395 2121 et
1418 2067 1635 2122 nomine
1666 2058 1870 2134 clarus,

582 2154 735 2214 Felix
764 2157 1037 2232 Augustus
1062 2146 1151 2214 hic
1176 2156 1449 2215 Luduicus
1472 2156 1646 2213 adest.

1648 445 1968 506 LUDOVlCl
2004 447 2028 503 l
2064 444 2535 504 (ΧΕΝΟΜΕΝΤΟ
2570 448 2658 503 Pll

2119 561 2173 625 Α
2195 558 2451 629 Curporis
2472 558 2560 615 h'ie
2584 568 2733 615 artus
2758 560 2955 616 clausit
2979 559 3199 631 quanio
3223 559 3414 616 slum
3437 559 3601 618 ialm

2266 648 2527 706 Romanae
2555 652 2681 706 vitae
2703 660 2759 705 et
2788 662 2951 723 super
2980 659 3130 707 astra
3152 654 3311 723 petit.

2195 741 2297 798 Hic
2322 742 2481 809 ﬁdus,
2510 742 2687 810 tortis,
2712 744 2844 799 nulli
2868 742 3067 817 pietate
3088 746 3381 813 secundus,

2267 833 2534 901 Clemens,
2558 843 2615 891 et
2646 836 2879 907 patiens,
2904 845 3067 908 atque
3089 836 3357 909 benignus
3384 831 3525 895 erit.

2195 924 2469 983 Ecclesiae
2491 925 2695 982 Christi
2725 928 2833 983 ritu
2860 926 3144 985 renovavit
3165 928 3414 996 noneSto,

2206 1070 2223 1077 μ
2266 1021 2440 1091 ipsius
2466 1028 2521 1076 et
2550 1021 2726 1077 cultor
2752 1038 2916 1079 verus
2940 1024 3136 1095 ubique
3159 1023 3278 1079 fuit.

2195 1111 2427 1169 arsuris
2454 1113 2541 1168 hic
2578 1110 2794 1184 genitus
2818 1113 2997 1172 Caroli
3020 1108 3359 1187 Augustique
3377 1123 3660 1188 superstes

2267 1204 2539 1260 Successit
2568 1216 2736 1277 regno
2756 1205 2886 1262 huic
2908 1202 3123 1278 sceptra
3152 1220 3347 1278 regens
3370 1208 3575 1279 populi.

2196 1298 2365 1367 Quem
2394 1308 2541 1354 nunc
2573 1308 2675 1371 pro
2698 1300 2871 1356 sacris
2899 1301 3107 1357 meritis
3126 1300 3239 1370 jam
3272 1301 3499 1357 credere
3531 1302 3617 1358 fas
3645 1308 3731 1359 est

2267 1393 2401 1449 Cum
2426 1393 2646 1450 Christo
2674 1394 2902 1450 Domino
2931 1400 3097 1466 regna
3121 1401 3311 1451 tenere
3338 1394 3468 1465 poli.

2195 1485 2362 1555 Cujus
2388 1490 2677 1557 germanus
2709 1486 2885 1558 Drogo
2912 1486 3226 1559 CbriStique
3250 1487 3511 1543 sacerdos

2268 1577 2568 1634 Transtulit
2590 1577 2699 1634 huc
2727 1590 2945 1650 corpus,
2968 1577 3210 1635 cundidit
3236 1578 3341 1633 huc
3369 1572 3603 1633 tumulo.

2208 1742 2240 1762 ._
2267 1678 2533 1762 Decessit
2565 1694 2744 1745 autem
2795 1702 2935 1746 anno
2970 1690 3193 1762 imperii
3246 1691 3329 1753 sui
3361 1690 3536 1755 xiv",
3573 1672 3664 1746 die
3712 1700 3787 1746 In

2196 1757 2315 1816 Kal.
2340 1761 2491 1828 Julii,
2519 1760 2665 1817 anno
2681 1766 2811 1817 vero
2835 1761 3012 1817 atatis
3040 1757 3188 1827 1.x",
3210 1762 3527 1833 quievimus:
3545 1762 3601 1818 in
3627 1764 3785 1834 μω.

2197 1867 2373 1948 Hanc,
2402 1882 2602 1935 aeterne
2636 1876 2801 1946 Deus,
2826 1877 3009 1936 Caesar
3037 1868 3327 1934 Lotharius
3353 1890 3509 1933 aram

2269 1970 2474 2027 Devoto
2497 1972 2660 2043 jussit
2685 1970 2850 2027 corde
2875 1984 3070 2041 parare
3097 1968 3226 2035 tibi;

2200 2058 2316 2119 Illic
2346 2078 2501 2117 sacra
2530 2061 2609 2117 tui
2648 2076 2755 2134 quo
2782 2061 3003 2116 victima
3032 2061 3135 2116 rite
3165 2052 3410 2117 sacretur

2271 2151 2547 2227 Corporis,
2579 2164 2637 2212 et
2670 2154 2764 2210 ﬁat
2794 2155 3056 2228 sanguine
3087 2155 3284 2211 munda
3312 2163 3427 2212 tuo.

1017 2640 1728 2728 GOGNOMENTO
1782 2643 1931 2723 PII
1974 2696 1996 2739 ,
2074 2630 2772 2722 IMPERATORIS
2847 2641 3301 2726 AUGUSTI

1258 2864 1843 2983 NECNON
1922 2796 2614 2985 FILIORUM
2696 2860 3034 2987 EJUS

746 3083 815 3149 θ
1026 3118 1953 3233 DIPLOMATA

2083 3117 3292 3236 ECCLESIASTICA

1183 3324 1440 3417 USQUE
1482 3340 1592 3404 AD
1641 3326 2122 3406 DNISIONEM
2164 3326 2477 3406 tMPEuu
2519 3337 2740 3407 ANNO
2783 3336 3123 3408 DCCCXL.

1292 3622 1333 3680 Ι.

844 3756 952 3802 ιιιο
984 3754 1351 3803 mrtem
1388 3752 1749 3798 ιοιωιπιιο.

1111 3854 1288 3930 (Am
1322 3854 1475 3927 ne.)

500 3966 760 4050 IMabill.,
786 3966 983 4025 Annal.
1028 3968 1145 4024 ard.
1176 3962 1237 4025 S.
1274 3964 1491 4032 Bened.,
1523 3973 1655 4022 tom.
1711 4007 1753 4032 ..,
1782 3968 1905 4039 pag.
1937 3964 2088 4040 715.]

575 4056 882 4122 Ludovicus
906 4060 1079 4134 gratia
1108 4058 1204 4115 Dei
1242 4072 1339 4115 rex
1364 4058 1777 4128 Aquitanorum.

580 4166 641 4239 In
670 4178 872 4237 Christi
915 4177 1136 4233 nomine
1181 4175 1335 4230 nobis
1363 4183 1571 4230 rectum
1601 4189 1721 4230 esse
1767 4174 1998 4242 videtur,
2029 4185 2091 4232 ut

506 4273 830 4351 quandoque
874 4262 1232 4327 ecclesiastici
1261 4268 1364 4323 viri
1411 4266 1666 4325 catholici
1702 4276 1756 4324 et
1783 4267 1877 4325 Dei
1909 4285 2094 4325 sacer-

506 4365 681 4431 dotes,
713 4362 899 4420 clerici
946 4369 1001 4417 et
1042 4376 1329 4432 pauperes,
1362 4360 1428 4415 ad
1478 4369 1721 4417 nostram
1748 4370 1933 4434 petent
1979 4363 2089 4419 cle-

503 4459 790 4524 mentiam,
839 4454 919 4515 eis
947 4453 1145 4527 regalis
1170 4462 1410 4525 potestas
1459 4454 1744 4511 tuitionem
1793 4455 2089 4526 impertiat,

506 4551 601 4622 qui
632 4546 863 4604 ﬁdeliter
893 4544 963 4602 ad
1010 4555 1253 4602 nostram
1289 4542 1603 4603 desiderant
1639 4547 1947 4620 pertingere
1975 4564 2091 4604 ma-

506 4638 893 4715 gniﬁcentiam.
923 4637 991 4693 Et
1017 4636 1232 4693 Christo
1265 4637 1473 4707 auspici
1518 4638 1635 4693 sine
1679 4636 1843 4695 dubio
1877 4639 2091 4709 plenius

506 4731 781 4788 credimus
806 4728 989 4787 divina
1017 4729 1391 4787 misericordia
1422 4728 1577 4786 nobis
1604 4728 1882 4799 exaudire,
1914 4732 1959 4787 si
1995 4749 2090 4805 pe-

505 4822 788 4879 titionibus
823 4822 1168 4880 sacerdotum
1206 4822 1419 4893 placitis
1462 4821 1685 4877 auribus
1712 4818 2086 4889 obaudiamus,

507 4922 564 4971 et
589 4930 655 4975 ea
683 4930 803 4989 quae
829 4925 981 4972 recta
1029 4915 1397 4987 poposcerint,
1446 4916 1515 4971 ad
1552 4912 1803 4971 eil'eCtum
1835 4908 2088 4987 perduci-

2121 3634 2167 3699 α
2198 3642 2322 3683 mus
2350 3623 2571 3682 domino
2601 3633 2657 3683 et
2689 3625 2934 3701 genitore
2963 3642 3084 3685 meo
3113 3632 3168 3684 et
3198 3624 3405 3696 noster,
3431 3630 3595 3688 nobis
3622 3633 3792 3692 subti-

2193 3716 2320 3772 liter
2348 3717 2631 3789 suggessit,
2666 3725 2724 3773 ut
2756 3716 2870 3789 ipsa
2914 3714 3048 3774 cella
3100 3717 3186 3775 vel
3216 3718 3475 3789 reiculas,
3502 3739 3642 3793 quas
3679 3725 3791 3796 ipse

2196 3804 2397 3863 ibidem
2429 3800 2636 3871 detulit,
2669 3824 2881 3865 necnon
2934 3819 2988 3865 et
3039 3800 3143 3866 hoc
3168 3810 3313 3883 quod
3341 3808 3790 3873 Hermembertus

2194 3902 2454 3958 sacerdus
2477 3910 2657 3957 rector
2683 3901 2855 3972 ipsius
2885 3896 3087 3958 cellula:
3119 3904 3315 3960 ibidem
3347 3905 3714 3974 conﬁrmavit,
3733 3916 3788 3964 et

2194 3990 2315 4048 illas
2340 3990 2769 4061 coniunctiones,
2793 4008 2930 4063 quas
2956 3993 3218 4049 anteriori
3237 3994 3483 4065 pontiﬁci
3507 3995 3788 4054 Pictaven-

2194 4084 2293 4151 sis,
2327 4101 2489 4156 quem
2540 4100 2641 4141 nos
2692 4086 3128 4157 recognovimus,
3159 4086 3450 4155 Ansaldus,
3499 4087 3785 4156 Ebarcius,

2194 4182 2249 4231 et
2278 4173 2639 4243 Guozbertus,
2692 4174 2758 4231 ad
2791 4177 2965 4249 ipsam
2996 4177 3186 4233 cellam
3218 4177 3548 4245 detulerunt,
3577 4180 3657 4235 rel
3685 4179 3784 4236 Dei

2193 4268 2451 4323 timcnles
2475 4274 2529 4324 et
2557 4268 2659 4323 viri
2690 4268 2941 4325 catholici
2975 4270 3193 4326 inantea
3223 4269 3474 4328 conferre
3495 4272 3777 4342 voluerint,

2192 4377 2291 4433 per
2327 4369 2569 4416 nostram
2611 4360 3042 4419 munificentiam
3068 4378 3284 4436 semper
3312 4364 3384 4419 sit
3410 4365 3779 4437 coniunctum,

2193 4459 2247 4507 et
2277 4468 2555 4524 nunquam
2607 4452 2677 4509 sit
2710 4454 3089 4526 interruptum.
3138 4452 3512 4527 Pnccipiendo
3541 4457 3787 4528 principi-

2193 4562 2315 4602 mus
2341 4547 2611 4605 universis
2635 4548 2881 4604 ﬁdelibus
2922 4550 3126 4605 nostris
3148 4551 3441 4623 episcopis,
3473 4552 3782 4620 abbatibus,

2192 4638 2445 4709 ducibus,
2479 4643 2788 4708 comitibus,
2823 4642 3062 4710 vicariis,
3086 4646 3438 4711 centenariis,
3471 4647 3775 4713 ulooariis,

2191 4730 2276 4788 vel
2313 4734 2565 4790 omnibus
2596 4734 2778 4789 missis
2823 4734 3024 4790 nostris
3053 4735 3507 4806 discurrentibus,
3556 4756 3658 4797 seu
3688 4741 3777 4813 qui

2193 4838 2379 4878 curam
2430 4823 2698 4894 publicam
2729 4833 2785 4881 et
2813 4826 3082 4897 privatam
3123 4826 3324 4886 habere
3367 4840 3695 4898 noscuntur,
3717 4842 3775 4886 ut

2192 4917 2247 4972 in
2280 4915 2510 4973 reiculas
2542 4912 2783 4987 praefatae
2808 4918 3027 4985 cellolze,
3052 4920 3135 4976 vel
3159 4922 3406 4979 homines
3429 4938 3629 4979 eorum
3654 4924 3773 4979 ubi-

506 5021 651 5062 mus.
678 5006 919 5079 Denique
943 5017 1222 5069 ostensum
1263 5017 1344 5071 est
1371 5009 1424 5063 in
1454 5018 1748 5082 conspectu
1777 5018 1966 5069 nostro
1992 5025 2091 5081 per
2112 5023 2167 5084 Ῑ)
2191 5022 2297 5078 que
2352 5009 2841 5076 commanenlibus,
2891 5010 2984 5081 qui
3034 5011 3239 5068 ibidem
3288 5021 3439 5069 recte
3482 5014 3777 5084 aspiciant,

507 5099 797 5170 magniﬁco
838 5102 958 5157 viro
978 5111 1033 5158 et
1056 5111 1281 5173 parente
1333 5110 1521 5159 nostro
1544 5103 1719 5161 Atone
1748 5104 1975 5161 diacono
2006 5112 2089 5159 at-

506 5180 617 5264 que
642 5191 833 5250 abbate
876 5203 1099 5261 statuta,
1130 5210 1291 5266 quam
1328 5193 1444 5264 ipse
1473 5210 1541 5250 ex
1582 5210 1677 5251 ore
1716 5195 2090 5267 gloriosissimi

507 5293 569 5341 et
588 5285 845 5356 genitoris
865 5288 975 5343 mei
996 5288 1140 5360 regis
1163 5285 1341 5343 Caroli
1364 5301 1744 5358 summumque
1764 5286 2091 5342 catholicum

509 5376 762 5446 sumpsit,
790 5380 1027 5448 qualiter
1072 5374 1283 5444 cellula,
1334 5378 1490 5450 cujus
1517 5378 1839 5437 vocabulum
1872 5389 1959 5439 est
1985 5378 2092 5435 No-

509 5468 773 5535 valiacus,
831 5470 898 5527 de
946 5472 1153 5529 ratione
1202 5470 1377 5529 sancti
1427 5471 1655 5535 Hilarii,
1708 5471 1813 5528 sita
1874 5470 1930 5526 in
1971 5469 2090 5529 loco

511 5560 718 5632 quieto,
746 5570 802 5617 et
825 5562 982 5618 valde
1010 5578 1248 5636 congrua
1300 5567 1369 5622 ad
1393 5565 1778 5622 habitationem
1811 5580 2092 5622 servorum

508 5652 610 5714 Dei
629 5664 685 5711 et
711 5670 1029 5729 pauperum,
1054 5657 1211 5729 juxta
1233 5658 1648 5730 possibilitatem
1675 5659 1781 5715 loci
1810 5659 1953 5717 illius
1976 5674 2094 5715 mo-

511 5747 739 5814 nachos,
760 5748 853 5818 qui
876 5749 1171 5806 secundum
1198 5750 1371 5805 sancti
1408 5748 1686 5806 Benedicti
1728 5750 1969 5822 regulam
1998 5749 2093 5808 de-

513 5849 641 5909 gere
669 5837 945 5908 deberent,
971 5840 1223 5896 instituit.
1257 5840 1325 5893 Et
1353 5841 1680 5896 venerabilis
1729 5843 1813 5896 vir
1833 5843 1945 5912 jam
1977 5858 2091 5897 me-

514 5934 761 5984 moratus
794 5932 1022 5986 domnus
1050 5928 1155 5993 Am
1198 5926 1358 5994 abba,
1386 5941 1584 5995 parens
1613 5938 1815 5998 noster,
1843 5930 2090 5987 ﬁdelissi-

2193 5097 2342 5155 nullo
2372 5114 2610 5170 unquam
2635 5108 2876 5171 tempore
2911 5101 2979 5157 ad
3003 5117 3195 5160 causas
3221 5104 3541 5170 audiendos,
3562 5104 3653 5160 vel
3675 5102 3777 5160 ire-

2194 5188 2260 5247 da
2287 5191 2526 5264 undique
2552 5191 2833 5264 exigenda,
2863 5209 2958 5250 seu
2984 5196 3295 5253 mansiones
3324 5205 3421 5252 aut
3445 5205 3669 5267 paratas
3684 5195 3769 5251 fa-

2195 5282 2466 5349 ciendum,
2489 5282 2573 5339 vel
2594 5300 2946 5356 quascunque
2966 5287 3368 5346 reddibutiones
3393 5288 3769 5361 requirenda.

2196 5374 2406 5448 ingredi
2435 5391 2541 5431 non
2586 5384 2947 5448 prresumaut;
3000 5380 3096 5436 sed
3121 5395 3221 5450 pro
3260 5381 3472 5452 integra
3516 5380 3777 5436 ﬁrmitate

2194 5467 2350 5539 petiit
2372 5478 2704 5527 memoratus
2732 5468 2960 5526 domnus
2980 5470 3085 5526 Ato
3119 5472 3258 5528 abba
3284 5473 3476 5544 suique
3499 5470 3771 5536 monachi.

2193 5569 2254 5617 ut
2282 5562 2426 5624 circa
2459 5563 2575 5634 ipsa
2603 5562 2741 5618 cella
2775 5563 2869 5621 Dei
2898 5578 2996 5633 per
3032 5572 3276 5620 nostram
3319 5562 3773 5620 auctoritatem'm

2194 5652 2443 5709 omnibus
2473 5653 2798 5709 conﬁrmem
2823 5652 3145 5709 deberemus
3170 5672 3186 5708 :
3209 5654 3353 5723 quod
3382 5668 3483 5725 pro
3524 5667 3774 5709 revera:-

2194 5745 2269 5801 tia
2296 5744 2497 5800 domini
2520 5752 2574 5799 et
2601 5744 2815 5814 patroni
2856 5744 3029 5801 nostri
3057 5744 3357 5801 beatissimi
3399 5743 3595 5800 Hilarii
3617 5738 3770 5799 beni-

2192 5835 2452 5909 gnissimo
2503 5834 2683 5890 animo
2733 5835 2869 5893 illud
2916 5835 3231 5906 praestitisse
3282 5834 3367 5893 vel
3418 5832 3771 5892 conﬁrmasse

2191 5927 2503 5998 comperite.
2530 5926 2597 5982 Et
2619 5926 2879 5997 quidquid
2898 5926 3091 5984 exinde
3111 5925 3276 5983 ﬁscus
3299 5936 3486 5984 noster
3510 5936 3769 5996 augmen.
