4048 6350
291 451 392 514 981

291 753 586 828 indultum,
619 769 728 815 tam
765 761 830 816 de
856 761 999 831 ipsas
1043 776 1151 824 res,
1185 777 1303 831 quae
1331 761 1591 830 praesenti
1634 770 1876 829 tempore

287 855 358 910 ad
383 857 498 926 ipsa
529 869 655 910 casa
681 853 774 908 Dei
798 853 1034 923 legitime
1065 852 1368 922 obtingunt,
1402 865 1563 920 quam
1594 859 1648 905 et
1670 857 1734 905 de
1757 865 1872 917 eas,

287 965 411 1019 quze
460 964 490 1002 a
536 947 648 1003 Deo
698 947 1014 1002 timentibus
1067 946 1374 1001 hominibus
1427 945 1624 1000 ibidem
1655 945 1873 999 inaut‘ea

284 1033 456 1096 fuerit
508 1040 892 1106 condonatum,
946 1041 1002 1098 in
1054 1038 1410 1093 luminaribus
1467 1039 1636 1108 ipsius
1695 1037 1872 1093 sancti

284 1131 392 1188 loci
419 1131 505 1187 vel
533 1131 797 1204 stipendia
834 1132 1223 1186 monachorum
1256 1129 1640 1203 perpetualiter
1688 1129 1874 1185 debiat

281 1225 550 1298 prolicere
579 1225 631 1282 in
681 1225 986 1298 augmentis
1017 1240 1032 1278 :
1067 1234 1330 1296 quatenus
1378 1225 1492 1295 ipsa
1519 1225 1872 1297 congregatio

280 1329 382 1387 pro
430 1314 724 1371 stabilitate
756 1316 910 1389 regni
952 1316 1122 1372 nostri
1155 1315 1350 1371 melius
1373 1316 1601 1371 delectet
1656 1315 1868 1370 Domini

280 1409 716 1464 misericordiam
755 1408 1027 1464 adtentius
1074 1406 1321 1464 exorare.
1375 1405 1444 1462 Et
1478 1416 1537 1462 u‘t
1582 1407 1697 1462 brec
1727 1421 1868 1476 pra:-

281 1499 460 1570 ceptio
493 1497 787 1556 iirmiOrem
836 1499 1123 1566 habeatur,
1163 1507 1217 1554 et
1265 1499 1456 1555 melius
1486 1506 1866 1564 conservetur,

282 1587 471 1648 subter
497 1605 618 1647 eam
670 1591 1009 1647 decrevimus
1061 1589 1351 1648 amrmare.
1396 1585 1458 1646 in
1503 1587 1610 1647 Dei‘
1648 1591 1866 1646 nomine

281 1675 646 1752 chinpertus
698 1696 793 1736 seu
843 1681 1092 1750 indignus
1142 1690 1364 1737 vocatus
1420 1683 1706 1753 episcopus
1751 1683 1866 1736 sive

280 1773 612 1846 cappalanus
624 1773 900 1830 Ludovico
917 1773 1481 1846 regisAquitaniorum
1505 1776 1650 1831 subs.
1670 1769 1865 1846 Signsf

279 1855 579 1938 Magnario.
639 1864 789 1938 Sign.
839 1867 880 1937 -j-
931 1865 1188 1921 Immone.
1247 1861 1399 1939 Sign.
1447 1863 1488 1938 *ι-
1547 1867 1860 1922 Adalberto.

280 1951 434 2032 Sign.
463 1955 503 2032 ἦ
531 1959 765 2015 Erlaldo.
817 1955 967 2030 Sign.
993 1957 1033 2032 -Ῑ-
1063 1957 1278 2014 Carico.
1333 1955 1480 2030 Sign.
1511 1955 1552 2029 ’ξ-
1575 1951 1860 2013 Witfredo.
1895 1963 1942 2026 Β

279 2051 432 2125 Sign.
475 2054 513 2124 -ι-
542 2053 827 2110 Ademaro.
884 2051 997 2125 Sig.
1034 2054 1074 2130 -ιῄ
1107 2049 1472 2128 Ragant‘redo.
1534 2049 1683 2125 Sign.
1716 2049 1864 2124 οξ·Βὶ-

276 2161 434 2201 cone.
463 2143 612 2216 Sign.
639 2147 679 2217 -ξί
700 2144 1020 2200 Gislemaro.
1045 2143 1176 2200 Item
1202 2143 1337 2215 sign.
1364 2141 1663 2199 Cislemaro
1695 2143 1864 2200 Caro-

276 2229 360 2293 lus
415 2237 564 2293 subs.
609 2236 760 2310 Sign.
787 2239 826 2308 f
865 2235 1136 2293 Harialdo.
1192 2233 1342 2310 Sigu.
1381 2233 1604 2291 Abbone
1657 2235 1864 2291 Jalinus

273 2328 510 2385 clericus
578 2329 724 2384 subs.
781 2323 932 2401 Sign.
985 2328 1025 2399 -ξ-
1076 2321 1341 2383 Wadone.
1390 2323 1542 2397 Sign.
1606 2321 1864 2381 Ludovici

278 2421 649 2495 gloriosissimi
673 2421 835 2492 regis.

349 2511 485 2568 Data
515 2529 572 2568 ιιι
611 2512 793 2568 Nonas
821 2499 1111 2585 Augustas,
1152 2517 1293 2568 anno
1321 2505 1390 2566 25
1432 2509 1633 2585 [Caroli
1660 2507 1860 2586 glorio-

276 2601 480 2660 Sissimi
510 2603 673 2678 regis]
701 2611 756 2660 et
778 2617 920 2659 anno
944 2597 1007 2658 l4
1041 2603 1192 2676 regni
1221 2601 1412 2658 nostri.
1441 2595 1636 2658 Actum
1660 2603 1862 2674 Jogun—

278 2691 434 2754 diaco
454 2696 655 2769 palatio
682 2707 888 2754 nostro.
931 2698 1044 2772 Ego
1073 2695 1400 2768 Hildigarius
1429 2697 1497 2754 ad
1522 2697 1694 2756 vicem
1725 2698 1862 2754 Deo—

280 2783 395 2844 dati
423 2788 738 2860 subscripsi.

1037 2867 1100 2934 Π.

613 3008 713 3055 PRO
749 3008 1088 3054 ιοιυετεωο
1123 3011 1532 3056 (ΣΟΒΠΔΒΙΕΕΝΒΙ.

893 3107 1068 3181 (Amo
1087 3111 1238 3183 807.)

291 3204 498 3290 [Apud
531 3219 739 3289 Baluz.,
767 3219 1150 3368 Capitul.‘
1189 3213 1414 3290 Frena,
1439 3232 1570 3280 tom.
1602 3222 1664 3288 il,
1694 3237 1816 3295 pag.

348 3402 670 3471 Ludovicus,
714 3406 884 3477 gratia
909 3406 1005 3463 Dei
1037 3423 1132 3462 rex
1164 3406 1575 3477 Aquitanorum,
1603 3407 1855 3462 omnibus

272 3497 561 3568 episcopis,
594 3499 898 3566 abbatibus,
923 3501 1230 3567 comitibus,
1253 3502 1587 3567 domesticis,
1613 3502 1850 3566 vicariis,

273 3591 624 3658 centenariis,
657 3606 751 3648 seu
787 3593 1009 3666 reliquis
1037 3594 1284 3650 fidelibus
1333 3594 1533 3649 nostris
1575 3595 1856 3664 pra-senti-

270 3681 376 3737 bus
420 3681 625 3739 scilicet
657 3691 711 3739 et
756 3683 968 3741 futuris.
1011 3683 1208 3742 Notum
1237 3686 1308 3742 sit
1335 3687 1460 3757 quia
1489 3687 1855 3741 concessimus

269 3769 554 3845 Fridcgiso
603 3777 781 3832 abbati
825 3791 892 3832 ex
926 3779 1258 3832 monasterio
1285 3779 1456 3831 sancti
1491 3777 1729 3842 Martini,
1763 3778 1856 3832 ubi

271 3864 390 3934 ipse
417 3880 643 3935 corpore
667 3867 978 3937 requiescit,
1013 3877 1073 3922 ut
1119 3868 1400 3923 monachis
1428 3868 1853 3922 Cormariceusis

271 3958 609 4024 monasterii,
642 3958 734 4028 qui
766 3959 1062 4014 monastice
1091 3959 1191 4014 sub
1225 3957 1426 4029 Regula
1465 3959 1638 4013 sancti
1668 3969 1855 4012 moria-

271 4049 499 4104 chorum
526 4051 701 4107 Patris
725 4052 1000 4109 Benedicti
1027 4052 1222 4126 degere
1241 4052 1512 4116 vidcntur,
1536 4051 1697 4105 liceat
1722 4051 1855 4105 duas

269 4155 460 4208 naves,
495 4141 577 4197 vel
628 4151 891 4216 quotquot
939 4143 1135 4199 fuerint
1191 4143 1293 4199 sibi
1351 4143 1707 4205 necessariae,
1758 4157 1856 4212 per

269 4234 452 4288 omnia
484 4231 704 4289 ﬂumina
732 4236 785 4289 in
811 4251 977 4307 regno
1005 4245 1213 4301 nostro,
1235 4234 1346 4290 Deo
1371 4235 1627 4305 propitio,
1648 4231 1856 4288 discur-

271 4324 447 4378 rentia
474 4324 676 4394 absque
706 4327 810 4382 ulla
837 4326 1224 4383 consuetudine
1249 4334 1472 4398 propter
1513 4341 1639 4381 suas
1663 4339 1857 4382 neces-

271 4420 466 4475 sitates
503 4419 757 4491 dirigere.
780 4421 861 4476 Ad
904 4421 1060 4490 cujus
1083 4421 1454 4478 concessionis
1475 4419 1854 4475 auctoritatem

270 4511 732 4566 corroborandam
762 4511 863 4566 hoc
896 4527 1149 4584 praesens
1196 4512 1311 4566 fieri
1350 4511 1612 4582 jussimus
1655 4526 1857 4582 praece-

267 4611 553 4672 ptum,per
574 4604 715 4673 quod
741 4603 1002 4674 imperiali
1024 4603 1347 4658 auctoritate
1369 4600 1621 4669 jubemus
1648 4609 1708 4655 ut
1736 4603 1857 4656 nul-

1428 457 1824 514 DlPLOMA'l‘A
1866 453 2418 513 ECCLESIASTICA.

289 575 411 634 tare
433 576 688 650 potuerit,
721 575 1019 646 inspectam
1064 584 1303 631 nostram
1345 573 1682 639 ﬁrmitatem.
1733 577 1877 632 sicut
1901 584 1958 646 Α

207 665 218 698 ⁵
287 681 392 744 per
415 668 739 723 emunitates
763 669 1093 724 anteriorum
1125 681 1308 736 regum
1347 661 1679 723 declaratum
1707 665 1878 722 fuisse

2723 577 2807 633 111.

2339 681 2442 724 ιιιιο
2477 677 2811 726 nonarum
2848 679 3190 729 (tantum.

2593 763 2768 836 (Anno
2809 763 2962 835 807.)

1981 850 2160 926 [Apud
2205 850 2269 908 υ.
2329 852 2644 997 Bouquet.,P
2645 855 2885 998 830213;“
2941 856 3031 912 ἀει
3081 855 3230 925 μέν..
3281 863 3417 919 tom.
3461 851 3560 933 Vt,

2047 1015 2108 1072 In
2131 1018 2346 1075 nomine
2369 1017 2582 1074 Domini
2611 1021 2783 1075 nostri
2806 1018 2936 1077 Jcsu
2976 1021 3199 1090 Christi,
3240 1021 3554 1081 Ludovicus

1977 1107 2158 1163 divina
2187 1111 2471 1165 ordinante
2490 1111 2830 1182 providentia
2860 1127 2954 1168 rex
2979 1115 3364 1176 missimus
3387 1114 3558 1186 Aqui-

1976 1200 2136 1254 tanta

2045 1291 2309 1357 Quoniam
2335 1291 2680 1363 cogitandum
2703 1295 2858 1351 nob'n
2875 1303 2960 1352 est
2989 1296 3221 1367 qualiter
3245 1298 3434 1356 alterni
3463 1313 3556 1354 re-

1975 1383 2058 1454 gis
2079 1398 2320 1438 aorem
2343 1385 2643 1442 obsistente
2674 1396 3028 1457 peccatorum
3043 1391 3280 1460 pondere
3303 1390 3554 1448 amittere

1974 1487 2082 1527 non
2130 1475 2426 1544 possimus,
2483 1475 2618 1532 locis
2665 1478 3042 1540 insistentibus
3079 1481 3280 1538 divinis
3322 1481 3555 1540 cultibus

1971 1565 2176 1636 placuit
2216 1568 2400 1640 largiri
2427 1577 2650 1639 propter
2683 1587 2910 1644 regnum
2953 1580 3216 1628 alternum
3255 1572 3554 1635 Salvatoris

1971 1661 2164 1725 nostri,
2188 1661 2410 1732 ejusque
2437 1662 2572 1717 inibi
2602 1665 2706 1720 sibi
2735 1664 3122 1722 famulantibus
3149 1667 3415 1724 beneﬁcia
3455 1685 3552 1740 op-

1969 1760 2199 1822 portuna
2231 1770 2244 1806 :
2290 1762 2554 1824 quatenus
2580 1755 2648 1810 ab
2676 1755 2766 1810 illo
2800 1759 3149 1825 remunerati,
3195 1759 3389 1831 gaudio
3432 1760 3552 1816 sine

1970 1842 2079 1899 ﬁne
2127 1858 2436 1900 mereamur
2477 1845 2702 1917 perfrui.
2752 1848 2878 1904 ideo
2912 1853 3099 1904 uotum
3145 1865 3267 1906 esse
3302 1850 3550 1906 volumus

1969 1936 2222 1991 omnibus
2251 1937 2498 1992 fidelibus
2537 1940 2899 2008 prmsentibus
2940 1949 2996 1995 et
3027 1941 3246 2008 futuris,
3277 1943 3419 2013 quod
3455 1957 3551 2014 pe-

1969 2037 2118 2083 tente
2146 2027 2346 2083 domno
2389 2027 2676 2084 Guilleimo
2710 2032 2996 2095 monacho,
3029 2031 3122 2102 qui
3155 2032 3216 2087 in
3242 2032 3364 2090 aula
3393 2033 3548 2103 geni-

1967 2120 2104 2175 toris
2153 2120 2325 2175 nostri
2377 2117 2556 2175 Caroli
2592 2120 2822 2192 Augusti
2846 2138 3029 2179 eomes
3073 2124 3284 2180 exstitit
3313 2123 3551 2182 clarissi-

1965 2226 2105 2275 mus,
2138 2211 2231 2266 sed
2260 2227 2360 2282 pro
2397 2211 2494 2266 Dei
2538 2227 2724 2268 amore
2755 2214 3038 2271 meliorem
3086 2231 3349 2273 exercens
3377 2218 3547 2272 vitam

1965 2300 2173 2356 studuit
2212 2315 2332 2358 esse
2358 2316 2564 2372 pauper
2594 2303 2896 2362 recusando
2923 2304 3208 2370 sublimia;
3238 2306 3311 2361 ob
3345 2307 3548 2362 irrevo-

1966 2395 2195 2450 eabilem
2224 2411 2356 2450 vero
2385 2411 2497 2451 sua:
2541 2395 2846 2453 dilectionis
2901 2399 3047 2454 circa
3087 2415 3187 2456 nos
3229 2398 3547 2456 fidelitatem

1963 2487 2210 2558 petitioni
2232 2487 2349 2556 ejus
2368 2489 2674 2558 praebentes
2690 2505 2994 2556 assensum,
3011 2491 3213 2560 placuit
3233 2493 3411 2560 nobis,
3434 2501 3546 2548 tam

1963 2596 2063 2652 pro
2089 2582 2352 2636 mercedis
2397 2591 2599 2636 nostra:
2647 2591 2960 2654 augmento,
3006 2593 3169 2654 quam
3212 2600 3312 2655 pro
3361 2599 3546 2641 amore

1964 2675 2105 2745 ejus,
2137 2675 2204 2730 ad
2230 2675 2616 2730 monasterium
2639 2677 2782 2746 quod
2808 2677 3007 2732 dicitur
3029 2689 3054 2718 α
3082 2677 3347 2744 Gellonis,
3380 2679 3545 2734 situm

1963 2768 2021 2824 in
2065 2784 2203 2840 pago
2250 2769 2549 2824 Lutevense
2579 2768 2734 2839 juxta
2762 2768 2982 2824 ﬂuvium
3009 2769 3205 2837 Araur,
3239 2771 3428 2826 subtus
3456 2785 3546 2825 ca-

1963 2867 2139 2916 strum
2170 2861 2416 2925 Virduni,
2445 2869 2722 2916 sacratum
2763 2861 2817 2916 in
2847 2863 3054 2918 honore
3080 2863 3292 2918 Domini
3330 2871 3385 2918 et
3419 2862 3542 2918 Sal-
3604 2853 3612 2856 ’

1962 2953 2170 3007 vatoris
2196 2952 2364 3007 nostri
2391 2951 2517 3008 Jesu
2535 2952 2739 3009 Christi
2765 2961 2822 3008 et
2845 2963 3045 3009 sancta:
3063 2955 3246 3010 Mariae
3263 2955 3544 3025 sanctique

1965 3044 2263 3112 liichaelis,
2293 3062 2358 3102 ac
2391 3055 2703 3102 sanctorum
2735 3049 3101 3118 apostolon
3131 3049 3278 3104 Petri
3310 3056 3365 3102 et
3391 3047 3546 3104 Pauli

1962 3146 2019 3192 ct
2057 3139 2232 3194 sancti
2260 3138 2458 3193 Andrae
2500 3141 2849 3210 omniumque
2879 3135 3266 3216 apostolbrum,
3292 3149 3543 3195 constru-

1961 3238 2111 3284 ctum
2148 3246 2177 3283 a
2203 3230 2315 3300 jam
2360 3229 2506 3284 dicto
2533 3232 2730 3285 comite
2758 3231 3043 3286 Guiilelmo
3084 3231 3140 3286 in
3178 3245 3344 3286 causa
3372 3233 3545 3286 nostri

1882 3329 1927 3393 ρ
1961 3321 2242 3392 genitoris,
2268 3319 2359 3375 ubi
2381 3321 2410 3361 ι’
2436 3320 2766 3377 Juliofredus
2799 3331 2981 3377 rector
3005 3331 3060 3378 et
3098 3322 3266 3378 abbas
3309 3335 3546 3393 praeesse

1957 3412 2189 3472 videtur,
2225 3411 2428 3481 aliquid
2458 3427 2524 3466 ex
2571 3413 2732 3468 rebus
2767 3415 2981 3469 tradere
3009 3413 3235 3476 nostris,
3280 3413 3333 3467 id
3371 3421 3457 3468 est
3483 3413 3548 3467 ti-

1958 3517 2110 3556 scum
2138 3504 2426 3573 quemdam
2461 3512 2704 3559 nostrum
2744 3505 2797 3558 in
2823 3520 2959 3576 pago
2983 3505 3305 3561 Biderrense
3338 3505 3434 3576 qui
3464 3506 3546 3560 di-

1960 3593 2105 3647 citur
2143 3591 2407 3659 Miliacus,
2453 3607 2579 3650 cum
2621 3594 2747 3648 villa
2777 3602 2834 3651 et
2875 3595 3108 3651 ecclesia
3151 3597 3326 3651 sancti
3377 3595 3548 3651 Para-

1960 3683 2120 3752 gorii,
2169 3693 2223 3740 et
2272 3685 2542 3742 Miiiciano
2588 3685 2713 3740 villa
2765 3687 2927 3756 atque
2977 3687 3367 3757 Campaniano,
3418 3705 3542 3744 cum

1961 3776 2210 3830 omnibus
2239 3777 2570 3845 appendiciis
2589 3784 2642 3830 et
2665 3777 2984 3846 adjacentiis
3013 3778 3125 3831 suis
3157 3779 3256 3832 sub
3285 3778 3432 3832 omni
3468 3778 3548 3832 in-

1959 3866 2228 3935 tegritate,
2272 3868 2410 3921 sicut
2444 3882 2474 3920 a
2520 3868 2686 3921 misso
2731 3876 2916 3922 nostro
2965 3869 3164 3923 comi-te
3203 3878 3226 3910 ο
3264 3868 3545 3925 Gotcclmo

1958 3973 2056 4028 per
2078 3971 2268 4013 cruces
2292 3959 2350 4012 in
2384 3958 2656 4027 lapidibus
2679 3959 2920 4029 seuiptas
2946 3971 3042 4013 seu
3086 3960 3347 4016 decursus
3372 3975 3543 4031 aqua-

1958 4063 2080 4104 rum
2139 4051 2195 4104 in
2244 4052 2716 4106 terminationibus
2785 4053 3040 4106 traditum
3091 4059 3146 4108 et
3205 4054 3544 4126 assignatum

1958 4149 2060 4207 cst,
2109 4157 2139 4196 a
2188 4143 2431 4212 genitore
2460 4150 2647 4197 nostro
2671 4147 2726 4197 et
2771 4158 2802 4197 a
2830 4143 2987 4199 nobis
3023 4153 3356 4213 possessum.
3389 4147 3457 4201 Et
3487 4147 3541 4201 in

1956 4247 2096 4304 pago
2132 4231 2245 4303 jam
2286 4233 2431 4289 dicto
2473 4233 2778 4289 Lulevense
2817 4235 2997 4289 locum
3027 4235 3120 4306 qui
3163 4237 3366 4292 dicitur
3407 4237 3544 4293 Cas-

1958 4327 2108 4392 trias,
2178 4327 2402 4398 vulgare
2460 4335 2638 4381 autem
2701 4326 3172 4395 Castra-Pastum,
3235 4331 3302 4384 ad
3345 4344 3541 4400 pecora

1957 4432 2144 4474 eorum
2169 4418 2382 4484 alenda,
2408 4433 2532 4473 cum
2545 4418 2777 4475 ecclesia
2808 4421 2986 4476 sancti
3013 4420 3250 4486 Martini,
3280 4437 3404 4477 cum
3433 4429 3541 4477 ter-

1957 4510 2121 4565 minis
2169 4519 2224 4566 et
2259 4510 2576 4580 adjaceutiis
2624 4511 2760 4577 suis,
2785 4525 2910 4567 eum
2936 4513 3088 4568 omni
3114 4513 3439 4584 integritate,
3470 4513 3540 4566 ad

1958 4603 2202 4660 diversos
2230 4618 2361 4660 usus
2401 4617 2610 4659 eorum.
2637 4603 2705 4659 Et
2732 4605 2785 4660 in
2821 4605 3010 4662 eodem
3039 4613 3178 4677 pago
3206 4605 3388 4660 villam
3418 4620 3540 4675 quae

267 4691 355 4748 lus
381 4703 689 4749 nostrorum
720 4694 1070 4765 prmsentinm
1091 4693 1206 4749 sive
1234 4693 1540 4747 futurorum
1570 4692 1622 4746 in
1647 4693 1750 4748 hac
1772 4709 1855 4748 re-
1879 4683 1934 4749 D
1961 4696 2157 4753 dicitur
2187 4696 2601 4768 Magaranciatis
2654 4711 2777 4752 cum
2827 4699 3056 4754 ecclesia
3107 4699 3278 4754 sancti
3318 4697 3538 4764 Felicis,

266 4786 375 4860 gali
404 4786 688 4842 sanctione
731 4787 925 4841 audeat
956 4785 1060 4840 illis
1091 4785 1146 4839 in
1175 4783 1351 4855 aliqua
1396 4793 1550 4856 parte
1578 4784 1852 4840 contradi-

266 4893 412 4934 cere.
468 4877 536 4933 Et
581 4886 642 4932 ut
675 4875 936 4947 majorem
983 4878 1182 4934 habeat
1211 4877 1265 4932 in
1290 4893 1348 4936 se
1391 4876 1496 4932 hoc
1524 4884 1850 4947 przeceptum

263 4972 544 5043 vigorem,
587 4971 773 5027 annuli
827 4972 1000 5028 nostri
1050 4971 1406 5043 impressione
1457 4969 1682 5041 sigillari
1728 4969 1848 5040 jus-

266 5063 458 5118 simus.

337 5149 476 5207 Data
503 5167 579 5209 vn
609 5149 734 5210 ldus
771 5150 989 5223 Aprilis,
1026 5149 1174 5208 ‘anno
1218 5153 1288 5207 27
1333 5151 1481 5224 regni
1512 5152 1706 5208 nostri.
1748 5151 1852 5206 Ac-

265 5253 383 5302 tum
422 5245 783 5314 Cassanogelo
827 5244 1028 5304 palatio
1081 5245 1136 5299 in
1183 5244 1280 5299 Dei
1308 5244 1549 5317 _nomine
1596 5243 1848 5299 feliciter.

266 5337 462 5396 Amen.

337 5432 474 5490 Albo
504 5432 570 5490 ad
593 5433 767 5489 vicem
787 5430 1104 5489 Helisachar
1124 5431 1338 5503 scripsi.

338 5603 366 5633 ⁸
391 5587 719 5650 Gellonensc
757 5591 1147 5650 monasterium
1187 5589 1351 5645 situm
1395 5587 1448 5644 in
1479 5587 1757 5644 Occitania
1795 5590 1848 5644 in

305 5677 408 5733 ago
435 5661 722 5718 Lutevensi
753 5663 820 5718 ad
849 5661 1102 5733 Araurim
1125 5660 1419 5733 tiuviolum,
1445 5660 1664 5733 nunc_S.
1695 5659 1848 5716 Guil-

287 5727 416 5787 clini
441 5735 506 5788 de
535 5734 759 5788 Deserto
787 5733 1002 5798 dicitur,
1031 5727 1775 5793 Saint—Guillent-du-Dt‘scrt.

345 5805 372 5843 δ
386 5802 413 5857 J
421 5803 550 5858 uliol
554 5804 667 5859 redi
689 5805 935 5860 meminit
959 5804 1279 5859 tabularium
1294 5802 1613 5858 Gellonense
1632 5802 1718 5858 his
1731 5816 1852 5856 ver-

267 5872 357 5930 bis
397 5893 410 5928 :
449 5893 467 5926 ‹
501 5873 828 5930 Juliofredus
874 5876 1030 5938 abba.
1063 5875 1495 5938 consanguineus
1525 5873 1703 5928 Caroli
1752 5872 1853 5925 im-

267 5947 563 6017 peratoris,
607 5944 737 6002 fecit
766 5953 1145 6003 testamentum
1173 5944 1435 6014 scribere,
1466 5945 1523 6000 in
1553 5960 1661 6020 quo
1718 5957 1849 5998 con-

1961 4803 2082 4844 cum
2109 4789 2360 4844 omnibus
2387 4789 2713 4860 appenditiis
2740 4799 2795 4844 et
2838 4788 3154 4858 adjacentiis
3195 4790 3326 4846 suis.
3358 4788 3541 4846 Hono-

1959 4895 2074 4936 rem
2117 4897 2246 4936 vero
2292 4881 2463 4947 illum,
2494 4895 2653 4950 quem
2691 4882 2919 4936 domnus
2956 4880 3277 4937 Guillelmus
3321 4895 3419 4938 seu
3447 4881 3540 4938 alii

1959 4971 2146 5027 fideles
2188 4987 2289 5042 per
2322 4973 2682 5028 instrumenta
2713 4973 3026 5028 chartarum
3076 4973 3304 5045 praefato
3346 4987 3538 5030 mona-

1958 5063 2124 5119 sterio
2153 5064 2514 5130 tradiderunt,
2545 5064 2599 5117 in
2649 5065 3060 5134 quibuscunque
3099 5067 3232 5121 locis
3275 5068 3368 5132 sit,
3397 5081 3540 5136 quaa-

1959 5170 2065 5226 que
2092 5156 2258 5210 etiam
2284 5155 2539 5224 deinceps
2570 5155 2622 5209 in
2648 5153 2772 5223 jure
2793 5156 2962 5225 ipsius
2985 5157 3158 5212 sancti
3189 5156 3292 5211 loci
3320 5171 3418 5227 per
3443 5171 3540 5211 nos

1959 5253 2053 5302 aut
2073 5260 2170 5316 per
2193 5245 2327 5300 alios
2356 5245 2589 5299 voluerit
2611 5245 2791 5300 divina
2813 5247 2987 5316 pietas
3008 5245 3213 5318 augeri,
3248 5255 3418 5301 totum
3442 5260 3540 5301 nos

1956 5353 2060 5408 pro
2087 5346 2288 5392 aeterna
2310 5337 2751 5393 remuneratione
2776 5338 3038 5408 praedicto
3063 5340 3392 5394 monasterio
3412 5353 3540 5394 con-

1960 5428 2224 5495 cedimus,
2274 5434 2334 5482 ut
2356 5428 2633 5499 perpetuis
2678 5428 3012 5499 temporibus
3040 5430 3094 5484 in
3123 5429 3377 5485 alimonia
3410 5441 3541 5498 pau-

1961 5585 2170 5656 tinetur
2193 5585 2370 5640 omnis
2395 5584 2752 5656 honoriquem
2780 5585 3067 5656 acquisivit
3091 5594 3312 5644 sanctus
3337 5582 3542 5656 Willet-

1954 5670 2076 5738 mus
2087 5655 2346 5780 princeps
2373 5655 2536 5710 totius
2553 5655 2739 5740 Calliae
2760 5655 2957 5712 ﬁnibus
2977 5671 3006 5711 ε
3031 5659 3264 5714 dominis
3291 5663 3348 5713 et
3363 5655 3544 5726 piissi-

1954 5740 2058 5779 mis
2131 5726 2282 5780 arolo
2307 5734 2361 5780 et
2385 5725 2655 5780 Ludovnco
2684 5729 3121 5780 Imperatoribus.
3159 5747 3180 5780 ι

1953 5725 2058 5779 mis
2087 5725 2282 5797 Carolo
2307 5734 2361 5781 et
2385 5725 2655 5781 Ludovico
2684 5727 3121 5797 imperatoribus.
3159 5747 3180 5780 ι

2028 5808 2049 5834 ο
2093 5795 2404 5852 Gotcclmus
2441 5797 2582 5852 ﬁlius
2611 5807 2728 5852 erat
2759 5794 2937 5854 sancti
2962 5797 3232 5855 Guillelmi
3261 5794 3413 5853 ducis
3436 5794 3541 5850 To-

1954 5865 2147 5950 losani,
2202 5867 2371 5925 frater
2420 5867 2684 5926 Bernardi
2739 5872 3082 5943 postmodum
3147 5867 3299 5924 ducis
3357 5861 3542 5939 Septi-

1953 5953 2167 5994 mantat.
