4048 6350
526 429 632 486 983

1657 427 1975 484 LUDOVICI
2015 425 2034 480 l
2072 419 2544 483 COGNOMENTO
2577 419 2662 477 PII

3687 423 3810 486 984,

523 542 716 618 perum
746 553 802 602 et
827 545 1092 618 stipendia
1133 544 1520 600 monachorum
1552 542 1750 598 ibidem
1789 542 1901 596 Deo
1939 539 2109 596 famu—
2134 541 2177 600 Α
2211 537 2368 594 scite.
2401 535 2785 606 Praecipientes
2833 545 2962 603 ergo
2993 532 3254 604 iubemus
3304 541 3364 588 ut
3408 532 3588 592 nullus
3627 538 3807 610 iudex

523 639 755 699 lantium
799 638 1049 712 proﬁciat
1091 638 1146 692 in
1175 643 1540 708 augmentum.
1590 633 1716 690 Hazc
1749 633 1932 688 omnia
1961 647 2102 703 pra:-

524 736 729 807 scripta
777 748 900 789 cum
947 729 1216 796 ecclesiis,
1261 728 1421 794 villis,
1479 727 1778 792 villaribus,
1830 725 2101 792 domibus,

524 824 790 889 aedificiis,
831 821 1068 892 campis,
1089 821 1271 887 terris,
1297 820 1492 886 vineis,
1515 819 1750 884 olivetis,
1778 817 1947 882 silvis,
1981 832 2106 886 gar-

522 918 676 983 ricis,
699 915 895 987 pratis,
914 913 1152 985 pascuis,
1175 913 1518 977 molendinis,
1550 911 1706 981 aquis
1734 922 2105 980 aquarumque

525 1005 866 1075 decursibus,
890 1008 1114 1082 perviis,
1139 1007 1373 1064 exitibus
1395 1015 1450 1062 et
1477 1005 1840 1077 regressibus,
1864 1003 2025 1058 cultis
2050 1009 2107 1057 et

524 1094 768 1168 incultis,
799 1099 941 1157 cum
965 1099 1215 1156 omnibus
1246 1097 1564 1168 adiacentiis
1593 1111 1802 1160 earum,
1839 1102 2012 1149 totum
2049 1099 2107 1149 et

523 1192 806 1268 integrum'
844 1191 1103 1263 praedicto
1130 1189 1460 1246 monasterio
1502 1187 1810 1244 Gellonensi
1839 1202 1937 1258 per
1959 1185 2105 1242 hanc

522 1285 833 1342 donationis
892 1281 1269 1338 auctoritatem
1313 1279 1700 1352 perpetualiter
1755 1277 2106 1333 concedimus

522 1379 591 1434 ad
615 1376 925 1433 habendum
954 1389 968 1427 :
994 1372 1071 1428 ita
1090 1371 1342 1428 videlicet
1363 1379 1425 1425 ut
1453 1369 1713 1442 quidquid
1744 1369 1810 1424 ab
1839 1367 2104 1424 hodierno

521 1469 610 1525 die
647 1474 702 1524 et
736 1475 977 1538 tempore
1005 1463 1074 1520 de
1121 1462 1391 1534 praedictis
1431 1461 1593 1517 rebus
1617 1459 1799 1515 facere
1843 1458 1928 1515 vel
1958 1458 2104 1514 ordi-

520 1576 675 1625 nare,
698 1557 784 1615 vel
811 1556 976 1613 etiam
1013 1554 1299 1625 disponere
1326 1553 1663 1609 habitatores
1690 1551 1850 1621 huius
1876 1550 1978 1606 loci
2008 1566 2104 1606 vo-

519 1652 738 1716 luerint,
771 1649 946 1704 libero
977 1647 1032 1702 in
1073 1646 1324 1702 omnibus
1372 1645 1725 1716 perfruantur
1755 1643 1982 1699 arbitrio
2016 1643 2087 1698 fa-

518 1742 714 1797 ciendi.

587 1831 937 1889 Godolelmus
985 1831 1229 1886 notarius
1285 1830 1354 1886 ad
1396 1830 1573 1886 vicem
1631 1828 1892 1901 Guigonis
1946 1845 2098 1887 reco-

517 1926 723 2000 gnovit.
1096 1971 1099 1974 .
1459 1913 1469 1927 ’

587 2019 787 2074 Datum
842 2018 947 2073 hoc
989 2025 1318 2089 praeceptum
1357 2017 1403 2072 ν
1431 2016 1551 2072 Kal.
1582 2014 1848 2083 Januarii,
1891 2029 1918 2058 ι
1965 2017 2104 2073 ludi-

516 2107 698 2167 ctione
727 2111 753 2165 l
769 2152 783 2175 ,
806 2126 949 2166 anno
968 2110 1036 2165 27
1065 2110 1272 2166 domini
1298 2109 1555 2166 Ludovici
1579 2111 1748 2180 regni,
1779 2109 1986 2166 Tolosae
2005 2127 2105 2182 pu-

514 2201 690 2268 blice;
716 2200 894 2257 Caroli
925 2215 1056 2255 vero
1082 2200 1295 2271 imperii
1325 2199 1354 2240 b
1382 2199 1434 2255 8.
1466 2200 1534 2254 Ει
1566 2209 1625 2255 ut
1652 2199 1778 2256 haec‘
1805 2201 2103 2256 auctoritas

517 2292 721 2348 nostris
764 2289 1068 2361 futurisque
1123 2292 1452 2362 temporibus
1504 2291 1736 2348 Domino
1786 2300 2104 2365 protegente

515 2385 696 2438 valeat
725 2385 1046 2441 inconcussa
1075 2400 1314 2452 manere,
1344 2401 1508 2440 manu
1531 2386 1751 2456 propria
1781 2387 2105 2457 subscripsi-

516 2491 660 2541 mus,
683 2485 736 2532 et
763 2477 947 2532 annuli
980 2479 1153 2533 nostri
1180 2478 1537 2550 impressione
1563 2478 1772 2532 ﬁrmari
1815 2477 2098 2548 iussimus,

515 2567 571 2622 in
594 2568 688 2622 Dei
707 2569 933 2624 nomine
953 2568 1204 2625 feliciter.
1234 2569 1428 2626 Amen.

587 2659 811 2732 Signum
839 2661 1024 2718 domui
1047 2660 1308 2719 Ludovici
1345 2661 1683 2718 serenissimi
1712 2661 1883 2735 regis.

1269 2752 1359 2810 IV.

885 2859 986 2901 P30
1023 2859 1364 2902 IONASTEBIO
1402 2861 1712 2902 DUSEBENSI.

1119 2935 1292 3010 (Anno
1343 2937 1497 3008 8M.)

518 3025 696 3100 [Apud
728 3025 1302 3100 D._Bouquet.,_ibid.,
1331 3044 1396 3084 ex
1432 3027 1664 3084 Chiﬁlet.
1698 3029 1751 3084 in
1773 3031 1983 3100 probat.
2032 3033 2100 3087 ad

762 3097 904 3153 Hist.
937 3097 1056 3153 dbb.
1093 3097 1502 3164 Trenorciensis,
1545 3116 1670 3172 pag.
1702 3097 1852 3176 260.]

584 3189 644 3245 In
687 3191 906 3248 nomine
954 3191 1166 3247 Domini
1197 3190 1294 3248 Dei
1340 3201 1395 3248 et
1422 3191 1720 3250 Salvatoris
1760 3195 1934 3250 nostri
1969 3193 2099 3252 Iesu

2206 630 2476 701 publicus,
2504 641 2678 698 neque
2705 624 2965 698 quislibet
2984 640 3050 680 ex
3067 625 3361 696 iudiciaria
3382 634 3670 698 potestate,
3693 647 3806 689 nec

2205 719 2347 774 ullus
2383 733 2451 773 ex
2479 716 2727 773 ﬁdelibus
2755 723 2956 771 sanctae
2993 715 3090 771 Dei
3112 715 3372 772 Ecclesiae
3397 732 3463 773 ac
3485 721 3713 788 nostris,
3743 723 3804 779 in

2205 811 2463 868 ecclesias
2507 825 2572 866 ac
2596 809 2736 875 loca,
2769 808 2857 864 vel
2883 823 3064 879 agros,
3098 823 3195 864 seu
3231 808 3472 880 reliquas
3497 815 3803 882 possessio-

2205 920 2303 961 nes
2352 902 2596 976 praedicti
2643 902 2988 968 monasterii,
3045 917 3184 972 quas
3242 903 3509 960 moderno
3557 915 3804 979 tempore

2197 997 2346 1068 iuste
2387 1005 2443 1053 et
2482 995 2881 1052 rationabiliter
2903 1011 3002 1066 per
3029 996 3377 1052 donationem
3405 997 3593 1053 domni
3634 1008 3690 1055 et
3709 1017 3804 1072 ge-

2203 1091 2400 1149 nitoris
2429 1091 2602 1147 nostri
2629 1090 2715 1145 vel
2741 1099 3063 1145 caaterorum
3085 1087 3323 1143 ﬁdelium
3342 1090 3627 1159 possidere
3652 1092 3805 1149 vide-

2204 1192 2295 1239 tur
2320 1183 2374 1238 in
2409 1182 2739 1254 quibuslibet
2763 1183 2916 1253 pagis
2961 1190 3018 1236 et
3051 1181 3368 1248 territoriis,
3397 1183 3666 1254 quidquid
3701 1185 3804 1240 ibi-

2204 1277 2326 1332 dem
2347 1275 2603 1353 collatum
2625 1273 2746 1340 fuit,
2774 1274 2859 1330 vel
2884 1289 3112 1345 quaeque
3131 1273 3391 1346 deinceps
3410 1275 3467 1330 in
3481 1275 3609 1347 iure
3635 1279 3806 1348 ipsius

2203 1369 2377 1425 sancti
2402 1367 2527 1434 loci,
2568 1374 2665 1422 aut
2685 1382 2785 1438 per
2827 1381 2949 1433 nos,
2979 1375 3074 1422 aut
3106 1381 3207 1438 per
3234 1367 3372 1423 alios
3402 1368 3643 1424 voluerit
3668 1370 3806 1426 divi-

2204 1478 2274 1517 na
2313 1463 2488 1532 pietas
2525 1460 2734 1532 augeri,
2784 1459 2853 1515 ad
2890 1475 3084 1516 causas
3130 1459 3453 1527 audiendas,
3505 1461 3594 1515 vel
3646 1460 3803 1518 freda

2202 1554 2486 1626 exigenda,
2537 1562 2632 1609 aut
2663 1553 2979 1610 mansiones
3023 1552 3109 1608 vel
3134 1553 3384 1624 parocias
3421 1552 3696 1629 [paratas]
3727 1554 3806 1610 fa-

2203 1645 2444 1712 ciendas,
2497 1654 2591 1701 aut
2654 1643 3006 1714 ﬁdeiussores
3059 1644 3345 1711 tollendos,
3405 1646 3495 1702 vel
3551 1647 3806 1703 homines

2202 1739 2372 1811 ipsius
2412 1737 2680 1804 ecclesiae,
2718 1745 2830 1792 tam
2875 1737 3138 1810 ingenuos
3183 1752 3461 1808 quamque
3505 1746 3563 1793 et
3589 1754 3801 1805 servos,

2202 1829 2295 1901 qui
2323 1843 2486 1898 super
2521 1836 2724 1883 terram
2769 1826 2941 1898 ipsius
2973 1825 3244 1901 resedere
3273 1826 3550 1893 videntur,
3578 1827 3806 1883 distrin-

2131 1905 2182 1966 B
2209 1920 2441 1992 gendos;
2474 1932 2576 1974 nec
2614 1917 2752 1974 ullas
2779 1917 3172 1975 redhibitiones
3190 1925 3286 1972 aut
3309 1917 3529 1974 illicitas
3553 1919 3806 1975 occasio-

2207 2025 2305 2066 nes
2333 2009 2686 2080 requirendas
2707 2051 2722 2076 ,
2751 2009 2862 2065 ullo
2885 2023 3130 2080 unquam
3159 2017 3408 2081 tempore
3444 2011 3657 2083 ingredi
3708 2027 3805 2066 au-

2207 2104 2351 2169 deat,
2396 2102 2484 2158 vel
2507 2110 2764 2159 exactare
2811 2108 3122 2173 praesumat.
3156 2101 3234 2157 Et
3251 2103 3515 2174 quidquid
3539 2103 3607 2159 de
3638 2105 3805 2161 rebus

2204 2195 2416 2267 praefati
2443 2195 2762 2253 monasterii
2787 2194 2952 2251 ﬁscus
2991 2211 3216 2266 sperare
3255 2205 3465 2267 posset,
3497 2205 3679 2253 totum
3707 2215 3804 2255 nos

2203 2303 2304 2358 pro
2334 2295 2536 2343 aeterna
2561 2287 3000 2344 remuneratione
3012 2285 3127 2356 iam
3149 2288 3295 2344 dicto
3317 2291 3658 2346 monasterio
3678 2306 3801 2347 oon-

2205 2380 2465 2448 cedimus,
2517 2388 2578 2434 ut
2639 2379 2919 2450 perpetuis
2975 2380 3314 2451 temporibus
3367 2382 3424 2436 in
3484 2381 3803 2438 alimoniam

2203 2488 2504 2544 pauperum
2547 2480 2605 2528 et
2631 2473 2902 2543 stipendia
2929 2474 3323 2530 monachorum
3345 2474 3553 2530 ibidem
3579 2474 3702 2531 Deo
3726 2475 3802 2531 fa-

2203 2567 2530 2624 mulantium
2562 2567 2814 2639 proﬁciat
2840 2568 2896 2623 in
2925 2575 3300 2640 augmentum.
3333 2568 3402 2624 Et
3426 2569 3655 2640 quando
3686 2571 3802 2640 qni-

2205 2658 2328 2714 dem
2356 2657 2539 2714 divina
2565 2657 2853 2713 vocatione
2887 2657 3232 2728 supradictus
3257 2658 3427 2714 abbas
3452 2657 3540 2714 vel
3570 2672 3800 2715 succes-

2204 2763 2360 2804 sores
2408 2745 2526 2817 eius
2553 2748 2620 2804 de
2669 2749 2773 2804 hac
2799 2747 2921 2804 luce
2968 2747 3342 2818 migraverint,
3397 2748 3641 2817 quandiu
3703 2747 3801 2821 ipsi

2204 2840 2456 2896 monachi
2485 2839 2628 2896 inter
2649 2855 2708 2896 se
2734 2839 2872 2896 tales
2899 2839 3144 2896 invenire
3169 2838 3465 2910 potuerint,
3502 2841 3597 2911 qui
3625 2841 3799 2912 ipsam

2204 2933 2680 3005 congregationem
2711 2933 3011 2989 secundum
3039 2932 3281 3005 regulam
3309 2931 3486 2988 sancti
3515 2931 3797 2990 Benedicti

2205 3038 2391 3096 regere
2436 3025 2669 3092 valeant,
2701 3039 2800 3096 per
2827 3026 2971 3080 hanc
3015 3032 3256 3080 nostram
3313 3027 3707 3081 auctoritatem
3747 3034 3797 3081 et

2205 3129 2529 3170 consensum
2558 3114 2831 3170 licentiam
2854 3115 3092 3171 habeant
3117 3115 3350 3187 eligendi
3372 3115 3633 3180 abbates,
3669 3130 3796 3186 qua-

2186 3214 2364 3262 tenus
2402 3207 2536 3278 ipsis
2565 3208 2740 3263 servis
2768 3208 2865 3263 Dei
2899 3208 2993 3278 qui
3029 3207 3229 3262 ibidem
3259 3207 3370 3262 Deo
3405 3206 3679 3263 famulare
3726 3208 3798 3263 vi-

515 3280 755 3364 Christi,
776 3281 1081 3338 Ludovicus
1103 3282 1286 3338 divina
1311 3283 1599 3341 ordinante
1620 3286 1967 3356 providentia
1997 3288 2101 3343 im-
2128 3272 2174 3336 C
2206 3272 2552 3367 demum-pro
2582 3297 2758 3362 nobis,
2798 3272 3026 3368 coniuge
3050 3296 3308 3367 proleque
3339 3305 3550 3364 nostra,
3602 3306 3658 3351 et
3691 3304 3795 3351 sta-

513 3381 736 3444 perator
751 3361 1050 3444 Augustus.
1739 3420 1748 3426 .

587 3462 897 3532 Comperiat
942 3464 1150 3520 interea
1194 3465 1436 3520 omnium
1473 3467 1716 3524 ﬁdelium
1761 3477 2099 3538 nostrorum,

513 3556 866 3628 praesentium
895 3556 1104 3612 scilicet
1146 3567 1203 3614 et
1248 3557 1555 3614 futurorum
1596 3562 1840 3629 solertia,
1867 3564 2106 3634 qualiter

517 3648 720 3703 Dexter
747 3648 915 3703 abbas
943 3647 1011 3704 ei:
1047 3651 1378 3706 monasterio
1428 3661 1451 3690 ο
1498 3652 1812 3722 Duserensi,
1854 3657 1998 3726 quod
2024 3663 2108 3713 est

516 3754 886 3802 constructum
926 3749 982 3803 in
1026 3747 1233 3804 honore
1283 3755 1482 3805 sanctae
1540 3748 1721 3805 Mariae
1771 3750 2004 3822 virginis
2056 3757 2108 3806 et

517 3839 692 3898 sancti
716 3837 860 3894 Petri
876 3847 930 3895 et
948 3839 1178 3896 aliorum
1201 3848 1516 3896 sanctorum
1541 3840 1594 3895 in
1623 3841 1908 3898 territorio
1937 3840 2106 3897 Arau-

517 3928 652 3993 sico,
684 3930 906 3986 veniens
927 3932 995 3986 ad
1015 3947 1136 3999 nos,
1161 3931 1351 3988 detulit
1384 3932 1542 3988 nobis
1566 3941 1896 4004 prteceptum
1925 3932 2106 3988 Caroli

517 4021 850 4076 serenissimi
880 4022 1221 4094 imperatoris
1250 4025 1510 4096 genitoris
1532 4026 1729 4092 nostri,
1759 4027 1814 4081 in
1839 4041 1945 4097 quo
1976 4040 2106 4082 con-

517 4109 792 4165 tinebatur
821 4113 1054 4183 qualiter
1082 4114 1260 4185 ipsum
1307 4115 1507 4181 locum,
1554 4116 1646 4186 qui
1682 4125 1805 4173 erat
1863 4118 1932 4173 dc
1979 4120 2104 4189 pro-

514 4201 748 4272 prietate
777 4203 874 4258 soli
912 4203 1049 4273 eius,
1082 4206 1150 4261 ad
1187 4208 1437 4263 eumdem
1465 4208 1657 4283 [idem]
1710 4211 2102 4266 monasterium

518 4295 941 4375 construendum
965 4295 1206 4354 Norﬁdio
1226 4299 1409 4356 abbati
1435 4300 1520 4356 vel
1543 4299 1662 4370 eius
1697 4303 2103 4360 successoribus

519 4395 864 4441 concesserat
903 4395 1064 4458 atque
1106 4393 1382 4461 perpetuis
1411 4393 1748 4463 temporibus
1803 4393 1871 4448 ad
1899 4393 2102 4448 haben-

520 4475 646 4529 dum
696 4477 1129 4535 conﬁrmaverat.
1183 4481 1289 4537 Sed
1340 4492 1674 4540 memoratus
1707 4484 1846 4540 abba
1881 4491 1936 4541 et
1983 4483 2101 4554 eius

520 4570 872 4651 congregatio
893 4571 1167 4653 petierunt
1187 4573 1563 4630 celsitudinem
1586 4583 1850 4643 nostram,
1873 4584 1934 4631 ut
1954 4576 2099 4646 ipsas

519 4673 610 4736 res
635 4676 760 4717 cum
783 4651 1035 4729 omnibus
1069 4667 1397 4736 appendiciis
1424 4669 1510 4723 vel
1539 4668 1856 4737 adiacentiis
1884 4685 2093 4738 earum,

521 4751 589 4806 ad
620 4753 791 4823 ipsam
826 4754 1112 4811 ecclesiam
1144 4758 1212 4812 ad
1235 4773 1420 4812 eorum
1448 4759 1773 4828 supplendas
1802 4761 2100 4816 necessita-

520 4850 619 4906 tes,
678 4857 744 4899 ex
805 4853 990 4901 nostra
1037 4848 1378 4912 auctoritate,
1426 4864 1525 4919 pro
1582 4849 1850 4906 mercedis
1901 4861 2100 4908 nostra:

521 4944 811 5005 augmento
855 4935 1298 4994 conﬁrmaremus
1341 4957 1354 4993 :
1399 4949 1454 4995 et
1489 4941 1596 4996 tale
1643 4951 1970 5013 prteceptum
2020 4945 2103 5001 eis

520 5023 640 5080 ﬁeri
680 5017 1014 5097 iuberemns,
1062 5045 1159 5101 per
1193 5031 1335 5101 quod
1376 5039 1706 5089 memoratas
1749 5051 1837 5090 res
1875 5043 1930 5090 et
1967 5035 2098 5091 alias

521 5129 642 5184 quae
673 5132 702 5169 a
730 5116 898 5172 Deum
923 5120 1239 5176 timentibus
1265 5123 1331 5176 ad
1361 5123 1611 5178 eumdem
1643 5133 1892 5180 sanctum
1920 5125 2100 5181 locum

519 5206 731 5264 collatae
757 5219 903 5277 sunt,
931 5213 1112 5283 quiete
1137 5213 1360 5280 habere,
1387 5223 1548 5286 atque
1578 5217 1858 5286 perpetuis
1886 5224 2101 5289 tempo-

521 5298 675 5354 ribus
723 5302 1204 5374 absquealicuius
1252 5307 1637 5362 contrarietate
1689 5308 1970 5378 possidere
2007 5326 2102 5365 va-

521 5390 717 5446 lerent.
746 5391 1345 5466 Quorum;petitionem
1377 5398 1646 5468 denegare
1673 5398 1974 5464 noluimus;
2005 5401 2100 5457 sed

523 5483 581 5538 in
618 5484 870 5540 omnibus
917 5485 994 5541 ita
1033 5488 1351 5556 praestitisse
1384 5488 1470 5543 vel
1507 5481 1860 5545 conﬁrmasse
1903 5506 2103 5562 cogno-

596 5634 628 5695 ¢_
652 5620 790 5678 Male
819 5623 1104 5679 indictione
1138 5624 1204 5679 10
1232 5625 1379 5695 θρυὰῄ
1403 5623 1790 5695 Mabillonium,
1843 5624 1937 5694 qui
1969 5622 2098 5679 illud

525 5692 760 5764 diploma
811 5695 979 5751 edidit
1037 5695 1091 5750 in
1144 5692 1294 5751 Actis
1361 5693 1462 5749 SS.
1517 5695 1723 5749 ordinis
1785 5692 2096 5751 SfBened.

523 5779 754 5838 71v,
775 5775 928 5837 parte
952 5784 990 5831 ι,
1011 5782 1141 5838 pag.
1169 5767 1256 5838 90.
1329 5827 1332 5829 _

601 5835 630 5875 δ
658 5835 791 5892 1am
806 5838 969 5908 igitur
994 5835 1312 5892 Guillelmus
1337 5836 1632 5907 monachus
1652 5843 1770 5908 erat
1798 5851 1942 5892 anno
1971 5837 2096 5902 807;

531 5911 695 5975 atque
722 5906 849 5963 ideo
865 5909 979 5978 eius
1015 5908 1370 5963 monachatus
1398 5921 1505 5961 non
1542 5913 1626 5959 est
1671 5906 1998 5963 differendus
2041 5908 2095 5962 in

2122 4629 2176 4690 D

2205 3386 2412 3443 bilitate
2437 3388 2603 3442 totius
2627 3387 2841 3458 imperii
2869 3389 3042 3442 nostri
3063 3404 3094 3442 a
3117 3388 3228 3443 Deo
3251 3389 3406 3444 nobis
3435 3389 3691 3444 concessi
3717 3387 3792 3442 vel

2205 3481 2580 3546 conservandi,
2620 3479 2827 3550 iugiter
2851 3479 3065 3534 Domini
3099 3480 3532 3536 misericordiam
3564 3495 3794 3536 exorare

2206 3572 2520 3628 delectetur.
2560 3572 2627 3626 Et
2664 3580 2724 3626 ut
2749 3571 2867 3627 haec
2909 3572 3206 3627 auctoritas
3233 3571 3437 3626 nostris
3484 3569 3787 3641 futurisque

2205 3661 2537 3733 temporibus
2589 3661 2781 3716 melius
2842 3659 3154 3715 inconvulsa
3205 3672 3584 3728 conservetur,
3631 3676 3787 3716 manu

2203 3755 2423 3826 propria
2473 3754 2909 3825 subscripsimus,
2946 3761 3002 3808 et
3037 3753 3105 3808 de
3153 3753 3354 3809 annulo
3388 3762 3582 3811 nostro
3607 3755 3789 3811 subter

2205 3846 2441 3917 sigillare
2461 3846 2744 3916 iussimus.

2276 3936 2501 4008 Signum
2526 3936 2786 3991 Ludovici
2817 3935 3155 3991 serenissimi
3187 3935 3553 4006 imperatoris.

2273 4026 2592 4082 Helisacbar
2619 4027 2905 4098 recognovi
2938 4034 2994 4080 et
3015 4025 3331 4096 subscripsi.

2274 4121 2411 4175 Data
2439 4120 2615 4191 pridie
2643 4119 2914 4176 Kalendas
2941 4117 3150 4183 Junias,
3181 4135 3324 4175 anno
3361 4119 3538 4190 primo
3573 4117 3784 4173 Christo

2201 4210 2438 4282 propitio
2473 4211 2686 4282 imperii
2713 4210 2918 4275 nostri,
2955 4209 3248 4267 indictione
3275 4209 3330 4264 7.
3362 4209 3554 4264 Actum
3587 4208 3782 4277 Aquis-

2203 4301 2357 4372 grani
2385 4300 2587 4373 palatio
2617 4301 2768 4373 regio
2790 4301 2847 4357 in
2876 4301 2973 4358 Dei
2999 4301 3218 4356 nomine
3243 4298 3495 4355 feliciter.
3519 4297 3706 4353 Amen.

2963 4449 3030 4507 ν.

2273 4579 2374 4622 PRO
2410 4577 2748 4621 κοκλετειιιο
2782 4576 2970 4619 ελεοτι
3009 4576 3255 4618 SEVERI!"
3295 4572 3716 4617 ιισιιυεωυιιιιι.

2813 4696 2986 4770 (Auno
3021 4695 3171 4769 8M.)

2203 4831 2380 4904 [Apud
2425 4832 2490 4887 D.
2533 4828 3178 4904 Bouquetqibidq‘pagq
3219 4829 3466 4904 45_8_,_ex
3492 4827 3680 4886 Bessio
3729 4828 3779 4884 in

2611 4898 2842 4972 Regibus
2887 4898 3088 4971 Aquit.,
3107 4898 3241 4971 'pag.
3272 4898 3384 4972 17.]

2273 5033 2331 5088 ln
2369 5031 2588 5088 nomine
2615 5031 2830 5087 Domini
2874 5030 2970 5086 Dei
2997 5038 3054 5086 et
3099 5029 3396 5086 Salvatoris
3437 5031 3616 5086 nostri
3660 5029 3780 5086 Iesu

2204 5125 2427 5190 Christi,
2457 5121 2760 5178 Ludovicus
2784 5122 2969 5178 divina
2996 5120 3283 5177 ordinante
3315 5120 3658 5192 providentia
3686 5121 3780 5176 im-

2202 5223 2421 5286 perator
2460 5217 2752 5286 Augustus.

2275 5307 2474 5363 Notum
2516 5307 2586 5362 sit
2613 5307 2864 5363 omnibus
2906 5305 3151 5362 ﬁdelibus
3177 5313 3380 5361 sanctae
3405 5305 3501 5360 Dei
3530 5301 3780 5360 Ecclesiae

2204 5416 2270 5456 ac
2295 5401 2498 5456 nostris
2537 5400 2889 5472 przesentibus
2939 5400 3147 5456 scilicet
3174 5408 3229 5454 et
3256 5398 3474 5464 futuris,
3507 5400 3637 5471 quia
3671 5396 3780 5469 pla-

2204 5493 2318 5548 cuit
2340 5493 2494 5547 nobis
2514 5507 2612 5562 pro
2635 5492 2903 5547 mercedis
2929 5503 3130 5548 nostra:
3158 5499 3449 5564 augmento
3468 5493 3537 5547 ad
3560 5504 3777 5547 ωοιιτιεο

2206 5641 2404 5680 annum
2442 5636 2778 5696 sequentem,
2809 5633 2871 5681 ut
2915 5625 3126 5681 Cointio
3169 5627 3344 5681 visum
3388 5635 3492 5692 est,
3545 5624 3641 5681 sed
3685 5638 3779 5696 an:

2204 5712 2273 5750 no
2319 5696 2424 5752 806
2453 5692 2869 5766 consignandus,
2917 5711 3188 5768 anonymo
3220 5697 3354 5752 Vitae
3377 5696 3495 5768 eius
3526 5692 3775 5768 scriptori

2201 5775 2258 5822 et
2285 5768 2539 5823 Orclerico
2561 5767 3350 5838 suffraganteﬁhocgdiplomate.

2274 5850 2297 5879 ι·
2328 5838 2496 5910 Vulgo
2533 5837 2770 5894 Donzere
2796 5839 2865 5894 ad
2889 5837 3229 5900 Rhodanum.
