4048 6350
233 425 345 485 985

1369 407 1760 474 DIPLOMATA
1797 392 2352 466 ECCLESIASTICA.

1933 326 1936 328 τ
1963 325 2030 336 νι-νηο
2073 329 2122 343 ..θ

3378 397 3487 472 986

234 546 438 602 teriam
476 551 505 582 ι
533 538 594 597 S.
626 535 873 595 Severini
897 549 1064 609 prope
1092 533 1286 592 urbem
1312 528 1812 604 Burdegalensium,
1839 524 2064 589 A-tibus
2094 525 2337 581 hostibus
2380 523 2664 597 ignemque
2711 523 3148 586 submittentibus
3172 567 3190 598 ,
3239 527 3488 601 quadam

230 635 422 690 villam
440 645 562 704 qua
584 629 778 686 dicitur
801 627 1067 692 Miscaria,
1098 626 1155 682 in
1173 639 1313 696 pago
1335 622 1626 680 Santonico
1651 633 1812 690 super

231 727 458 783 fluvium
481 723 812 780 Garumnam
841 722 1022 785 sitam,
1053 735 1177 775 cum
1212 717 1462 774 omnibus
1487 712 1814 786 appenditiis

161 805 171 812 Τ
232 820 373 886 suis,
412 818 479 873 ad
506 818 932 888 supplementum
975 812 1204 868 fratrum
1232 812 1289 867 in
1331 809 1448 881 ipso
1480 805 1812 864 monasterio
1845 829 1853 836 ν

231 910 650 970 consistentium
690 907 946 973 reddere;
978 913 1138 976 atque
1166 913 1227 959 ut
1247 901 1524 974 perpetuis
1552 899 1811 970 tempori-

231 1006 338 1060 bus
362 1002 544 1073 quiete
569 1000 714 1056 illam
740 1014 868 1070 pars
889 998 1133 1069 pradicti
1154 994 1470 1052 monasterii
1495 993 1698 1048 habere
1724 1006 1813 1045 va-

231 1098 364 1162 leat,
388 1111 486 1166 per
508 1096 609 1151 has
635 1102 833 1152 nostra
857 1092 1198 1148 auctoritatis
1225 1091 1438 1146 litteras
1460 1088 1805 1146 conﬁrmare.

229 1186 467 1242 Proinde
508 1187 613 1240 hoc
638 1191 966 1255 praceptum
992 1191 1232 1237 nostrum
1260 1179 1377 1236 ﬁeri
1421 1180 1499 1235 eis
1527 1178 1807 1250 iussimus,

227 1292 332 1348 per
359 1277 503 1346 quod
525 1275 733 1331 cunctis
758 1273 1003 1330 ﬁdelibus
1031 1281 1231 1329 sancta
1263 1271 1361 1326 Dei
1395 1269 1637 1326 ecclesiae
1671 1282 1811 1338 pra-

231 1367 478 1424 sentibus
520 1373 575 1420 et
617 1364 814 1420 futuris
862 1372 1052 1420 notum
1103 1363 1353 1426 facimus,
1402 1369 1462 1415 ut
1494 1359 1810 1431 praedictam

231 1460 416 1516 villam
444 1475 567 1514 cum
596 1457 846 1514 omnibus
874 1456 1197 1528 appenditiis
1225 1455 1339 1510 suis
1363 1454 1447 1509 vel
1469 1451 1805 1524 adiacentiis,

231 1567 359 1608 cum
386 1550 650 1616 domibus,
677 1548 942 1614 adiﬁciis,
973 1547 1152 1612 terris,
1190 1545 1382 1612 vineis,
1411 1544 1604 1614 pratis,
1637 1542 1804 1606 silvis,

230 1642 471 1716 pascuis,
512 1641 686 1712 aquis,
722 1656 986 1711 aquarum
1029 1638 1367 1705 decursibus,
1409 1635 1666 1708 quidquid
1706 1634 1809 1689 ibi-

231 1734 357 1790 dem
397 1735 520 1806 jure
560 1733 830 1802 pertinere
863 1731 1094 1794 videtur,
1129 1737 1306 1784 totum
1333 1733 1389 1784 et
1423 1728 1693 1796 integrum
1722 1723 1806 1780 vel

231 1824 620 1894 inexquisitum
672 1837 771 1894 per
823 1821 966 1876 hanc
1016 1827 1260 1875 nostram
1317 1817 1689 1872 auctoritatem
1740 1815 1809 1869 ad

1912 622 2209 672 strumenta
2229 617 2538 671 chartarum
2573 631 2671 688 per
2715 633 2834 689 quae
2859 633 3014 691 reges
3039 621 3380 691 reginaeque,
3431 631 3489 678 et

1910 705 2091 761 cateri
2113 707 2458 776 quamplures
2488 708 2739 763 catholici
2775 709 2879 764 viri
2907 724 2995 764 res
3037 718 3196 780 atque
3216 713 3488 784 mancipia

1911 796 2151 851 ecclesia
2199 796 2254 850 in
2296 798 2500 853 honore
2551 797 2752 854 Christi
2796 807 3102 872 martyrum
3135 800 3380 859 Cervasii
3433 813 3490 859 et

1909 889 2140 946 Protasii
2169 898 2511 959 constructa,
2551 893 2639 948 cui
2676 901 2895 950 auctore
2924 895 3035 950 Deo
3083 895 3198 965 ipse
3249 907 3445 966 praest
3466 937 3483 962 ,

1910 982 2270 1050 contulerant,
2287 983 2416 1038 olim
2440 994 2628 1040 exusta
2655 985 2739 1041 vel
2762 994 3104 1041 concremata
3127 985 3362 1052 fuerint;
3387 1003 3490 1057 per

1909 1091 2045 1146 quas
2073 1076 2238 1130 etiam
2294 1079 2648 1134 auctoritates
2682 1094 2789 1134 non
2843 1079 3013 1134 solum
3061 1080 3490 1150 pradecessores

1910 1168 2012 1234 sui,
2043 1176 2280 1224 rectores
2305 1170 2555 1226 videlicet
2583 1171 2751 1242 ipsius
2777 1172 3039 1238 ecclesia,
3063 1173 3157 1228 sed
3179 1172 3344 1226 etiam
3372 1173 3488 1243 ipse

1911 1259 1964 1313 in
1983 1259 2321 1330 postmodum
2351 1261 2566 1316 easdem
2608 1277 2697 1316 res
2721 1261 2806 1317 vel
2832 1261 3122 1333 mancipia,
3159 1277 3278 1332 qua
3305 1261 3359 1315 in
3381 1261 3489 1316 eis-

1910 1351 2030 1406 dem
2053 1366 2170 1420 qua
2197 1361 2385 1407 exusta
2396 1351 2615 1408 fuerunt
2641 1353 2978 1421 strumentis,
3005 1355 3148 1426 iuste
3169 1363 3224 1408 et
3241 1354 3490 1425 legaliter

1909 1449 1965 1496 et
1991 1458 2180 1499 secure
2217 1459 2282 1499 ac
2314 1445 2494 1514 quiete
2519 1445 2781 1500 hactenus
2805 1453 3092 1500 tenuerant
3123 1460 3186 1500 ac
3236 1445 3489 1515 possede-

1911 1543 2051 1599 rant,
2081 1550 2178 1590 ceu
2207 1534 2477 1591 ﬁrmitatis
2522 1537 2699 1592 studio
2743 1536 3019 1592 serenitati
3045 1544 3243 1590 nostra
3285 1544 3344 1590 ut
3368 1551 3488 1591 eas-

1911 1625 2034 1680 dem
2058 1626 2408 1681 auctoritates
2431 1633 2616 1682 nostra
2647 1626 2988 1682 ﬁrmaremus
3010 1625 3351 1680 auctoritate.
3377 1624 3486 1682 Nos

1911 1716 2091 1786 itaque
2144 1718 2442 1787 perspectis
2490 1718 2692 1773 eisdem
2737 1717 3181 1782 auctoritatibus,
3214 1731 3316 1786 pro
3345 1731 3490 1772 mer-

1910 1809 2058 1864 cedis
2108 1818 2307 1864 nostra
2336 1820 2644 1882 augmento,
2659 1810 2814 1866 libuit
2842 1812 2998 1866 nobis
3025 1810 3237 1882 prafati
3264 1826 3490 1866 venera-

230 1919 411 1990 ipsum
438 1916 825 1973 monasterium
851 1919 1148 1985 agnoscant
1172 1926 1203 1965 a
1227 1909 1382 1965 nobis
1401 1924 1521 1964 esse
1543 1906 1811 1963 redditum
1837 1877 1888 1940 Β
1911 1900 2036 1956 bilis
2061 1901 2163 1956 viri
2189 1877 2534 1972 petitionibus
2566 1918 2824 1970 annuere,
2853 1910 2907 1958 et
2943 1877 3144 1958 eisdem
3195 1903 3490 1959 auctorita-

233 2020 402 2080 atque
439 2007 842 2065 conﬁrmatum.
870 2003 1254 2074 Pracipientes
1291 2013 1421 2071 ergo
1454 1996 1707 2067 iubemus
1749 2005 1812 2052 ut

230 2101 412 2156 nullus
457 2099 682 2169 quilibet
704 2098 770 2153 de
805 2095 1080 2166 praedictis
1107 2093 1291 2158 rebus,
1317 2106 1452 2161 quas
1495 2089 1651 2145 nobis
1673 2102 1812 2158 pra-

232 2192 350 2248 fato
381 2190 713 2248 monasterio
759 2187 988 2243 reddere
1035 2192 1194 2255 atque
1238 2181 1561 2238 conﬁrmare
1587 2177 1807 2249 placuit,

231 2287 441 2356 aliquid
471 2284 786 2340 abstrahere
814 2288 907 2336 aut
935 2278 1130 2348 injuste
1156 2277 1426 2340 minuere,
1455 2281 1545 2330 aut
1576 2272 1811 2342 aliquam

232 2378 677 2435 contrarietatem
721 2373 920 2437 facere,
971 2371 1056 2426 vel
1100 2368 1360 2438 iniustam
1403 2364 1812 2421 resultationem

230 2467 436 2523 inferre
483 2473 687 2522 tentet:
736 2462 842 2519 Sed
871 2462 1033 2517 liceat
1066 2460 1214 2532 ipsas
1240 2473 1330 2514 res
1363 2463 1694 2513 memoratas
1720 2467 1812 2508 ec-

231 2559 413 2615 clesia
440 2556 737 2628 possidere,
766 2562 929 2624 atque
961 2567 1061 2623 pro
1099 2550 1350 2605 omnibus
1388 2545 1720 2618 temporibus
1743 2541 1812 2597 ad

230 2650 560 2721 stipendium
602 2645 834 2700 fratrum
870 2642 1068 2699 ibidem
1110 2643 1223 2697 Deo
1251 2637 1626 2694 famulantium
1653 2633 1813 2705 proﬁ-

231 2753 378 2795 cere.
420 2737 488 2792 Et
529 2736 706 2792 nullus
729 2749 848 2790 eam
879 2731 1017 2806 [eas]
1047 2731 1244 2785 exinde
1269 2729 1380 2783 ullo
1404 2742 1642 2797 unquam
1678 2733 1813 2780 tem-

227 2851 365 2908 pore
411 2833 726 2889 abstrahere
761 2831 985 2894 nitatur,
1036 2827 1082 2882 si
1120 2825 1409 2881 Dominum
1447 2821 1564 2875 vult
1612 2821 1812 2875 habere

230 2926 546 3000 propitium.
590 2922 781 2978 Nullus
827 2933 1065 2991 unquam
1097 2915 1264 2986 iudex
1303 2913 1554 2986 publicus
1591 2912 1648 2967 in
1675 2926 1812 2981 pra-

229 2998 390 3078 dictis
412 3021 573 3075 rebus
593 3018 661 3073 ad
683 3030 875 3072 causas
900 3011 1215 3076 audiendas,
1241 3008 1328 3064 vel
1349 3007 1503 3063 freda
1526 3003 1807 3075 exigenda,
1844 2998 1846 3001 ’

231 3121 327 3169 aut
356 3111 665 3166 mansiones
685 3107 772 3164 vel
793 3112 1012 3178 paratas
1037 3099 1333 3166 faciendas,
1364 3097 1449 3154 vel
1470 3095 1812 3164 ﬁdeiussores

231 3203 520 3268 tollendos,
554 3210 647 3256 aut
665 3200 911 3255 homines
938 3196 1108 3268 ipsius
1127 3193 1370 3250 ecclesia
1394 3188 1804 3260 distringendos,
1835 3233 1880 3296 Ο

232 3304 328 3350 aut
349 3294 484 3349 ullas
514 3291 901 3358 redhibitiones
929 3294 1023 3342 aut
1045 3285 1256 3341 illicitas
1288 3281 1601 3338 occasiones
1624 3277 1809 3347 requi-

233 3388 431 3444 rendas
457 3386 665 3458 ingredi
691 3385 905 3448 audeat,
927 3381 1011 3436 vel
1031 3388 1283 3435 exactare
1307 3380 1628 3447 prasumat;
1656 3372 1728 3426 ita
1749 3379 1811 3427 ut

231 3482 319 3537 ha
355 3479 548 3533 futuris
589 3475 924 3546 temporibus
953 3471 1114 3528 salva
1151 3479 1207 3526 et
1235 3469 1413 3524 illasa
1438 3482 1538 3538 per
1561 3474 1808 3520 nostram

233 3572 606 3629 defensionem
654 3568 800 3624 omni
831 3576 1072 3636 tempore
1103 3562 1398 3634 persistere
1418 3559 1652 3614 valeant.
1684 3555 1811 3612 Haec

231 3680 367 3720 vero
408 3661 703 3718 auctoritas
755 3666 817 3713 ut
867 3656 1069 3713 nostris
1129 3653 1433 3722 futurisque
1480 3647 1811 3720 temporibus

231 3753 432 3812 melius
462 3750 732 3816 credatur,
762 3756 817 3804 et
849 3764 880 3803 a
915 3745 1163 3802 ﬁdelibus
1192 3750 1392 3799 sancta
1421 3741 1518 3796 Dei
1556 3738 1812 3795 Ecclesia

234 3856 290 3903 et
317 3863 346 3902 a
383 3845 585 3901 nostris
613 3839 995 3898 inviolabiliter
1019 3836 1374 3899 custodiatur,
1403 3847 1566 3888 manu
1595 3829 1812 3900 propria

235 3939 677 4010 subscripsimus.
706 3943 762 3992 et
794 3935 860 3990 de
890 3931 1089 3988 annulo
1118 3935 1305 3985 nostro
1345 3925 1530 3981 subter
1553 3921 1814 3992 iussimus

235 4033 484 4105 sigillari.

308 4123 533 4194 Signum
555 4117 811 4176 Ludovici
845 4112 1182 4173 serenissimi
1203 4107 1569 4180 imperatoris.

305 4216 430 4270 Dat.
463 4230 496 4269 v
520 4212 644 4268 Idus
673 4209 823 4275 Julii,
851 4222 994 4264 anno
1041 4207 1066 4260 l
1092 4204 1309 4261 Christo
1335 4199 1572 4273 propitio
1603 4195 1814 4267 imperii

235 4305 435 4369 nostri,
469 4301 762 4359 indictione
788 4299 842 4353 7.
872 4297 1066 4353 Actum
1092 4291 1416 4365 Aquisgrani
1444 4289 1642 4362 palatio
1668 4285 1818 4357 regio

238 4399 294 4456 in
322 4396 419 4454 Dei
455 4395 674 4450 nomine
707 4390 958 4446 feliciter.
988 4387 1180 4442 Amen.

950 4480 1074 4540 ,VI.

627 4590 727 4632 PRO
757 4586 1008 4630 ECCLESIA
1046 4579 1433 4625 CENOIANENSI.

862 4663 1035 4736 (Anno
1059 4657 1208 4730 8M.)

420 4761 607 4837 [Apud
631 4756 859 4823 Mabill.,
891 4752 1128 4810 Analect.
1167 4758 1290 4816 vet,
1328 4763 1451 4820 pag.
1479 4745 1641 4818 296.]

311 4857 372 4914 In
400 4836 616 4911 nomine
640 4849 853 4907 Domini
878 4846 974 4901 Dei
998 4842 1297 4900 Salvatoris
1329 4840 1498 4896 nostri
1519 4837 1643 4894 Jesu
1664 4836 1820 4893 Chri-

239 4949 336 5017 sti,
349 4947 652 5004 Ludovicus
673 4942 851 4999 divina
874 4938 1156 4995 ordinante
1167 4932 1503 5006 providentia
1523 4931 1818 5001 imperator

237 5041 532 5100 Augustus.

313 5058 321 5095 I
377 5057 532 5094 isms.
692 5074 698 5082 -

313 5057 536 5186 laverit
579 5124 843 5197 sagacitas
873 5135 967 5177 seu
1017 5117 1279 5173 industria
1308 5114 1546 5170 ﬁdelium
1575 5112 1816 5168 omnium

239 5230 571 5282 nostrorum,
602 5226 710 5271 tam
757 5209 1100 5284 prasentium
1129 5222 1292 5279 quam
1321 5214 1378 5260 et
1406 5203 1731 5266 futurorum,
1759 5216 1824 5256 eo

242 5310 388 5383 quod
413 5310 500 5363 vir
539 5302 864 5363 venerabilis
887 5300 1096 5355 France
1124 5295 1499 5353 Cenomanica
1535 5291 1684 5347 urbis
1712 5289 1828 5359 epi-

243 5381 442 5470 scopus
463 5398 656 5454 obtulit
689 5391 968 5451 serenitati
1011 5396 1211 5445 nostra
1239 5386 1499 5458 quasdam
1536 5381 1827 5438 auctorita-

241 5502 328 5548 tes
339 5491 802 5562 pradecessorum
822 5489 1132 5540 nostrorum
1143 5492 1160 5545 ,‘
1181 5493 1368 5550 regum
1384 5475 1634 5532 videlicet
1657 5473 1826 5528 Fran-

244 5597 459 5647 corum,
496 5581 552 5635 in
589 5579 785 5649 quibus
839 5571 1255 5630 continebantur
1306 5567 1450 5637 quod
1493 5565 1691 5637 partim
1735 5578 1826 5619 ne-

249 5676 508 5749 gligentia
532 5669 925 5728 incuriosorum
949 5663 1252 5729 hominum,
1279 5658 1479 5731 partim
1505 5654 1826 5726 depopulan-

1911 1991 2056 2046 tibus
2090 1992 2231 2046 hanc
2280 2007 2495 2063 quoque
2523 2001 2763 2048 nostram
2805 1991 3034 2063 iungere
3074 1992 3485 2058 auctoritatem,

1909 2099 2008 2154 per
2028 2099 2188 2154 quam
2210 2082 2463 2154 iubemus
2499 2093 2661 2156 atque
2702 2084 3046 2156 praecipimus
3067 2091 3129 2138 ut
3173 2098 3357 2139 omnes
3398 2099 3490 2138 res

1910 2175 1996 2231 vel
2038 2175 2302 2246 mancipia
2335 2217 2350 2242 ,
2405 2192 2524 2247 quae
2562 2192 2630 2231 ex
2677 2176 2995 2232 liberalitate
3049 2175 3222 2230 eidem
3281 2175 3490 2231 collata

1910 2266 2113 2323 fuerint
2141 2268 2401 2335 ecclesia,
2432 2270 2632 2324 nostris
2680 2278 2735 2324 et
2776 2267 2970 2323 futuris
2996 2267 3327 2336 temporibus
3387 2281 3490 2336 per

1909 2360 2051 2416 hanc
2076 2368 2317 2416 nostram
2340 2361 2719 2416 auctoritatem
2757 2359 3017 2430 prafatus
3038 2357 3252 2413 Franco
3280 2357 3494 2427 episco—

1909 2471 2010 2526 pus
2029 2471 2476 2526 successoresque
2501 2456 2584 2512 sui
2617 2456 2820 2524 absque
2849 2454 2961 2508 ulla
2988 2451 3362 2524 inquietudine
3403 2449 3488 2505 vel

1909 2546 2109 2617 iniusta
2148 2547 2577 2617 interpellatione
2618 2545 2798 2616 quiete
2830 2552 2887 2598 et
2939 2557 3131 2598 secure
3178 2541 3380 2596 habere
3403 2537 3491 2594 vel

1909 2639 2186 2711 possidere
2207 2638 2438 2693 valeant.
2463 2637 2616 2705 Quod
2639 2636 2685 2692 si
2711 2634 2849 2690 forte
2887 2648 3048 2703 super
3075 2631 3280 2686 eisdem
3325 2629 3491 2684 rebus

1910 2739 2033 2786 ante
2065 2729 2345 2802 praefatam
2368 2729 2703 2785 exustionem
2727 2741 2758 2781 a
2792 2723 3028 2796 praelatis
3056 2722 3226 2792 ipsius
3251 2711 3494 2776 civitatis

1903 2819 2027 2892 iure
2048 2821 2316 2891 possessis
2341 2819 2568 2889 quastio
2596 2824 2716 2874 orta
2765 2815 2961 2879 fuerit,
3003 2821 3063 2868 ut
3089 2827 3189 2882 pro
3217 2811 3297 2865 eis
3317 2809 3494 2864 disce-

1909 2919 2062 2982 ptare
2090 2926 2312 2968 necesse
2343 2911 2452 2976 sit;
2505 2910 2579 2965 ita
2601 2923 2699 2979 per
2750 2908 2892 2962 hanc
2931 2912 3175 2960 nostram
3204 2900 3496 2958 auctorita-

1912 3017 2019 3064 tem
2055 3003 2270 3061 easdem
2300 3017 2389 3058 res
2414 3010 2471 3058 et
2518 2999 2785 3070 mancipia
2812 2997 2980 3069 ipsius
3035 2992 3277 3050 ecclesiae
3307 2988 3495 3047 defen-

1911 3098 2124 3160 dantur,
2161 3095 2318 3151 sicuti
2339 3108 2436 3165 per
2471 3093 2659 3149 eadem
2686 3095 3017 3152 strumenta,
3057 3086 3105 3142 si
3137 3083 3247 3156 igni
3289 3096 3495 3138 assum-

1909 3196 2003 3260 pta
2038 3203 2145 3243 non
2170 3187 2418 3250 fuissent,
2442 3184 2651 3256 legibus
2701 3169 2933 3236 defendi
2961 3183 3269 3249 potuerant.
3315 3173 3382 3228 Et
3429 3179 3494 3227 ut

1910 3279 2026 3334 hac
2051 3277 2346 3332 auctoritas
2378 3274 2586 3329 ﬁrmior
2613 3271 2908 3334 habeatur,
2955 3275 3011 3322 et
3056 3267 3112 3320 in
3141 3264 3322 3318 futura
3357 3269 3494 3316 tem-

1908 3383 2041 3442 pora
2066 3373 2437 3430 conservetur,
2466 3378 2630 3418 manu
2675 3359 2893 3432 propria
2945 3354 3400 3426 subscripsimus,
3439 3357 3497 3407 et

1911 3461 2094 3518 annuli
2121 3459 2290 3515 nostri
2319 3455 2673 3527 impressione
2701 3451 3055 3524 signavimus.

1984 3555 2207 3623 Signum
2234 3549 2490 3606 Ludovici
2524 3545 2856 3603 serenissimi
2877 3539 3240 3613 imperatoris.

1982 3646 2120 3702 Data
2142 3660 2239 3699 xm
2269 3641 2496 3698 Kalend.
2519 3637 2876 3710 Septembris,
2903 3649 3048 3690 anno
3076 3634 3102 3687 l
3129 3630 3343 3688 Christo
3364 3640 3494 3698 prov

1911 3736 2046 3808 pilio
2108 3734 2320 3806 imperii
2382 3731 2597 3796 nostri,
2654 3728 2948 3784 indictione
2993 3724 3239 3794 septima.
3296 3719 3492 3775 Actum

1911 3825 2235 3896 Aquisgrani
2274 3823 2475 3894 palatio
2517 3827 2703 3876 nostro
2751 3819 2806 3872 in
2838 3817 2933 3871 Dei
2986 3813 3204 3868 nomine
3241 3809 3496 3866 feliciter.

1913 3918 2110 3973 Amen.

2653 3998 2758 4053 VII.

2275 4111 2377 4154 PRO
2414 4107 2714 4150 ANISOLENSI
2752 4103 3103 4146 IONASTERIO.

2533 4184 2707 4256 (Anno
2734 4181 2884 4251 su.)

1919 4284 2096 4362 [Apud
2123 4285 2191 4362 D._
2207 4275 2757 4362 “Douquetq‘lieeueil
2770 4276 2876 4356 .des
2899 4267 3342 4362 “hist.,‘torn.1VI,
3369 4282 3490 4338 pag.

2165 4354 2289 4420 460,
2321 4339 2389 4408 ei
2428 4339 2662 4405 archivis
2693 4345 2854 4416 huius
2882 4339 3244 4412 monasterii.]

1986 4452 2048 4508 In
2076 4449 2291 4507 nomine
2319 4443 2532 4500 Domini
2565 4441 2662 4497 Dei
2716 4447 2770 4495 et
2813 4435 3106 4493 Salvatoris
3153 4431 3326 4488 nostri
3367 4428 3497 4487 Iesu

1854 4519 1896 4608 ἦ
1919 4542 2143 4608 Christi,
2169 4537 2474 4594 Ludovicus
2494 4533 2673 4590 divina
2714 4531 2999 4586 ordinante
3019 4524 3302 4582 clementia
3323 4521 3497 4590 impe-

1840 4582 1896 4644 D

1920 4644 2069 4694 rator
2089 4633 2383 4704 Augustus,
2414 4626 2665 4684 omnibus
2689 4622 2973 4695 episcopis,
3013 4616 3314 4679 abbatibus,
3347 4612 3498 4668 duci~

1919 4731 2044 4795 bus,
2066 4703 2385 4787 comitibus,
2430 4717 2682 4783 vicariis,
2737 4711 3095 4774 centenariis,
3150 4703 3496 4770 actionariis,

1919 4821 2102 4879 missis
2113 4817 2313 4875 nostris
2324 4810 2770 4874 discurrentibus,
2784 4806 2868 4860 vel
2882 4803 3090 4860 cunctis
3105 4798 3369 4862 ﬁdelibus,
3387 4803 3495 4854 etc.

1990 4911 2225 4971 Proinde
2265 4905 2562 4978 comperiat
2616 4900 2855 4959 omnium
2911 4895 3148 4950 ﬁdelium
3189 4898 3497 4945 nostrorum

1924 5007 2145 5065 solertia
2177 5005 2302 5074 quia
2325 5003 2409 5057 vir
2434 4995 2756 5055 venerabilis
2793 4991 3079 5062 Adalgisus
3105 4988 3243 5043 abba
3287 5000 3355 5040 ex
3381 4999 3498 5074 mof

1925 5097 2164 5156 nasterio
2189 5071 2408 5149 Anisola
2436 5090 2656 5146 veniens
2689 5086 2757 5140 ad
2804 5099 2931 5148 nos,
2986 5077 3176 5136 detulit
3218 5071 3497 5132 serenitati

1924 5198 2125 5246 nostra
2152 5192 2476 5258 praceptum
2499 5179 2685 5236 domni
2711 5192 2776 5232 ac
2819 5171 3080 5246 genitoris
3108 5168 3276 5224 nostri
3317 5165 3496 5222 Caroli

1925 5256 2256 5335 serenissimi
2291 5271 2651 5344 imperatoris,
2680 5270 2735 5324 in
2769 5282 2875 5338 quo
2917 5261 3295 5320 continebatur
3326 5256 3499 5326 quali-

1925 5381 2009 5428 ter
2028 5373 2145 5443 ipse
2163 5378 2218 5425 et
2246 5383 2378 5423 avus
2402 5373 2584 5422 noster
2607 5360 2866 5432 Pippinus
2890 5357 3045 5411 bona
3067 5351 3340 5408 memoria
3379 5363 3495 5410 rex,

1929 5477 2023 5518 seu
2048 5437 2422 5515 antecessores
2451 5469 2639 5511 eorum
2658 5492 2674 5518 ,
2719 5464 2874 5520 reges
2893 5446 3141 5502 videlicet
3179 5441 3408 5514 priores,
3431 5437 3500 5491 ob

1931 5570 2172 5612 amorem
2200 5552 2293 5608 Dei
2320 5547 2875 5619 tranquillitatemque
2900 5539 3128 5595 fratrum
3156 5535 3358 5591 ibidem
3375 5545 3475 5585 con

1930 5648 2257 5713 sistentium,
2284 5658 2498 5714 semper
2545 5640 2718 5710 ipsum
2749 5632 3136 5691 monasterium
3183 5627 3284 5684 sub
3307 5621 3503 5695 plenis-

327 5850 356 5880 ι
375 5834 494 5892 Hoc
541 5825 930 5886 monasterium
961 5827 1147 5892 postea
1195 5830 1320 5874 cum
1341 5811 1610 5871 Blaviensi
1669 5809 1727 5866 S.
1765 5805 1994 5864 Romani
2051 5805 2193 5862 idem
2215 5802 2512 5872 imperator
2533 5795 2600 5852 ad
2617 5806 2806 5866 preces
2827 5786 3058 5847 Sicharii
3111 5778 3348 5854 episcopi
3396 5775 3505 5836 E0-

252 5908 438 5968 clesia
465 5895 846 5971 Burdegalensi
875 5893 1116 5964 subiecit.
