4048 6350
540 444 639 509 987

1670 436 1999 503 LUDOViCl
2031 440 2055 499 ι
2092 436 2567 501 consensum
2600 410 2687 497 pn

3697 438 3813 501 988

537 572 672 627 sima
696 554 1011 624 defensione
1052 554 1118 622 et
1142 540 1500 621 immunitatis
1519 560 1748 618 tuitione
1779 561 2113 617 habuissent.
2144 548 2197 626 Ᾰ
2222 574 2512 631 sceporum
2542 548 2787 614 eamdem
2825 550 3073 612 revelare
3095 550 3385 626 iacturam.
3404 595 3419 612 .
3438 595 3455 612 .
3473 596 3487 611 .
3508 576 3527 611 δ
3548 545 3623 612 ita
3650 558 3813 615 vide-

540 662 643 719 Sed
670 676 771 733 pro
810 658 1084 716 ﬁrmitatis
1134 658 1315 715 studio
1353 656 1510 730 petiit
1547 656 1837 728 przedictus
1877 653 2012 710 abba
2059 662 2120 709 ut

538 754 687 810 circa
709 753 890 825 ipsum
928 758 1175 807 sanctum
1210 750 1387 806 locum
1415 751 1593 806 denuo
1624 748 1749 804 talia
1775 763 1876 818 pro
1915 761 2119 803 merce-

539 847 625 901 dis
647 853 846 901 nostrae
885 850 1174 915 augmento
1221 843 1517 899 concedere
1559 849 1615 897 et
1661 840 1982 897 conﬁrmare
2026 839 2117 893 de-

513 932 516 939 ’
539 934 808 994 heremus.
831 933 999 1001 Cujus
1017 935 1330 1015 petitionem
1355 949 1454 1004 pro
1481 932 1663 989 divino
1686 946 1868 987 amore
1891 946 2117 988 renuere

539 1032 829 1089 noluimus.
886 1029 993 1086 Sed
1022 1030 1075 1084 in
1122 1027 1371 1085 omnibus
1415 1036 1469 1082 et
1497 1035 1791 1098 praesentes
1836 1034 1891 1081 et
1949 1025 2117 1083 futuri

539 1123 723 1180 ﬁdeles
748 1130 949 1180 sanctze
986 1120 1240 1177 Ecclesi:e
1277 1128 1332 1176 et
1365 1121 1535 1177 nostri
1576 1120 1651 1176 ita
1693 1135 2011 1177 concessum
2034 1128 2118 1175 at-

438 1262 447 1269 .
539 1230 645 1287 que
667 1224 924 1288 perpetuo
950 1231 981 1270 a
1012 1214 1169 1271 nobis
1196 1214 1574 1270 conﬁrmatum
1601 1229 1720 1269 esse
1767 1223 2117 1286 cognoscant.

537 1306 920 1380 Przecipientes
940 1322 1067 1375 ergo
1082 1304 1334 1374 jubemus
1361 1314 1422 1360 ut
1448 1305 1621 1361 nullus
1657 1304 1822 1373 judcx
1849 1306 2119 1377 publicus,

538 1415 714 1470 neque
756 1399 1010 1470 quislibet
1033 1415 1100 1454 ex
1122 1397 1405 1469 iudiciaria
1431 1404 1718 1466 potestate,
1745 1411 1845 1453 nec
1870 1397 2007 1454 ullus
2049 1414 2119 1455 ex

539 1491 786 1548 ﬁdelibus
811 1499 1010 1548 sancte
1034 1490 1294 1547 Ecclesia:
1321 1497 1375 1545 ct
1396 1489 1620 1555 nostris,
1650 1489 1706 1544 in
1734 1489 1990 1546 ecclesias
2024 1500 2119 1547 aut

538 1584 657 1641 loca
702 1585 787 1641 vel
823 1594 1005 1659 agros,
1033 1602 1129 1644 seu
1183 1586 1417 1659 reliquas
1464 1590 1834 1660 possessiones
1873 1591 2123 1662 przedicti

539 1676 869 1737 monasterii,
900 1693 1041 1748 quas
1069 1678 1331 1735 moderno
1357 1687 1598 1751 tempore
1626 1679 1775 1750 justo
1799 1688 1856 1736 et
1883 1682 2120 1737 rationa-

414 1834 418 1838 _
508 1765 716 1823 .biliter
743 1768 1019 1837 possidere
1043 1769 1256 1827 videtur
1277 1771 1331 1827 in
1358 1771 1689 1842 quibuslibet
1735 1773 1889 1846 pagis
1916 1782 1972 1829 et
2012 1783 2120 1829 ter-

537 1859 750 1915 ritoriis
774 1859 914 1914 intra
952 1861 1209 1917 ditionem
1239 1863 1452 1934 imperii
1499 1864 1692 1929 nostri,
1720 1865 1791 1919 ad
1812 1879 2006 1922 causas
2031 1881 2123 1923 au»

2216 651 2367 717 licet,
2392 655 2452 705 ut
2481 642 2628 724 [per]
2650 644 2841 723 eorum
2884 640 3266 705 auctoritatem
3323 640 3697 707 antecessores
3721 648 3817 710 su!

2216 742 2455 817 episcopi
2485 748 2572 798 res
2593 748 2648 798 et
2670 734 2962 811 mncipia,
2991 734 3113 810 quin
3150 740 3207 797 in
3235 736 3443 799 eisdem
3472 740 3817 800 instrueren-

2215 836 2287 891 tis
2316 834 2627 891 chartarum
2664 818 2921 891 incendio
2951 828 3161 892 exustis
3207 824 3665 900 continebantur,
3692 835 3823 893 sive

2190 930 2401 988 eadem
2432 944 2551 1001 quae
2594 927 2780 1001 postea
2828 944 2858 984 a
2890 928 3171 986 catholicis
3217 927 3351 984 viris
3401 928 3580 985 eidem
3612 927 3817 984 collata

2215 1022 2433 1079 fuerunt
2458 1021 2999 1095 ecclesiae..hactenus
3028 1036 3220 1078 secure
3238 1012 3293 1077 et
3323 1021 3507 1091 quiete
3538 1021 3593 1076 in
3614 1018 3746 1092 jure
3760 1030 3819 1077 et

2213 1121 2483 1187 potestate
2503 1110 2776 1186 przedicta:
2810 1114 3114 1171 tenuissent
3131 1112 3395 1171 ecclesias.
3417 1108 3531 1170 Sed
3550 1118 3606 1169 et
3638 1112 3819 1184 ipsam

2216 1208 2458 1263 sanctam
2485 1198 2666 1262 sedem
2692 1215 3066 1263 antecessores
3094 1198 3273 1263 nostri
3298 1212 3457 1279 reges
3484 1204 3613 1261 c'um
3651 1205 3823 1260 collo.

2215 1298 2283 1355 lis
2332 1297 2594 1368 subjectis
2631 1295 2714 1352 vel
2767 1298 3019 1355 omnibus
3046 1292 3210 1354 rebus
3259 1295 3409 1367 juste
3456 1292 3534 1352 ad
3575 1304 3636 1353 se
3677 1295 3826 1369 aspi-

2217 1393 2502 1458 cientibus,
2525 1391 2884 1448 munitionem
2911 1391 3166 1448 videlicet
3194 1390 3507 1469 Lingonicat
3549 1391 3818 1457 civitatis,

2215 1486 2309 1543 ubi
2333 1485 2563 1543 habetur
2587 1485 2815 1542 ecclesia
2842 1487 2898 1541 in
2950 1484 3219 1543 bonorem'
3271 1478 3815 1567 s‘ancti"Mammetis

2218 1578 2403 1635 eximii
2436 1576 2727 1655 martyris;
2785 1576 3038 1635 Castrum
3091 1578 3439 1648 Divionense,
3466 1579 3523 1635 in
3559 1595 3673 1651 quo
3717 1581 3822 1637 sita

2219 1682 2302 1729 est
2327 1670 2555 1729 ecclesia
2584 1673 2639 1727 in
2680 1672 2886 1727 honore
2936 1672 3113 1728 sancti
3144 1670 3407 1744 Stephani
3445 1681 3825 1747 protomarty—

2220 1763 2319 1831 ris,
2347 1773 2400 1819 et
2431 1762 2587 1835 juxta
2634 1779 2851 1818 murum
2900 1763 3293 1819 monasterium
3334 1760 3398 1818 Β.
3430 1756 3667 1835 Benigni
3696 1780 3823 1821 cum

2221 1856 2368 1911 omni
2411 1870 2600 1913 eorum
2641 1852 2985 1925 integritate;
3049 1862 3105 1910 et
3150 1854 3205 1909 in
3258 1868 3399 1927 pago
3439 1852 3822 1912 Toruotrense

538 1950 784 2035 diendas,
806 1950 893 2005 vel
913 1949 1065 2007 ireda
1093 1953 1379 2026 exigenda,
1421 1962 1516 2010 aut
1539 1954 1848 2011 inferendas
1868 1964 2120 2012 enctan»
2145 1948 2194 2008 B
2223 1950 2317 2024 [Le
2372 1948 2730 2023 Tonnerrois],
2761 1948 3153 2010 monasterium
3200 1944 3555 2006 Melundense
3575 1991 3590 2017 ,
3647 1958 3708 2006 et
3762 1950 3821 2006 in

540 2041 657 2106 das,
690 2042 803 2098 sive
833 2042 1145 2100 mansiones
1187 2045 1271 2101 vel
1301 2055 1518 2117 paratas
1545 2044 1840 2113 faciendas,
1866 2062 1968 2103 nec
1992 2046 2122 2103 ﬁde-

528 2136 773 2202 jussores
820 2135 1121 2203 tollendos,
1159 2146 1259 2193 aut
1312 2139 1559 2194 homines
1600 2138 1839 2208 ejusdem
1882 2140 2125 2197 ecclesias

533 2224 962 2300 distringendos,
1008 2245 1110 2286 nec
1142 2230 1278 2287 ullas
1331 2233 1721 2288 redhibitiones
1766 2241 1860 2289 aut
1904 2234 2124 2292 illicitas

540 2322 859 2377 occasiones
876 2323 1253 2392 requirendus,
1269 2324 1377 2379 ullo
1398 2342 1635 2395 unquam
1651 2335 1893 2397 tempore
1911 2327 2122 2400 ingredi

537 2413 753 2479 audeat,
773 2412 861 2469 vel
882 2424 1138 2472 exactare
1164 2426 1477 2488 praesumat.
1504 2418 1609 2474 Sed
1635 2419 1796 2475 liceat
1817 2428 2123 2478 memorato

537 2506 725 2562 abbati
740 2509 960 2579 suisque
972 2509 1378 2566 successoribus
1397 2525 1485 2565 res
1495 2513 1732 2581 praefatae
1742 2512 1999 2569 Ecclesia
2018 2515 2121 2570 sub

535 2596 893 2657 immunitatis
933 2599 1247 2659 deiensione
1279 2603 1464 2674 quieto
1487 2605 1704 2659 tramite
1735 2605 2040 2676 possidere,
2064 2613 2125 2663 et

536 2691 692 2747 nobis
713 2690 941 2748 ﬁdeliter
966 2693 1264 2761 deservire,
1289 2701 1450 2765 atque
1474 2710 1573 2766 pro
1615 2694 1909 2752 stabilitate
1934 2707 2125 2754 nostra

534 2780 623 2836 vel
667 2783 832 2839 totius
865 2784 1077 2855 imperii
1129 2799 1162 2840 α
1200 2786 1308 2841 Deo
1342 2787 1500 2843 nobis
1528 2787 1773 2843 concessi
1804 2795 1969 2860 atque
1995 2804 2122 2847 con-

541 2873 816 2937 servandi,
840 2889 947 2929 una
972 2890 1097 2930 cum
1120 2873 1382 2931 fratribus
1417 2877 1549 2944 suis,
1575 2877 1791 2934 Domini
1810 2879 2120 2936 misericor-

537 2961 683 3018 diam
712 2977 962 3021 exorare.
1014 2967 1085 3021 Et
1113 2975 1173 3022 ut
1223 2968 1341 3024 ineo
1386 2969 1731 3025 auctoritatis
1774 2971 2120 3029 conﬁrmatio

535 3051 746 3110 ﬁrmior
772 3068 837 3111 ae
870 3056 1141 3113 robustior
1164 3057 1448 3125 habeatur,
1478 3066 1534 3114 et
1576 3060 1646 3116 ab
1673 3062 1926 3118 omnibus
1946 3062 2120 3119 ﬁdeli-

532 3142 637 3207 llls
657 3154 858 3207 sanam
879 3147 975 3205 Dei
1004 3148 1259 3206 Ecclesiae
1294 3158 1351 3206 ct
1390 3151 1590 3231 nostris
1638 3152 1954 3226 diligentius
1994 3171 2122 3213 con-

534 3247 806 3308 servetur,
830 3254 994 3296 manu
1014 3242 1235 3314 propria
1255 3243 1700 3315 subscripsimus,
1730 3253 1788 3302 et
1820 3247 2004 3305 annuli
2022 3264 2118 3309 ue-

498 3396 503 3399 ,
534 3333 633 3388 stri
662 3333 1019 3404 impressione
1044 3336 1251 3404 signari
1271 3334 1554 3405 iussimus.

606 3421 835 3491 Signum
858 3424 1115 3481 Ludovici
1146 3428 1483 3485 screnissimi
1512 3429 1882 3501 imperatoris.

605 3511 923 3569 Helisacbar
941 3518 1252 3588 recognovi.

605 3604 740 3660 Data
760 3620 857 3661 vm
881 3605 998 3662 Kal.
1026 3607 1328 3681 Septemb.,
1357 3626 1500 3670 anno
1527 3615 1709 3685 primo
1744 3618 1965 3674 Christo
1986 3633 2113 3689 pro—

532 3696 671 3769 pitio
705 3697 915 3769 imperii
961 3702 1168 3769 nostri,
1214 3703 1402 3760 indict.
1460 3706 1511 3761 7.
1550 3706 1749 3765 Actum
1791 3709 2117 3783 Aquisgrani

533 3790 735 3865 palatio
761 3793 816 3851 in
844 3793 942 3851 Dei
966 3797 1187 3853 nomine
1211 3795 1463 3856 feliciter.
1504 3801 1700 3858 Amen.

1267 3909 1397 3965 Vill.

819 4012 919 4054 pno
953 4015 1201 4058 narrons
1237 4000 1488 4060 sriscoro
1526 4019 1860 4061 unoennusr.

1146 4092 1320 4164 (Anno
1345 4092 1495 4165 8M.)

538 4174 726 4249 [Apud
747 4177 1316 4268 D.diio‘uque‘t._,nibid‘.‘,
1346 4197 1469 4268 pag.
1494 4185 1590 4241 l6l
1615 4204 1630 4253 ;
1676 4188 2018 4268 _in_lg§tt_'um.
2049 4190 2117 4246 ad

750 4254 881 4304 tOm.
910 4250 980 4308 IV
1026 4252 1216 4309 Galliae
1241 4250 1579 4324 Christianae,
1607 4250 1712 4314 eoi.
1747 4260 1845 4316 l29
1863 4260 1905 4333 .]

608 4339 666 4394 ln
698 4342 917 4398 nomine
953 4336 1166 4400 Domini
1217 4345 1313 4402 Dei
1341 4354 1397 4403 et
1444 4346 1742 4407 Salvatoris
1770 4352 1940 4407 nostri
1990 4351 2118 4410 Jesu

539 4426 762 4499 Christi,
777 4429 1085 4491 Ludovicus
1120 4434 1298 4494 divina
1329 4438 1622 4498 ordinante
1646 4440 1988 4513 providentia
2012 4443 2119 4500 im-

534 4530 759 4593 perator
776 4524 1070 4597 Augustus.

2224 2043 2412 2099 eodem
2448 2059 2588 2116 pago
2630 2042 2885 2100 Castrum
2927 2038 3316 2109 Tornotrense,
3349 2051 3519 2114 caput
3562 2042 3825 2101 videlicet

2222 2135 2547 2200 comitatus;
2584 2142 2638 2190 et
2674 2133 3007 2191 abbatiolam
3043 2132 3101 2189 S.
3139 2131 3525 2206 Sympboriaui
3572 2133 3631 2189 in
3664 2132 3827 2190 Ludi-

2222 2228 2381 2283 niaco
2407 2266 2423 2295 ,
2464 2244 2586 2285 cum
2611 2228 2856 2285 ecclesiis
2889 2227 3119 2299 aliisque
3168 2229 3331 2284 rebus
3365 2226 3471 2284 sibi
3500 2228 3825 2301 aspicienti-

2220 2319 2359 2387 bus;
2413 2327 2471 2377 et
2504 2318 2648 2377 infra
2676 2335 2862 2376 muros
2900 2317 3015 2390 jam
3043 2319 3198 2375 dicta:
3242 2318 3508 2392 Lingonis
3536 2320 3820 2376 abbatiam

2187 2402 2191 2412 ’
2226 2410 2287 2469 S.
2308 2411 2499 2479 Petri;
2523 2420 2581 2468 et
2607 2410 2765 2481 juxta
2812 2411 3062 2468 eamdem
3113 2410 3390 2467 civitatem
3422 2412 3825 2468 monasterium

2221 2492 2533 2562 sanctorum
2580 2503 2958 2572 Geminorum;
3013 2512 3068 2561 et
3095 2503 3149 2559 in
3202 2506 3465 2561 comitatu
3500 2504 3775 2563 Portense
3804 2547 3820 2573 ,

2172 2620 2191 2631 λ
2220 2616 2345 2658 cum
2373 2599 2627 2657 omnibus
2661 2601 2767 2656 sibi
2799 2598 3254 2669 competentibus,
3298 2599 3592 2657 ecclesiam
3606 2598 3827 2657 S.Gen-

2220 2692 2350 2766 gulti
2399 2693 2655 2765 martyris
2685 2692 2927 2758 Christi,
2977 2708 3099 2763 qua:
3130 2693 3402 2763 quondam
3451 2693 3823 2763 quorumdam

2182 2852 2185 2853 ν
2217 2786 2527 2857 principum
2550 2785 2835 2857 tyrannica
2861 2784 3230 2867 sacrilegaque
3251 2785 3566 2842 temeritate
3589 2827 3609 2852 ,
3661 2794 3826 2857 atque

2220 2877 2411 2935 illicita
2429 2876 2850 2948 pratsumptione
2869 2877 2987 2933 sine
3013 2874 3403 2947 omnipotentis
3428 2872 3529 2932 Dei
3566 2885 3823 2948 respectu

2219 2971 2525 3027 substracta
2552 2968 2774 3039 ﬁxisset;
2818 2971 2914 3028 sed
2934 2986 3031 3043 per
3051 2970 3301 3027 eumdem
3324 2970 3612 3028 decretum
3641 2972 3701 3028 in
3728 2988 3816 3029 eo-

2219 3061 2342 3119 dem
2367 3062 2488 3119 loco
2499 3062 2819 3120 restitutaet
2844 3063 3164 3121 conﬁrmata
3193 3080 3205 3116 :
3237 3069 3295 3119 et
3322 3061 3375 3117 in
3398 3077 3543 3133 pago
3563 3060 3817 3119 Atoario-

2217 3172 2339 3214 rum
2365 3157 2760 3213 monasterium
2782 3157 3055 3213 Besuense
3128 3156 3230 3213 sub
3254 3154 3575 3227 plenissima
3603 3171 3824 3228 semper

2218 3247 2531 3305 defensione
2559 3255 2615 3303 et
2672 3248 3032 3305 immanitatis
3059 3247 3295 3304 tuitione
3352 3247 3704 3303 habuissent.
3738 3246 3819 3303 0b

2142 3315 2188 3380 (ἶ
2220 3339 2543 3397 ﬁrmitatem
2567 3348 2748 3396 tamen
2783 3339 2860 3394 rei
2884 3339 3184 3410 postuﬂavit
3200 3338 3496 3411 praedictus
3526 3336 3692 3397 Betto
3715 3340 3819 3412 cpio

2219 3446 2417 3503 scapus
2444 3439 2506 3486 ut
2525 3430 2839 3487 eorumdem
2862 3445 3052 3503 regum
3075 3429 3455 3495 auctoritates,
3476 3428 3553 3486 ob
3572 3445 3820 3485 amorem

2218 3523 2315 3580 Dei
2342 3532 2397 3580 et
2421 3523 2786 3581 reverentiam
2809 3522 2987 3581 sancti
3013 3522 3265 3579 Mammas
3283 3520 3551 3594 martyris
3572 3564 3589 3589 ,
3626 3533 3818 3579 nostra

2219 3617 2667 3673 conﬁrmaremus
2696 3616 3039 3672 auctoritate.
3092 3613 3256 3685 Cujus
3284 3615 3540 3686 petitioni
3583 3616 3820 3672 libenter

2219 3707 2610 3779 acquievimns,
2641 3717 2699 3765 et
2720 3709 2826 3766 hoc
2870 3718 3201 3781 prmeeptnm
3231 3710 3579 3766 auctoritatis
3609 3719 3810 3767 nostris

2218 3802 2367 3859 circa
2393 3801 2570 3871 ipsum
2598 3801 2799 3868 locum,
2822 3816 2927 3872 pro
2955 3818 3141 3858 amore
3192 3802 3589 3874 omnipotentis
3620 3805 3718 3860 Dei
3763 3813 3818 3863 et

2174 3944 2175 3947 η
2221 3892 2279 3949 S.
2294 3892 2483 3949 Jacobi
2496 3893 2727 3964 apostoli
2755 3902 2806 3951 et
2835 3892 3024 3951 fratris
3037 3895 3273 3962 Domini,
3290 3894 3446 3965 cujus
3458 3897 3750 3954 brachium
3764 3897 3817 3955 in

2218 3990 2447 4045 ecclesia
2474 3989 2530 4046 S.
2553 3990 2854 4046 Mammetis
2875 3991 3152 4046 conditum
3168 3999 3271 4056 est,
3299 3991 3418 4047 ﬁeri
3453 3990 3817 4057 decrevimus,

2219 4096 2317 4153 per
2350 4082 2494 4153 quod
2529 4080 2787 4151 iubemus
2821 4088 2986 4152 atque
3040 4082 3390 4152 praecipimus
3414 4089 3476 4137 ut
3504 4097 3668 4139 nemo
3688 4081 3818 4136 tide-

2219 4172 2351 4228 lium
2379 4181 2712 4238 nostrorum,
2740 4172 2824 4229 vel
2856 4173 3085 4243 quilibet
3109 4184 3177 4228 ex
3195 4170 3492 4243 judiciaria
3513 4181 3813 4244 potestate,

2220 4264 2279 4321 in
2302 4265 2562 4322 ecclesias
2583 4273 2680 4320 aut
2699 4264 2820 4321 loca
2853 4265 2945 4322 vel
2990 4280 3156 4336 agros
3187 4277 3282 4337 seu
3309 4263 3546 4336 reliquas
3594 4278 3820 4335 posses-

2221 4357 2422 4424 siones,
2446 4357 2560 4413 sive
2587 4372 2680 4412 eas
2710 4364 2835 4411 ante
2871 4354 3161 4428 praefatam
3202 4357 3617 4428 occupationem
3648 4355 3820 4415 Sara-

2222 4464 2478 4505 cenorum
2522 4464 2555 4504 a
2584 4448 2889 4505 rectoribus
2939 4448 3111 4519 ipsius
3148 4446 3397 4504 ecclesia:
3446 4464 3547 4519 per
3590 4447 3817 4519 prastat:

2224 4550 2525 4599 strumenta
2550 4544 2873 4600 chartarum
2896 4542 3145 4613 legaliter
3178 4556 3483 4612 possessas,
3513 4549 3573 4599 et
3596 4557 3699 4613 pro
3719 4558 3814 4598 au-

609 4612 668 4671 Si
698 4612 1069 4676 sacerdotibus
1116 4620 1172 4677 in
1197 4623 1525 4695 Quibuslibet
1579 4629 1998 4687 necessitatibus
2031 4640 2123 4686 eo-
2146 4669 2194 4695 -.
2226 4638 2481 4693 ctoritate
2530 4612 2967 4695 conﬁrmationis
3026 4644 3436 4693 consessorum
3503 4612 3816 4692 nostrorum

534 4704 857 4765 elesiasticis
902 4718 1087 4768 nostra
1131 4683 1452 4773 auctoritate
1495 4714 1844 4777 sulrlevandls
1884 4723 2121 4781 consult-
2145 4683 2200 4744 Β
2227 4683 2423 4798 τρειιᾶ
2445 4683 2633 4797 postea
2749 4683 2963 4797 parte;
2980 4683 3422 4798 ipsiusEcdesim
3438 4683 3814 4792 conﬁrma-tas,

537 4806 761 4866 mus,et
809 4798 879 4856 ad
927 4804 1289 4862 ministerium
1334 4818 1491 4866 suum
1526 4811 1753 4870 liberius
1819 4828 2122 4887 exsequens-

537 4887 664 4944 οδω
690 4902 846 4960 opem
877 4891 1118 4960 ferimus,
1147 4910 1179 4951 a
1205 4911 1417 4955 summo
1465 4901 1726 4971 pontiﬁce
1762 4904 1991 4962 Domino
2016 4914 2116 4964 no-

536 4988 654 5038 stro
676 4979 805 5039 Iesu
842 4980 1061 5043 Christo
1087 4997 1304 5045 aeterna
1336 4996 1791 5054 remunerationis
1813 4998 2000 5071 largiri
2022 5008 2121 5056 no-

536 5075 624 5131 bis
647 5079 867 5146 pnemia
900 5095 1013 5137 non
1042 5083 1383 5156 ambigimus.
1420 5084 1620 5143 Notum
1667 5090 1742 5146 sit
1762 5090 1928 5163 igitur
1944 5093 2119 5148 onmi-
2162 5140 2163 5143 η

535 5166 643 5223 bus
663 5167 909 5227 ﬁdelibus
935 5182 1136 5229 sancta
1157 5174 1254 5230 Dei
1277 5174 1533 5234 Ecclesiae
1561 5187 1616 5235 et
1642 5183 2117 5252 nostris,prassen-

536 5258 686 5315 tibus
710 5262 917 5320 scilicet
939 5270 996 5322 et
1044 5265 1261 5335 tauris,
1288 5270 1411 5339 quia
1442 5274 1767 5329 venerabilis
1792 5268 1950 5330 Betto
1995 5275 2121 5331 Lin-

538 5352 857 5424 gonensium
882 5356 1033 5414 urbis
1054 5358 1340 5433 episcopus
1368 5363 1566 5420 obtulit
1584 5367 1743 5423 nobis
1769 5370 2119 5425 amtor-italos

539 5450 944 5504 antecesst
972 5458 1280 5510 nostrorum
1309 5468 1516 5527 regum,
1544 5459 1601 5513 in
1628 5460 1825 5529 quibus
1855 5461 2116 5517 insertum

536 5536 841 5609 reperimus
895 5542 1039 5611 quod
1082 5545 1211 5601 olim
1271 5554 1494 5618 propter
1525 5552 1930 5623 occupationem
1958 5552 2122 5609 Saru-

538 5634 824 5698 Oeuorum,
856 5632 1209 5693 inetrumenta
1250 5639 1584 5710 chartarum,
1609 5643 1695 5699 vel
1738 5645 1904 5700 etiam
1929 5646 2122 5701 imusn-

536 5720 739 5776 nitntes
766 5736 976 5794 regum,
1004 5739 1127 5795 quae
1170 5726 1367 5786 ibidem
1394 5740 1572 5798 erant,
1617 5733 1829 5803 perdita
1854 5734 1941 5789 vel
1975 5736 2122 5792 diru-

536 5816 632 5880 pta
656 5808 925 5889 inissent,
962 5823 1018 5871 et
1051 5812 1212 5871 iidem
1243 5834 1398 5889 reges
1442 5837 1537 5875 sua
1585 5825 1929 5892 auctoritate,
1962 5828 2122 5883 mise-

539 5902 701 5958 randi
727 5906 920 5987 gratia,
953 5906 1021 5964 ad
1049 5923 1240 5979 preces
1261 5912 1721 5979 praedecessorum
1761 5931 1983 5975 suorum
2010 5920 2125 5989 epi-

2229 4817 2377 4892 [ad}
2399 4819 2575 4891 uulgo
2604 4818 2995 4875 redbibitienes
3014 4826 3111 4875 aut
3134 4817 3356 4874 illicitas
3384 4818 3712 4875 occasiones
3738 4834 3817 4873 re-

2226 4908 2518 4982 quirendus
2553 4911 2757 4966 nostris
2783 4919 2841 4967 et
2871 4909 3070 4968 futuris
3095 4911 3431 4983 temporibus
3480 4911 3705 4984 ingredi
3725 4926 3815 4966 au-

2225 4998 2369 5065 deat,
2398 4999 2485 5055 vel
2513 5014 2576 5055 ea
2598 5014 2718 5070 qua:
2740 5015 2904 5070 supra
2934 5008 3236 5056 memorata
3267 5009 3395 5057 sunt
3416 5001 3642 5073 exigere
3666 4999 3817 5072 peni-

2224 5100 2315 5149 tus
2337 5101 2658 5164 prmsumat;
2691 5092 2787 5148 sed
2812 5092 2974 5148 liceat
2997 5102 3303 5149 memorato
3347 5093 3569 5165 praesuli
3594 5094 3817 5165 suisque

2220 5185 2621 5242 successoribus
2647 5199 2736 5240 res
2762 5185 3035 5254 praedictas
3080 5183 3327 5242 ecclesias
3354 5224 3372 5252 ,
3425 5200 3553 5242 cum
3607 5185 3819 5242 cellula

2218 5277 2325 5333 sibi
2375 5275 2666 5347 subjectis,
2711 5278 2812 5334 sub
2852 5278 3213 5334 immanitatis
3262 5287 3468 5337 nostra
3499 5278 3817 5339 defensione

2218 5369 2405 5439 quieto
2433 5370 2627 5425 ordine
2647 5368 2953 5440 possidere,
2974 5377 3033 5425 et
3059 5369 3217 5426 nobis
3238 5368 3474 5428 ﬁdeliter
3514 5370 3815 5437 deservire,

2219 5467 2381 5531 atque
2406 5475 2507 5531 pro
2539 5460 2839 5517 stabilitate
2860 5468 3049 5517 nostra
3065 5460 3153 5517 vel
3186 5462 3357 5517 totius
3385 5461 3602 5532 imperii
3632 5478 3667 5517 δ
3706 5461 3817 5518 Deo

2220 5553 2382 5607 nobis
2405 5552 2585 5609 collati
2605 5553 2693 5608 vel
2727 5553 3121 5619 conservum,
3172 5569 3281 5609 una
3303 5568 3431 5610 cum
3464 5553 3616 5611 clero
3638 5562 3696 5612 et
3722 5568 3817 5626 po-

2222 5645 2481 5717 puiosibi
2523 5646 2765 5718 subjecto
2788 5689 2806 5716 ,
2848 5649 2946 5705 Dei
2989 5649 3420 5708 misericordiam
3462 5664 3717 5708 sxum
3750 5648 3817 5705 Et

2226 5737 2488 5809 quidquid
2516 5739 2714 5794 exinde
2744 5738 2908 5796 ﬁscus
2938 5748 3127 5796 noster
3152 5741 3372 5815 exigere
3420 5741 3598 5807 debet,
3634 5743 3702 5798 ad
3734 5743 3815 5797 in-

2226 5836 2438 5901 tegmm
2472 5824 2740 5902 praedictae
2768 5831 3010 5889 ecclesiae
3048 5835 3417 5898 concedimus,
3442 5840 3502 5889 ut
3534 5834 3814 5908 perpetuis

2228 5924 2561 6014 temporibus
2585 5922 2789 5993 ibidem
2815 5922 3067 5997 proﬁciat
3092 5925 3149 5984 in
3175 5933 3545 6001 augmentum.
3568 5929 3642 5988 Et
3668 5929 3811 5986 hanc
