4048 6350
263 428 371 494 989

1396 414 1785 492 mrLoiiA'rA
1828 410 2382 494 rcctnsus'nca.

3411 446 3512 506 990

262 543 666 609 auctoritatem,
694 547 758 598 at
777 534 985 600 ﬁrniius
1011 543 1065 600 in
1091 543 1188 600 Dei
1231 544 1450 602 nomine
1475 548 1758 612 habentur,
1790 552 1847 602 et
1871 549 1919 610 Α
1947 549 2102 604 nobis
2152 550 2394 607 concessi
2441 558 2600 623 atque
2641 554 3023 623 conservandi,
3055 552 3257 630 iugiter
3302 556 3512 616 Domini

260 650 296 693 ι
340 636 592 693 ﬁdelibus
640 642 843 691 sanctae
892 635 1145 692 Ecclesiae
1203 640 1254 694 et
1291 638 1490 693 nostris
1534 639 1841 712 diligentius

261 734 638 792 conservetur,
665 742 830 781 manu
876 727 1095 797 propria
1143 729 1330 783 subter
1380 724 1748 797 ﬁrmavimus,
1786 730 1843 788 et

262 822 447 882 annuli
475 821 649 877 nostri
670 821 1025 891 inpressione
1044 821 1246 892 signari
1270 820 1551 891 iussimus.

334 912 563 984 Signum
585 899 844 968 Ludovici
870 913 1203 969 serenissimi
1234 910 1593 984 imperatur-is.

332 1002 619 1067 Belisakar
654 1003 969 1077 recognovit
988 1010 1047 1061 et
1064 1002 1405 1077 subscripsit.

1008 1098 1099 1177 iit.

414 1228 517 1271 Ριο
540 1226 866 1271 ιιιωεϐιιικο
899 1227 1384 1271 EALBERSTADIENSI
1415 1227 1684 1271 EPlSCOPO.

873 1303 1046 1376 (Anno
1082 1303 1231 1377 8M.)

260 1395 451 1473 [Apud
490 1394 784 1464 Leibnilz.,
819 1395 1016 1539 Sag:
1046 1394 1205 1541 ﬁcit]
1235 1395 1555 1464 Brunswic.,
1598 1403 1732 1452 tom.
1761 1393 1808 1451 II

330 1561 390 1616 in
410 1561 629 1619 nomine
655 1560 869 1617 Domini
918 1560 1016 1619 Dei
1061 1570 1118 1618 et
1155 1559 1453 1618 Salvatoris
1493 1559 1667 1617 nostri
1713 1560 1842 1617 Jesu

256 1653 488 1722 Christi,
507 1652 1022 1710 Ludovicusdivina
1050 1654 1338 1712 ordinante
1374 1654 1713 1728 providentia
1745 1655 1843 1711 im-

254 1754 481 1818 perator
504 1745 798 1818 Augustus.

329 1836 389 1893 Si
439 1840 780 1893 sacerdotum
810 1852 875 1892 ac
920 1838 1203 1894 servorum
1232 1838 1327 1895 Dei
1368 1838 1688 1911 petitiones,
1721 1852 1842 1910 qum
1878 1896 1888 1909 ,

253 1930 419 1987 nobis
442 1932 511 1986 de
537 1931 951 1987 necessitatibus
971 1931 1329 1999 innotuerint,
1345 1934 1412 1986 ad
1442 1933 1691 1988 eilecwm
1716 1940 1840 2003 per-
1865 1912 1915 1987 Β

255 2022 539 2090 ducimus,
582 2039 691 2079 non
717 2023 891 2079 solum
917 2024 1254 2095 imperialem
1279 2036 1596 2082 exercemus
1618 2037 1844 2083 consue-

251 2117 523 2182 tudinem,
542 2131 733 2173 verum
754 2125 812 2173 et
842 2118 915 2172 ad
932 2118 1104 2175 beatae
1129 2120 1507 2177 retributionis
1538 2114 1842 2178 mercedem

254 2208 385 2266 talia
414 2223 447 2264 ι
478 2208 635 2265 nobis
663 2208 808 2265 facta
857 2210 1128 2267 credimus
1173 2210 1477 2282 profutura.
1508 2212 1843 2283 Quapropter

252 2306 446 2358 nutum
478 2302 551 2357 sit
586 2301 833 2357 omnium
880 2302 1119 2359 ﬁdelium
1174 2304 1485 2361 nostrarum
1534 2305 1839 2374 industrize,

253 2394 607 2465 praemium
646 2395 855 2451 scilicet
877 2402 933 2451 et
976 2395 1302 2464 futurorum,
1328 2399 1455 2469 quia
1499 2397 1843 2471 Hildegrinus

248 2487 685 2554 Cathola‘ncnsis,
731 2489 976 2546 ecclesiae
1027 2490 1514 2549 Halberstadiensis
1560 2493 1842 2566 episcOpus

250 2570 601 2649 Venerabilis,
628 2597 750 2653 qua:
777 2588 860 2638 est
885 2591 1195 2640 constructa
1240 2584 1299 2639 in
1340 2586 1601 2641 honorem
1637 2584 1841 2642 Christi

248 2674 453 2744 suique
506 2675 926 2746 protomartyris
960 2673 1244 2746 Stephani,
1276 2686 1439 2747 super
1463 2676 1683 2731 ﬁuvium
1708 2672 1840 2732 Hol-

250 2773 459 2821 temma
486 2765 541 2820 in
565 2778 703 2838 pago
733 2766 1099 2838 llartingowe,
1130 2765 1288 2837 cujus
1322 2770 1575 2840 parocbia
1610 2770 1840 2841 piissimi

249 2865 434 2937 patris
472 2864 645 2921 nostri
692 2862 870 2921 Caroli
893 2865 1237 2937 imperatoris
1278 2860 1507 2940 AuguSti
1559 2873 1758 2923 statuta
1785 2875 1842 2924 et

251 2956 615 3013 determinata
667 2964 750 3013 est
789 2956 875 3013 bis
916 2958 1109 3030 pagis:
1144 2954 1483 3031 Darlingowe
1520 2967 1575 3015 et
1602 2958 1839 3015 Northu-

250 3048 501 3122 ﬁngtnve
545 3057 601 3104 et
647 3046 1041 3119 Belinesbeim,
1096 3051 1474 3122 Hartingowe,
1528 3050 1727 3108 Svavla
1779 3058 1838 3109 et

253 3139 642 3211 Bassingowe,
681 3141 907 3198 veniens
954 3143 1022 3197 ad
1059 3157 1194 3210 nos,
1237 3143 1431 3199 detulit
1462 3143 1616 3199 nobis
1645 3134 1840 3199 immu-

188 3252 193 3256 ·
251 3231 455 3288 nitates
471 3232 642 3289 sancti
658 3233 919 3305 genitoris
938 3236 1113 3291 nostri
1137 3234 1225 3306 pie
1245 3246 1459 3306 semper
1478 3235 1837 3304 memorandi,

252 3322 315 3380 in
348 3323 546 3394 quibus
596 3318 976 3382 continebatur
1025 3328 1294 3415 quomodo
1324 3329 1495 3400 ipsam
1532 3332 1713 3386 sedem
1741 3328 1841 3384 sub

248 3415 569 3491 plenissima
592 3416 903 3474 defensione
925 3424 981 3474 et
1000 3418 1356 3476 immunitatis
1373 3421 1600 3477 tuitione
1623 3421 1842 3478 habuis-

249 3521 358 3573 set.
382 3511 489 3567 Pro
517 3506 789 3567 ﬁrmitatis
842 3525 1075 3583 namque
1124 3511 1303 3568 studio
1331 3513 1522 3585 petivit
1554 3502 1649 3568 nos
1695 3511 1839 3567 idem

249 3602 513 3680 praefatus
537 3603 820 3675 episcOpus
853 3610 913 3659 ut
959 3605 1009 3660 ei
1041 3604 1218 3660 denuo
1260 3604 1459 3660 similia
1507 3621 1606 3677 pro
1631 3619 1841 3661 merce-

251 3692 340 3757 dis
386 3706 587 3753 nostrae
617 3705 908 3768 augmento
949 3698 1247 3754 concedere
1309 3706 1366 3754 et
1393 3698 1719 3755 conﬁrmare
1750 3697 1842 3754 de-

250 3792 501 3849 beamus.
515 3789 682 3858 Cujus
694 3789 939 3859 petitioni
959 3805 1058 3860 pro
1077 3789 1259 3845 divino
1280 3804 1463 3847 amore
1486 3790 1839 3858 asscnsimus,

253 3884 400 3940 etita
424 3881 478 3937 in
509 3881 762 3937 omnibus
775 3895 894 3952 quae
911 3878 1057 3950 iuste
1079 3888 1134 3935 et
1159 3879 1548 3934 rationabiliter
1558 3880 1730 3950 petiit,
1746 3894 1843 3949 per

250 3976 398 4033 hanc
442 3983 684 4030 nostram
715 3974 1092 4029 auctoritatem
1146 3971 1452 4028 studuimus
1495 3973 1839 4028 conﬁrmare.

206 4045 215 4059 ⁸
248 4067 636 4141 Prtecipientes
657 4066 787 4142 ergo
808 4066 1060 4140 iubemus
1088 4074 1146 4121 ut
1168 4065 1345 4122 nullus
1367 4065 1530 4136 iudex
1573 4066 1839 4136 publicus,

250 4177 433 4234 neque
457 4158 712 4232 quislibet
758 4175 823 4214 ex
854 4157 1144 4228 iudiciaria
1190 4163 1477 4229 potestate,
1504 4172 1599 4214 seu
1649 4158 1843 4228 aliquis

247 4264 323 4313 ex
350 4250 598 4310 ﬁdelibus
625 4261 824 4308 sanctae
861 4248 956 4307 Dei
987 4250 1241 4307 Ecclesia:
1294 4248 1496 4306 nostris
1523 4292 1537 4317 ,
1592 4250 1643 4305 in
1675 4248 1849 4315 eccle-_

251 4348 395 4407 siam
423 4356 517 4402 aut
539 4346 655 4403 loca
684 4344 941 4419 velagros'
954 4360 1048 4402 seu
1078 4344 1690 4418 reliquaspossessiones
1703 4360 1841 4415 quas

250 4439 517 4497 moderno
564 4447 806 4511 tempore
833 4437 978 4507 iuste
1025 4447 1080 4493 et
1126 4432 1519 4493 rationabiliter
1563 4437 1846 4510 possidere

249 4532 531 4598 videntur,
557 4531 611 4587 in
648 4526 976 4603 quibuslibet
1001 4531 1153 4602 pagis
1181 4539 1234 4585 et
1265 4528 1554 4585 territoriis
1578 4529 1729 4594 sitas,
1761 4525 1847 4582 vel

1942 640 2364 696 misericordiam
2405 656 2635 699 exorare
2654 640 2898 712 delecta,
2934 647 3245 716 praedictam
3269 664 3398 705 vero
3420 667 3516 722 pa-

1940 730 2181 787 rochiam
2210 732 2352 789 illius
2384 734 2802 808 circumquaque
2828 752 2926 809 per
2971 737 3213 797 diversos
3246 756 3411 815 pagos
3442 743 3516 800 si-

1940 830 2075 888 tam,
2101 836 2260 879 nemo
2285 818 2519 881 ﬁdelium
2546 822 2853 883 nostrorum
2890 829 2941 884 ei
2967 830 3161 887 exinde
3186 831 3385 902 aliquid
3421 834 3518 890 ab.

1941 918 2189 973 strabere
2214 926 2309 972 aut
2331 919 2617 989 prohibere
2648 931 2967 990 praesumat;
2997 918 3128 993 quin
3156 923 3207 979 ei
3233 923 3394 981 liceat
3419 942 3518 997 per

1940 1011 2081 1067 hanc
2127 1021 2372 1068 nostram
2421 1008 2796 1070 auctoritatem
2843 1008 3067 1071 verbum
3116 1017 3518 1087 praedicationis

1941 1101 2170 1159 Domino
2198 1103 2492 1159 auxiliante
2531 1119 2816 1171 exercere,
2857 1112 2912 1161 et
2948 1104 3303 1164 ministerium
3360 1123 3516 1165 suum

1939 1191 2098 1264 plene
2111 1204 2389 1266 peragere.
2416 1192 2484 1249 Et
2508 1201 2570 1249 ut
2592 1194 2886 1252 auctoritas
2907 1196 3041 1264 hmo,
3074 1197 3272 1255 nostris
3302 1195 3513 1255 futuris-

1943 1298 2048 1356 que
2076 1286 2409 1357 temporibus
2449 1282 2676 1343 Domiuo
2703 1296 3052 1361 protegente,
3100 1289 3278 1346 valeat
3336 1291 3520 1347 incon-

1942 1376 2091 1431 vulsa
2118 1393 2352 1443 manere,
2378 1393 2537 1434 manu
2563 1379 2780 1451 propria
2816 1380 3230 1454 subscripsimus
3257 1389 3310 1438 et
3333 1380 3517 1439 annuli

1943 1471 2115 1526 nostri
2138 1471 2492 1541 impressione
2514 1472 2717 1542 signari
2743 1474 3020 1545 iussimus.
3514 1461 3519 1466 ’

2017 1563 2138 1618 Dat.
2163 1577 2218 1618 iv
2236 1562 2373 1618 Non.
2417 1563 2591 1634 Sept.,
2619 1574 2762 1622 anno
2805 1567 3012 1623 incarn.
3063 1567 3357 1626 Dominiea
3377 1569 3512 1637 8M,

1946 1652 2133 1710 indict.
2158 1656 2210 1722 8,
2238 1655 2418 1711 annol
2449 1656 2660 1728 imperii
2681 1658 2872 1715 nostri.
2894 1658 3091 1716 Actum
3111 1661 3167 1716 in
3191 1660 3516 1736 Aquisgraui

1944 1741 2165 1818 palatio,
2190 1747 2248 1803 in
2274 1746 2371 1803 Dei
2406 1748 2623 1805 nomine
2657 1746 2905 1806 feliciter.
2933 1751 3128 1809 Amen.

2138 1987 2239 2029 PRO
2271 1988 2605 2031 HILDEBALDO
2639 1990 2887 2033 EPISCOPO
2921 1991 3319 2033 IATISCONENSI.

2560 2066 2732 2140 (Anno
2766 2067 2913 2141 8M.)

1942 2148 2119 2230 [Apud
2136 2154 2201 2230 D.
2220 2154 2482 2230 Bouquet.
2494 2197 2508 2222 ,
2524 2154 2733 2230 Recnejl
2748 2157 2835 2230 des
2857 2156 2979 2230 hist.
2991 2154 3234 2230 ,tom.Yi,
3252 2157 3519 2230 pag.4462,

2075 2228 2130 2282 in
2152 2228 2310 2282 lustr.
2334 2226 2400 2282 ad
2422 2228 2553 2282 tom.
2577 2227 2645 2283 iV
2666 2226 2854 2283 Gallia:
2872 2228 3086 2293 Christ.,
3113 2228 3215 2284 col.
3239 2226 3389 2302 ΞΜ]

2010 2321 2067 2377 in
2107 2321 2324 2377 nomine
2360 2313 2574 2377 Domini
2605 2321 2698 2376 Dei
2726 2322 2782 2377 et
2810 2318 3105 2378 Saluatoris
3134 2316 3261 2377 Iesu
3287 2321 3519 2389 Christi,

1939 2408 2269 2469 Hiudovicus
2305 2410 2487 2469 divina
2527 2408 2811 2469 ordinante
2849 2412 3188 2484 providentia
3227 2412 3522 2484 imperator

1939 2504 2231 2579 Augustus.

2013 2598 2070 2654 Si
2097 2596 2439 2655 liberalitatis
2474 2604 2676 2654 nostrae
2701 2592 2925 2655 munere
2958 2599 3024 2654 de
3058 2596 3337 2657 beneﬁciis
3364 2596 3521 2655 nobis

1942 2698 1975 2748 a
2000 2692 2113 2747 Deo
2137 2691 2371 2758 collatis,
2410 2690 2544 2747 locis
2573 2689 2683 2748 Deo
2714 2690 2908 2747 dicatis
2940 2692 3141 2764 aliquid
3169 2691 3516 2756 conferimus,

1939 2782 1997 2840 id
2021 2783 2173 2839 nobis
2197 2790 2253 2838 et
2272 2783 2340 2837 ad
2359 2781 2642 2838 mortalem
2661 2783 2829 2837 vitam
2847 2780 3076 2839 feliciter
3097 2782 3520 2856 transigendam,

1939 2882 1996 2930 et
2020 2875 2087 2930 ad
2107 2882 2362 2929 aeternam
2384 2874 2772 2946 perpetualiter
2794 2875 3141 2930 obtinendam
3178 2873 3524 2946 profuturum

1937 2963 2144 3036 liquido
2163 2965 2455 3021 credimus.
2483 2964 2689 3022 Idcirco
2708 2973 2895 3023 notum
2922 2967 2993 3023 sit
3016 2966 3257 3023 omnium
3283 2966 3522 3023 ﬁdelium

1943 3064 2254 3114 nostrorum
2286 3065 2392 3113 tam
2418 3056 2763 3130 praesentium
2798 3074 2961 3130 quam
2996 3066 3051 3114 et
3079 3057 3383 3114 futurorum
3414 3054 3523 3132 [in-

1944 3147 2207 3222 dustriae],
2259 3150 2385 3220 quia
2432 3148 2636 3220 placuit
2686 3148 2842 3203 nobis
2879 3163 2978 3218 pro
3016 3147 3282 3204 mercedis
3326 3156 3525 3203 nostrai

1868 3264 1914 3352 ἐ
1945 3250 2254 3313 augmento,
2296 3248 2350 3296 et
2390 3240 2583 3294 animm
2619 3246 2818 3294 nostra:
2854 3237 3233 3305 emohimento,
3270 3251 3359 3293 res
3394 3252 3522 3310 pro-

1944 3332 2191 3352 ΑμεΑΑ-.ε-
2234 3337 2430 3352 ---ιμφ
2491 3343 2603 3352 ---Δ
2644 3338 2764 3352 -.-...ι
2809 3329 2859 3352 2..
2903 3340 3036 3352 Α---
3065 3328 3407 3352 1--..1.-..-Α,.2
3470 3327 3521 3352 ε..

1944 3332 2194 3403 prietatis
2233 3337 2453 3397 nostrae,
2486 3343 2607 3400 quae
2642 3338 2768 3385 sunt
2809 3329 2865 3384 in
2903 3340 3041 3401 pago
3065 3328 3441 3401 Lugdunensi,
3470 3327 3526 3383 in

1943 3421 2073 3479 villa
2106 3438 2226 3495 qua:
2263 3428 2486 3477 vocatur
2520 3418 2809 3487 Rosarias,
2840 3432 2976 3491 quas
3014 3420 3141 3477 olim
3177 3422 3421 3492 Quaedam
3450 3408 3527 3473 fe.

1945 3517 2092 3572 mina
2116 3516 2209 3571 Dei
2234 3513 2659 3571 sanctimonialis
2677 3513 2965 3570 Anstrudis
2987 3513 3203 3569 domino
3224 3519 3278 3569 et
3299 3508 3528 3586 genitori

1942 3618 2067 3662 meo
2093 3604 2288 3662 Carolo
2321 3604 2477 3660 bona;
2516 3603 2789 3660 memoria:
2825 3602 3269 3674 praestantissimo
3296 3601 3529 3671 impera-

1942 3700 2049 3756 tori
2096 3715 2193 3770 per
2237 3698 2539 3754 chartulam
2584 3696 2850 3769 delegavit
2899 3696 3232 3761 donationis,
3284 3693 3526 3749 ecclesia:

1944 3791 2004 3849 S.
2037 3792 2306 3849 Vincentii
2345 3790 2754 3846 Matisco‘nensis
2784 3789 3019 3856 tradere,
3048 3790 3139 3846 ubi
3180 3786 3526 3843 Hildebaldus

1894 3900 1901 3905 ‘
1943 3885 2227 3957 episcopus
2266 3889 2480 3954 praeest.
2524 3878 2634 3935 Has
2672 3881 2851 3949 itaque
2882 3894 2993 3946 res,
3028 3895 3152 3935 cum
3183 3876 3432 3933 omnibus
3459 3877 3526 3934 ad

1944 3994 2003 4035 se
2045 3974 2441 4047 pertinentibus
2480 3972 2564 4027 vel
2610 3971 3025 4043 aspicientibus,
3074 3987 3197 4026 cum
3245 3969 3526 4042 mancipiis

1944 4067 2171 4133 duobus,
2208 4064 2294 4120 his
2323 4063 2652 4128 nominibus,
2686 4060 3026 4133 Elmengario
3050 4058 3301 4115 videlicet
3337 4068 3390 4115 et
3419 4057 3529 4114 Ad-

1946 4159 2116 4233 gerio,
2148 4173 2271 4214 cum
2297 4171 2422 4212 casa
2458 4153 2868 4218 indominicata,
2900 4152 3101 4219 curtis,
3132 4150 3279 4208 soliis
3306 4149 3522 4226 [silvis],

1943 4254 2147 4328 pratis,
2193 4251 2426 4324 perviis,
2457 4244 2720 4314 exitibus,
2767 4247 2851 4303 vel
2886 4248 3136 4304 omnibus
3176 4243 3524 4318 adjacentiis,

1945 4347 2031 4402 vel
2062 4355 2536 4418 quantumcunque
2562 4342 2750 4398 eadem
2786 4339 3210 4397 sanctimonialis
3246 4339 3443 4396 femina
3473 4341 3527 4396 in

1946 4443 2135 4499 eadem
2160 4439 2283 4495 villa
2320 4456 2419 4494 sua
2456 4436 2558 4493 fuit
2590 4435 2862 4509 possessio
2898 4433 3036 4509 [visa
3073 4432 3174 4489 fuit
3201 4431 3523 4509 possidere],

1946 4541 2003 4590 et
2028 4532 2277 4609 praesenti
2306 4540 2544 4603 tempore
2586 4530 2759 4585 nostri
2793 4526 2935 4599 iuris
2973 4516 3134 4600 atque
3166 4525 3528 4600 possessionis

250 4622 517 4699 Quidquid
541 4623 793 4694 deinceps
820 4623 983 4678 etiam
1039 4629 1260 4691 propter
1315 4634 1553 4674 amorem
1603 4614 1842 4711 ἀῖἶὶῐιυιη
1948 4625 2005 4682 ἱη
2030 4624 2217 4681 eadem
2246 4622 2372 4678 villa
2400 4619 2653 4678 Rosarias
2676 4620 2732 4675 in
2760 4635 2819 4675 re
2840 4618 3184 4690 proprietatis
3210 4623 3324 4682 est,
3357 4626 3525 4673 totum

250 4716 513 4775 collatum
529 4706 627 4778 est,
645 4720 699 4769 et
718 4712 783 4768 ad
811 4726 1004 4767 causas
1034 4710 1327 4767 audiendas
1353 4710 1435 4765 vel
1463 4707 1622 4765 feuda
1645 4702 1839 4783 [lreda]

250 4811 540 4885 exigenda,
572 4815 666 4863 aut
694 4807 1004 4862 mansiones
1024 4805 1107 4861 vel
1142 4812 1363 4877 paratas
1392 4798 1701 4870 faciendas,
1751 4811 1845 4858 aut

248 4900 504 4958 homines
534 4899 700 4971 ipsius
724 4897 1003 4975 ecclesiae,‘
1024 4904 1132 4952 tam
1156 4895 1418 4969 ingenuos
1442 4910 1604 4967 quam
1630 4910 1840 4962 servos,

250 4990 459 5062 injuste
514 4986 958 5059 distringendos,
1003 4996 1095 5041 aut
1132 4985 1269 5041 ullas
1315 4986 1704 5042 redhibitiones
1758 4983 1845 5040 vel

249 5079 525 5136 villicatus
550 5078 865 5134 occasiones
898 5072 1270 5149 requirendas,
1302 5076 1410 5132 ullo
1446 5094 1678 5148 unquam
1710 5086 1846 5133 tem-

250 5184 392 5244 pore
418 5166 620 5241 ingredi
652 5168 738 5224 vel
759 5175 1014 5223 exactare
1054 5176 1362 5237 praesumat.
1408 5168 1633 5242 Insuper
1678 5170 1842 5225 etiam

251 5262 697 5335 praescripton
736 5257 941 5314 incolas
968 5272 1157 5314 omnes
1202 5274 1464 5330 pagorum
1493 5257 1729 5329 przel‘atae
1754 5274 1845 5314 cc-

254 5353 440 5412 elesia:
478 5368 605 5410 suas
632 5352 871 5409 decimas
901 5348 1132 5406 ﬁdeliter
1176 5350 1485 5420 persolvere
1520 5366 1617 5422 pro
1663 5346 1844 5407 divino

252 5442 446 5504 amore
486 5446 768 5515 iubemus;
810 5451 866 5500 et
891 5442 1174 5509 donamus,
1208 5451 1277 5519 με
1303 5444 1553 5499 omnibus
1588 5438 1845 5514 tempori-

249 5539 361 5597 bus
391 5538 445 5593 in
467 5536 777 5594 alimoniam
808 5550 1108 5608 pauperum
1154 5542 1210 5591 et
1241 5533 1507 5606 stipendia
1558 5551 1843 5592 servorum

252 5624 378 5697 Dei,
401 5629 602 5684 ibidem
628 5626 738 5685 Deo
770 5622 1163 5695 famulantium,
1188 5625 1476 5696 proﬁciant
1507 5626 1564 5685 in
1590 5643 1846 5699 augmen-

253 5728 405 5787 tum;
436 5729 703 5793 quatenns
744 5720 877 5791 ipsis
928 5719 1097 5775 servis
1124 5717 1219 5774 Dei
1260 5718 1350 5789 qui
1380 5717 1579 5775 ibidem
1612 5718 1725 5775 Deo
1766 5714 1846 5773 fa-

253 5813 460 5872 mulari
493 5814 761 5878 videntur,
785 5825 887 5883 pro
930 5812 1087 5868 nobis
1114 5820 1169 5868 et
1197 5812 1425 5884 coniuge
1466 5812 1723 5885 prolequ’e
1750 5827 1846 5867 no-

255 5910 402 5976 Utta,
424 5913 481 5963 et
512 5918 614 5978 pro
640 5898 933 5962 stabilitate
961 5903 1127 5960 totius
1168 5903 1381 5981 imperii
1409 5900 1583 5960 nostri
1606 5942 1623 5972 ,
1674 5918 1707 5958 a
1735 5900 1845 5959 Deo

1946 4724 2001 4774 et
2026 4714 2092 4772 ad
2120 4714 2417 4786 integrum,
2452 4706 2537 4768 vel
2570 4708 2952 4783 inexquisitum
2984 4706 3256 4777 praedictas
3286 4707 3527 4764 ecclesia:
3626 4778 3633 4785 ο

1944 4807 2118 4871 sancti
2160 4804 2430 4862 Vincentii
2481 4801 2736 4872 martyris
2779 4809 2836 4856 et
2883 4794 3285 4869 congregationi
3330 4796 3528 4853 ibidem

1945 4892 2057 4954 Deo
2100 4884 2383 4951 famulanti
2430 4893 2484 4947 in
2528 4897 2711 4948 nostra
2758 4887 3126 4944 concessimus
3168 4883 3524 4958 eleemosyna.

1946 4988 2284 5061 Quapropter
2310 4985 2557 5039 volumus
2586 4989 2747 5053 atque
2766 4978 3017 5049 iubemus
3044 4986 3106 5034 ut
3137 4993 3234 5049 per
3261 4978 3401 5043 banc
3428 4994 3528 5035 no-

1948 5086 2115 5137 stram
2146 5076 2525 5132 auctoritatem
2564 5071 2924 5145 pnesentibus
2950 5068 3200 5124 videlicet
3240 5076 3293 5123 et
3332 5062 3529 5126 futuris

1949 5169 2280 5241 temporibus
2318 5166 2604 5240 prmdictas
2644 5179 2752 5229 res,
2798 5176 2921 5217 cum
2960 5157 3244 5230 mancipiis
3282 5155 3531 5231 superius

1950 5262 2243 5320 nominatis
2272 5267 2327 5315 et
2350 5257 2598 5315 omnibus
2624 5256 2785 5311 rebus
2808 5253 2877 5310 ad
2904 5267 2965 5311 se
2987 5251 3401 5331 pertinentibus,
3432 5266 3529 5309 ea-

1950 5354 2073 5423 dem
2113 5352 2341 5409 ecclesia
2387 5351 2443 5405 in
2480 5357 2667 5404 nostra
2716 5344 3057 5418 cleemosyna
3100 5358 3387 5407 concessas
3428 5342 3530 5398 ba-

1948 5444 2093 5513 beat,
2131 5452 2291 5514 atque
2316 5439 2441 5511 iure
2476 5448 2734 5510 perpetuo
2762 5437 2816 5491 in
2854 5435 3057 5491 ditione
3092 5434 3259 5506 ipsius
3287 5432 3530 5493 ecclesiae

1953 5531 2328 5613 [consistant];
2370 5546 2445 5601 ea,
2471 5529 2778 5585 conditione
2810 5524 3057 5583 videlicet
3092 5530 3151 5580 ut
3180 5522 3439 5595 quidquid
3463 5521 3531 5579 de

1952 5622 2153 5680 eisdem
2189 5621 2351 5676 rebus
2389 5617 2458 5675 ob
2499 5615 2788 5672 utilitatem
2826 5622 2880 5671 et
2916 5615 3253 5691 profectum,
3292 5620 3531 5691 rectores

1953 5714 2122 5785 ipsius
2154 5711 2395 5766 ecclesia:
2427 5709 2511 5765 vel
2548 5708 2891 5781 congregatio
2924 5686 3092 5781 ipsius
3127 5700 3307 5783 [sancti
3330 5686 3433 5777 loci
3459 5696 3531 5758 ab

1952 5790 2213 5862 hodierno
2241 5800 2327 5859 die
2361 5807 2415 5857 et
2449 5808 2691 5871 tempore
2727 5798 2907 5856 facere
2933 5796 3232 5858 voluerint,
3267 5787 3437 5869 libero
3470 5785 3528 5847 in

1953 5880 2202 5958 omnibus
2239 5886 2587 5969 perfruantur
2626 5890 2855 5948 arbitrio
2895 5886 3148 5946 faciendi.
3193 5880 3260 5938 Et
3306 5874 3364 5937 ut
3407 5881 3528 5937 haec
