4048 6350
572 406 670 467 991

1716 399 2036 460 LUDOVICI
2072 398 2095 458 Ι
2131 399 2599 461 COGNOMENTO
2634 400 2720 460 PII

571 520 865 577 auctoritas
892 517 1192 592 pleniorem
1227 518 1286 575 in
1314 517 1415 575 Dei
1450 515 1668 574 nomine
1696 516 1946 591 gobtineat
1983 515 2155 572 ﬁrmi—
2179 518 2227 578 Α
2257 516 2352 572 Dei
2371 516 2627 573 Ecclesiae
2649 524 2704 574 et
2724 515 2927 574 nostris
2945 516 3259 591 diligentius
3276 527 3650 590 conservetur,
3669 538 3850 578 manu

572 621 732 668 tatem
754 653 769 680 ,
798 620 854 668 et
889 628 988 684 per
1015 613 1270 668 diuturna
1308 619 1551 680 tempora
1585 608 1947 664 inviolabilem
1987 616 2041 662 et
2068 608 2151 663 in-

570 706 887 762 convulsum
913 705 1159 761 obtineat
1192 703 1474 769 effectum,
1511 718 1672 757 manu
1708 700 1928 773 propria
1965 701 2151 756 subter

567 813 689 854 eam
731 798 1097 865 ﬁrmavimus,
1142 807 1197 854 et
1241 796 1427 853 annuli
1469 796 1641 852 nostri
1684 794 2038 866 impressione
2077 795 2151 852 si-

567 892 722 964 gnari
746 890 1011 961 jussimus

639 983 866 1055 Signum
895 984 1154 1040 Ludovici
1183 982 1517 1040 screnissimi
1549 979 1903 1053 imperatoris.

640 1072 916 1129 Helisacar
941 1074 1275 1144 recognovit.
1616 1120 1619 1121 ν

638 1165 773 1221 Data
807 1166 996 1236 quinto
1022 1165 1144 1221 Idus
1176 1164 1531 1236 Septembris,
1563 1177 1703 1218 anno
1730 1162 1907 1233 primo
1937 1160 2149 1233 imperii

567 1255 762 1321 nostri,
790 1256 1079 1312 indictione
1104 1257 1157 1311 7.
1187 1256 1384 1312 Actum
1420 1254 1744 1327 Aquisgrani
1770 1253 1972 1325 palatio
2000 1254 2148 1328 regio

567 1348 623 1405 in
655 1346 752 1405 Dei
782 1348 1018 1405 nomine.

1362 1440 1404 1495 Ι.

567 1571 666 1613 PRO
693 1569 942 1612 WIRUNDO
970 1570 1176 1611 ΑΒΒΛἸῈ
1210 1567 1626 1624 STABULENSI‘ET
1662 1565 2143 1607 MALIUNDARIENSI.

1176 1646 1350 1719 (Anno
1381 1644 1532 1716 8M.)

640 1740 820 1815 [Apud
850 1740 1106 1805 Martem,
1135 1737 1306 1810 Ampi.
1336 1736 1576 1803 Call:ct.,
1602 1736 1791 1800 tom.l,
1811 1752 1933 1807 pag.
1957 1733 2072 1807 2L]

632 1834 693 1889 In
715 1831 947 1890 'nomine
984 1832 1081 1889 Dei
1116 1839 1172 1887 et
1206 1829 1502 1886 Salvatoris
1539 1827 1709 1883 nostri
1747 1826 1874 1883 Jesu
1918 1826 2142 1890 Christi,

2253 608 2474 678 propria
2508 608 2947 679 subscripsimus,
2972 617 3029 664 et
3053 611 3236 666 annuli
3278 612 3452 667 nostri
3482 613 3853 683 impressione

2254 700 2455 771 signari
2475 698 2757 770 jussimus.

2325 791 2548 865 Signum
2574 792 2831 849 Ludovici
2861 792 3197 849 serenissimi
3222 795 3589 866 imperatoris.

2323 881 2461 939 Data
2499 881 2723 939 Kalend.
2765 883 2983 951 0ctob.,
3022 899 3165 940 anno
3204 885 3416 955 primo,
3457 884 3681 942 Christo
3716 901 3853 956 pro-

2250 974 2402 1047 pitio,
2432 974 2646 1045 imperii
2674 975 2875 1030 domini
2899 974 3158 1032 Ludovici
3182 975 3431 1048 Augusti,
3460 977 3769 1034 indictione
3790 979 3845 1035 8.

2319 1067 2518 1123 Actum
2556 1067 2804 1139 Cispiaco
2841 1068 3043 1139 palatio
3084 1069 3142 1125 in
3182 1068 3279 1125 Dei
3320 1069 3541 1127 nomine
3580 1069 3846 1127 feliciter.

2248 1157 2442 1214 Amen.

2979 1252 3085 1332 xu.

2640 1381 2740 1422 PRO
2776 1381 3111 1424 κοηλδτειιιο
3146 1381 3440 1424 CBASSENSI-

2868 1459 3039 1530 (Anno
3068 1457 3193 1515 814.

2251 1570 2428 1642 [Apud
2455 1572 2522 1648 Ι.)ἶ
2544 1571 2830 1648 Bouquet.,
2859 1571 3178 1648 Recueﬂdes
3197 1575 3343 1648 Meg,
3376 1582 3416 1633 t.
3443 1575 3532 1639 VI,
3560 1591 3687 1648 pag.
3712 1576 3845 1644 463,

2318 1658 2386 1698 ex
2409 1643 2815 1714 probationibus
2838 1659 2982 1699 nam
3007 1643 3258 1701 Historia:
3287 1643 3601 1713 Occitaniai,
3637 1643 3782 1703 tom.
3804 1648 3845 1714 l,

2356 1713 2438 1768 ag.
2471 1713 2556 1768 41.

2356 1729 2384 1768 a
2411 1712 2438 1767 ⁷.
2471 1713 2556 1768 il.
3586 1712 3591 1713 7
3830 1712 3839 1714 ἡ

2317 1712 2641 1880 ξηεηοιηίἓὶθ
2668 1824 2882 1880 Domini
2924 1823 3020 1881 Dei
3057 1832 3112 1881 et
3153 1824 3451 1883 Salvatoris
3490 1829 3667 1884 nostri
3697 1827 3849 1887 ’ἔδει

1146 1923 1428 1980 ordinante
1472 1921 1811 1994 providentia
1855 1920 2151 1991 imperator
2175 1886 2224 1946 Β
2250 1913 2476 1981 Christi,
2507 1914 2812 1970 Ludovicus
2840 1915 3022 1971 divina
3051 1917 3337 1973 ordinante
3371 1919 3719 1989 providentia
3750 1920 3852 1978 im-

559 2017 854 2091 Augustus.

631 2110 895 2167 Omnibus
916 2110 1203 2181 episcopis,
1232 2110 1538 2174 abbatibus,
1562 2109 1811 2175 ducibus,
1841 2106 2145 2173 comitibus,

558 2200 802 2268 vicariis,
839 2201 1195 2266 centenariis,
1234 2199 1544 2265 telouariis,
1583 2198 1926 2263 actionariis,
1968 2196 2149 2252 missis

562 2291 767 2346 nostris
809 2289 1239 2346 discurrentibus
1279 2291 1365 2346 vel
1411 2290 1720 2371 hominibus
1760 2288 2145 2359 rempublicam

563 2381 1099 2449 administrantibus,
1138 2398 1231 2438 seu
1273 2382 1484 2438 caeteris
1524 2380 1771 2438 ﬁdelibus
1811 2389 2010 2437 sanctm
2049 2378 2147 2435 Dei

564 2472 844 2539 Ecclesiae,
874 2481 930 2528 et
954 2474 1157 2529 nostris
1196 2480 1303 2528 tam
1330 2474 1687 2544 praesentibus
1724 2487 1885 2542 quam
1916 2479 1971 2526 et
2004 2469 2148 2526 futu-

560 2562 641 2620 ris
668 2570 855 2619 notum
881 2564 953 2618 sit
976 2564 1102 2635 quia
1141 2564 1227 2619 vir
1260 2563 1585 2620 venerabilis
1607 2562 1903 2619 Wirundus
1931 2562 2069 2617 abba
2091 2569 2147 2616 et

563 2655 742 2711 omnis
778 2654 1125 2727 congregatio
1155 2670 1222 2711 ex
1254 2655 1584 2711 monasterio
1623 2652 1884 2709 Stabulau
1923 2661 1978 2709 et
2018 2651 2147 2706 Mal-

564 2746 872 2813 Inundario,
901 2747 1046 2818 quod
1070 2754 1153 2802 est
1179 2746 1344 2801 situm
1373 2746 1428 2800 in
1456 2746 1591 2801 silva
1617 2744 1988 2812 Ardennense,
2018 2761 2147 2801 con-

564 2846 828 2895 structum
855 2838 908 2893 in
941 2839 1147 2894 honore
1180 2847 1494 2894 sanctorum
1530 2836 1894 2907 apostolorum
1918 2835 2064 2891 Petri
2091 2845 2148 2892 et

562 2928 714 2984 Pauli
750 2943 845 2984 seu
883 2937 938 2983 et
975 2928 1212 2995 Martini,
1243 2929 1336 2984 ubi
1372 2936 1428 2983 et
1455 2935 1678 2983 sanctus
1714 2927 2003 2982 Remaclus
2029 2944 2148 2983 cor-

562 3032 695 3088 pore
733 3017 1058 3088 requiescit,
1090 3017 1364 3088 petierunt
1397 3016 1746 3072 serenitatem
1786 3025 2058 3084 nostram,
2087 3025 2147 3073 ut

561 3106 642 3162 eis
666 3106 1122 3162 concessissemus
1144 3106 1415 3163 teloneum
1439 3107 1504 3163 de
1530 3122 1717 3162 eorum
1747 3106 1998 3173 navibus,
2025 3122 2146 3178 quae

560 3213 660 3269 per
694 3197 944 3254 Rhenum
981 3206 1038 3255 et
1072 3213 1170 3270 per
1203 3199 1407 3254 Mosam
1445 3196 1667 3253 ﬁumina
1703 3206 1924 3268 propter
1957 3212 2144 3254 eorum

561 3292 891 3362 supplendas
934 3295 1286 3350 necessitates
1330 3294 1674 3362 discurrunt,
1723 3310 1932 3350 necnon
1978 3303 2033 3351 et
2080 3295 2147 3351 de

564 3384 740 3439 carris
778 3392 834 3440 et
871 3387 1154 3456 sagmariis
1191 3388 1494 3443 necessaria
1533 3404 1718 3444 eorum
1756 3387 2143 3447 deferentibus.

566 3471 805 3538 Quorum
829 3475 1178 3543 petitionibus
1206 3477 1364 3532 nobis
1397 3479 1465 3533 ob
1495 3494 1735 3534 amorem
1771 3480 1867 3534 Dei
1900 3491 1955 3535 ct
1986 3497 2149 3537 vene-

564 3561 831 3617 rationem
869 3572 1179 3620 sanctorum
1216 3567 1579 3635 apostolorum
1620 3568 1768 3624 Petri
1803 3578 1859 3624 et
1900 3570 2046 3626 Pauli
2083 3586 2149 3627 ac

563 3654 737 3710 sancti
780 3654 998 3711 Martini
1038 3656 1365 3715 confessoris
1405 3674 1660 3726 annuere,
1706 3669 1761 3716 et
1801 3662 1904 3717 hoc
1943 3677 2149 3731 praece-

560 3750 715 3814 ptum
763 3745 1162 3816 magniﬁcentia
1214 3755 1401 3804 nostra
1456 3748 1730 3806 ﬁrmitatis
1776 3750 1950 3822 gratia
1999 3751 2146 3807 circa

564 3835 712 3906 ipsos
740 3835 859 3891 ﬁeri
894 3835 1074 3901 libuit,
1117 3856 1215 3910 per
1243 3841 1387 3910 quod
1417 3839 1672 3910 jubemus
1707 3851 1869 3913 atque
1900 3844 2147 3914 praecipi-

566 3942 688 3981 mus
725 3934 785 3981 ut
827 3944 986 3984 nemo
1026 3928 1261 3986 ﬁdelium
1307 3939 1617 3987 nostrorum
1658 3948 1759 3988 nec
1796 3933 2021 4004 quilibet
2054 3950 2149 3990 ex-

566 4026 719 4073 actor
752 4018 1055 4087 judiciarizc
1098 4025 1383 4094 potestatis
1422 4025 1489 4079 de
1525 4026 1698 4082 carris
1733 4026 1818 4083 vel
1862 4028 2148 4099 sagmariis

566 4109 735 4178 ipsius
763 4114 1226 4184 congregationis,
1257 4114 1324 4169 de
1351 4114 1592 4185 quolibet
1623 4118 1950 4173 commercio
1980 4118 2147 4174 unde-

570 4213 782 4268 cunque
808 4201 1062 4257 videlicct
1093 4203 1257 4259 ﬁscus
1296 4205 1567 4262 teloneum
1603 4208 1820 4279 exigere
1848 4216 2055 4279 potest,
2087 4218 2148 4265 ut

564 4287 713 4343 nullo
740 4288 859 4344 loco
893 4290 1165 4347 teloneum
1199 4294 1444 4363 accipere
1470 4297 1557 4351 vel
1582 4298 1799 4369 exigere
1830 4309 2143 4368 praesumat.

564 4380 742 4437 Naves
767 4398 897 4438 vero
918 4399 1038 4454 quae
1064 4385 1205 4441 dicta
1230 4384 1450 4444 ﬁumina
1474 4389 1544 4446 ob
1564 4391 1848 4448 utilitatem
1878 4403 1935 4450 et
1958 4412 2147 4452 neces-

564 4473 781 4527 sitatem
822 4473 993 4543 ipsius
1021 4477 1456 4547 congregationis
1489 4472 1835 4551 discurrunt,
1878 4485 1947 4540 ad
1987 4501 2146 4556 quas-

2246 2011 2466 2075 perator
2492 2003 2787 2077 Augustus.

2321 2095 2381 2151 Si
2424 2095 2766 2152 liberalitatis
2811 2106 3011 2155 nostrae.
3053 2113 3277 2155 munere
3319 2099 3455 2157 locis
3492 2100 3608 2158 Deo
3648 2102 3848 2160 dicatis

2248 2188 2516 2258 quoddam
2546 2187 2878 2245 conferimus
2905 2189 3247 2258 beneﬁcium,
3279 2201 3336 2247 et
3369 2193 3735 2251 necessitates
3765 2209 3849 2253 cc-

2249 2278 2582 2335 clesiasticas
2609 2280 2679 2336 ad
2707 2280 2998 2351 petitiones
3026 2296 3309 2339 servorum
3342 2283 3441 2339 Dei
3474 2294 3672 2341 nostro
3704 2286 3847 2343 rele-

2246 2385 2435 2426 vamus
2456 2368 2754 2439 juvamine,
2785 2379 2949 2443 atque
2974 2371 3239 2443 imperiali
3263 2380 3479 2429 tuemur
3510 2362 3843 2444 munimine,

2246 2462 2305 2517 id
2341 2461 2499 2517 nobis
2528 2461 2597 2517 ad
2619 2461 2905 2517 mortalem
2937 2462 3103 2518 vitam
3133 2464 3502 2534 temporaliter
3532 2467 3845 2539 transigen-

2245 2554 2389 2620 dam,
2412 2561 2468 2609 et
2493 2555 2560 2609 ad
2580 2561 2836 2610 aeternam
2863 2553 3096 2611 feliciter
3117 2556 3465 2613 obtinendam
3489 2557 3843 2629 profuturum

2244 2644 2447 2717 liquido
2467 2647 2754 2702 credimus.
2783 2647 2948 2719 Igitur
2972 2648 3182 2703 noverit
3209 2649 3479 2722 sagacitas
3502 2665 3602 2707 seu
3627 2651 3841 2708 utilitas

2243 2737 2484 2793 omnium
2520 2736 2757 2793 ﬁdelium
2785 2746 2987 2794 sanctae
3015 2739 3112 2795 Dei
3140 2738 3418 2808 Ecclesiae,
3449 2749 3564 2796 tam
3599 2757 3845 2813 praesen-

2246 2828 2380 2884 tium
2417 2844 2581 2900 quam
2619 2828 2964 2897 futurorum,
3002 2831 3129 2902 quia
3166 2832 3251 2887 vir
3282 2833 3621 2891 venerabilis
3660 2835 3842 2892 Attala

2245 2925 2413 2980 abbas
2448 2940 2517 2980 ex
2551 2924 2881 2980 monasterio
2916 2925 2975 2980 S.
3007 2924 3210 2992 Mariae,
3246 2926 3389 2997 quod
3428 2935 3516 2983 est
3552 2928 3724 2983 situm
3758 2945 3843 2985 su-

2244 3028 2342 3083 per
2361 3011 2580 3068 ﬂuvium
2602 3013 2893 3070 Orbionem
2914 3014 2969 3068 in
2994 3013 3227 3071 conﬁnio
3249 3013 3607 3072 Narbonense
3633 3026 3691 3072 et
3712 3018 3842 3075 Car-

2244 3118 2530 3169 cassense,
2561 3105 2757 3160 obtulit
2778 3105 3057 3160 obtutibus
3091 3105 3297 3160 nosuis
3339 3107 3708 3164 auctoritates
3740 3109 3842 3164 im-

2248 3194 2532 3250 munitatis
2559 3196 2764 3252 domini
2789 3205 2843 3252 et
2871 3197 3133 3268 genitoris
3166 3197 3341 3252 nostri
3372 3197 3530 3254 bona:
3558 3202 3839 3257 memoria:

2249 3278 2428 3341 Caroli
2474 3287 2706 3357 piissimi
2754 3288 3012 3360 Augusti,
3061 3289 3117 3344 in
3162 3289 3361 3360 quibus
3402 3299 3526 3346 erat
3572 3291 3838 3363 insertum

2248 3376 2483 3448 qualiter
2509 3377 2653 3433 idem
2686 3379 2899 3449 genitor
2936 3386 3122 3435 noster
3157 3378 3405 3436 eumdem
3444 3386 3839 3441 monasterium

2248 3484 2372 3523 cum
2400 3468 2608 3525 cellulis
2636 3470 2737 3525 sibi
2767 3470 3044 3541 subjectis,
3080 3487 3190 3526 una
3216 3487 3337 3542 qua:
3362 3482 3599 3530 vocatur
3619 3476 3836 3543 Flexus,

2248 3576 2368 3630 quae
2389 3554 2474 3617 est
2500 3570 2810 3618 constructa
2837 3563 2892 3618 in
2923 3564 3130 3619 honore
3158 3564 3333 3620 sancti
3363 3565 3620 3622 Cucufati
3649 3568 3706 3624 in
3734 3579 3857 3625 ωτι.

2248 3652 2440 3707 ritorio
2461 3651 2845 3720 Carcassense,
2867 3644 3030 3724 super
3054 3653 3274 3710 ﬁuvium
3302 3656 3393 3727 qui
3418 3666 3657 3714 vocatur
3675 3659 3831 3725 Atax,

2248 3759 2368 3799 cum
2390 3745 2642 3801 omnibus
2664 3746 2989 3817 appenditiis
3010 3746 3094 3802 vel
3118 3746 3438 3816 adjacentiis
3462 3750 3614 3817 suis;
3641 3750 3830 3816 altera.

2247 3848 2367 3904 qum
2395 3834 2592 3889 dicitur
2618 3834 2789 3905 Caput
2825 3834 3015 3906 Spina,
3052 3852 3173 3906 quae
3205 3846 3289 3893 est
3322 3837 3504 3894 dicata
3536 3840 3595 3896 in
3634 3842 3834 3896 honore

2249 3924 2306 3980 S.
2334 3925 2481 3980 Petri
2514 3927 2772 3997 principis
2808 3928 3194 3997 apostolorum,
3222 3930 3277 3985 in
3308 3932 3596 3987 territorio
3632 3932 3832 3988 Narbo-

2250 4033 2439 4085 nensc,
2483 4035 2646 4090 super
2684 4021 2915 4076 rivulum
2956 4022 3047 4093 qui
3079 4032 3305 4079 vocatur
3340 4022 3679 4091 Clamesitis,
3709 4042 3830 4083 cum

2244 4110 2496 4165 omnibus
2522 4112 2853 4182 appendiciis
2877 4112 2961 4169 vel
2985 4114 3304 4185 adjacentiis
3329 4118 3476 4184 suis;
3506 4119 3689 4184 tertia,
3711 4133 3830 4190 qua

2246 4210 2587 4271 nuncupatur
2611 4201 2818 4269 Palma,
2856 4219 2977 4274 qua:
3000 4213 3085 4261 est
3112 4205 3216 4260 sita
3248 4192 3305 4261 in
3335 4208 3608 4263 territorio
3634 4209 3833 4265 eodem

2233 4290 2595 4347 'Narbonense
2629 4279 2792 4364 super
2825 4295 2976 4352 littus
3005 4297 3194 4363 maris,
3220 4312 3346 4353 cum
3379 4299 3626 4354 omnibus
3661 4299 3731 4355 ad
3767 4314 3831 4358 se

2244 4384 2663 4454 pertinentibus,
2690 4402 2797 4442 una
2820 4402 2942 4443 cum
2962 4389 3472 4460 congregationibus
3495 4390 3696 4446 ibidem
3720 4389 3833 4447 Deo

2244 4473 2650 4543 famulantibus,
2689 4480 2758 4534 ob
2786 4494 3027 4535 amorem
3054 4480 3150 4535 Dei
3188 4482 3756 4554 tranquillitatemque
3778 4484 3828 4538 in

564 4578 776 4634 cunque
804 4564 1052 4622 civitates
1082 4575 1177 4623 aut
1210 4577 1419 4640 portus,
1450 4570 1536 4626 vel
1577 4581 1772 4630 caetera
1811 4575 1928 4632 loca
1959 4591 2145 4634 acces-

2253 4567 2452 4624 eisdem
2481 4568 2614 4626 locis
2647 4570 3087 4639 consistentibus,
3132 4589 3348 4645 semper
3377 4577 3480 4632 sub
3514 4577 3830 4646 plenissima

561 4670 680 4712 sum
715 4654 1025 4725 habuerint,
1054 4658 1231 4715 nullus
1264 4675 1331 4715 ex
1363 4660 1444 4718 eis
1472 4671 1565 4718 aut
1596 4663 1903 4722 hominibus
1929 4666 2019 4737 qui
2050 4681 2143 4723 eas

559 4745 899 4817 prmviderit,
942 4748 1148 4804 nullum
1193 4750 1494 4819 teloneum,
1545 4763 1639 4808 aut
1682 4756 1999 4825 ripaticum,
2048 4766 2144 4814 aut

557 4837 919 4908 postaticum,
961 4848 1050 4895 aut
1092 4842 1454 4911 pontaticum,
1499 4853 1593 4898 aut
1632 4845 2001 4913 salutaticum,
2046 4858 2141 4907 aut

560 4928 885 5008 cenaticum,
915 4937 1009 4984 aut
1030 4931 1359 5000 pastionem,
1393 4941 1487 4988 aut
1514 4936 1871 4992 trauvaticum
1891 4980 1906 5006 ,
1938 4947 2032 4994 aut
2060 4941 2143 4996 ul-

560 5014 671 5072 lum
706 5034 993 5075 occursum
1022 5021 1107 5076 vel
1140 5021 1307 5076 ullum
1342 5038 1596 5092 censum,
1636 5036 1731 5083 aut
1767 5030 1930 5086 ullam
1960 5033 2139 5088 redhi-

561 5106 820 5164 bitionem
842 5112 1089 5180 accipere
1117 5112 1201 5168 vel
1227 5114 1443 5186 exigere
1471 5117 1685 5183 audeat,
1714 5119 1809 5174 sed
1834 5121 2041 5177 licitum
2072 5123 2145 5179 sit

563 5196 643 5251 eis
684 5198 885 5270 absque
914 5200 1141 5274 alicujus
1180 5204 1367 5260 illicita
1407 5209 1791 5265 contrarietate
1828 5212 1913 5267 vel
1956 5214 2141 5270 deten-

563 5283 711 5338 tione
734 5302 831 5356 per
856 5290 996 5346 hanc
1023 5300 1263 5348 nostram
1293 5296 1669 5352 auctoritatem
1700 5314 1865 5355 naves
1894 5310 1948 5357 et
1973 5304 2143 5361 homi-

564 5389 683 5440 nes,
710 5378 802 5446 qui
827 5394 921 5436 cas
943 5384 1227 5453 providere
1250 5387 1464 5455 debent,
1491 5403 1615 5444 cum
1639 5390 1725 5446 his
1749 5406 1866 5461 quae
1894 5394 2140 5452 deferunt

562 5482 660 5540 per
695 5471 1007 5529 universum
1046 5477 1330 5548 imperium
1368 5489 1611 5537 nostrum
1647 5484 1817 5539 libere
1852 5493 2014 5557 atque
2053 5505 2140 5546 se—

562 5573 694 5617 cure
718 5560 799 5616 ire
820 5569 875 5616 et
893 5564 1087 5629 redire,
1112 5578 1167 5623 et
1191 5570 1236 5625 si
1258 5569 1466 5642 aliquas
1488 5587 1668 5629 moras
1693 5575 1746 5629 in
1768 5576 2005 5645 qualibet
2022 5579 2139 5636 loca

562 5652 816 5723 fecerint,
843 5665 937 5711 aut
960 5658 1161 5729 aliquid
1188 5666 1410 5720 mercati
1434 5665 1634 5723 fuerint
1657 5678 1750 5723 aut
1777 5671 2135 5741 vendiderint,

564 5747 701 5834 nihil
726 5751 796 5806 ab
829 5752 910 5808 eis
934 5767 1177 5823 prorsus,
1216 5763 1276 5810 ut
1306 5758 1509 5814 dictum
1545 5768 1651 5827 est,
1681 5763 1946 5834 exigatur.
1977 5765 2047 5821 Et
2077 5776 2138 5824 ut

564 5833 684 5897 haec
707 5843 1001 5901 auctoritas
1022 5843 1225 5901 ﬁrmior
1245 5845 1510 5903 habeatur
1533 5858 1587 5905 et
1608 5866 1639 5905 a
1667 5852 1914 5910 ﬁdelibus
1937 5866 2137 5916 sanctae

2248 4659 2473 4716 tuitione
2506 4668 2562 4716 et
2598 4661 2956 4719 immunitatis
2993 4662 3305 4721 defensione
3343 4669 3653 4725 consistere
3680 4669 3831 4725 fecis-

2248 4758 2349 4806 set.
2379 4750 2486 4806 Sed
2514 4767 2615 4822 pro
2639 4753 2719 4809 rei
2746 4753 3003 4811 ﬁrmitate
3026 4757 3319 4827 postulavit
3354 4759 3514 4815 nobis
3538 4761 3829 4830 praedictus

2247 4843 2415 4899 abbas
2446 4851 2503 4899 et
2533 4844 2710 4901 omnis
2738 4846 2854 4917 ejus
2889 4850 3259 4920 congregatio,
3298 4858 3359 4905 ut
3390 4858 3688 4922 paternum
3727 4869 3833 4908 mo-

2245 4946 2362 4988 rem
2397 4943 2704 5003 sequentes,
2732 4936 3039 5006 huiusmodi
3068 4948 3269 4997 nostrae
3306 4942 3676 5002 immunitatis
3699 4961 3832 5018 pra-

2246 5035 2477 5096 ceptum,
2504 5028 2573 5083 ob
2601 5044 2841 5086 amorem
2860 5031 2957 5087 Dei
2977 5040 3033 5089 et
3054 5035 3417 5091 reverentiam
3438 5036 3615 5094 divini
3633 5040 3833 5107 cultus,

2245 5129 2372 5185 erga
2416 5116 2592 5186 ipsum
2632 5122 3018 5177 monasterium
3053 5130 3108 5178 et
3147 5124 3370 5181 cellulas
3408 5126 3515 5183 sibi
3558 5128 3834 5199 subjecta

2245 5208 2363 5267 ﬁeri
2391 5226 2756 5278 censeremus.
2795 5216 2959 5287 Cujus
2987 5219 3237 5289 petitioni
3274 5220 3512 5279 libenter
3544 5232 3833 5280 assensum

2243 5304 2594 5373 praebuimus,
2626 5315 2682 5363 et
2722 5309 2826 5364 hoc
2860 5319 3060 5366 nostra:
3097 5314 3440 5371 auctoritatis
3473 5326 3829 5388 praeceptum.

2246 5395 2603 5453 immunitatis
2648 5407 2810 5470 atque
2851 5402 3100 5460 tuitionis
3142 5407 3357 5477 gratia,
3402 5421 3505 5477 pro
3550 5408 3832 5467 ﬁrmitatis

2245 5485 2423 5542 studio
2464 5495 2519 5542 et
2561 5489 2754 5547 animae
2788 5501 2989 5548 nostrae
3025 5497 3391 5555 emolumento
3427 5500 3545 5577 ﬁeri
3584 5504 3832 5561 decrevi-

2243 5592 2393 5646 mus;
2426 5594 2525 5649 per
2552 5583 2695 5652 quod
2721 5586 3065 5657 praecipimus
3094 5597 3256 5659 atque
3274 5588 3531 5658 jubemus
3558 5603 3625 5649 ut
3651 5594 3828 5651 nullus

2235 5668 2400 5739 judex
2434 5673 2701 5743 publicus,
2736 5691 2913 5747 neque
2957 5679 3210 5747 quislibet
3249 5696 3316 5736 ex
3346 5682 3641 5751 iudiciaria
3674 5695 3826 5756 pote-

2242 5772 2405 5832 state,
2441 5774 2535 5821 aut
2564 5768 2739 5823 nullus
2766 5784 2830 5824 ex
2862 5768 3108 5826 ﬁdelibus
3137 5775 3353 5839 nostris,
3385 5783 3496 5828 tam
3538 5777 3823 5845 praesenti-

2241 5858 2344 5915 bus
2377 5872 2537 5928 quam
2564 5856 2793 5927 futuris,
2829 5860 2885 5916 in
2918 5862 3160 5931 cellulas,
3198 5874 3293 5920 aut
3328 5866 3382 5921 in
3417 5866 3705 5933 ecclesias,
3735 5867 3814 5924 vel
