4048 6350
197 364 307 424 993

1328 358 1725 422 DIPLOMATA
1762 359 2314 420 ECCLESIASTICA.

3352 365 3458 426 994

192 471 342 543 loca,
385 473 504 530 sive
551 487 730 547 agros,
780 490 878 532 seu
922 476 1162 549 reliquas
1201 480 1590 548 possessiones,
1643 493 1779 551 quas
1806 478 1860 540 Α
1883 477 2049 531 tionis
2087 477 2287 532 ibidem
2337 475 2652 533 famulantis
2699 476 2828 545 Deo,
2888 479 2973 535 vel
3008 495 3174 538 naves
3212 465 3331 553 quae
3370 499 3470 554 per

192 567 460 624 moderno
491 575 734 637 tempore
762 567 818 622 in
857 569 1187 640 quibuslibet
1213 571 1365 642 pagis
1399 583 1454 626 et
1490 573 1780 628 territoriis

193 657 278 716 in!
283 673 341 712 ra
366 657 626 713 ditionem
650 657 864 728 imperii
885 661 1056 716 nostri
1077 662 1381 732 possident;
1401 663 1660 732 quidquid
1681 663 1788 719 ibi-.

194 756 320 810 dem
349 765 571 825 propter
616 755 857 811 divinum
897 772 1138 812 amorem
1179 755 1430 811 collatum
1469 755 1598 823 fuit,
1637 770 1783 826 quaee

193 865 303 919 que
326 849 490 903 etiam
516 848 769 919 deinceps
793 851 849 903 in
877 848 999 918 jure
1032 849 1201 919 ipsius
1231 848 1405 904 sancti
1430 847 1534 903 loci
1565 855 1658 900 aut
1684 860 1784 916 per

192 955 298 994 nos
335 949 428 994 aut
463 954 560 1010 per
596 939 732 996 alios
769 940 1002 997 voluerit
1033 941 1212 997 divina
1253 941 1428 1011 pietas
1457 939 1674 1010 augeri;
1715 939 1783 994 ad

193 1046 390 1085 causas
429 1031 744 1097 audiendas,
779 1032 864 1087 vel
902 1031 1053 1088 freda
1082 1033 1368 1104 exigenda,
1412 1041 1507 1086 aut
1545 1031 1784 1086 mansio.

192 1136 296 1177 nes
316 1121 401 1176 vel
438 1131 660 1192 paratas
688 1122 984 1190 faciendas,
1006 1132 1100 1178 aut
1125 1122 1470 1192 fideiussores
1494 1122 1778 1189 tollendos,

192 1220 291 1265 aut
317 1211 566 1268 homines
595 1212 762 1283 ipsius
790 1214 1054 1282 ecclesiae,
1081 1223 1194 1269 tam
1221 1216 1484 1284 ingenuos
1512 1230 1782 1286 quamque

193 1311 250 1358 et
281 1319 489 1371 servos,
523 1320 686 1376 super
726 1313 930 1362 terram
967 1306 1209 1376 ejusdem
1239 1316 1666 1373 commanentes,
1697 1307 1782 1361 di-

192 1393 562 1464 stringendos,
591 1409 692 1449 nec
717 1394 854 1451 ullas
883 1395 1268 1451 redhibitiones
1305 1405 1399 1451 aut
1436 1396 1650 1451 illicitas
1683 1410 1778 1450 oc-

194 1487 446 1542 casiones
469 1487 842 1557 requirendas,
869 1490 1070 1545 nostris
1095 1504 1196 1544 nec
1223 1488 1424 1546 futuris
1449 1489 1780 1560 temporibus

195 1577 409 1648 ingredi
445 1578 674 1646 audeat,
711 1580 798 1635 vel
827 1594 916 1647 ea,
952 1595 1073 1650 quae
1103 1596 1263 1651 supra
1301 1588 1600 1636 memorata
1631 1589 1778 1646 sunt,

192 1669 416 1738 penitus
440 1669 657 1741 exigere
683 1680 997 1742 praesumat.
1030 1669 1136 1727 Sed
1163 1670 1322 1726 liceat
1347 1670 1570 1742 praefato
1597 1671 1778 1727 abbati

193 1761 418 1831 suisque
455 1762 858 1818 successoribus
897 1779 985 1818 res
1018 1760 1256 1830 ejusdem
1293 1763 1609 1818 monasterii
1650 1778 1775 1818 cum

1883 583 2032 625 mare
2060 569 2146 624 vel
2171 569 2392 624 ﬁumina
2417 569 2730 625 discurrunt
2751 569 2988 638 illorum,
3017 573 3101 627 vel
3127 574 3192 628 de
3215 574 3469 631 omnibus

1881 661 2237 731 undecunque
2278 661 2442 719 ﬁscus
2481 663 2746 719 teloneum
2788 665 3004 734 exigere
3055 675 3294 736 poterat,
3336 683 3468 724 con-

1883 753 2218 818 cederemus,
2257 763 2313 808 et
2348 763 2592 810 nostram
2631 756 3006 811 auctoritatem
3043 757 3218 813 eidem
3257 757 3468 815 facere-

1883 855 2005 896 mus
2036 840 2122 895 vel
2161 841 2608 900 conﬁrmaremus
2633 845 2982 901 monasterio.
3018 845 3183 916 Cujus
3213 851 3465 918 precibus

1883 933 2040 988 uobis
2075 933 2145 988 ob
2175 949 2418 990 amorem
2451 937 2547 991 Dei
2581 945 2637 991 et
2665 937 3070 993 venerationem
3106 939 3253 996 illius
3290 944 3466 999 sancti

1882 1025 1986 1081 loci
2012 1042 2268 1093 annuere,
2288 1035 2343 1082 et
2364 1029 2467 1084 hoc
2491 1039 2820 1101 praeceptum
2843 1031 3222 1088 muniﬁcentia
3241 1043 3464 1102 nostrae,

1883 1115 2158 1173 ﬁrmitatis
2194 1119 2398 1188 gratia,
2444 1120 2588 1175 circa
2628 1121 2798 1190 ipsam
2837 1125 3309 1195 congregationem
3348 1126 3469 1184 ﬁeri

1883 1206 2070 1272 libuit;
2101 1224 2200 1278 per
2225 1210 2369 1278 quod
2388 1207 2643 1276 jubemus
2669 1220 2831 1282 atque
2857 1215 3197 1284 praecipimus
3222 1224 3283 1270 ut
3307 1232 3468 1274 nemo

1883 1297 2122 1353 ﬁdelium
2151 1309 2482 1366 nostrorum,
2523 1318 2624 1357 nec
2657 1303 2884 1372 quilibet
2918 1315 3137 1361 exactor
3163 1305 3466 1376 judiciaria:

1881 1391 2166 1460 potestatis
2196 1392 2262 1447 de
2291 1393 2463 1448 carris
2486 1403 2542 1448 et
2569 1396 2857 1466 sagmariis
2895 1407 2990 1453 aut
3015 1400 3082 1454 de
3108 1401 3352 1469 navibus,
3379 1404 3469 1459 vel

1882 1483 1950 1538 de
1973 1483 2214 1554 quolibet
2253 1487 2599 1553 commercio,
2625 1487 2983 1558 undecunque
3009 1488 3170 1546 ﬁscus
3197 1492 3466 1550 teloneum

1881 1575 2096 1645 exigere
2115 1584 2315 1645 potest,
2339 1576 2506 1631 ullum
2527 1577 2800 1634 teloneum
2826 1582 3072 1650 accipere
3093 1592 3187 1637 aut
3213 1593 3466 1641 exactare

1879 1674 2192 1736 praesumat.
2241 1667 2310 1722 Et
2358 1667 2666 1738 ubicunque
2712 1686 2880 1726 naves
2927 1687 3115 1728 eorum
3159 1682 3252 1728 aut
3285 1674 3466 1745 aliqua

1879 1758 2207 1813 commercia
2235 1759 2303 1813 ad
2333 1773 2684 1830 quascunque
2709 1761 2885 1826 villas,
2921 1771 3014 1817 aut
3047 1763 3163 1819 loca
3190 1780 3468 1821 accessum

193 1851 404 1908 cellulis
443 1853 544 1908 sibi
583 1853 859 1922 subjectis,
889 1863 944 1909 et
979 1854 1140 1910 rebus
1174 1854 1257 1909 vel
1287 1854 1598 1910 hominibus
1632 1854 1779 1925 aSpi-
1807 1835 1857 1894 Β
1883 1845 2192 1915 habuerint,
2227 1847 2404 1904 nullus
2431 1851 2613 1920 exigat
2641 1852 2708 1907 de
2743 1853 3052 1909 hominibus
3081 1869 3268 1910 eorum
3297 1857 3467 1911 ullum

193 1944 469 2000 cientibus
496 1944 583 2000 vel
610 1945 1030 2016 pertinentibus,
1058 1945 1158 2000 sub
1180 1945 1424 2000 tuitionis
1453 1952 1508 2000 et
1527 1944 1780 1999 immuni-

194 2035 326 2090 tatis
351 2046 550 2091 nostra:
577 2034 910 2102 defensione,
941 2045 1149 2092 remota
1178 2037 1343 2092 totius
1362 2035 1662 2104 judiciarim
1687 2051 1782 2107 po-

194 2126 413 2181 testatis
461 2126 854 2195 inquietudine,
902 2125 1086 2196 quieto
1134 2126 1325 2182 ordine
1371 2127 1668 2197 possidere.
1715 2126 1784 2182 Et

193 2216 460 2287 quidquid
496 2216 562 2271 de
589 2215 828 2286 praefatis
857 2218 1019 2272 rebus
1049 2217 1366 2272 monasterii
1397 2217 1486 2288 jus
1523 2217 1639 2272 ﬁsci
1669 2216 1784 2271 exi-

194 2321 330 2378 gere
353 2315 591 2377 poterat,
633 2308 689 2362 in
725 2316 910 2363 nostra
935 2307 1274 2379 eleemosyna
1312 2308 1368 2362 in
1403 2309 1671 2379 integrum
1700 2308 1780 2362 ei-

198 2399 320 2454 dem
363 2400 730 2455 concessimus
768 2401 1129 2468 monasterio;
1172 2401 1380 2456 scilicet
1421 2409 1482 2456 ut
1522 2409 1783 2470 perpetuo

195 2499 438 2561 tempore
482 2492 551 2546 ad
590 2495 958 2564 peragendum
987 2493 1083 2549 Dei
1121 2494 1405 2550 servitium
1435 2501 1782 2564 augmentum

194 2593 252 2639 et
275 2585 709 2654 supplementum
742 2586 856 2641 ﬁat.
888 2588 956 2642 Et
990 2589 1208 2659 quando
1233 2590 1450 2660 quidem
1485 2589 1664 2645 divina
1691 2605 1784 2645 vo-

194 2677 414 2734 catione
454 2681 798 2751 supradictus
837 2681 1007 2738 abbas
1047 2683 1133 2738 vel
1177 2698 1522 2740 successores
1563 2681 1679 2752 ejus
1719 2683 1784 2739 de

194 2767 301 2823 hac
328 2768 447 2824 luce
472 2770 856 2843 migraverint,
887 2773 1126 2843 quandiu
1157 2774 1407 2828 monachi
1445 2773 1586 2828 inter
1613 2788 1670 2828 se
1705 2781 1786 2828 ta—

195 2855 279 2911 les
323 2858 565 2914 invenire
605 2861 902 2930 potuerint,
951 2861 1042 2931 qui
1093 2861 1265 2932 ipsam
1311 2861 1784 2932 congregationem

197 2949 497 3005 secundum
530 2952 772 3024 regulam
806 2954 981 3009 sancti
1010 2953 1287 3010 Benedicti
1327 2968 1516 3023 regere
1550 2953 1780 3020 valeant,

194 3057 295 3114 per
327 3043 468 3100 hanc
495 3055 738 3101 nostram
773 3048 1152 3103 auctoritatem
1181 3055 1238 3103 et
1262 3063 1586 3104 consensum
1615 3049 1786 3104 licen-

196 3135 334 3188 tiam
372 3135 606 3191 habeant
635 3136 868 3220 eligendi
911 3137 1164 3203 abbates;
1215 3147 1480 3208 quatenus
1509 3139 1608 3208 ipsi
1640 3139 1783 3194 servi

1883 1939 2204 2006 obcursum,
2237 1948 2331 1995 aut
2353 1939 2521 1995 ullum
2556 1955 2776 1996 censum
2795 1983 2810 2010 ,
2837 1952 2932 1998 aut
2954 1944 3122 1998 ullam
3150 1946 3470 2002 redhibitio-

1884 2045 2008 2086 nem
2027 2031 2275 2102 accipere
2301 2032 2386 2087 vel
2409 2040 2663 2088 exactare
2690 2045 2998 2104 praesumat.
3031 2036 3138 2093 Sed
3167 2038 3372 2093 licitum
3401 2041 3472 2095 sit

1884 2122 1965 2177 eis
2007 2123 2210 2192 absque
2249 2124 2478 2194 alicujus
2514 2127 2702 2182 illicita
2741 2131 3125 2185 contrarietate
3160 2131 3244 2187 vel
3283 2133 3470 2188 deten-

1884 2213 2054 2280 tione,
2084 2230 2183 2286 per
2208 2216 2349 2271 hanc
2374 2225 2618 2274 nostram
2660 2222 3069 2285 auctoritatem,
3105 2222 3352 2279 homines
3376 2225 3470 2294 qui

1883 2318 2068 2361 eorum
2097 2322 2262 2364 causa
2290 2310 2587 2378 praevidere
2616 2311 2844 2377 debent,
2882 2327 3006 2367 cum
3045 2312 3131 2368 his
3167 2329 3288 2384 quae
3321 2313 3473 2370 defe-

1883 2405 2032 2463 runt,
2058 2411 2156 2466 per
2183 2399 2498 2453 universum
2523 2400 2808 2470 imperium
2837 2411 3081 2458 nostrum
3111 2404 3281 2460 libere
3309 2413 3475 2476 atque

1884 2503 2076 2543 secure
2110 2488 2190 2542 ire
2217 2497 2272 2544 et
2302 2489 2498 2544 redire.
2529 2491 2595 2544 Et
2625 2491 2669 2546 si
2700 2491 2912 2561 aliquas
2945 2509 3126 2549 moras
3156 2495 3210 2548 in
3233 2496 3477 2565 quolibet

1884 2578 2005 2635 loco
2034 2579 2286 2646 fecerint,
2315 2590 2408 2634 aut
2434 2581 2638 2651 aliquid
2666 2583 2894 2638 mercati
2923 2583 3148 2651 fuerint,
3175 2595 3268 2640 aut
3291 2587 3477 2642 vendi-

1884 2668 2094 2737 derint,
2122 2671 2259 2726 nihil
2292 2673 2360 2727 ab
2385 2673 2464 2728 eis
2498 2688 2744 2742 prorsus,
2777 2682 2837 2729 ut
2861 2675 3067 2730 dictum
3093 2685 3203 2742 est,
3229 2678 3478 2749 exigatur

1885 2772 1980 2818 aut
2003 2772 2303 2819 exactetur.
2329 2764 2455 2820 Haec
2479 2781 2609 2821 vero
2634 2766 2932 2822 auctoritas
2960 2774 3143 2822 nostra
3168 2776 3229 2822 ut
3253 2769 3477 2840 diligen-

1884 2852 1996 2907 tius
2019 2851 2275 2908 credatur
2308 2853 2392 2908 vel
2415 2863 2792 2923 conservetur,
2823 2871 2944 2911 eam
2969 2856 3038 2910 de
3062 2856 3262 2913 annulo
3286 2847 3484 2914 nostro.

1885 2941 2110 3014 sigillari
2127 2941 2407 3011 jussimus.

1957 3036 2241 3092 Durandus
2263 3037 2524 3094 diaconus
2547 3038 2615 3094 ad
2631 3039 2805 3094 vicem
2821 3039 3140 3098 Helisachar
3161 3046 3472 3114 recognovi.

1956 3127 2160 3183 Data...
2192 3145 2334 3184 anno
2356 3129 2574 3186 Christo
2601 3133 2837 3203 propitio
2871 3134 2894 3186 1
2929 3135 3145 3204 imperii
3173 3136 3355 3191 domui
3375 3136 3479 3191 Lu-

196 3222 318 3291 Dei,
351 3224 441 3293 qui
472 3223 668 3281 ibidem
705 3204 816 3282 ﬁco
845 3225 1094 3282 famulari
1119 3204 1390 3292 vide—mur,
1419 3204 1700 3298 pro—nobis
1727 3233 1782 3282 ει
1809 3204 1854 3269 C
1886 3217 2062 3274 dovici
2090 3220 2423 3276 serenissimi
2455 3220 2716 3292 Augusti,
2750 3223 2938 3278 indict.
2968 3225 3022 3280 8.
3060 3224 3256 3281 Actum
3283 3227 3480 3297 Aquis-

197 3315 426 3389 conjuge
446 3318 705 3389 proleque
733 3327 943 3386 nostra,
973 3327 1028 3375 et
1054 3319 1348 3375 stabilitate
1379 3320 1542 3374 totius
1570 3319 1783 3390 imperii

198 3424 234 3465 a
270 3409 385 3465 Deo
419 3411 576 3466 nobis
604 3411 834 3478 conlati,
877 3419 933 3467 et
956 3410 1072 3480 ejus
1102 3411 1519 3467 clementissima
1555 3411 1784 3465 misera-

197 3503 350 3558 tione
377 3517 474 3574 per
499 3504 824 3559 immensum
863 3503 1256 3574 conservandi},
1302 3502 1515 3557 Domini
1554 3502 1789 3558 clemen-

199 3594 334 3649 tiam
358 3592 562 3666 jugiter
589 3609 817 3650 exorare
847 3595 1132 3650 delectent.
1165 3593 1315 3649 Hanc
1341 3594 1523 3663 itaque
1552 3593 1788 3650 auctori-

197 3692 390 3748 tatem,
435 3693 495 3740 ut
534 3683 832 3754 pleniorem
874 3685 930 3739 in
973 3684 1066 3740 Dei
1108 3684 1326 3739 nomine
1361 3683 1603 3739 obtineat
1643 3683 1790 3753 vigo-

199 3785 344 3839 rem,
373 3779 428 3828 et
452 3788 482 3827 a
506 3772 754 3830 ﬁdelibus
779 3782 977 3829 sancta
1002 3773 1097 3828 Dei
1124 3773 1380 3829 Ecclesiae
1409 3782 1462 3828 et
1488 3773 1690 3829 nostris
1715 3775 1791 3829 di-

198 3861 459 3934 ligentius
485 3871 857 3929 conservetur,
891 3879 1051 3917 manu
1087 3864 1304 3933 propria
1333 3864 1520 3918 subter
1551 3863 1784 3916 ﬁrmavi-

200 3971 348 4020 mus,
380 3963 436 4011 et
471 3955 652 4012 annuli
682 3955 852 4012 nostri
882 3956 1234 4027 impressione
1269 3956 1468 4027 signari
1501 3955 1784 4025 jussimus.

276 4048 413 4102 Data
438 4062 534 4102 xm
559 4046 676 4102 Kal.
706 4047 1040 4114 Decembris,
1079 4062 1221 4102 anno
1247 4047 1270 4100 1
1304 4047 1521 4101 Christo
1554 4046 1790 4116 propitio

199 4127 430 4208 imperii.
462 4125 673 4194 'domini
723 4137 982 4193 Ludovici
1034 4137 1366 4193 serenissimi
1413 4137 1787 4208 imperatoris,

199 4226 498 4284 indictione
526 4228 578 4283 8.
611 4225 808 4282 Actum
843 4227 1165 4300 Aquisgrani
1193 4227 1394 4298 palatio
1432 4228 1578 4300 regio
1606 4228 1662 4284 in
1696 4229 1792 4285 Dei

197 4319 425 4377 nomine
453 4318 698 4375 feliciter.
731 4319 924 4376 Amen.

931 4435 1067 4490 XIII.

496 4545 597 4588 Ριίο
629 4545 805 4588 EODEM
843 4545 1118 4588 CRASSENSI
1156 4544 1511 4586 IIONASTERIU.

824 4621 996 4694 (Anno
1024 4619 1173 4692 8M.)

439 4713 615 4787 [Apud
643 4713 704 4768 D.
738 4714 1030 4786 Bouquet.,
1059 4713 1215 4781 ibid.,
1245 4720 1306 4769 ut
1331 4714 1542 4786 supra.j

273 4803 336 4863 In
372 4806 591 4862 nomine
628 4805 841 4861 Domini
881 4805 980 4861 Dei
1019 4814 1075 4860 et
1113 4804 1412 4861 Salvatoris
1451 4805 1623 4862 nostri
1665 4804 1794 4863 Jesu

199 4897 433 4966 Christi,
463 4897 766 4954 Ludovicus
791 4898 975 4954 divina
1009 4898 1292 4956 ordinante
1322 4899 1660 4969 providentia
1687 4899 1791 4954 im-

198 4997 428 5059 perator
450 4989 746 5058 Augustus.

280 5081 545 5135 Omnibus
564 5081 850 5152 episcopis,
877 5081 1181 5146 abbatibus,
1207 5081 1456 5148 ducibus,
1479 5083 1790 5149 comitibus,

202 5171 454 5239 vicariis,
495 5174 840 5238 centenariis,
880 5174 1064 5228 missis
1099 5174 1528 5231 discurrentibus
1560 5175 1645 5230 vel
1679 5192 1796 5231 om-

203 5268 370 5323 nibus
405 5284 520 5323 reni
561 5269 831 5340 publicam
869 5268 1408 5336 administrantibus,
1451 5285 1548 5325 seu
1587 5272 1797 5326 caeteris

203 5359 460 5416 ﬁdelibus
496 5369 700 5416 sancta:
730 5360 828 5415 Dei
859 5359 1118 5416 Ecclesiae
1149 5369 1206 5415 et
1246 5362 1463 5427 nostris,
1507 5371 1694 5417 notum
1727 5364 1800 5418 sit

203 5450 338 5519 quia
379 5451 462 5504 vir
497 5451 822 5507 venerabilis
859 5451 1039 5506 Attala
1076 5451 1213 5506 abba
1250 5467 1318 5506 ex
1359 5454 1692 5510 monasterio
1734 5453 1796 5510 S.

206 5529 395 5596 Mariae
420 5543 645 5599 veniens
683 5546 753 5598 ad
785 5560 919 5613 nos,
951 5545 1272 5615 deprecatus
1305 5554 1388 5600 est
1423 5546 1797 5603 celsitudinem

206 5640 460 5688 nostram
501 5642 563 5688 ut
599 5635 775 5690 eidem
803 5635 1131 5691 monasterio
1164 5645 1220 5690 et
1260 5640 1663 5710 congregationi
1705 5640 1803 5696 ibi-

209 5725 336 5782 dem
379 5725 492 5781 Deo
532 5728 746 5800 degenti
793 5730 1270 5795 concessissemus,
1323 5740 1383 5786 ut
1426 5731 1491 5788 de
1535 5733 1710 5787 carris
1747 5741 1803 5787 et

211 5816 502 5890 sagmariis
527 5818 836 5876 necessaria
864 5819 1035 5891 ipsius
1055 5822 1371 5880 monasterii
1399 5823 1485 5879 vel
1514 5839 1803 5898 congrega-

1888 3311 2040 3382 grani
2063 3310 2268 3383 palatio
2293 3313 2444 3384 regio
2469 3313 2525 3368 in
2550 3312 2647 3369 Dei
2673 3317 2892 3372 nomine
2919 3313 3173 3375 feliciter.
3199 3317 3394 3376 Amen.

2608 3426 2749 3485 XIV.

2116 3531 2216 3574 PRO
2254 3532 2580 3575 CHRISTIANO
2616 3535 2940 3578 NEMAUSENSI
2977 3538 3248 3579 EPISCOPO.

2499 3610 2682 3684 (Anno
2711 3612 2869 3686 8H.)

1996 3698 2173 3770 [Apud
2211 3700 2492 3757 Baluzium
2512 3744 2527 3769 ,
2561 3702 2654 3759 lib.
2696 3719 2749 3758 1v
2780 3703 3029 3770 Miscell.,
3059 3721 3184 3777 pag.
3211 3705 3363 3779 420.]

1959 3790 2020 3844 In
2050 3792 2267 3848 nomine
2304 3793 2520 3848 Domini
2551 3794 2647 3850 Dei
2688 3804 2744 3849 et
2775 3794 3077 3850 Salvatoris
3125 3798 3298 3851 nostri
3346 3795 3475 3853 Jesu

1889 3879 2114 3949 Christi,
2143 3882 2446 3939 Ludovicus
2473 3884 2654 3939 divina
2675 3885 2962 3940 ordinante
2987 3885 3327 3957 providentia
3375 3889 3478 3944 im—

1888 3981 2112 4044 perator
2138 3973 2430 4046 Augustus.

1961 4064 2094 4121 Cum
2125 4067 2480 4136 petitionibus
2507 4069 2851 4124 sacerdotum
2874 4069 3039 4140 justis
3062 4079 3117 4127 et
3140 4071 3480 4129 rationabili-

1889 4159 1991 4216 bus
2026 4160 2192 4216 divini
2222 4161 2396 4218 cultus
2425 4177 2610 4218 amore
2640 4162 2909 4231 favemus,
2937 4180 3169 4236 superna
3206 4181 3306 4222 nos
3354 4181 3480 4237 gra-

1893 4254 1970 4309 tia
1995 4253 2196 4308 muniri
2219 4270 2325 4310 non
2357 4254 2708 4310 dubitamus:
2735 4255 2940 4311 idcirco
2974 4257 3187 4311 noverit
3234 4257 3476 4312 omnium

1893 4343 2130 4399 ﬁdelium
2154 4353 2484 4410 nostrorum,
2502 4353 2614 4399 tam
2636 4347 2982 4415 praesentium
3003 4363 3166 4417 quam
3194 4356 3249 4402 et
3268 4346 3478 4403 futuro-

1894 4449 2037 4502 rum,
2063 4434 2289 4501 utilitas,
2327 4436 2454 4506 quia
2483 4437 2570 4490 vir
2616 4438 2940 4494 venerabilis
2988 4439 3328 4496 Christianus
3381 4438 3481 4497 Ne-

1817 4568 1872 4628 Β
1896 4539 2083 4580 mausa
2123 4525 2344 4581 civitate
2387 4527 2677 4598 episcopus
2726 4528 2921 4582 obtulit
2958 4529 3234 4584 obtutibus
3274 4529 3477 4584 nostris

1898 4617 2293 4674 immunitatem
2322 4618 2505 4674 domui
2534 4628 2588 4675 et
2611 4620 2872 4693 genitoris
2897 4621 3070 4676 nostri
3099 4618 3275 4676 Caroli
3321 4621 3477 4676 bona:

1898 4709 2174 4765 memoriae
2217 4710 2448 4782 piissimi
2494 4710 2756 4782 Augusti,
2783 4711 2841 4766 in
2893 4727 2998 4781 qua
3044 4719 3163 4766 erat
3210 4711 3476 4766 insertum

1900 4803 2134 4874 qualiter
2160 4805 2302 4860 idem
2328 4804 2543 4876 genitor
2569 4811 2755 4859 noster
2782 4813 2838 4859 et
2888 4803 3315 4873 praedecessores
3359 4801 3478 4872 ejus

1900 4911 2056 4969 reges
2077 4898 2389 4967 praedictam
2415 4898 2617 4965 sedem,
2647 4912 2766 4967 qua:
2792 4904 2876 4951 est
2923 4898 2978 4952 in
3025 4898 3232 4952 honore
3274 4903 3481 4952 sancte

1901 4987 2086 5043 Mariae
2109 5003 2324 5058 semper
2354 4988 2581 5059 virginis
2633 5003 2729 5044 seu
2771 4995 2825 5043 et
2847 4987 3021 5043 sancti
3071 4986 3310 5043 Baudelii
3348 5001 3481 5042 con-

1900 5084 2128 5143 structa,
2157 5093 2267 5132 una
2295 5092 2419 5132 cum
2447 5077 2657 5133 cellulis
2693 5077 2935 5142 duabus,
2970 5091 3078 5132 una
3120 5091 3239 5146 quas
3281 5076 3480 5132 dicitur

1899 5165 2204 5238 Tornagus,
2233 5182 2354 5237 qua:
2383 5174 2466 5222 cst
2494 5175 2807 5223 constructa
2833 5169 2889 5223 in
2922 5169 3130 5224 honore
3155 5166 3328 5223 sancti
3359 5166 3480 5222 Ste-

1900 5258 2066 5329 phani
2087 5261 2531 5330 protomartyris,
2554 5267 2610 5316 et
2635 5260 2739 5315 alia
2764 5276 2884 5330 qua:
2924 5260 3122 5315 dicitur
3167 5258 3331 5314 Vallis
3358 5259 3480 5313 Fla-

1901 5353 2082 5419 viana,
2114 5368 2234 5423 quae
2263 5365 2348 5409 est
2372 5354 2426 5408 in
2452 5354 2657 5410 honore
2693 5355 2865 5414 sancti
2894 5354 3037 5410 Petri
3065 5353 3325 5424 principis
3351 5368 3480 5423 apo-

1903 5448 2167 5505 stolorum
2188 5456 2517 5516 constructa,
2533 5465 2630 5505 seu
2652 5458 2707 5505 et
2735 5448 2857 5504 aliis
2881 5447 3089 5505 cellulis
3114 5448 3314 5503 ibidem
3336 5445 3483 5517 aspi-

1902 5544 2192 5608 cientibus,
2229 5545 2298 5598 ob
2347 5558 2586 5598 amorem
2637 5542 2733 5597 Dei
2781 5541 3338 5612 tranquillitatemque
3373 5538 3483 5595 fra-

1903 5641 2048 5688 trum
2077 5649 2291 5703 semper
2315 5633 2415 5688 sub
2442 5633 2757 5705 plenissima
2785 5633 3015 5688 tuitione
3037 5640 3092 5687 et
3121 5627 3482 5686 immanitatis

1902 5725 2212 5782 defensione
2240 5725 2576 5780 habuissent.
2607 5724 2836 5794 Propter
2858 5722 3168 5778 ﬁrmitatem
3197 5729 3374 5774 tamen
3397 5719 3477 5772 rei

1902 5824 2059 5882 nobis
2091 5823 2385 5893 postulavit
2417 5821 2674 5893 praefatus
2721 5821 3005 5892 episcopus
3047 5815 3390 5876 Christianus
3416 5821 3478 5880 ut
