4048 6350
277 319 380 382 997
1413 329 1810 396 DIPLOMATA
1845 339 2398 406 ECCLESIASTICA.
3215 407 3218 410 .
3427 365 3530 427 998

271 440 488 514 prmfati
515 437 830 498 monasterii
857 439 911 500 in
943 461 1098 502 usum
1128 461 1284 504 suum
1331 452 1604 509 vindicent
1651 457 1852 526 absque
1878 465 1930 525 Α
1957 475 1984 513 a
2011 462 2190 532 vigilia
2215 466 2488 534 praeclara:
2519 467 2877 529 solemnitatis
2904 471 3046 532 beati
3079 472 3322 553 Dionysii
3351 499 3526 555 usque

277 533 504 555 ‘,,‘__,___
883 553 896 555 _
1061 538 1074 552 .
1150 550 1160 555 -
1333 553 1340 555 _
1445 546 1456 555 .
1975 550 1988 555 -

273 533 508 603 alicujus
527 535 903 604 inquietudine
927 545 982 593 et
1001 538 1200 608 iniusta
1217 546 1626 612 contrarietate,
1657 555 1762 602 tam
1783 566 1850 604 ex
1955 550 2081 606 dum
2109 533 2408 610 mercatum
2437 558 2604 628 ipsius
2627 561 2838 618 ﬁnitum
2873 565 3160 638 habeatur,
3199 533 3254 629 et
3287 533 3524 634 aucttiri-

271 627 704 698 negotiatoribns
725 627 1014 687 Saxonica:
1033 642 1091 688 et
1107 634 1426 692 Frisionicc
1449 641 1852 712 gentis,quam-
1953 651 2064 698 tate
2089 653 2146 698 et
2173 627 2471 718 praeceptis
2485 653 2570 706 avi
2603 655 2774 710 nostri
2799 657 3012 728 Pippini
3053 627 3326 733 quondam
3359 671 3525 742 regis,

272 733 376 742 ...--
412 726 461 742 -.
489 733 552 742 -_.
583 719 699 742 -|::-
749 723 989 742 ___.:.__-
1212 726 1253 742 .,
1323 727 1354 742 ι.
1487 731 1498 742 .
1697 731 1708 742 .
1787 731 1819 742 ..
2045 736 2058 742 -
2196 739 2207 742 -

267 733 380 789 que
407 719 702 776 etexaliis
741 723 993 794 gentibus
1033 741 1152 795 quae
1193 726 1266 782 de
1303 727 1530 785 diversis
1559 731 1852 802 provinciis
1949 743 2004 788 et
2027 736 2207 791 domui
2239 742 2497 809 genitoris
2531 747 2699 800 nostri
2729 719 3032 822 Caroli-pitu
3055 719 3334 814 memerita

265 821 326 868 et
347 814 644 870 territurus
669 816 800 873 illnc
825 833 896 874 eo
917 827 1161 891 tempore
1183 825 1496 894 negotiandi
1525 829 1852 882 conveniunt
1950 827 2169 894 ratoris,
2201 840 2492 903 nostraque
2515 839 2720 906 pariter
2751 814 3208 911 corroboratione,
3245 814 3526 919 quodcurn-

265 908 468 978 gratia,
497 924 708 966 necnon
729 920 792 966 et
819 911 888 967 de
911 915 1084 970 carris
1101 925 1162 970 et
1187 919 1416 974 navibus
1441 927 1498 975 et
1519 921 1732 976 creteris
1757 937 1850 978 ve-
1949 933 2054 989 Quo
2071 923 2280 990 acquiri
2313 933 2510 994 potest,
2565 930 2807 998 partibus
2857 935 3028 989 sancti
3079 908 3318 1009 Dionysii
3365 943 3518 1000 reddi

261 997 484 1065 hiculis,
513 1001 710 1070 quibus
735 1004 924 1060 vinum
955 1015 1016 1061 et
1039 1008 1154 1063 mel
1183 1017 1238 1063 et
1267 1010 1372 1064 alia
1409 1011 1670 1082 pleraque
1701 1027 1849 1068 com-
1947 1021 2108 1084 atque
2137 1015 2321 1072 haberi
2341 997 2578 1086 debeat,
2596 1031 2702 1078 tam
2725 1023 2792 1079 de
2811 1027 3098 1095 portatico,
3137 1039 3192 1086 et
3217 997 3521 1106 pontatico,

257 1092 468 1148 merci:
495 1093 626 1149 iluc
645 1095 1092 1156 admercandum
1135 1103 1512 1174 deportantur,
1547 1123 1641 1162 seu
1677 1110 1844 1164 etiam

251 1193 320 1239 et
341 1184 409 1239 de
431 1187 650 1242 cumtis
681 1187 810 1244 aliis
849 1193 1243 1261 mercimoni-is,
1269 1213 1390 1267 qua:
1427 1200 1542 1254 sive
1569 1201 1622 1254 in
1653 1203 1845 1257 eodem

257 1283 529 1340 utemur,
553 1276 666 1332 sive
695 1278 836 1334 intra
865 1280 1199 1339 Parisiorum
1233 1289 1444 1354 urbem,
1474 1291 1587 1345 sive
1615 1291 1670 1344 in
1722 1293 1846 1362 qui-

253 1363 498 1432 busliba
545 1367 666 1424 aliis
715 1371 877 1438 vittis,
909 1372 1172 1445 locisque,
1205 1387 1266 1433 et
1313 1383 1480 1452 agris,
1513 1384 1567 1437 in
1611 1387 1842 1442 circuitu

443 1467 720 1524 mercatus
743 1461 1150 1534 circumiectum
1179 1477 1306 1524 tunc
1335 1474 1590 1542 temporis
1622 1491 1653 1529 a
1675 1489 1841 1545 nege—

245 1549 550 1612 tiatoribus
602 1553 726 1608 illuc
773 1559 1217 1616 convenientibus
1263 1563 1418 1618 ﬁunt.
1471 1566 1545 1620 De
1593 1568 1842 1624 omnibus

245 1640 469 1696 scilicet
487 1643 852 1716 unicumque
889 1647 1056 1706 ﬁscus
1081 1651 1350 1708 teloneum
1389 1657 1604 1728 exigere
1642 1667 1836 1728 potest,

239 1751 418 1790 me
431 1735 708 1793 teloneum
731 1738 797 1794 ad
821 1739 1088 1812 integrum
1113 1759 1210 1814 per
1229 1746 1370 1801 hanc
1381 1757 1628 1804 nostram
1651 1755 1836 1805 aucto—

1945 1111 2000 1160 et
2029 1107 2256 1176 ripatico
2280 1150 2294 1172 ,
2326 1117 2379 1165 et
2409 1112 2656 1180 rotatico,
2687 1123 2740 1168 et
2765 1115 3096 1184 timonatico,
3127 1129 3183 1175 et
3207 1123 3520 1194 volutatico,

1945 1207 2000 1253 et
2015 1199 2339 1269 cispitatico,
2359 1211 2412 1257 et
2427 1204 2777 1273 pulveratico,
2795 1217 2848 1261 et
2869 1207 3140 1278 fortatico,
3159 1223 3212 1269 et
3229 1215 3519 1284 laudatico,

1947 1306 2010 1346 ac
2043 1293 2346 1360 salutatico,
2379 1312 2544 1368 quam
2569 1301 2734 1355 etiam
2787 1311 2841 1357 et
2889 1305 2955 1360 de
3001 1307 3225 1378 reliquis
3273 1313 3523 1369 omnibus

1941 1381 2329 1452 mercimoniis,
2360 1389 2504 1443 unde
2527 1389 2618 1444 iex
2645 1393 2858 1462 publica
2891 1395 3161 1454 teloneum
3211 1402 3353 1473 exigi
3397 1421 3526 1475 pos—

1943 1474 2015 1529 sit
2040 1475 2122 1531 vel
2149 1478 2360 1534 debeat.
2389 1479 2541 1537 Unde
2561 1499 2704 1540 nunc
2725 1501 2939 1559 quoque
2961 1494 3353 1562 comperientes
3379 1474 3522 1566 quod

1943 1567 2158 1636 quidam
2187 1571 2571 1640 praedictorum
2597 1589 2907 1634 nostrorum
2953 1582 3388 1640 ministerialium
3435 1604 3522 1644 su-

1939 1673 2036 1728 pra
2065 1659 2226 1716 dictis
2259 1665 2426 1735 regiis
2479 1669 2892 1728 auctoritatibus
2933 1677 3229 1732 temerario
3277 1692 3410 1733 ausu
3459 1681 3516 1736 in

1943 1750 2220 1808 reddendo
2277 1754 2360 1810 vel
2418 1757 2685 1828 exigendo
2737 1763 2926 1819 eodem
2985 1765 3194 1822 teloneo
3251 1771 3520 1826 contra-ire

247 1827 477 1882 ruam
495 1829 726 1899 prang
746 1873 760 1898 ,
783 1841 848 1887 ιιι
881 1834 1086 1890 dicam
1127 1847 1212 1893 εει
1231 1881 1244 1904 ,
1279 1841 1608 1897 conferimus
1653 1859 1838 1899 mona-
1863 1843 1914 1906 B
1941 1843 2282 1910 apertissima
2312 1827 2679 1920 refragatione
2709 1855 2983 1924 videntur,
3013 1859 3156 1916 hanc
3179 1871 3379 1918 nostra:
3426 1879 3522 1918 au—

247 1917 443 1984 sterio,
481 1928 540 1974 ut
560 1921 614 1975 in
641 1937 773 1978 usus
793 1930 1230 1998 congregationis
1259 1931 1458 1987 ibidem
1508 1933 1618 1989 Deo
1661 1935 1835 1991 famn—

251 2005 436 2074 lantis,
463 2019 521 2066 et
549 2011 836 2069 luminaria
875 2016 1044 2086 ipsius
1079 2021 1322 2076 ecclesiae
1347 2021 1742 2091 concinnanda,
1777 2027 1833 2083 in

241 2111 440 2160 nostra
505 2103 848 2176 eleemosyna
913 2112 1176 2180 perpetua
1239 2115 1412 2172 cedat.
1485 2115 1832 2186 P-raecipimus

241 2195 418 2252 etiam
447 2205 604 2268 atque
624 2199 874 2270 iubemus
905 2212 966 2257 ut
1001 2205 1182 2261 nullus
1207 2205 1448 2262 ﬁdelium
1493 2219 1828 2276 nostrorum,

241 2303 356 2344 nec
387 2290 611 2358 quilibet
635 2301 864 2346 exactor
904 2293 1204 2364 iudiciariae
1255 2299 1560 2367 potestatis,
1595 2299 1830 2370 aliquam

241 2382 688 2437 contrarietatem
707 2393 810 2438 aut
823 2385 1252 2454 inquietudinem
1279 2389 1344 2444 de
1377 2391 1570 2445 eodem
1617 2392 1830 2448 teloneo

237 2481 440 2528 contu
467 2483 707 2530 rectores
734 2475 902 2547 ipsius
927 2480 1238 2534 monasterii
1265 2480 1491 2550 ejusque
1527 2497 1826 2553 congrega-

237 2560 415 2618 tionis
433 2565 504 2618 ab
523 2565 790 2624 hodierno
809 2567 899 2623 die
927 2576 981 2624 et
1009 2577 1252 2640 tempore
1295 2570 1480 2628 facere
1533 2582 1626 2628 aut
1670 2590 1829 2646 gene-

247 2667 374 2708 rare
401 2665 840 2724 praisumatgnec
875 2659 1023 2714 illum
1053 2675 1278 2738 censum
1316 2679 1475 2733 quem
1509 2665 1586 2738 [a]
1621 2665 1828 2722 Soana-

241 2745 428 2802 childs
457 2755 512 2801 et
537 2747 798 2804 Gertiredo
824 2751 1021 2807 comite
1043 2731 1469 2822 supe-raddi—tum,
1491 2731 1602 2812 ei;
1631 2759 1827 2814 domno

235 2847 304 2894 et
331 2839 578 2909 genitore
601 2851 790 2897 nostro
810 2841 1118 2899 abdicatum
1141 2853 1254 2912 est,
1273 2862 1378 2902 nec
1423 2847 1588 2903 alium
1639 2863 1828 2920 quem-

235 2928 627 2987 iibet-censum
657 2934 1088 3004 negotiatoribus
1115 2937 1241 2993 illuc
1271 2941 1717 2996 convenientibus
1739 2957 1828 2996 su-

241 3022 544 3094 peraddere
583 3026 780 3080 audeat
811 3045 824 3080 :
859 3028 954 3084 sed
995 3037 1203 3086 remoto
1231 3031 1398 3088 totius
1439 3033 1827 3104 inquietudinis

241 3111 632 3183 impedimento
645 3125 710 3171 et
734 3119 1146 3176 temerariorum
1167 3121 1448 3178 hominum
1499 3141 1632 3180 ausu
1652 3167 1665 3192 ,
1697 3141 1824 3197 pars

241 3195 492 3276 praedicti
519 3210 830 3282 monasterii
859 3224 960 3282 per
983 3211 1127 3268 hanc
1169 3222 1408 3269 nostram
1446 3195 1824 3273 auctoritatem
1849 3207 1896 3274 C

235 3297 451 3351 nostris
477 3307 534 3352 et
551 3298 756 3356 futuris
781 3305 1117 3372 temporibus
1139 3305 1191 3360 in
1217 3307 1486 3380 integrum
1511 3310 1564 3363 in
1593 3309 1826 3365 eleemo-

233 3401 380 3459 syna
409 3395 592 3444 nostra
621 3393 904 3460 praefatum
932 3395 1202 3452 teloneum
1257 3399 1505 3470 accipiat.
1539 3399 1691 3457 Hanc
1721 3403 1823 3456 ita-

241 3495 351 3550 que
389 3483 788 3552 auctoritatem,
819 3495 880 3541 ut
925 3475 1136 3544 ﬁrmior
1189 3491 1244 3545 in
1291 3491 1395 3548 Dei
1451 3493 1668 3550 nomine
1723 3511 1824 3566 per

245 3571 416 3624 multa
463 3587 724 3630 annorum
771 3577 1044 3635 curricula
1091 3581 1374 3651 habeatur,
1405 3593 1462 3640 et
1497 3601 1527 3639 a
1571 3587 1824 3651 ﬁdelibus

231 3665 840 3724 sanctae-Dei-Ecelesise
879 3679 937 3726 et
971 3675 1180 3729 nostris
1231 3675 1423 3731 melius
1471 3678 1725 3734 credatur
1769 3687 1820 3736 et

237 3755 556 3829 diligentius
577 3772 948 3832 conservetur,
979 3783 1142 3823 manu
1177 3771 1397 3840 propria
1435 3771 1822 3826 eubterlirma-

235 3851 444 3920 vimus,
471 3863 526 3910 et
552 3855 734 3913 annuli
767 3859 942 3916 nostri
977 3861 1334 3933 impressione
1383 3865 1599 3936 signare
1652 3866 1819 3936 jussi-

237 3959 380 4008 πως.
1363 4003 1368 4006 .

311 4039 537 4112 Signum
573 4045 754 4102 domui
783 4047 1048 4106 Ludovici
1093 4053 1424 4111 serenissimi
1453 4056 1814 4128 imperatoris.

309 4127 627 4190 Helisachar
655 4141 961 4212 recognovi.

297 4219 442 4276 Data
465 4221 591 4279 Kal.
609 4225 950 4306 Decembris,
978 4249 1119 4289 anno
1145 4235 1378 4308 propitio
1393 4237 1615 4295 Christo
1635 4241 1816 4311 primo

235 4309 448 4381 imperii
495 4315 674 4372 domui
727 4319 984 4378 Ludovici
1025 4328 1356 4384 serenissimi
1397 4309 1653 4403 Augusti,
1676 4333 1818 4388 indi-

225 4405 416 4459 ctione
443 4406 494 4460 7.
522 4407 716 4464 Actum
745 4409 1067 4492 Aquisgrani
1095 4417 1301 4488 palatio
1329 4421 1478 4494 regio
1510 4423 1567 4478 in
1607 4423 1701 4480 Dei
1725 4423 1838 4480 no-'

231 4497 382 4554 mine
403 4497 655 4558 feliciter.
673 4503 870 4562 Amen.
1769 4527 1772 4530 ’

949 4601 1097 4658 xvi.
1835 4593 1892 4672 li

490 4721 557 4763 DE
591 4724 840 4769 NUNDINIS
875 4729 1202 4774 IONASTERII
1241 4732 1558 4776 DIONYSIANI.

841 4822 1014 4896 (Anno
1045 4825 1195 4900 8H.)
1303 4903 1308 4908 .
1685 4850 1688 4882 :

653 4983 656 4986 ἢ
699 4909 876 4984 [Apud
897 4915 1120 4984 eosdem
1138 4917 1357 4992 ,-ibid.]l.
1573 4935 1600 4944 ··

293 4997 360 5062 In
387 4997 604 5080 nomine
639 4998 854 5066 Domini
889 5007 998 5064 .Dei
1027 5017 1082 5063 et
1131 5009 1428 5068 Salvatoris
1463 5011 1640 5072 nostri
1679 5009 1808 5070 Jesu

223 5083 452 5160 Christi,
483 5093 791 5160 mdovicus
817 5098 1000 5166 divina
1027 5101 1810 5174 ordinanteprovidentiaJm-

223 5191 448 5254 perator
477 5186 772 5259 Augustus,
815 5188 1020 5260 Begoni
1047 5191 1252 5258 illustri
1279 5194 1503 5260 comiti,
1537 5205 1602 5258 et
1626 5196 1805 5262 omni-

219 5272 755 5340 bussuweuoribns
767 5279 888 5334 stuic
923 5282 1364 5350 nuntiantibus-ot
1387 5283 1608 5350 fluuiis.
1641 5293 1806 5356 alque

1939 1935 2211 1991 ctoritat-is
2257 1939 2562 1998 chartulam
2603 1958 2903 2005 memorato
2933 1961 3120 2008 sancto
3145 1953 3262 2010 loco
3297 1955 3518 2028 ejusque

1937 2027 2240 2085 rectoribus
2275 2031 2451 2088 denuo
2479 2033 2598 2090 ﬁeri
2615 2037 2902 2107 iussimus,
2933 2059 3030 2113 per
3075 2046 3218 2116 quod
3247 2049 3368 2103 viva
3408 2027 3521 2117 jus-

1935 2117 2088 2174 sione
2135 2121 2288 2178 vobis
2339 2132 2393 2179 et
2434 2128 2688 2183 omnibus
2742 2136 3148 2190 successoribus
3189 2140 3386 2194 vestris
3427 2155 3521 2194 ex-

1934 2199 2133 2280 presse.
2155 2216 2520 2288 praecipimus,
2557 2231 2824 2292 quatenus
2859 2229 3117 2296 praedicta
3153 2230 3240 2286 lex
3269 2241 3322 2288 et
3351 2235 3512 2306 regia:

1931 2303 2274 2360 auctoritatis
2321 2309 2598 2365 decretum
2653 2329 2682 2368 a
2737 2317 2952 2372 nemine
2987 2335 3258 2390 quoquam
3301 2303 3512 2382 vestro—

1927 2409 2054 2450 rum
2103 2406 2266 2468 atque
2309 2417 2682 2462 successorum
2711 2419 3016 2467 vestrorum
3049 2415 3237 2472 violari
3277 2434 3514 2490 unquam

1923 2499 2306 2557 prmsumatur,
2335 2495 2474 2550 sicut
2510 2499 2575 2552 de
2604 2501 2700 2554 Dei
2729 2508 2782 2555 et
2808 2512 2992 2558 nostra
3042 2508 3216 2575 gratia
3265 2511 3467 2568 curatis
3497 2551 3510 2576 ,
3547 2507 3550 2512 ’

1931 2586 2036 2634 etc.
2089 2579 2160 2636 Ut
2205 2592 2384 2638 autem
2436 2587 2551 2643 haec
2603 2594 2920 2647 tractatoria
2965 2597 3166 2651 nostris
3213 2597 3516 2670 futurisque

1927 2675 2262 2743 temporibus
2291 2681 2473 2733 verius
2499 2683 2771 2750 credatur,
2807 2693 2862 2740 et
2892 2685 3137 2744 devotius
3183 2705 3213 2742 a
3259 2691 3413 2746 vobis
3455 2701 3509 2748 et

1929 2771 2334 2825 successoribus
2381 2773 2577 2828 vestris
2607 2776 2909 2858 obediatur‘,
2954 2778 3267 2838 dc'annulo
3323 2791 3511 2839 nostro

1929 2859 2113 2914 subter
2133 2877 2250 2916 eam
2272 2861 2535 2931 jussimus
2563 2867 2809 2939 sigillari.
2887 2863 2890 2866 ’

1997 2949 2111 3022 Ego
2135 2951 2456 3009 Helisacbar
2479 2961 2796 3030 recognovi.

2639 3071 2796 3128 XVII.

2333 3195 2452 3238 PRO
2489 3197 2678 3244 ιιωοιιι
2719 3198 3072 3250 IONASTEMD.

2545 3273 2718 3345 (Anno
2747 3274 2896 3347 814.)

1923 3356 2104 3432 [Apud
2141 3361 2206 3416 D.
2237 3359 2714 3444 Bouquct.,_ibid.,
2745 3383 2866 3438 pag.
2913 3367 3039 3444 468,
3061 3383 3130 3426 ex
3175 3368 3510 3436 mm

2396 3437 2636 3508 ejusdem
2670 3437 3033 3516 menasterii.]

1989 3520 2300 3582 Ludovncus
2345 3526 2440 3582 Dei
2491 3529 2776 3586 ordinante
2823 3534 3166 3606 providentia
3211 3537 3508 3612 imperator

1923 3617 2216 3688 Augustus.

1995 3703 2053 3766 Si
2085 3727 2210 3780 erga
2251 3712 2372 3772 loca
2411 3715 2618 3786 divinis
2651 3715 2886 3792 cultibus
2927 3721 3234 3800 mancipata
3279 3733 3504 3800 propter

1924 3817 2162 3857 amorem
2190 3803 2286 3858 Dei
2329 3806 2554 3876 ejusque
2581 3807 2635 3860 in
2684 3809 2890 3866 eisdem
2933 3811 3070 3880 locis
3117 3812 3506 3886 famulantibus

1922 3901 2220 3962 opportuna
2267 3895 2549 3966 largimur,
2597 3899 2883 3968 praemium
2935 3902 3099 3960 nobis
3149 3904 3290 3972 apud
3331 3904 3498 3962 Deum

1921 3993 2136 4040 attenta:
2206 3989 2658 4044 remunerationis
2724 3994 2946 4066 rependi
3009 4009 3122 4054 non
3184 3996 3495 4058 diuidimus.

1921 4077 2154 4134 Proinde
2216 4080 2510 4150 comperiat
2553 4082 2798 4152 omnium
2837 4083 3080 4160 ﬁdelium
3141 4097 3346 4146 sancta:
3403 4088 3500 4162 Dei

1921 4171 2194 4239 Ecclesiae,
2220 4180 2326 4228 tam
2361 4175 2712 4244 praesentium
2749 4192 2923 4248 quam
2969 4180 3133 4236 etiam
3159 4177 3496 4250 futurorum,

1921 4261 2209 4332 industria,
2261 4267 2388 4336 quia
2434 4267 2518 4320 vir
2545 4269 2874 4324 venerabilis
2893 4270 3204 4348 Illieremias
3247 4272 3386 4332 abba
3431 4288 3498 4330 cx

1921 4357 2253 4412 monasterio
2300 4357 2357 4412 S.
2391 4357 2608 4414 Martini
2640 4359 2883 4428 majoris,
2925 4361 3069 4432 quod
3113 4371 3197 4417 est
3253 4372 3500 4418 constru-

1921 4456 2065 4504 ctum
2091 4465 2258 4520 prope
2285 4451 2487 4507 Turon.
2526 4451 2800 4508 civitatem
2833 4471 2996 4526 super
3019 4457 3230 4512 alveum
3257 4455 3463 4528 Ligeris
3481 4497 3496 4524 ,

1920 4543 2116 4600 obtulit
2152 4545 2429 4602 obtutibus
2469 4548 2671 4604 nostris
2717 4549 3094 4620 auctoritatem
3143 4551 3499 4606 immunitatis

1919 4636 2102 4692 domui
2129 4645 2185 4691 et
2209 4638 2465 4708 genitoris
2489 4640 2660 4695 nostri
2691 4641 2844 4698 bona:
2869 4643 3146 4697 memoria:
3166 4641 3342 4700 Caroli
3367 4642 3500 4712 piis-

1917 4731 2042 4788 simi
2089 4731 2338 4804 Augusti,
2384 4735 2438 4788 in
2471 4751 2577 4806 qua
2605 4744 2726 4792 erat
2770 4737 3034 4796 insertum
3074 4733 3305 4806 qualiter
3349 4733 3490 4790 idem

1913 4824 2129 4898 genitor
2159 4833 2345 4880 noster
2389 4827 2640 4886 eumdem
2685 4827 3069 4888 nionasterium
3091 4865 3107 4892 ,
3143 4826 3214 4882 ob
3251 4839 3490 4898 amorem

1916 4903 2009 4976 Dei
2067 4918 2624 4992 tranquillitatemque
2663 4918 2896 4976 fratrum
2955 4920 3154 4976 ibidem
3202 4918 3498 4990 consisten-

1916 5009 2070 5076 tium,
2099 5025 2313 5080 semper
2337 5013 2434 5066 sub
2461 5011 2774 5079 plenissima
2795 5011 3023 5068 tuitione
3045 5019 3102 5080 et
3137 5010 3494 5068 immunitatis

1911 5099 2224 5158 defensione
2261 5100 2556 5170 consistere
2581 5101 2819 5160 fecisset.
2859 5101 2966 5160 Sed
2997 5118 3098 5176 pro
3113 5101 3200 5158 rei
3233 5100 3494 5160 ﬁrmitate

1909 5193 2198 5264 postulavit
2225 5194 2380 5250 nobis
2403 5195 2694 5264 praedictus
2717 5195 2856 5266 abba
2879 5203 2943 5260 ,ut
2967 5203 3256 5268 paternum
3285 5209 3491 5250 morem

1909 5273 2617 5356 sequentes,bujuscemodi
2643 5297 2846 5344 nostrae
2885 5287 3246 5346 immanitatis
3293 5303 3493 5364 praece-

219 5365 306 5424 rei
323 5366 552 5438 muliere
567 5369 1120 5440 adniinistratoribus,
1149 5373 1266 5430 sive
1283 5375 1634 5438 exactoribus
1653 5375 1808 5436 infra
1905 5386 2058 5449 ptum
2086 5379 2156 5434 ob
2191 5395 2434 5436 amorem
2463 5379 2557 5436 Dei
2601 5389 2658 5436 et
2703 5381 3066 5454 reverentiam
3104 5380 3273 5440 divini
3313 5380 3492 5452 cultus

215 5470 423 5530 pagum
463 5459 808 5520 Parisiacum
837 5461 1052 5526 temnes
1097 5464 1490 5538 recipientibus
1511 5507 1528 5534 ,
1579 5483 1678 5526 seu
1719 5467 1804 5526 bis

216 5549 478 5606 omnibus
509 5552 602 5622 qui
630 5551 772 5608 infra
815 5553 1066 5610 eumdem
1099 5571 1298 5626 pagum
1341 5555 1574 5614 honores
1603 5559 1803 5634 habere

217 5637 496 5696 videntur.

290 5729 492 5790 Notum
513 5735 668 5792 vobis
695 5753 814 5794 esse
839 5739 1110 5808 credimus
1133 5749 1188 5795 et
1213 5749 1402 5798 notum
1429 5741 1656 5802 facimus
1676 5760 1803 5814 qua—

218 5817 348 5890 liter
375 5841 536 5886 omne
576 5827 848 5885 teloneum
878 5829 943 5888 de
987 5831 1398 5903 quibuscunque
1435 5831 1804 5894 mercimoniis

1911 5485 2040 5542 erga
2088 5472 2262 5542 ipsum
2307 5473 2697 5538 monasterium
2739 5475 2856 5530 ﬁeri
2907 5489 3270 5546 censeremus.
3325 5471 3489 5544 Cujus

1907 5564 2158 5632 petitioni
2183 5563 2418 5620 libenter
2455 5581 2736 5624 assensum
2765 5566 3117 5645 praebuimus,
3147 5571 3203 5622 et
3251 5565 3355 5642 hoc
3387 5580 3488 5634 uo-

1907 5662 2036 5710 strze
2061 5657 2370 5714 autoritatis
2391 5669 2738 5732 praeceptum,
2769 5659 3132 5720 immanitatis
3169 5665 3333 5732 attice
3383 5654 3488 5712 tui—

1910 5747 2074 5802 tionis
2095 5749 2290 5818 gratia,
2327 5766 2423 5820 pro
2453 5751 2724 5806 ﬁrmitatis
2751 5752 2927 5810 studio
2953 5760 3008 5806 et
3050 5750 3245 5804 animae
3287 5753 3486 5802 nostrae

1910 5837 2274 5897 emolumento
2295 5841 2412 5900 ﬁeri
2439 5847 2775 5905 decrevimus
2808 5867 2820 5902 :
2843 5861 2942 5918 per
2969 5841 3113 5910 quod
3137 5835 3492 5922 praecipimus
