4048 6350
549 390 551 392 ’
583 407 688 474 999

1683 402 2004 470 LUDOVICI
2041 405 2062 463 ι
2098 403 2570 465 COGNOMENTO
2604 407 2690 465 PII

3703 403 3851 462 1000

581 526 1008 602 atquejubemus
1033 533 1096 582 ut
1114 524 1292 582 nullus
1307 525 1474 597 judex
1498 526 1766 596 publicus,
1800 540 1975 595 neque
2008 522 2155 594 quis-
2181 521 2235 580 Α
2257 522 2343 578 nis
2370 523 2564 590 nostri,
2594 531 2654 578 ut
2676 532 2906 580 matrem
2925 521 3209 579 ecclesiam
3240 520 3414 593 ipsius
3439 521 3699 588 civitatis,
3725 539 3850 594 qua

578 623 714 679 libet
738 637 806 677 ex
842 620 1135 692 judiciaria
1161 627 1447 690 potestate,
1476 627 1570 675 aut
1620 620 1761 675 ullus
1789 635 1857 674 ex
1903 617 2152 672 ﬁdelibus

578 713 806 780 nostris,
835 721 945 767 tam
988 711 1349 782 praesentibus
1379 727 1542 781 quam
1581 721 1635 766 et
1681 711 1874 766 futuris
1903 709 1959 764 in
1987 707 2157 764 eccle-

579 807 689 863 sias
719 812 813 860 aut
862 803 978 860 loca
1013 802 1098 857 vel
1133 818 1312 874 agros,
1344 819 1438 858 seu
1468 803 1706 873 reliquas
1750 801 2152 874 possessiones,

577 914 714 970 quas
734 897 996 954 moderno
1020 903 1262 965 tempore
1291 896 1348 950 in
1377 895 1704 965 quibuslibet
1735 895 1890 966 pagis
1915 902 1971 949 et
1995 893 2156 947 terri-

580 990 736 1046 toriis
760 987 900 1043 infra
929 986 1189 1042 ditionem
1239 986 1450 1055 imperii
1487 985 1655 1040 nostri
1700 984 1958 1056 possidet,
2001 981 2156 1050 quid-

579 1080 708 1150 quid
740 1078 938 1134 ibidem
964 1085 1184 1148 propter
1196 1091 1464 1132 summum
1493 1091 1734 1131 amorem
1759 1075 2012 1130 collatum
2034 1073 2153 1139 fuit,

579 1176 806 1242 quaeque
831 1169 994 1225 etiam
1023 1168 1276 1237 deinceps
1311 1169 1366 1222 in
1401 1167 1525 1237 jure
1558 1167 1730 1238 ipsius
1761 1167 1936 1222 sancti
1983 1165 2088 1220 loci
2125 1179 2156 1219 a

577 1265 691 1319 Deo
704 1247 926 1335 [Deum]
953 1260 1266 1317 timentibus
1294 1260 1605 1316 hominibus
1641 1260 1842 1314 ibidem
1872 1259 2047 1328 pietas
2068 1255 2154 1311 di-

576 1355 702 1410 vina
732 1354 964 1409 voluerit
991 1353 1198 1424 augeri,
1226 1353 1295 1408 ad
1315 1367 1510 1407 causas
1543 1351 1861 1416 audiendas,
1889 1350 1974 1406 vel
2003 1349 2155 1405 freda

576 1444 861 1516 exigenda,
888 1453 981 1499 aut
1017 1444 1327 1500 mansiones
1347 1443 1431 1499 vel
1476 1450 1697 1514 paratas
1723 1442 2031 1508 faciendas,
2063 1449 2158 1496 aut

577 1536 921 1606 ﬁdeiussores
961 1536 1244 1601 tollendos,
1288 1544 1381 1591 aut
1416 1537 1662 1592 homines
1686 1535 1855 1606 ipsius
1884 1543 2158 1590 monaste-

577 1631 666 1696 rii,
697 1639 808 1685 tam
833 1630 1094 1700 ingenuos
1138 1644 1303 1699 quam
1349 1636 1405 1684 et
1449 1643 1658 1694 servos,
1709 1643 1873 1698 super
1916 1628 2155 1698 ejusdem

578 1732 779 1778 terram
807 1729 1212 1778 commanentes
1237 1720 1655 1790 distringendos,
1696 1732 1797 1774 nec
1820 1719 1957 1773 ullas
1981 1718 2158 1772 redhi-

2254 622 2338 670 est
2361 615 2417 670 in
2437 613 2643 671 honore
2667 624 2977 671 sanctorum
3001 612 3144 670 Justi
3160 621 3215 669 et
3241 613 3504 677 Pastoris,
3527 613 3614 668 vel
3638 623 3848 669 sancta:

2255 704 2438 761 Maria:
2463 721 2678 778 semper
2701 705 2948 778 virginis,
2976 721 3101 762 cum
3128 705 3464 761 monasterio
3485 705 3661 760 sancti
3686 705 3843 760 Pauli

2253 796 2617 864 confessoris,
2668 797 2759 853 ubi
2802 797 2917 870 ipse
2968 805 3190 853 sanctus
3242 812 3473 868 corpore
3525 797 3842 866 requiescit,

2255 888 2399 958 quod
2425 899 2511 945 est
2542 897 2916 946 constructum
2949 891 3093 946 haud
3125 888 3315 960 procul
3345 890 3416 944 ab
3453 889 3646 944 eadem
3685 889 3846 954 urbe,

2255 998 2378 1037 cum
2424 983 2673 1038 omnibus
2709 985 2968 1040 modemo
3001 992 3247 1056 tempore
3279 984 3385 1040 sibi
3418 981 3704 1051 subjectis,
3746 982 3846 1038 sub

2255 1082 2444 1129 nostra
2471 1073 2781 1132 defensioue
2804 1084 2860 1131 et
2889 1076 3247 1132 immunitatis
3276 1077 3511 1132 tuitione
3536 1076 3846 1131 consistere

2255 1161 2580 1221 faceremus.
2629 1164 2793 1235 Cujus
2818 1167 3072 1237 precibus
3108 1168 3177 1224 ob
3207 1182 3452 1223 amorem
3478 1167 3574 1222 Dei
3606 1176 3663 1221 et
3693 1180 3848 1221 reve-

2256 1260 2486 1315 rentiam
2517 1261 2830 1317 earumdem
2855 1270 3168 1317 sanctorum
3203 1277 3387 1316 aurem
3423 1259 3848 1315 accommodare

2255 1348 2432 1419 libuit,
2482 1361 2537 1408 et
2585 1353 2690 1408 hoc
2734 1360 2936 1410 nostra:
2983 1354 3325 1409 auctoritatis
3364 1352 3847 1422 immunitatisque

2255 1450 2584 1513 praeceptum
2608 1459 2736 1515 erga
2760 1446 3004 1501 eamdem
3030 1445 3317 1501 ecclesiam
3339 1443 3552 1510 facere;
3575 1459 3683 1516 per
3706 1444 3846 1514 quod

2259 1534 2598 1590 decernimus
2641 1545 2802 1606 atque
2841 1537 3090 1606 jubemus
3136 1545 3196 1590 ut
3243 1550 3405 1590 nemo
3450 1551 3514 1590 ex
3551 1533 3846 1604 judiciaria

2257 1634 2546 1698 potestate,
2581 1644 2682 1684 nec
2711 1629 2850 1685 ullus
2868 1645 2935 1685 ex
2964 1629 3209 1685 ﬁdelibus
3233 1629 3438 1685 nostris
3467 1629 3525 1684 in
3552 1628 3844 1694 ecclesias,

2259 1730 2354 1776 aut
2383 1722 2522 1789 loca,
2555 1723 2640 1776 vel
2671 1737 2852 1793 agros,
2882 1731 2975 1777 aut
3010 1722 3248 1793 reliquas
3278 1722 3689 1794 possessiones,
3717 1736 3849 1791 quas

571 1815 806 1871 bitiones
862 1823 955 1869 aut
1000 1813 1216 1868 illicitas
1262 1811 1577 1867 occasiones
1625 1810 2010 1880 requirendas,
2060 1825 2155 1865 no-
2182 1881 2215 1884 _
2258 1813 2516 1882 praesenti
2547 1821 2790 1884 tempore
2833 1813 3095 1884 possidet,
3142 1813 3227 1868 vel
3256 1829 3324 1868 ea
3350 1828 3473 1883 quae
3503 1813 3772 1882 deinceps
3796 1813 3844 1868 in

573 1906 704 1960 stris
734 1920 836 1962 nec
857 1904 1055 1959 futuris
1105 1903 1442 1974 temporibus
1469 1901 1680 1972 ingredi
1707 1900 1926 1966 audeat,
1964 1900 2050 1955 vel
2089 1915 2153 1954 ea
2182 1881 2230 1942 Β
2250 1881 2375 1972 jure
2403 1910 2563 1972 atque
2588 1881 2854 1973 potestate
2877 1904 3041 1974 ipsius
3065 1903 3308 1959 ecclesia:
3332 1881 3513 1960 divina
3542 1881 3729 1975 pietas
3756 1919 3846 1958 vo-

573 2011 694 2066 quae
723 2010 884 2064 supra
907 2002 1205 2049 memorata
1263 2001 1408 2058 sunt,
1446 1991 1662 2061 penitus
1692 1990 1910 2062 exigere
1953 2005 2158 2059 praesu-

573 2095 706 2140 mat.
742 2085 851 2140 Sed
875 2085 1035 2140 liceat
1067 2084 1292 2154 przefato
1343 2083 1526 2139 abbati
1567 2081 1792 2151 suisque
1831 2082 2158 2136 successori-

571 2174 674 2231 bus
701 2190 790 2229 res
810 2172 1050 2242 ejusdem
1094 2173 1428 2239 monasterii,
1457 2187 1580 2228 cum
1616 2172 1778 2226 rebus
1807 2171 1893 2226 vel
1923 2171 2157 2226 homini-

569 2265 674 2322 bus
695 2265 894 2321 ibidem
933 2265 1322 2336 aspicientibus
1351 2264 1436 2319 vel
1464 2264 1884 2333 pertinentibus,
1919 2263 2019 2319 sub
2056 2263 2158 2317 tui-

574 2357 739 2412 tionis
767 2366 929 2426 atque
960 2356 1315 2412 immunitatis
1341 2364 1541 2413 nostrae
1566 2356 1880 2411 defensione
1897 2397 1911 2421 ,
1949 2364 2156 2411 remota

573 2449 742 2504 totius
779 2446 1085 2518 iudiciariae
1105 2450 1391 2521 potestatis
1433 2449 1824 2519 inquietudine,
1857 2449 2042 2519 quieto
2068 2465 2156 2505 or-

572 2542 700 2598 dine
720 2542 1018 2614 possidere.
1042 2542 1111 2597 Et
1131 2542 1391 2612 quidquid
1418 2542 1484 2598 de
1509 2541 1750 2612 praefatis
1786 2542 1946 2596 rebus
1967 2556 2154 2596 mona-

572 2632 725 2689 sterii
749 2634 838 2704 jus
864 2619 981 2688 fisci
1010 2634 1223 2706 exigere
1247 2641 1480 2705 poterat,
1515 2633 1570 2688 in
1603 2642 1788 2689 nostra
1815 2634 2154 2706 eleemosyna

571 2723 630 2780 in
656 2724 926 2795 integrum
953 2724 1130 2780 eidem
1169 2725 1540 2780 concessimus
1566 2726 1920 2792 monasterio,
1947 2724 2154 2780 scilicet

573 2824 635 2870 ut
661 2824 922 2886 perpetuo
948 2825 1190 2886 tempore
1235 2816 1304 2870 ad
1342 2815 1710 2887 peragendum
1738 2816 1834 2872 Dei
1871 2817 2154 2872 servitium

574 2916 923 2977 augmentum
971 2916 1027 2962 et
1069 2908 1500 2978 supplementum
1545 2907 1662 2972 ﬁat,
1713 2915 1979 2977 quatenus
2023 2908 2153 2978 ipsis

575 2998 748 3053 servis
777 2997 893 3066 Dei,
920 3000 1011 3069 qui
1062 2997 1260 3055 ibidem
1309 2999 1421 3054 Deo
1457 2999 1708 3054 famulari
1750 3000 2023 3066 videntur,
2052 3015 2153 3070 pro

575 3088 732 3143 nobis
761 3096 815 3144 et
836 3087 1064 3160 conjuge
1099 3089 1358 3159 proleque
1385 3099 1590 3155 nostra,
1637 3097 1693 3144 et
1734 3088 2026 3145 stabilitate
2072 3097 2154 3145 to-

573 3180 681 3236 tius
710 3181 923 3251 imperii
967 3197 1000 3236 a
1029 3180 1141 3237 Deo
1167 3181 1325 3237 nobis
1365 3181 1568 3248 collati,
1598 3190 1654 3237 et
1680 3179 1796 3250 ejus
1842 3181 2152 3238 clementis-

575 3271 712 3327 sima
750 3273 1098 3328 miseratione
1127 3262 1233 3343 per.
1263 3273 1586 3328 immensum
1634 3273 2013 3339 conservandi,
2058 3273 2157 3329 Dei

571 3363 898 3419 immensam
949 3365 1294 3419 clementiam
1315 3364 1519 3435 jugiter
1567 3381 1798 3423 exorare
1850 3365 2152 3439 [delectet].

575 3452 728 3508 Hanc
764 3455 947 3525 itaque
980 3456 1381 3521 auctoritatem,
1415 3464 1471 3510 ut
1494 3457 1790 3527 pleniorem
1815 3457 1871 3511 in
1919 3457 2016 3512 Dei
2054 3473 2154 3513 no-

575 3545 723 3599 mine
765 3545 1006 3600 obtineat
1026 3547 1288 3616 vigorem,
1338 3554 1393 3600 et
1435 3562 1466 3600 a
1511 3548 1757 3603 ﬁdelibus
1807 3555 2010 3602 sancta:
2060 3549 2156 3604 Dei

576 3633 832 3690 Ecclesia:
883 3643 938 3690 et
983 3635 1186 3691 nostris
1220 3634 1530 3707 diligentius
1583 3645 1955 3706 conservetur,
1993 3655 2157 3695 manu

571 3725 791 3796 propria
831 3726 1380 3797 subterflrmavimus,
1406 3737 1463 3786 et
1500 3729 1686 3785 annuli
1715 3731 1887 3786 nostri
1930 3731 2157 3804 impres-

573 3815 727 3871 sione
749 3817 950 3888 signari
972 3816 1255 3886 jussimus.

644 3908 867 3980 Signum
890 3910 1146 3969 Ludovici
1177 3915 1508 3972 serenissimi
1542 3916 1912 3988 imperatoris.

642 3998 960 4057 Helisachar
994 4005 1304 4076 recognovi.

642 4093 776 4148 Data
809 4109 870 4149 ιιι
898 4094 1078 4151 Nonas
1107 4096 1442 4166 Decembris,
1475 4116 1619 4158 anno
1644 4102 1865 4160 Christo
1909 4104 2149 4176 propitio

573 4186 628 4251 1,
657 4185 951 4242 indictione
981 4189 1034 4243 8.
1065 4187 1263 4245 Actum
1295 4192 1623 4265 Aquisgrani
1654 4196 1858 4266 palatio
1904 4198 2056 4268 regio
2095 4197 2152 4253 in

573 4278 668 4334 Dei
691 4278 910 4334 nomine
931 4277 1182 4336 feliciter.
1206 4280 1403 4339 Amen.

1262 4395 1443 4453 XVIII.

749 4500 850 4541 PRO
886 4500 1136 4543 NEFRIDIO
1173 4501 1584 4546 ARCHIEPISCOPO
1621 4506 1972 4550 NARBONENSI.

1193 4578 1365 4649 (Anno
1405 4580 1552 4655 814.)

574 4667 752 4743 [Apud
777 4668 842 4725 D.
865 4670 1154 4742 Bouquet.,
1188 4671 1341 4737 ibid.,
1378 4689 1498 4743 pag.
1532 4674 1656 4740 169,
1685 4691 1752 4730 ex
1781 4677 1994 4743 probat.
2035 4695 2152 4736 nov.

913 4743 1052 4798 Hist.
1085 4742 1277 4809 Occit.,
1305 4742 1436 4797 tom.
1457 4742 1509 4809 il,
1540 4759 1662 4816 pag.
1690 4746 1777 4801 44.

640 4837 699 4892 In
746 4820 964 4893 nomine
1003 4836 1213 4892 Domini
1265 4835 1364 4891 Dei
1400 4844 1455 4892 et
1495 4820 1798 4893 Salvatoris
1825 4839 1997 4895 nostri
2026 4839 2154 4896 Iesu

571 4928 796 4996 Christi,
825 4928 1131 4984 Ludovicus
1156 4929 1338 4984 divina
1365 4928 1652 4984 ordinante
1675 4929 2018 5000 providentia
2045 4932 2152 4987 im-

525 5012 540 5021 ’
571 5031 789 5093 perator
813 5021 1103 5093 Augustus.

643 5113 778 5167 Cum
803 5113 1154 5184 petitionibus
1181 5113 1518 5169 sacerdotum
1540 5111 1704 5182 justis
1725 5123 1781 5170 et
1809 5114 2151 5172 rationabili-

570 5202 674 5258 bus
703 5204 868 5258 divini
891 5204 1066 5259 cultus
1091 5219 1276 5259 amore
1305 5204 1565 5271 favemus,
1597 5221 1831 5277 superna
1852 5221 1953 5262 nos
1978 5207 2153 5278 gratia

571 5298 774 5353 muniri
821 5315 928 5354 non
974 5297 1280 5354 dillidimus.
1317 5297 1524 5355 Idcirco
1564 5307 1751 5354 notum
1789 5299 1858 5353 sit
1903 5300 2156 5355 omnibus

574 5387 822 5445 ﬁdelibus
850 5401 1050 5448 sancta
1101 5393 1195 5448 Dei
1238 5391 1493 5448 Ecclesiae
1525 5399 1580 5448 et
1608 5392 1834 5457 nostris,
1879 5401 1988 5446 tam
2017 5406 2156 5463 prte-

573 5479 817 5534 sentibus
844 5495 1004 5550 quam
1030 5490 1087 5536 et
1107 5481 1326 5550 futuris,
1354 5485 1475 5554 quia
1510 5483 1598 5537 vir
1620 5481 1947 5539 venerabilis
1979 5481 2148 5538 Nifri-

573 5569 696 5626 dius
720 5568 1086 5626 Narbonensis
1108 5573 1259 5630 urbis
1279 5575 1715 5647 archiepiscopus
1740 5575 1928 5631 adiens
1949 5574 2153 5631 obtuti-

572 5662 719 5718 tibus
744 5659 966 5729 nostris,
992 5663 1313 5734 deprecatus
1342 5673 1426 5722 est
1460 5668 1930 5724 mansuetudinem
1958 5667 2154 5723 culmi-

654 5793 680 5821 ι
710 5779 954 5850 Diploma
985 5775 1084 5835 hoc
1113 5780 1296 5835 nullibi
1328 5782 1501 5837 adhuc
1523 5790 1698 5839 exstat
1722 5782 1960 5845 editum;
1993 5781 2058 5836 de
2080 5793 2144 5835 eo

575 5855 786 5914 tantum
830 5851 1052 5908 adnotat
1092 5851 1391 5918 Mabillon.,
1432 5851 1620 5909 Annal.
1659 5852 1790 5910 0rd.
1823 5852 1880 5910 S.
1925 5850 2151 5923 Bened.,

1672 5988 1832 6015 ..I‘~'1‘—-
1843 5991 1849 5998 ι
1858 5985 1925 6002 rw“?
1935 5985 1977 6017 εξ
2009 5998 2015 6003 ,

2258 1993 2421 2050 luerit
2446 2010 2666 2065 augere,
2695 1996 2764 2050 ad
2793 2011 2984 2051 causas
3013 1996 3324 2060 audiendas,
3357 1995 3445 2050 vel
3471 1995 3634 2051 freda
3667 2004 3725 2050 et
3754 1996 3846 2050 tri-

2257 2087 2388 2142 buta
2417 2087 2702 2156 exigenda,
2734 2095 2828 2142 aut
2857 2088 3164 2143 mansiones
3180 2088 3267 2143 vel
3288 2096 3511 2158 paratas
3539 2086 3846 2152 faciendas,

2257 2184 2351 2228 aut
2377 2174 2722 2244 ﬁdejussores
2747 2176 3031 2242 tollendos,
3064 2189 3158 2232 aut
3185 2178 3433 2233 homines
3464 2179 3643 2248 ipsius
3682 2177 3846 2234 eccle-

2257 2267 2352 2322 sia:
2380 2275 2488 2320 tam
2520 2267 2783 2338 ingenuos
2811 2283 3082 2338 quamque
3109 2276 3164 2322 et
3194 2283 3380 2324 servos
3412 2268 3845 2340 distringendos,

2258 2369 2350 2415 aut
2379 2360 2517 2415 ullas
2538 2360 2930 2416 redhibitiones
2958 2369 3050 2416 aut
3073 2359 3289 2417 illicitas
3316 2361 3646 2417 occasiones
3673 2361 3844 2431 requi-

2257 2453 2471 2518 rendus,
2503 2454 2704 2509 nostris
2746 2463 2841 2508 aut
2878 2455 3075 2510 futuris
3115 2454 3450 2525 temporibus
3492 2455 3719 2525 ingredi
3761 2470 3846 2508 au-

2257 2545 2400 2612 deat,
2430 2545 2513 2600 vel
2541 2561 2606 2600 ea
2633 2561 2751 2615 quae
2783 2561 2946 2616 supra
2974 2553 3270 2602 memorata
3300 2552 3450 2611 sunt,
3476 2545 3715 2614 penitus
3741 2546 3844 2600 exi-

2255 2651 2384 2708 gere
2409 2645 2742 2706 praesumat:
2775 2637 2871 2691 sed
2913 2635 3076 2692 liceat
3115 2643 3413 2692 memorato
3440 2634 3674 2705 praesuli
3717 2637 3844 2690 suis-

2256 2740 2361 2796 que
2415 2726 2815 2782 successoribus
2870 2727 2971 2783 sub
3031 2734 3216 2782 nostra
3277 2725 3595 2780 defensione
3661 2726 3841 2796 quiete

2255 2816 2516 2883 residere,
2547 2826 2601 2873 et
2627 2824 2816 2873 nostro
2849 2832 3042 2888 parere
3066 2817 3315 2887 imperio.
3367 2816 3437 2871 Et
3462 2816 3744 2886 quidquid
3766 2816 3845 2884 jus

2255 2906 2373 2962 ﬁsci
2399 2907 2522 2964 inde
2547 2909 2762 2978 exigere
2787 2915 3020 2977 poterat,
3057 2915 3230 2962 totum
3260 2922 3361 2962 nos
3386 2922 3488 2977 pro
3519 2916 3740 2962 teter-na
3763 2922 3843 2960 re-

2254 2999 2635 3055 muneratione
2669 2999 2845 3054 eidem
2873 2999 3217 3054 concedimus
3255 2997 3527 3059 ecclesiae,
3565 3009 3626 3052 ut
3659 3013 3843 3067 perpe-

2255 3093 2366 3148 tuis
2415 3090 2747 3160 temporibus
2796 3088 3011 3145 clericis
3057 3089 3256 3145 ibidem
3319 3088 3698 3144 servientibus
3743 3089 3841 3142 Deo

2259 3181 2510 3254 proﬁciat
2553 3180 2609 3235 in
2658 3180 3002 3252 augmentis;
3054 3187 3325 3250 quatenus
3377 3187 3621 3235 rectores
3677 3180 3838 3251 ipsius

2262 3273 2525 3341 ecclesia},
2573 3287 2697 3328 cum
2748 3271 3000 3328 omnibus
3042 3271 3111 3326 ad
3156 3285 3215 3326 se
3255 3270 3696 3340 pertinentibus,
3731 3285 3840 3324 uim

2257 3366 2402 3424 clero
2439 3372 2495 3420 et
2517 3363 2714 3435 populo
2753 3362 2856 3418 sibi
2895 3361 3168 3433 subjecto,
3201 3375 3297 3432 pro
3330 3360 3485 3415 nobis
3522 3370 3580 3416 et
3616 3359 3841 3431 conjuge

2256 3459 2513 3531 proleque
2539 3464 2746 3522 nostra,
2769 3470 2834 3511 ac
2873 3454 3208 3527 (stabilitate)
3237 3453 3404 3510 totius
3425 3454 3644 3524 imperii
3677 3470 3713 3507 a
3743 3453 3842 3508 Deo

2256 3554 2413 3610 nobis
2439 3567 2537 3624 per
2580 3551 2905 3606 immensum
2942 3549 3220 3616 concessi,
3270 3548 3485 3604 Domini
3531 3547 3841 3602 misericor-

2257 3647 2404 3703 diam
2428 3645 2683 3701 alacriter
2711 3658 2941 3700 exorare
2969 3642 3218 3699 delectet.
3257 3641 3324 3696 Et
3363 3649 3423 3696 ut
3463 3642 3581 3696 haec
3611 3638 3841 3695 auctori-

2255 3751 2339 3796 tas
2382 3746 2583 3794 nostrte
2621 3735 2996 3807 praeceptionis
3029 3749 3062 3788 a
3100 3732 3348 3788 ﬁdelibus
3385 3738 3588 3786 sancte
3619 3729 3724 3784 Dei
3751 3728 3840 3784 Ec-

2255 3831 2435 3887 clesiae
2457 3838 2515 3886 et
2539 3828 2741 3885 nostris
2765 3827 2950 3883 verius
2984 3825 3238 3882 credatur
3279 3832 3335 3882 et
3363 3824 3680 3896 diligentius
3719 3838 3836 3879 mu-

2255 3930 2536 3988 servetur,
2608 3936 2730 3977 eam
2779 3936 2945 3977 manu
3000 3920 3221 3991 propria
3271 3917 3699 3988 subscripsimus
3724 3958 3740 3981 ,
3785 3921 3838 3970 et

2255 4015 2442 4071 annuli
2470 4015 2826 4085 impressione
2852 4013 3057 4085 signari
3081 4012 3367 4084 jussimus.

2327 4105 2555 4178 Signum
2583 4105 2843 4161 Ludovici
2876 4105 3108 4177 piissimi
3136 4103 3389 4172 Augusti.

2325 4199 2612 4256 Durandus
2661 4198 2922 4256 diaconus
2970 4197 3040 4254 ad
3093 4197 3267 4253 vicem
3318 4193 3634 4251 Helisachar
3680 4203 3836 4246 reco-

2253 4293 2459 4365 gnovit.

2325 4385 2460 4440 Data
2501 4398 2556 4438 rv
2584 4382 2852 4440 Kalendas
2879 4381 3186 4448 Ianuarias,
3235 4395 3379 4436 anno
3402 4378 3620 4437 Christo
3653 4376 3839 4448 propi-

2254 4475 2332 4531 tio
2369 4475 2395 4529 I
2441 4474 2654 4545 imperii
2704 4474 2885 4530 domui
2933 4473 3107 4529 nostri
3142 4471 3404 4528 Ludovici
3447 4471 3682 4542 piissimi
3727 4468 3834 4525 Διι-

2177 4597 2233 4659 D
2257 4567 2420 4638 gusti,
2453 4565 2840 4659 indictionehs.
2867 4565 3062 4659 Actum
3103 4563 3432 4635 Aquisgrani
3461 4563 3667 4634 palatio
3697 4560 3836 4632 regio

2258 4659 2314 4715 in
2339 4659 2435 4716 Dei
2458 4659 2679 4715 nomine
2703 4657 2952 4714 feliciter.
2985 4657 3176 4713 Amen.

2974 4751 3118 4807 XIX.

2549 4858 2577 4887 α
2617 4860 2719 4902 nuo
2756 4859 3096 4901 ιοΝΑενι-ειιιο
3133 4830 3565 4900 suamutrum.

2866 4935 3040 5008 (Anno
3076 4933 3225 5005 814.)

2255 5030 2436 5105 [Apud
2472 5029 2826 5105 Qrandidier,
2852 5027 3000 5083 Hist.
3045 5027 3110 5082 de
3145 5026 3364 5105 I‘Eglise
3392 5026 3466 5105 de
3480 5024 3829 5105 δερ-Μίθρης,

2326 5095 2458 5158 ἰοῐη.
2483 5100 2547 5167 II,
2571 5116 2693 5172 pag.
2725 5098 2830 5155 I56
2847 5140 2863 5166 ,
2888 5114 2957 5156 ex
2982 5095 3316 5172 autographa
3343 5096 3655 5153 adulterino
3679 5095 3832 5151 abba-

2327 5195 2417 5250 tite
2449 5190 3068 5266 Aprimonasteriensis.]

2325 5289 2384 5344 In
2410 5287 2628 5344 nomine
2653 5295 2854 5342 sanctae
2877 5293 2932 5341 et
2962 5283 3251 5340 individua:
3273 5281 3579 5346 Trinitatis,
3610 5276 3834 5335 Ludovi-

2253 5397 2353 5440 cus
2375 5381 2472 5438 Dei
2499 5378 2882 5448 omuipotentis
2910 5377 3085 5448 gratia
3115 5391 3210 5431 rex
3240 5375 3580 5431 Francorum
3615 5380 3673 5428 et
3696 5371 3831 5428 Lou-

2256 5477 2620 5550 gobardorum
2639 5514 2656 5542 ,
2710 5473 3078 5528 Romanorum
3123 5485 3254 5527 vero
3307 5469 3610 5539 imperator
3659 5467 3832 5536 Auguo

2255 5577 2391 5626 stus.

2326 5659 2464 5717 Cum
2501 5657 2785 5731 Pmpheta:
2825 5653 3135 5712 testimonio
3162 5653 3410 5711 laetitiam
3442 5651 3589 5723 regis
3630 5649 3700 5706 de
3733 5661 3834 5702 vir-

2251 5785 2364 5832 tom
2390 5774 2456 5842 lt,
2485 5788 2610 5843 pag.
2651 5771 2777 5843 “592,
2808 5770 3066 5831 mendose
3089 5768 3319 5826 relatum
3346 5780 3466 5824 esse
3491 5780 3525 5821 a
3564 5755 3829 5822 Chronico

2255 5844 2604 5908 Novienteusi
