4048 6350
225 843 242 892 ι

259 397 400 460 1001
761 437 766 443 -
1216 455 1219 459 .

1402 395 1802 456 DIPLOMATA
1838 394 2395 458 ECCLESIAS’I‘ICA.

3385 412 3530 474 1002

258 527 381 580 tute
405 517 503 576 Dei
527 515 824 590 procedere
852 515 1104 582 sciamus,
1135 513 1289 586 regni
1318 490 1489 572 nostri
1519 514 1762 571 laetitiam
1791 523 1847 570 et
1871 516 1925 579 Α
1946 513 2269 584 potestative
2299 513 2605 584 possideat.
2647 515 2918 589 Quidquid
2956 518 3120 591 igitur
3160 521 3420 592 forensis,
3446 529 3536 584 vel

258 617 498 672 honores
541 627 740 684 augere
788 612 1078 676 credimus,
1119 612 1164 666 si
1200 619 1389 667 sancta
1411 625 1476 666 ac
1511 610 1843 667 venerabilia

259 719 545 766 servorum
571 703 668 759 Dei
689 702 1016 758 monasteria
1047 702 1346 757 secundum
1365 701 1683 772 petitionem
1707 701 1846 771 ipso-

261 814 387 856 rum
421 797 664 853 stabilire
703 812 798 852 seu
833 795 1158 852 confirmare
1195 796 1584 862 studuerimus,
1624 811 1850 866 praeser-

262 889 365 945 tim
393 903 518 944 cum
538 895 594 942 et
619 887 722 958 ipsi
749 902 849 957 pro
866 902 1000 957 pace
1023 895 1078 943 et
1102 887 1403 943 stabilitate
1443 895 1630 942 nostra
1676 887 1850 943 Deum

261 981 604 1052 frequentius
650 988 896 1036 exorent.
959 979 1298 1051 Quapropter
1339 979 1581 1036 omnium
1611 979 1849 1034 ﬁdelium

260 1073 534 1144 praecipue
571 1079 752 1126 tamen
792 1071 1096 1142 principum
1129 1079 1438 1127 nostrorum
1469 1071 1692 1127 auribus
1717 1071 1848 1126 inti-

261 1179 478 1220 mamus
524 1163 668 1233 quod
703 1163 1029 1219 venerabilis
1075 1161 1386 1218 Sambatius
1420 1163 1590 1219 abbas
1625 1163 1693 1218 de
1733 1178 1847 1219 coe-

260 1255 429 1311 nobio
469 1253 624 1323 cujus
667 1254 989 1310 vocabulum
1031 1260 1114 1310 est
1172 1253 1497 1310 Novientum
1545 1255 1660 1310 sive
1704 1253 1848 1310 Ebe-

261 1347 525 1413 resheim,
553 1348 698 1417 quod
722 1347 806 1402 vir
844 1347 1052 1403 illuster
1085 1347 1244 1404 Eticb
1279 1349 1394 1428 dus
1414 1355 1469 1403 et
1504 1346 1699 1416 conqu
1730 1347 1849 1417 ejus

257 1436 561 1494 Borsviuda
596 1439 653 1493 in
679 1438 881 1495 Christi
912 1441 1130 1495 nomine
1167 1448 1222 1497 et
1249 1441 1304 1496 in
1331 1443 1537 1497 honore
1564 1441 1851 1498 beatorum

258 1530 634 1601 apostolorum
661 1531 808 1587 Petri
823 1541 879 1587 et
903 1531 1076 1599 Pauli,
1101 1541 1524 1603 sanctorumque
1548 1541 1850 1605 martyrum

259 1620 510 1678 Mauricii
539 1637 604 1678 ac
629 1623 899 1678 sociorum
918 1624 1061 1693 ejus,
1091 1624 1145 1679 in
1174 1640 1313 1696 pago
1335 1625 1661 1691 Alsaciensi,
1688 1639 1853 1695 super

259 1711 441 1782 ripam
461 1710 570 1766 Illae
587 1710 846 1777 ﬂuminis,
862 1713 917 1768 in
937 1715 1250 1784 episcOpatu
1270 1715 1651 1787 Argentinensi
1675 1716 1728 1770 in
1753 1729 1852 1770 suo

254 1802 485 1872 proprio
531 1810 954 1858 construxerunt
992 1797 1202 1871 fundo,
1244 1820 1371 1860 cum
1425 1806 1690 1862 fratribus
1738 1805 1853 1862 suis

258 1901 508 1950 nostram
537 1895 671 1950 adiit
698 1897 1068 1963 serenitatem,
1121 1898 1420 1969 deprecans
1441 1907 1502 1954 ut
1527 1899 1703 1970 ipsum
1733 1915 1850 1954 mo-

257 1985 560 2040 nasterium
608 1987 752 2055 quod
799 1987 1058 2057 praefatus
1106 1989 1216 2044 dux
1262 1998 1316 2045 et
1361 1991 1688 2046 venerabilis
1739 1990 1848 2045 ﬁlia

257 2073 434 2144 ipsius
456 2075 628 2131 0dilia
651 2077 704 2131 in
722 2077 812 2148 jus
835 2093 900 2134 ac
919 2079 1219 2134 dominium
1253 2081 1403 2152 regni
1431 2082 1647 2151 penitus
1671 2089 1852 2136 trans-

256 2161 542 2231 fuderunt,
581 2166 852 2237 aliquibus
877 2169 1037 2240 regiae
1061 2171 1403 2226 auctoritatis
1425 2170 1639 2225 indiciis
1661 2169 1850 2225 sufful-

257 2265 379 2314 tum
419 2258 886 2316 conﬁrmaremus.
927 2262 1038 2318 Nos
1075 2277 1206 2332 ergo
1247 2271 1303 2318 et
1342 2263 1576 2333 propriae
1605 2262 1766 2318 saluti
1795 2268 1852 2316 et

257 2349 586 2406 utilitatibus
624 2349 860 2408 fratrum
896 2353 1096 2410 ibidem
1135 2353 1248 2410 Deo
1285 2355 1386 2410 sub
1417 2353 1654 2425 regulari
1689 2353 1851 2409 disci-

257 2441 409 2512 plina
426 2443 778 2499 servientium
806 2445 1173 2514 consulentes,
1208 2446 1477 2518 simulque
1495 2463 1592 2516 pro
1609 2449 1851 2504 remedio

257 2535 459 2590 anima:
486 2535 937 2594 Christianissimi
961 2540 1224 2610 genitoris
1245 2541 1421 2595 nostri
1456 2540 1657 2608 Caroli,
1689 2549 1747 2596 et
1767 2553 1852 2597 se-

256 2627 563 2684 renissima:
588 2629 866 2700 genitricis
893 2639 1094 2687 nostra:
1118 2633 1460 2704 Hildegardis
1488 2634 1852 2703 imperatricis

254 2717 517 2789 Augustae
559 2721 878 2791 petitionem
921 2723 1090 2792 ipsius
1133 2725 1366 2796 benigne
1408 2726 1766 2795 suscepimus,
1798 2733 1854 2781 et

254 2810 454 2880 perfici
488 2811 781 2869 salubriter
809 2815 1170 2870 decrevimus.
1216 2815 1478 2870 Volumus
1508 2831 1638 2887 ergo
1672 2815 1852 2873 locum

257 2901 558 2971 supradicti
572 2901 970 2969 Novientensis,
998 2905 1113 2960 sive
1134 2905 1600 2961 Ebersbeimeusis
1619 2907 1853 2963 ctenobii

255 2999 316 3048 et
329 3007 549 3050 omnem
564 2997 853 3052 terminum
869 2996 1207 3052 fundamenti
1222 2997 1390 3066 ipsius
1402 2997 1586 3052 liberae
1598 2998 1852 3056 immuni-

257 3087 394 3144 tatis
414 3102 554 3155 esse,
583 3097 641 3144 et
665 3104 826 3144 omne
847 3089 898 3146 ei
918 3090 1008 3161 jus
1038 3090 1152 3146 fisci
1191 3091 1362 3146 nostri
1385 3091 1626 3147 totaliter
1652 3107 1719 3146 ex
1749 3092 1853 3148 hoc

257 3184 318 3232 et
344 3177 598 3249 deinceps
623 3180 954 3238 remittimus
975 3221 990 3248 ,
1016 3197 1081 3237 ea
1109 3182 1320 3239 scilicet
1343 3183 1556 3238 ratione
1583 3192 1646 3238 ut
1669 3183 1847 3240 nullus

253 3266 423 3339 judex
458 3271 726 3340 publicus,
773 3286 874 3329 nec
922 3273 1206 3344 spiritalis,
1246 3290 1347 3331 nec
1393 3275 1686 3341 saecularis,
1731 3278 1846 3332 sive

258 3358 564 3430 episcopus,
595 3361 711 3418 sive
735 3363 867 3430 dux,
897 3362 1013 3420 sive
1045 3378 1246 3430 comes,
1278 3364 1364 3420 vel
1400 3364 1715 3432 advocatus,
1749 3383 1848 3423 seu

259 3450 445 3521 aliqua
466 3450 753 3520 judiciaria
778 3462 1019 3524 potestas
1042 3463 1240 3526 praeter
1267 3455 1599 3516 vohntatem
1635 3459 1851 3518 abbatis"

258 3539 470 3613 ingredi
498 3553 809 3613 praesumat,
840 3560 941 3601 nec
964 3545 1172 3601 fredam
1195 3546 1369 3614 tollat,
1394 3564 1495 3604 nec
1517 3551 1846 3619 mansiones,

257 3640 358 3686 aut
383 3642 601 3704 paratas
637 3635 713 3690 ibi
745 3635 928 3702 faciat,
967 3652 1068 3692 nec
1095 3652 1421 3710 quemquam
1463 3641 1535 3696 ibi
1567 3641 1849 3700 hominum

255 3723 366 3778 nisi
403 3733 623 3796 rogatus
667 3726 737 3782 ab
771 3728 966 3784 abbate
998 3731 1354 3802 constringat,
1394 3747 1495 3788 nec
1520 3721 1716 3790 causas
1756 3752 1850 3792 au-

259 3814 406 3880 diat;
433 3818 529 3872 sed
553 3830 793 3886 praesens
823 3818 1132 3875 Sambatius
1164 3821 1351 3888 abbas,
1373 3822 1599 3893 ejusque
1626 3840 1848 3883 succeso‘

243 3923 415 3963 seres
442 3908 616 3978 ipsum
657 3909 834 3966 locum
883 3927 1006 3966 cum
1056 3913 1308 3968 omnibus
1339 3915 1673 3985 appendiciis
1709 3918 1846 3986 suis,

248 5346 453 5424 Quarta
483 5363 610 5424 pars
637 5349 788 5424 librae
814 5346 1303 5424 Argentoratensis.
1339 5351 1470 5407 Vide
1494 5346 1844 5424 Scbilterum,

256 4001 364 4056 viis
409 4002 620 4058 scilicet
657 4011 712 4057 et
756 4004 936 4069 inviis,
983 4004 1220 4060 exitibus
1258 4013 1313 4060 et
1360 4005 1640 4073 reditibus,
1683 4009 1850 4066 terris

256 4092 423 4149 cultis
471 4103 526 4148 et
575 4095 812 4160 incultis,
859 4097 1046 4166 pratis,
1093 4097 1328 4165 pascuis,
1381 4097 1552 4164 silvis,
1601 4099 1840 4169 forestis,

255 4185 419 4256 aquis
439 4202 770 4257 aquarumve
791 4188 1131 4254 decursibus,
1152 4188 1496 4256 molendinis,
1527 4190 1842 4260 piscationi—

254 4273 391 4339 bus,
451 4276 845 4342 venationibus,
893 4276 1168 4343 adificiis,
1221 4279 1507 4349 mancipiis
1558 4283 1844 4354 utriusque

1948 601 2120 657 civilis
2178 605 2528 674 querimonia
2578 605 2720 662 infra
2774 608 2952 678 ipsum
3012 611 3204 677 locum,
3251 615 3336 670 vel
3385 625 3537 674 exte-

1948 695 2062 749 rius
2099 695 2152 749 in
2195 697 2338 752 villis
2372 699 2440 752 ad
2475 700 2650 769 ipsum
2686 699 2862 754 locum
2899 704 3295 771 pertinentibus
3321 719 3532 765 motum
3575 754 3581 758 .

1947 786 2142 852 fuerit,
2198 790 2265 845 ad
2317 791 2492 845 solum
2541 794 2791 848 abbatem
2839 795 2924 849 vel
2971 795 3039 848 ad
3071 796 3282 853 villicos
3334 801 3402 856 ab
3462 817 3533 859 eo

1947 882 2270 937 constitutos
2307 881 2494 950 judicii
2537 899 2699 939 causa
2735 885 3022 954 pertineat.
3065 885 3144 942 De
3183 886 3343 944 furtis
3377 906 3532 959 vero,

1946 975 2034 1029 vel
2059 974 2380 1039 latrociniis,
2411 975 2524 1030 sive
2549 975 2768 1031 frevelis
2796 989 2821 1017 α
2848 985 3000 1032 extra
3037 985 3187 1047 septa
3215 984 3536 1038 monasterii

1947 1067 2294 1137 perpetratis,
2326 1068 2485 1121 tertia
2522 1082 2651 1137 pars
2693 1068 3013 1123 advocatum
3043 1069 3288 1125 ecclesiae
3311 1086 3341 1124 a
3378 1073 3538 1128 nobis

1949 1158 2299 1213 constitutum
2325 1157 2599 1227 respiciat.
2618 1158 2844 1213 Taxatio
2866 1167 3044 1214 autem
3068 1160 3376 1230 bujusmodi
3402 1163 3541 1217 erit:

1947 1249 2136 1319 siquis
2166 1249 2231 1304 de
2269 1248 2476 1304 familia
2521 1249 2784 1317 ecclesize,
2817 1253 2932 1306 sive
2974 1252 3041 1306 de
3080 1253 3325 1309 externis
3358 1254 3413 1308 in
3447 1257 3544 1312 tali

1949 1356 2088 1396 noxa
2133 1340 2462 1397 acclamatus
2509 1340 2699 1408 fuerit,
2728 1351 2784 1397 et
2831 1358 3018 1398 coram
3061 1344 3256 1400 abbate
3293 1346 3377 1402 vel
3423 1344 3542 1415 ejus

1949 1431 2226 1486 causidico
2254 1432 2281 1472 ι)
2321 1432 2528 1500 positus
2565 1433 2846 1490 convictus
2888 1434 3068 1499 fuerit,
3110 1451 3205 1491 sex
3244 1437 3482 1495 lirdones
3516 1449 3540 1479 ο

1949 1524 2148 1593 publici
2177 1525 2452 1593 ponderis,
2484 1525 2598 1580 sive
2625 1525 2846 1596 triginta
2875 1527 3038 1582 siclos
3066 1526 3092 1565 ἀ
3123 1527 3542 1599 Argentinensis

1951 1627 2183 1674 monetae
2210 1619 2497 1688 persolvat.
2538 1617 2597 1674 Si
2626 1627 2808 1673 autem
2836 1630 2990 1674 extra
3024 1620 3200 1692 ipsum
3222 1620 3425 1687 locum,
3455 1621 3547 1678 vel

1952 1711 2072 1781 ejus
2100 1713 2392 1767 terminum
2419 1712 2614 1779 fuerit,
2637 1729 2806 1768 unum
2835 1713 3101 1768 ﬁrdouem
3121 1753 3136 1780 ,
3167 1714 3284 1769 sive
3307 1723 3419 1770 tres
3443 1731 3549 1786 un-

1954 1803 2069 1858 cias
2092 1802 2506 1874 Argentinensis
2528 1813 2758 1858 monetae
2790 1803 3096 1874 persolvat:
3122 1805 3267 1873 quod
3285 1805 3331 1860 si
3360 1805 3546 1863 facere

1875 1881 1924 1941 Β
1952 1893 2206 1959 noluerit,
2221 1895 2518 1951 vindictam
2525 1894 2839 1964 judicialem
2851 1896 3144 1966 persolvat.
3162 1895 3549 1955 Concessimus

1952 1987 2138 2052 etiam,
2171 1989 2288 2057 ipso
2319 1989 2513 2044 abbate
2547 1997 2790 2060 rogante,
2815 1988 3078 2046 fratribus
3099 1999 3283 2048 autem
3315 2007 3548 2050 consen-

1952 2075 2232 2143 tientibus,
2263 2079 2329 2133 de
2375 2079 2587 2134 allodiis
2624 2081 2869 2136 ecclesia:
2906 2080 2964 2135 in
3005 2080 3328 2136 beneficium
3359 2081 3548 2140 domui

1953 2168 2246 2224 Wollhaldi
2275 2170 2546 2236 advocati,
2573 2179 2628 2226 et
2670 2172 2912 2226 omnium
2954 2186 3330 2228 successorum
3371 2174 3547 2245 ipsius

1951 2259 2155 2329 absque
2192 2260 2300 2316 ulla
2342 2263 2803 2328 contradictione,
2847 2271 3115 2332 quatenus
3141 2266 3208 2320 ad
3245 2266 3544 2322 utilitatem

1952 2365 2016 2404 ac
2044 2349 2412 2406 defensionem
2449 2353 2694 2408 ecclesiae
2725 2361 2782 2408 et
2817 2355 2982 2409 totius
3008 2353 3226 2409 familia:
3251 2357 3550 2414 studiosius

1953 2455 2018 2496 ac
2041 2441 2322 2496 sollicitius
2357 2442 2594 2509 insistat,
2628 2452 2685 2512 et
2707 2458 2777 2499 ne
2815 2445 2982 2500 abbas
3015 2446 3099 2501 vel
3134 2446 3334 2504 fratres
3372 2448 3546 2518 ipsius

1953 2534 2184 2589 ulterius
2209 2536 2262 2590 in
2287 2535 2478 2604 quovis
2512 2535 2630 2591 loco
2657 2538 2723 2592 de
2746 2538 2974 2593 introitu
2997 2539 3083 2594 vel
3111 2541 3294 2611 aliquo
3322 2556 3551 2598 accessu

1954 2627 2126 2696 ipsius
2157 2637 2470 2696 graventur,
2493 2629 2545 2683 in
2577 2627 2741 2684 Sulza
2771 2640 2795 2668 ο
2822 2645 3072 2686 mansum
3095 2647 3282 2697 unum,
3306 2633 3364 2687 in
3383 2632 3551 2703 Eges-

1953 2717 2100 2775 beim
2128 2717 2146 2755 ί
2178 2719 2377 2772 curtim
2399 2718 2728 2775 dominicam
2747 2735 2870 2775 cum
2899 2721 3066 2776 salica
3097 2729 3242 2778 terra
3275 2725 3324 2790 ε,
3368 2723 3425 2778 in
3445 2723 3552 2779 La-

1953 2809 2252 2880 gelenbeim
2291 2811 2339 2874 h,
2379 2825 2625 2865 mansum
2661 2828 2850 2879 unum,
2887 2813 2944 2867 in
2975 2812 3265 2870 Burcheim
3302 2817 3319 2855 ί
3354 2830 3549 2885 unum,

1953 2899 2012 2956 in
2053 2900 2432 2970 Sigotelsheim
2481 2902 2494 2950 i
2553 2918 2742 2970 unum,
2769 2904 2824 2958 in
2855 2904 3250 2960 Rechenbuseu
3282 2905 3311 2946 κ
3348 2905 3552 2963 curtim

1955 2990 2284 3045 dominicam
2321 3007 2443 3046 cum
2485 2992 2652 3048 salica
2682 3003 2852 3060 terra,
2876 2995 3050 3050 vineis
3081 2995 3290 3054 scilicet
3321 3003 3378 3051 et
3401 2994 3552 3068 agris

1952 3087 2010 3146 et
2030 3081 2235 3151 capella
2261 3081 2431 3152 ipsius
2456 3084 2580 3150 loci,
2607 3085 2657 3138 in
2682 3083 3062 3149 Grusenheim,
3087 3101 3336 3140 mansum
3355 3101 3550 3156 unum,

1953 3171 2011 3227 in
2041 3172 2301 3229 Wisvville
2339 3173 2356 3211 ι
2387 3191 2635 3231 mansum
2660 3192 2850 3243 unum,
2881 3177 2936 3232 in
2965 3177 3352 3234 Stotesheimm
3381 3179 3546 3249 duos,

1949 3265 2007 3320 in
2035 3263 2367 3320 Hittenbeim
2393 3277 2420 3304 ιι
2447 3283 2636 3336 unum,
2668 3268 2723 3323 in
2743 3266 2981 3324 Nortbus
3005 3276 3030 3304 ο
3053 3269 3207 3326 duos.
3227 3269 3360 3326 ιιιυά
3381 3271 3552 3328 etiam

1947 3373 2081 3416 sane
2107 3374 2214 3413 non
2239 3360 2764 3428 praetermittendum
2786 3361 3240 3427 existimavimus,
3258 3362 3354 3417 sed
3375 3362 3552 3420 omni-

1949 3449 2126 3504 modis
2170 3448 2572 3517 interdicimus,
2616 3457 2676 3505 ut
2703 3467 2805 3507 nec
2832 3465 3076 3520 praesens
3107 3450 3294 3515 abbas,
3327 3465 3430 3506 nec
3450 3450 3554 3507 ali-

1945 3541 2074 3610 quis
2118 3554 2496 3596 successorum
2521 3540 2714 3612 ipsius,
2755 3558 2857 3597 nec
2894 3543 3185 3613 quisquam
3228 3541 3551 3600 monasterii

1949 3629 2197 3700 provisor
2217 3630 2283 3686 de
2303 3629 2470 3687 fundo
2494 3632 2738 3688 ecclesiae
2759 3632 2900 3688 infra
2923 3633 3202 3704 praeﬁxum
3231 3634 3545 3699 terminum,

1949 3722 2007 3778 id
2033 3729 2139 3787 est,
2167 3737 2197 3777 a
2225 3723 2365 3778 saltu
2388 3723 2478 3794 qui
2511 3724 2712 3779 dicitur
2735 3722 3153 3779 Standenbruch
3183 3734 3234 3789 P,
3261 3724 3374 3778 sive
3403 3724 3553 3780 Brei-

1949 3817 2236 3882 tenlacba,
2279 3831 2454 3886 usque
2487 3817 2554 3872 ad
2587 3816 2763 3872 locum
2791 3817 2884 3885 qui
2911 3826 3140 3872 vocatur
3168 3816 3550 3884 Querclilacha

1951 3907 2210 3972 totaliter,
2245 3923 2416 3976 usque
2444 3908 2501 3962 in
2531 3908 2770 3963 medium
2809 3907 3021 3962 alveum
3054 3908 3163 3964 Illa:
3193 3907 3455 3974 ﬂuminis,
3487 3907 3545 3963 in

1948 3999 2232 4056 latitudine
2257 4015 2387 4056 vero
2430 4016 2460 4054 a
2502 4001 2620 4056 rivo
2662 4000 2830 4057 fontis
2871 4017 3044 4072 usque
3081 4003 3149 4056 ad
3190 4001 3426 4056 medium
3463 3999 3548 4055 al-

1951 4104 2111 4144 veum
2139 4089 2247 4144 Illae
2273 4089 2326 4144 in
2357 4090 2534 4146 locum
2564 4091 2655 4162 qui
2699 4092 2897 4147 dicitur
2928 4090 3310 4163 Staﬂ'elgruba,
3342 4106 3550 4162 praesu-

1949 4189 2065 4238 mat
2091 4181 2383 4252 quidquam
2403 4182 2529 4252 jure
2554 4185 2902 4256 proprietatis
2924 4185 3120 4241 alicubi
3141 4186 3546 4252 transfundere,

1948 4275 2035 4330 vel
2055 4274 2179 4344 jure
2208 4277 2536 4334 baereditatis
2563 4278 2722 4336 alicui
2758 4279 3076 4335 concedere.
3123 4279 3232 4334 Sed
3259 4279 3304 4333 si
3337 4277 3544 4335 utilitas

255 4377 422 4420 sexus
446 4405 461 4432 ,
517 4366 602 4422 vel
662 4366 1110 4438 qualitercunque
1160 4368 1452 4424 nominatis
1517 4371 1844 4434 utilitatibus
1869 4387 1924 4450 D
1949 4370 2266 4427 monasterii
2306 4371 2390 4426 sui
2422 4372 2686 4443 exposcit,
2731 4372 3028 4442 mancipiis
3049 4371 3292 4427 ecclesiae
3321 4367 3546 4426 servilia

253 4636 262 4647 η
333 4580 362 4609 ⁸
383 4565 640 4647 ,Ἐτθνθιθε
678 4578 834 4647 ei?“
855 4573 1124 4647 QQOddam
1153 4574 1368 4632 mulctte
1396 4590 1565 4647 genus
1603 4591 1704 4647 pro
1724 4577 1848 4647 qui-

255 4640 488 4695 busdam
530 4641 841 4696 excessibus
875 4640 1000 4698 'sive
1031 4645 1333 4702 insolentiis
1374 4640 1699 4702 commissis.
1741 4640 1851 4704 No-

255 4725 386 4787 men
415 4711 612 4787 adhuc
643 4709 1022 4787 Germanicum
1065 4717 1119 4770 in
1165 4717 1372 4772 Alsatia
1415 4718 1691 4787 cognitum
1742 4727 1847 4774 est.

255 4779 494 4905 ἓῗῖἓιὲιθ
515 4779 779 4837 Haltausii
801 4781 1133 4844 Glossarium
1159 4779 1563 4854 Germanicum,
1587 4803 1710 4860 pag.
1743 4787 1850 4844 487

329 4922 359 4962 b
398 4920 716 4979 Causidicus
740 4924 792 4978 in
815 4923 1152 4983 Germanicis
1176 4925 1407 4984 abbatite
1430 4928 1850 4989 Ebersheimen-

254 4990 335 5047 sis
356 4993 495 5067 ac_tis
515 5003 746 5067 vocatur
778 4994 924 5067 Vogt.

334 5073 357 5102 ε
401 5062 564 5118 Firdo
603 5075 722 5120 erat

253 5131 521 5208 Glossarii
564 5142 694 5191 tom.
741 5131 828 5202 Ill,
871 5153 990 5208 pag.
1008 5131 1146 5193 '40'1.
1181 5139 1354 5194 Siclos
1382 5131 1558 5197 'hodie
1589 5131 1848 5202 vocamus

254 5204 851 5277 s_chillingos,iquorum
871 5204 1098 5276 triginta
1123 5210 1418 5265 conficiunt
1451 5219 1562 5268 tres
1589 5212 1843 5270 ﬂorenos.

251 5273 354 5330 Est
379 5273 562 5358 itaque
588 5273 725 5358 ﬁrdo
751 5273 1822 5358 publici'ponderis.libraﬁallicagfranc)

1829 5326 1846 5353 9

253 5415 314 5472 in
336 5415 616 5489 Glossario
641 5415 960 5482 Teutonico,
989 5435 1109 5489 pag.
1134 5420 1257 5476 500.

326 5486 354 5525 ά
396 5485 574 5544 Siclus
615 5499 734 5565 erat
781 5485 1006 5545 moneta
1023 5485 1176 5565 oliui
1230 5492 1512 5565 notissima
1555 5494 1698 5565 apud
1743 5494 1850 5554 He-

254 5555 535 5635 brreos_et
580 5560 730 5635 apud
757 5571 969 5635 veteres
1006 5561 1228 5635 Anglos.
1270 5563 1542 5635 Ducange,
1587 5555 1719 5621 tom.
1756 5567 1845 5635 Vl,

253 5641 382 5750 pag.
413 5628 516 5685 479
553 5638 605 5685 et
632 5630 758 5685 480.
799 5632 1005 5712 Siclum
1034 5628 1174 5702 apud
1204 5628 1662 5720 Anglo—Saxones
1687 5628 1848 5721 pretii

282 5714 428 5750 uisse
457 5701 687 5750 duorum
716 5701 1063 5750 denarmrum
1089 5713 1467 5750 argenteorum
1499 5709 1689 5750 nonhll
1721 5708 1847 5750 Hm-

282 5699 428 5777 uisse
457 5701 687 5777 duorum
716 5699 1470 5777 denariorum—argentEOrum
1499 5699 1847 5766 scribit-Hic-

255 5766 484 5851 kesius,
531 5772 588 5827 in
642 5771 850 5843 praefat.
909 5773 977 5827 ad
1025 5766 1309 5844 grani'mat.
1362 5777 1843 5851 Anglo-Saxonic.,

257 5851 386 5914 pag.
415 5841 505 5896 21.

704 5933 986 6002 ΡΛτιιοι.
1037 5934 1198 6002 CIV.

807 5056 964 5122 uarta
1008 5083 1135 5145 pars
1181 5084 1411 5145 marrae,
1448 5077 1584 5145 teste
1620 5069 1846 5145 Cangio,
1887 5056 1892 5062 ’

2031 4589 2055 4687 ξ
2095 4575 2361 4687 ἓρρίἱιυοηι
2390 4575 2538 4642 Sulz,
2566 4574 2680 4630 sive
2711 4571 3026 4629 Ober-Sulz.

2031 4648 2052 4687 τ
2127 4649 2144 4659 ..
2187 4650 2197 4660 .
2301 4651 2311 4661 .

2030 4721 2054 4759 8
2092 4648 2504 4791 ὥθέέῗῗιῖίξιηςθ
2534 4724 2587 4770 et
2608 4714 2868 4791 liberaab
2896 4713 3042 4791 omni
3051 4722 3234 4791 _onere
3256 4709 3540 4791 immunis,

1953 4799 2013 4846 ut
2041 4783 2279 4859 explicat
2325 4789 2626 4846 Scliilterus
2655 4787 2709 4840 iu
2737 4783 3013 4840 Glossario
3050 4783 3379 4847 Teutonico,
3407 4797 3544 4840 voce

1952 4859 2443 5002 Frfyzzgelnheim.

2030 5004 2048 5072 ἱ
2090 5002 2397 5072 Burgheim.

2029 5071 2042 5122 i
2094 5071 2428 5144 Sigolsheim.

2023 5143 2052 5184 ι
2090 5136 2266 5220 Lo'cus
2297 5143 2426 5197 olim
2455 5141 2599 5198 inter
2619 5137 2863 5197 Ostheim
2884 5146 2941 5196 et
2963 5136 3343 5217 Hunnaweyer
3365 5144 3529 5220 situs,

1950 5230 2097 5272 nunc
2125 5216 2453 5270 destructus.

2031 5285 2050 5325 ι
2094 5285 2432 5341 Weisweiler.

2023 5367 2065 5396 ω
2095 5355 2470 5412 Stotzenheim.

2023 5437 2052 5465 ιι
2092 5427 2453 5481 Huuenheim.

2026 5505 2050 5534 °
2094 5497 2452 5552 Northausen.

2023 5579 2051 5619 ι)
2089 5567 2166 5622 De
2189 5568 2291 5622 hoc
2316 5568 2457 5625 saltu
2487 5567 2736 5624 fabulosa
2765 5573 2954 5624 narrat
2975 5567 3283 5629 Chronicou
3307 5571 3539 5629 Novien-

1950 5647 2122 5713 tense.
2157 5637 2355 5713 ldentio
2383 5654 2599 5713 quoque
2645 5642 2708 5695 fit
2749 5641 3041 5713 districtus
3074 5642 3353 5713 cujusdam
3403 5643 3540 5698 dicti

1952 5656 2122 5694 tense.
2157 5656 2355 5695 :uenuo
2383 5656 2490 5710 quo
2531 5656 2599 5695 ue
2645 5656 2708 5695 ut
2749 5656 3028 5697 σιειτιειιιε
3074 5656 3353 5713 cujusaam
3403 5656 3539 5698 uicti

1952 5708 2320 5775 Stanenbruh,
2373 5656 2918 5767 sivetgtandenbruch
2945 5712 3000 5766 in
3029 5710 3168 5769 libro
3196 5713 3539 5770 membrana-

1950 5794 2048 5837 eeo
2060 5779 2264 5850 jurium
2299 5781 2527 5837 abbatiae
2548 5782 3034 5851 Ebersbe'unensis,
3065 5798 3210 5840 anno
3240 5781 3377 5838 1520
3402 5781 3540 5841 Ger-

1950 5851 2163 5908 manice
2191 5851 2418 5923 scripto,
2446 5851 2543 5911 fol.
2571 5853 2662 5911 56.
