4048 6350
303 272 448 333 1000

1439 258 1836 320 DlPLOMATA
1871 253 2424 316 ECCLESIASTICA.

3417 263 3558 325 1010

230 381 232 383 ’
299 402 494 452 notum
543 386 618 445 sit
661 384 905 443 omnium
955 380 1196 440 ﬁdelium
1247 387 1558 436 nostrorum
1609 379 1878 443 solertiae,
1907 374 1958 435 A
1983 369 2306 444 Ludovicus,
2339 373 2519 433 divina
2547 371 2834 434 ordinante
2875 378 3236 450 providentia,
3265 381 3561 452 imperator

300 482 658 559 praesentium
678 478 884 535 scilicet
907 484 963 533 et
989 474 1314 540 futurorum,
1338 473 1572 543 qualiter
1604 471 1690 528 vir
1718 485 1882 527 vene-

303 575 493 634 rabilis
519 573 714 629 Petrus
740 570 907 626 abbas
929 564 1358 624 exmonasterio
1385 563 1707 629 Nonantulo,
1739 562 1883 632 quod

303 680 392 728 est
420 673 796 726 constructum
823 664 879 719 in
905 662 1110 718 honore
1137 659 1418 715 beatorum
1442 656 1805 729 apostolOrum
1831 666 1885 711 et

199 813 202 816 .
304 762 481 821 sancti
530 757 779 815 Silvestri
825 753 1180 817 confessoris,
1223 753 1290 808 ad
1337 758 1577 807 nostram
1626 749 1888 805 accedens

303 855 678 918 clementiam,
706 849 942 906 innotuit
977 846 1257 904 serenitati
1286 853 1507 911 nostrae,
1532 859 1597 900 eo
1623 842 1765 913 quod
1791 841 1889 896 ali-

302 965 445 1024 quas
475 963 566 1005 res
603 959 727 1001 cum
754 939 989 998 Rodulfo
1017 948 1230 997 rectore
1262 938 1598 1002 monasterii,
1623 935 1769 1007 quod
1805 942 1890 992 est

303 1046 680 1099 constructum
727 1035 872 1091 intra
920 1047 1107 1089 muros
1161 1030 1397 1087 civitatis
1428 1029 1626 1084 Brixiae
1671 1029 1727 1083 in
1786 1028 1890 1083 ho-

274 1148 443 1192 nore
491 1128 705 1186 Domini
754 1123 1053 1182 Salvatoris
1084 1123 1257 1179 nostri
1299 1120 1428 1178 Jesu
1471 1120 1706 1185 Christi,
1747 1119 1892 1190 quod

301 1225 470 1295 vulgo
513 1219 812 1293 appellatur
837 1216 1223 1273 Monasterium
1251 1213 1485 1279 Novum,
1524 1211 1894 1269 concambias-

303 1325 414 1374 set.
455 1312 616 1368 Dedit
649 1311 832 1380 itaque
865 1307 950 1364 vir
984 1305 1309 1362 venerabilis
1339 1304 1534 1360 Petrus
1560 1311 1894 1360 memoratus

306 1409 482 1466 abbas
508 1405 575 1462 de
603 1411 758 1475 parte
787 1399 1103 1456 monasterii
1146 1398 1229 1454 sui
1273 1397 1533 1467 praedicto
1572 1393 1801 1451 Rodulfo
1826 1395 1895 1449 ad

308 1507 528 1572 partem
572 1494 781 1568 praefati
824 1491 1141 1550 monasterii
1177 1489 1336 1546 villas
1379 1497 1750 1560 nuncupantes
1793 1487 1896 1543 Ca-

307 1593 583 1654 stellione,
610 1587 907 1652 Calcinato,
939 1583 1257 1649 Silviniano,
1289 1582 1602 1648 Monticulo,
1645 1582 1785 1636 sicut
1820 1580 1896 1636 ei-

309 1686 440 1742 dem
481 1677 712 1738 Rodulfo
740 1692 840 1747 pro
872 1675 1273 1746 opportunitate
1301 1672 1620 1729 monasterii
1649 1671 1894 1741 recipere

308 1776 537 1849 placuit.
587 1772 859 1842 chontra
908 1767 962 1822 in
1017 1766 1452 1837 compensatione
1506 1764 1667 1834 hujus
1712 1761 1894 1818 meriti

309 1868 467 1925 dedit
494 1865 609 1935 jam
639 1863 815 1919 dictus
850 1857 1112 1916 Rodulfus
1137 1856 1454 1929 praescripto
1480 1852 1773 1910 venerabili
1797 1851 1898 1906 Pe-

312 1970 408 2018 tro
437 1959 620 2016 abbati
659 1957 724 2014 ad
752 1963 964 2028 partem
995 1951 1311 2010 monasterii
1341 1950 1425 2005 sui
1460 1963 1559 2019 pro
1586 1945 1899 2018 opportuni-

313 2062 434 2110 tate
483 2065 760 2109 servorum
807 2047 905 2104 Dei
950 2047 1008 2102 in
1036 2045 1226 2102 eodem
1273 2040 1524 2098 coenobio
1557 2051 1898 2096 commoran-

318 2144 480 2209 tium,
513 2140 696 2197 villam
738 2143 1138 2208 nuncupantem
1185 2132 1528 2197 Reduddum,
1555 2144 1674 2200 quae
1703 2128 1904 2182 dicitur

315 2247 684 2305 supernomen
704 2227 1020 2295 Curticella,
1048 2227 1104 2283 in
1128 2239 1266 2297 pago
1288 2223 1583 2285 Persiceta,
1608 2234 1734 2275 cum
1756 2216 1904 2273 omni

301 2325 633 2398 integritate
657 2323 742 2378 vel
790 2321 1063 2379 soliditate
1107 2332 1225 2374 sua.
1260 2314 1412 2372 Unde
1437 2321 1492 2368 et
1520 2309 1902 2368 commutatio-

317 2431 450 2475 nem
471 2415 539 2472 de
560 2413 832 2486 praedictis
854 2411 1009 2477 locis,
1039 2408 1241 2465 nostris
1264 2405 1542 2462 obtutibus
1573 2401 1811 2458 ostendit
1837 2398 1906 2455 ad

318 2508 694 2581 relegendum.
723 2504 830 2562 Sed
857 2518 958 2575 pro
985 2503 1198 2572 integra
1222 2498 1478 2554 ﬁrmitate
1505 2493 1665 2566 petiit
1689 2490 1909 2548 celsitu-

321 2602 510 2658 dinem
535 2607 802 2664 nostram,
824 2604 887 2650 ut
908 2595 967 2651 in
987 2593 1333 2663 eiecmosyna
1358 2597 1544 2644 nostra
1571 2585 1744 2656 ipsam
1767 2595 1910 2638 com-

321 2695 681 2752 mutationem
703 2692 882 2747 denuo
904 2703 1004 2761 per
1027 2696 1276 2744 nostrum
1311 2680 1746 2739 mansuetudinis
1773 2692 1914 2749 pra:-

323 2795 547 2858 ceptutn
574 2785 787 2856 plenius
828 2781 1155 2840 conﬁrmare
1197 2777 1533 2832 deberemus.
1563 2770 1729 2842 Cujus
1771 2769 1912 2840 peti-

325 2881 534 2935 tionem
575 2867 843 2946 denegare
871 2873 1178 2930 noluimus:
1207 2868 1303 2927 sed
1341 2868 1482 2924 sicut
1517 2863 1812 2933 unicuique
1845 2860 1911 2916 ﬁ-

325 2971 534 3030 delium
559 2979 867 3025 nostrorum
891 2967 1033 3038 juste
1061 2960 1560 3029 rationabiliterque
1587 2953 1910 3027 petentium,

1983 467 2279 540 Augustus.

2053 584 2393 655 lmperialem
2422 583 2794 640 celsitudinem
2835 583 2989 640 decet
3033 600 3425 656 pmcessorum
3454 601 3558 642 no-

1986 687 2222 732 strorum
2252 679 2339 747 pie
2377 677 2518 733 facta
2557 693 2664 733 non
2709 676 2884 732 solum
2923 676 3306 732 inviolabiliter
3344 691 3566 735 conser-

1985 781 2135 832 vare,
2152 769 2246 822 sed
2278 768 2441 823 etiam
2462 783 2704 824 censurae
2724 784 2834 824 sua:
2866 769 3189 824 auctoritate
3217 769 3563 826 conﬁrmare.

1969 857 2190 913 'ldcirco
2213 865 2399 912 notum
2423 872 2544 914 esse
2556 858 2802 914 volumus
2823 857 3071 914 omnibus
3100 857 3348 913 ﬁdelibus
3362 868 3568 916 sanctae

1989 949 2084 1005 Dei
2113 950 2455 1017 Ecclesim,et
2481 953 2700 1017 nostris,
2734 952 3092 1022 praesentibus
3113 959 3168 1007 et
3193 951 3411 1020 futuris,
3437 954 3566 1023 quia

1989 1045 2075 1099 vir
2104 1043 2430 1100 venerabilis
2452 1043 2756 1099 Frodoinus
2779 1042 2946 1099 abbas
2969 1043 3022 1097 in
3047 1044 3399 1110 monasterio,
3428 1045 3574 1114 quod

1992 1136 2191 1192 dicitur
2218 1134 2544 1199 Novalicius,
2571 1135 2715 1206 quod
2745 1143 2830 1190 est
2871 1143 3245 1190 constructum
3273 1135 3326 1189 in
3362 1136 3574 1190 honore

1993 1227 2167 1283 sancti
2199 1227 2346 1284 Petri
2388 1227 2649 1297 principis
2683 1227 3078 1308 apostolorum,
3107 1228 3160 1282 in
3187 1227 3327 1282 valle
3365 1228 3577 1284 scilicet

1992 1316 2146 1385 cujus
2179 1317 2498 1373 vocabulum
2521 1325 2604 1371 est
2635 1316 2882 1382 Seusina,
2901 1315 3095 1372 detulit
3115 1326 3171 1371 et
3194 1317 3392 1372 obtulit
3417 1319 3579 1373 obtu-
3617 1359 3621 1365 .

1995 1410 2140 1466 tibus
2167 1410 2370 1465 nostris
2397 1416 2780 1463 testamentum
2805 1425 2836 1463 a
2861 1410 3132 1478 quondam
3161 1409 3280 1464 viro
3323 1410 3580 1482 religioso

1996 1502 2322 1572 dominoque
2364 1501 2559 1556 devoto
2588 1501 2812 1556 Abbone
2849 1500 3051 1556 factum
3093 1501 3161 1556 de
3207 1500 3434 1571 praefato
3461 1516 3578 1556 mo-

1998 1594 2264 1660 nasterio,
2297 1599 2354 1647 et
2379 1607 2408 1646 a
2439 1591 2668 1647 Domino
2710 1591 2957 1662 genitore
2999 1599 3186 1646 nostro
3236 1589 3431 1646 Carolo
3467 1592 3578 1662 glo-

1998 1686 2299 1742 riosissimo
2333 1686 2659 1756 imperatore
2716 1691 3036 1738 renovatum
3076 1691 3238 1752 atque
3289 1682 3584 1740 conﬁrma-

1999 1788 2132 1843 tum,
2167 1778 2223 1833 in
2261 1791 2368 1848 quo
2407 1775 2808 1842 continebatur,
2853 1775 3086 1845 qualiter
3132 1772 3388 1843 praefatus
3426 1774 3585 1830 Abbo

1998 1871 2263 1943 patricius
2293 1871 2468 1942 ipsum
2499 1870 2678 1926 locum
2710 1870 3216 1940 supranominatum
3253 1885 3375 1925 cum
3411 1869 3589 1925 omni-

2001 1963 2106 2019 bus
2157 1962 2321 2018 rebus
2361 1963 2492 2030 suis,
2529 1961 2600 2016 ob
2649 1977 2890 2016 amorem
2944 1961 3200 2017 videlicet
3235 1962 3424 2031 patriae
3475 1976 3588 2017 cce-

2001 2057 2150 2113 lestis
2186 2064 2241 2111 et
2281 2055 2453 2111 beatae
2496 2055 2640 2120 vitae,
2668 2054 2829 2111 Petro
2858 2055 3171 2110 beatissimo
3210 2054 3582 2123 apostolorum

2001 2150 2196 2206 obtulit
2237 2149 2491 2220 principi,
2548 2163 2650 2204 nec
2700 2164 2810 2204 non
2866 2149 3075 2204 cunctis
3130 2146 3585 2215 destructoribus,

2005 2242 2419 2311 dissipatoribus
2441 2242 2769 2308 temerariis,
2798 2240 2980 2296 divina
3010 2242 3208 2312 quippe
3253 2255 3509 2306 censura,
3536 2248 3595 2296 et

2003 2341 2270 2389 externum
2299 2333 2646 2403 supplicium,
2682 2341 2846 2403 atque
2883 2331 3126 2387 divinum
3152 2331 3437 2386 anathema
3460 2370 3475 2396 ,
3498 2329 3596 2400 qui

2005 2440 2246 2494 unquam
2266 2425 2323 2480 in
2349 2431 2592 2494 tempore
2626 2424 2744 2478 ausi
2793 2422 3018 2488 fuerint,
3057 2421 3266 2477 seducti
3302 2429 3469 2490 atque
3497 2434 3594 2474 cn-

2005 2519 2273 2590 piditate,
2319 2526 2485 2573 tantae
2533 2516 2833 2573 devotionis
2902 2514 3176 2572 contraire
3223 2513 3594 2582 conscriptum

2009 2620 2172 2682 atque
2202 2609 2534 2674 ﬁrmitatem,
2565 2608 2706 2663 unde
2736 2608 2852 2678 ipsa
2899 2622 3027 2662 casa
3076 2605 3208 2670 Dei,
3253 2613 3307 2659 et
3339 2603 3594 2658 monachi

2011 2700 2210 2755 ibidem
2241 2699 2322 2756 sic
2353 2700 2612 2770 religione
2664 2707 2862 2754 sancta:
2903 2697 3209 2754 devotionis
3237 2695 3600 2751 Cbristo.Do—

2010 2790 2160 2846 mino
2179 2789 2520 2853 famulantes,
2558 2805 2652 2845 seu
2678 2803 2950 2860 pauperes
2989 2787 3194 2843 Christi
3221 2795 3277 2840 et
3325 2783 3598 2856 peregrini

2012 2889 2203 2938 euntes
2235 2889 2292 2936 et
2338 2883 2627 2936 redeuntes
2654 2879 2929 2935 montibus
2953 2919 2968 2944 ,
3027 2876 3462 2946 supplementum
3496 2874 3596 2927 ha-

2011 2974 2142 3031 bere
2170 2972 2370 3029 debent
2395 2979 2616 3042 propter
2644 2986 2866 3027 suorum
2909 2969 3248 3033 mercedem;
3280 2967 3374 3038 qui
3421 2964 3598 3034 ipsam

326 3066 407 3120 ita
435 3079 535 3120 ποθ
562 3064 637 3118 illi
658 3061 992 3120 εοηοεεεῖδεθ
1015 3068 1179 3130 atque
1205 3058 1266 3150 ill
1284 3053 1536 3150 omnibus
1559 3049 1914 3150 “inﬁrmas”
1941 3087 1986 3150 ρ
2018 3065 2362 3120 donationem
2391 3062 2570 3118 facere
2594 3070 2651 3117 et
2671 3060 2996 3117 conﬁrmare
3013 3058 3240 3114 sollicite
3263 3061 3599 3112 statuerunt.

327 3155 662 3228 cognoscite.
690 3153 1075 3224 Prmeipientes
1097 3164 1227 3221 ergo
1248 3146 1501 3217 jubemus
1525 3151 1586 3198 ut
1613 3142 1916 3211 inspectam

329 3249 510 3319 ipsam
544 3243 1044 3307 commutationem,
1091 3240 1233 3296 sicut
1273 3251 1370 3308 per
1411 3248 1532 3290 eam
1581 3230 1795 3300 plenius
1828 3229 1919 3284 de-

331 3317 596 3403 claratur,
634 3335 895 3408 quidquid
920 3347 1048 3405 pars
1068 3331 1212 3402 juste
1253 3335 1309 3384 et
1339 3322 1733 3382 rationabiliter
1761 3317 1918 3374 alteri

331 3428 568 3487 contulit
597 3419 774 3499 parti,
814 3425 1070 3494 deinceps
1109 3437 1207 3492 per
1233 3419 1374 3474 hanc
1401 3422 1645 3472 nostram
1684 3410 1921 3466 auctori-

335 3534 510 3581 tatem
534 3521 662 3591 jure
699 3519 1015 3575 ﬁrmissimo
1054 3521 1274 3571 teneant
1303 3506 1836 3582 atquefpossideant:
1867 3509 1926 3558 et

333 3614 602 3690 quidquid
627 3611 820 3668 exinde
850 3606 1349 3671 faceretvoluerint,
1377 3603 1550 3658 libero
1585 3600 1640 3655 in
1668 3596 1921 3653 omnibus

333 3688 690 3783 perfruantur
735 3704 979 3760 arbitrio.
1008 3701 1077 3758 Et
1104 3708 1164 3756 ut
1211 3699 1326 3756 haec
1371 3692 1666 3758 auctoritas
1712 3688 1924 3744 ﬁrmior

336 3801 624 3865 habeatur,
649 3806 704 3853 et
725 3812 822 3868 per
845 3795 1026 3851 futura
1051 3803 1292 3863 tempora
1317 3791 1527 3862 plenius
1545 3791 1922 3848 conservetur,

336 3908 510 3950 manu
541 3891 758 3962 propria
804 3887 1241 3958 subscripsimus,
1287 3890 1342 3940 et
1388 3883 1455 3938 de
1494 3879 1695 3936 annulo
1741 3883 1926 3934 nostro

340 3984 536 4041 subter
558 3982 778 4054 sigillari
797 3979 1078 4054 jussimus.
1558 4026 1560 4029 .

416 4077 646 4149 Signum
672 4074 930 4131 Ludovici
957 4069 1292 4128 serenissimi
1320 4065 1686 4139 imperatoris.

420 4169 737 4225 Helisacbar
762 4166 1048 4238 recognovi
1076 4173 1132 4218 et
1157 4163 1474 4233 subscripsi.

420 4262 557 4317 Data
583 4259 840 4316 Kalendis
881 4256 1129 4329 Augusti,
1156 4270 1300 4311 anno
1334 4254 1530 4325 primo,
1559 4250 1779 4308 Christo
1807 4262 1932 4320 pro-

343 4353 518 4427 pitio,
565 4351 776 4422 imperii
829 4349 1035 4413 nostri,
1087 4347 1382 4403 indictione
1434 4344 1682 4414 septima.
1737 4340 1932 4395 Actum

2020 3155 2290 3227 Petiitque
2349 3154 2608 3226 praefatus
2666 3153 2834 3208 abbas
2897 3149 3203 3207 celsitudini
3252 3156 3452 3203 nostrae
3477 3188 3492 3214 ,
3541 3151 3605 3201 ut

2020 3251 2195 3322 ipsum
2225 3255 2604 3304 testamentum
2645 3262 2676 3301 a
2706 3245 2924 3300 domino
2971 3250 3156 3298 nostro
3185 3241 3430 3313 genitore
3469 3252 3607 3294 con-

2021 3340 2295 3394 ﬁrmatum
2340 3345 2396 3394 et
2427 3337 2774 3401 roboratum,
2826 3335 2988 3390 etiam
3040 3333 3242 3388 nostris
3287 3330 3607 3386 roboremus

2021 3431 2456 3488 auctoritatibus.
2485 3429 2596 3486 Nos
2633 3443 2767 3485 vero
2809 3427 3048 3483 divinam
3077 3425 3484 3482 considerantes
3509 3423 3609 3478 mi-

2023 3526 2376 3582 sericordiam
2402 3533 2460 3581 et
2483 3533 2741 3580 aeternam
2775 3521 3272 3577 remunerationem
3313 3532 3411 3588 pro
3444 3517 3610 3573 bene-

2024 3615 2201 3681 factis,
2239 3614 2492 3686 petitioni
2534 3612 2654 3683 ejus
2689 3611 2922 3665 libenter
2946 3607 3277 3678 praabuimus
3302 3620 3607 3670 assensum,

2026 3717 2081 3765 et
2108 3709 2251 3764 hanc
2269 3715 2469 3762 nostra:
2492 3701 2833 3760 auctoritatis
2856 3698 3326 3757 confirmationem
3359 3696 3475 3751 ﬁeri
3509 3697 3606 3752 de-

2027 3798 2319 3854 crevimus.
2346 3795 2453 3850 Per
2475 3809 2636 3864 quam
2662 3790 3026 3863 praecipiendo
3048 3789 3322 3860 jubemus,
3363 3795 3425 3841 ut
3448 3785 3610 3857 quid-

2029 3890 2160 3961 quid
2185 3887 2527 3959 supradictus
2550 3883 2835 3954 religiosus
2853 3881 3007 3936 Abbo
3036 3880 3148 3936 Deo
3179 3894 3332 3944 vero,
3356 3879 3611 3936 beatissi-

2030 3994 2231 4051 moque
2260 3977 2490 4035 contulit
2513 3976 2699 4040 Petro,
2715 3982 2772 4029 et
2796 3973 3047 4028 dominus
3062 3971 3276 4043 genitor
3294 3981 3485 4028 noster
3515 3986 3613 4026 au-

2031 4075 2316 4132 ctoritates
2342 4072 2411 4128 ob
2441 4069 2718 4125 caelestem
2742 4066 2924 4121 aulam
2952 4065 3321 4132 conﬁrmavit;
3359 4064 3614 4134 deinceps

2033 4170 2236 4240 absque
2258 4167 2417 4224 ullius
2437 4163 2639 4234 injusta
2660 4160 2961 4224 invasione,
2991 4158 3424 4230 interpellatione
3446 4167 3613 4227 atque

2033 4256 2534 4332 iuquietudinejam
2569 4255 2710 4310 fatus
2739 4252 3044 4308 Frodoinus
3073 4249 3240 4305 abbas
3265 4257 3320 4304 et
3338 4248 3456 4317 ejus
3491 4262 3610 4303 suc-

2038 4365 2280 4408 cessares
2310 4355 2530 4404 teneant
2558 4353 2717 4415 atque
2754 4343 3066 4414 possideant
3095 4341 3149 4396 in
3183 4348 3446 4395 aeternum
3475 4337 3615 4393 libe-

344 4441 682 4514 Aquisgrani
724 4439 928 4512 palatio
971 4437 1138 4511 regio,
1181 4437 1236 4492 in
1270 4435 1366 4491 Dei
1413 4434 1634 4490 nomine
1678 4432 1908 4487 feliciter

2035 4460 2124 4512 re,
2164 4443 2344 4500 omnia
2376 4440 2584 4497 scilicet
2626 4437 2828 4510 regalia
2870 4453 2945 4492 er
2970 4435 3036 4491 iis
3086 4434 3336 4490 omnibus
3383 4447 3503 4502 quae
3549 4431 3618 4487 ad

345 4538 553 4595 Amen.

1059 4598 1245 4656 XXIII.

349 4710 774 4756 CONFIBIANTUR
811 4707 1074 4750 FRODOINO
1122 4705 1314 4746 ΑΒΒΔΤῙ
1354 4701 1677 4742 IONASTERII
1712 4698 1938 4740 NOVALI-

429 4781 632 4823 CIENSIS
666 4778 1060 4822 τεετΑιιεΝτυκ
1091 4775 1309 4816 ABBONIS
1339 4771 1692 4822 FUNDATORIS,
1713 4769 1940 4819 ALIAQUE

429 4853 562 4896 «1οΜ
595 4851 829 4894 EIUSDEM
859 4848 1205 4890 IONASTERII.

977 4927 1151 5000 (Anno
1189 4923 1340 4997 8M.)

393 5025 518 5104 [Ex
549 5025 876 5092 Muratorio,
925 5022 1288 5162 Antiquitgaes]
1322 5017 1567 5084 Italicae,
1621 5025 1752 5071 tom.
1811 5013 1908 5083 III,

993 5109 1115 5162 pag.
1237 5130 1248 5144 .

993 5109 1115 5163 pag.
1161 5109 1248 5146 ou.

434 5188 496 5246 In
525 5189 742 5246 nomine
769 5184 984 5242 Domini
1012 5181 1183 5239 nostri
1211 5180 1340 5237 Jesu
1373 5179 1573 5236 Christi
1601 5177 1695 5232 Dei
1733 5176 1947 5243 aeterni,

361 5326 498 5381 olim
527 5323 592 5378 ad
635 5323 950 5378 comitatum
976 5317 1290 5373 Brixianum
1331 5313 1520 5370 Casale
1563 5309 1756 5380 Maius,
1799 5311 1952 5381 Vide:

362 5379 536 5460 liana,
562 5394 1016 5463 Pomponescum,
1037 5385 1424 5463 Pangunedum
1445 5379 1744 5463 et__Suza_ria
1771 5401 1785 5436 :
1810 5379 1954 5463 quod

366 5453 571 5524 mirum
599 5453 848 5518 videatur
885 5453 1257 5533 spectantibus
1283 5456 1432 5511 urbis
1462 5455 1606 5510 illius
1634 5453 1957 5533 distantiam

368 5539 440 5592 ab
487 5538 556 5592 iis
586 5535 738 5599 locis,
769 5549 833 5589 ac
879 5524 1200 5604 praesentem
1228 5542 1410 5584 rerum
1457 5524 1958 5604 statum;._s_ed_m_i-

370 5609 523 5664 nime
568 5595 766 5660 mirum
811 5595 897 5660 est
928 5600 1290 5659 recolentibus
1324 5607 1530 5656 tantam
1570 5597 1626 5652 in
1676 5595 1797 5650 aliis
1826 5595 1959 5650 locis

371 5679 735 5736 mutationem
761 5677 1123 5730 subsecutam.
1789 5709 1794 5714 .

453 5762 480 5792 ι
516 5747 715 5807 Vidisti
736 5760 1055 5808 concessum
1075 5759 1110 5802 a
1133 5741 1408 5805 Ludovico
1429 5739 1528 5800 Pio
1557 5738 1744 5800 abbati
1781 5737 1970 5827 Nova:

1094 5893 1177 5924 ".I‘)

1162 5927 1187 5954 ι.

2039 4549 2278 4607 praesens
2297 4531 2598 4604 possident,
2629 4537 2826 4599 etquae
2855 4528 2911 4582 in
2939 4534 3098 4581 antea
3123 4524 3406 4595 acquirere
3426 4530 3615 4594 potue-

2040 4631 2170 4696 rint,
2194 4640 2221 4668 α
2253 4627 2448 4698 forum,
2486 4621 2808 4687 omict‘dium,
2849 4617 3194 4674 assassinium
3221 4617 3275 4672 in
3298 4623 3487 4671 nostro
3522 4615 3617 4669 im-

2043 4725 2196 4796 perio
2222 4727 2591 4793 perpetratum
2616 4714 2793 4771 media
2815 4713 3059 4776 civitate,
3084 4708 3355 4780 publicani
3392 4715 3620 4762 stratam

2046 4834 2078 4874 a
2093 4815 2349 4888 praedicta
2377 4811 2595 4868 civitate
2617 4822 2788 4876 usque
2806 4804 2873 4859 ad
2898 4803 3196 4858 Fontanam
3219 4801 3618 4866 Vercinescam,

2047 4917 2103 4965 et
2127 4916 2324 4964 caetera
2354 4903 2459 4958 alia
2481 4917 2601 4970 qua:
2639 4899 2706 4954 ad
2737 4912 2835 4952 nos
2868 4895 2982 4951 sive
3025 4895 3092 4950 ad
3134 4901 3349 4948 nostros
3379 4893 3623 4948 subditos

2041 4998 2376 5071 spectabant.
2407 4993 2665 5048 Volumus
2714 4990 2917 5054 etiam,
2966 4995 3129 5057 atque
3178 4985 3484 5056 specialiter
3525 4999 3624 5056 per

1949 5109 1952 5112 '
2043 5091 2145 5147 hos
2177 5088 2358 5159 apices
2392 5091 2606 5140 nostros
2638 5079 2924 5149 jubemus,
2974 5086 3032 5132 ut
3076 5078 3380 5146 ubicunque
3420 5093 3506 5132 res
3553 5077 3622 5132 de

2047 5195 2209 5252 supra
2245 5177 2537 5234 nominatae
2565 5170 2893 5228 monasterio
2921 5170 3204 5240 conjacent
3227 5209 3242 5234 ,
3293 5184 3392 5240 per
3434 5168 3620 5225 fideles

2049 5311 2258 5368 liciensi
2289 5310 2485 5380 forum,
2541 5305 2843 5380 omicidium
2871 5345 2886 5368 ,
2935 5302 3279 5380 assassinitfnt
3328 5301 3398 5380 in.
3443 5279 3623 5355 noitro

2050 5371 2870 5455 imperio'perpetratummedia
2927 5374 3148 5455 cipitata.
3193 5371 3401 5455 Αἱρηβί
3432 5385 3625 5455 revera

2053 5442 2758 5524 in'archétypodegerctur
2796 5444 3136 5524 assassinium
3161 5483 3175 5508 ,
3226 5442 3361 5524 nihil
3393 5442 3626 5524 amplius

2051 5512 2482 5592 exigeretur-ad
2542 5512 2760 5592 omnem
2824 5515 3162 5592 adimendam
3223 5512 3381 5568 ﬁdem
3451 5512 3626 5564 eidem

2053 5585 2276 5650 clia'rtm.
2327 5589 2460 5644 Nam
2508 5587 2761 5642 assassim’
2797 5594 2852 5640 et
2889 5585 3232 5639 assassinium
3291 5596 3450 5636 voces
3503 5587 3630 5650 sunt

2054 5649 2175 5736 qua:
2218 5659 2604 5736 tantummodo
2633 5665 2754 5727 post
2793 5651 3216 5736 Hierosolymam
3247 5668 3277 5706 a
3300 5649 3630 5736 Christianis

2057 5719 2199 5798 anno
2240 5719 2908 5802 Christi1099'reCeptam
2953 5719 3130 5784 audiri
3174 5730 3364 5794 coeptae
3399 5728 3526 5778 sunt
3572 5719 3637 5803 in!
