4048 6350
467 380 473 386 .
535 329 675 388 1015

1591 328 1920 388 LUDOVICI
1956 328 1980 387 Ι
2015 322 2490 389 COGNOMENTO
2525 330 2615 387 PII

3659 332 3820 396 1016

528 445 729 506 blicam
774 440 1209 512 procurantibus,
1240 440 1600 512 praesentibus
1638 444 1845 500 scilicet
1873 453 1930 500 et
1962 443 2107 500 futu-
2133 446 2189 506 Α
2281 443 2478 499 Notum
2508 443 2578 500 sit
2605 442 2731 513 quia
2775 455 2908 510 nos,
2939 443 3266 516 deprecante
3309 443 3592 506 Bernardo
3639 452 3822 507 Vien-

533 539 631 596 ris.
660 536 856 595 Notum
879 537 952 592 sit
985 536 1114 607 quia
1146 535 1506 592 Dutresindus
1535 537 1702 593 abbas
1737 554 1801 594 ex
1837 547 2109 595 monaste—

527 633 610 687 rio
636 631 805 687 sancti
837 629 1113 686 Maximini
1169 629 1505 686 Miciacensis
1530 638 1585 686 et
1615 631 1790 687 omnis
1836 631 1950 701 ejus
1977 647 2107 688 con-

527 723 771 794 gregatio
791 724 1063 792 petierunt
1086 722 1463 778 celsitudinem
1491 732 1732 787 nostram
1755 733 1815 778 ut
1829 724 2106 780 licentiam

525 813 815 880 baberent,
832 814 901 869 ad
915 830 1102 870 eorum
1132 813 1456 884 supplendas
1480 815 1854 880 necessitates,
1871 823 1984 870 tres
2007 830 2104 869 na-

522 920 614 960 ves
641 921 743 976 per
771 906 1038 977 Ligerim,
1096 903 1312 970 Carum,
1346 903 1661 973 Vincenam,
1711 905 1946 971 Sartam,
1995 904 2104 960 Me-

521 997 776 1062 duanam,
804 996 1120 1051 Taunucum
1151 1011 1245 1051 seu
1281 995 1494 1063 Lidum,
1528 996 1814 1062 Hilarium,
1845 997 1959 1052 sive
2007 1010 2105 1065 per

462 1080 472 1085 ’
521 1095 718 1143 czetera
765 1087 988 1144 ﬁumina
1016 1105 1116 1160 pro
1151 1090 1482 1159 quibuslibet
1523 1089 1736 1160 praefati
1781 1089 2101 1146 monasterii

467 1171 476 1174 ’
518 1181 932 1237 necessitatibus
961 1183 1291 1246 discurrunt,
1321 1199 1533 1239 necnon
1567 1192 1622 1237 et
1646 1183 1712 1238 de
1744 1183 1940 1249 carris,
1977 1199 2100 1238 sau-

516 1272 726 1338 mariis,
745 1273 991 1344 navigiis,
1008 1289 1101 1329 seu
1127 1275 1192 1329 de
1209 1275 1355 1329 omni
1378 1275 1725 1340 commercio,
1744 1276 2102 1344 undecunque

517 1362 684 1420 fiscus
712 1362 981 1421 teloneum
1008 1361 1227 1438 exigere
1261 1375 1492 1436 poterat.
1536 1365 1701 1434 Cujus
1744 1367 2000 1435 precibus
2029 1364 2099 1421 ob

514 1470 757 1512 amorem
800 1455 895 1512 Dei
921 1466 976 1512 et
1005 1458 1413 1512 venerationem
1458 1458 1627 1526 ipsius
1654 1459 1828 1513 sancti
1857 1472 2098 1512 annuere

511 1556 568 1602 et
592 1549 696 1605 hoc
723 1557 923 1605 nostrae
944 1550 1288 1606 auctoritatis
1308 1560 1641 1620 praeceptum
1669 1549 1945 1604 ﬁrmitatis
1972 1565 2096 1618 gra-

511 1642 588 1696 tia
631 1657 756 1713 erga
787 1642 963 1712 ipsum
1019 1643 1406 1698 monasterium
1440 1657 1538 1714 pro
1583 1642 1848 1697 mercedis
1899 1650 2096 1716 nostra:

471 1727 476 1731 ’
511 1743 818 1804 augmento,
851 1735 1300 1804 sicutpetierunt,
1332 1736 1720 1791 concessimus.
1752 1735 1958 1790 Idcirco
1989 1735 2094 1790 hoc

2207 537 2394 593 nensis
2426 535 2670 591 ecclesiae
2727 536 3020 608 episcopo,
3070 553 3191 608 qua:
3237 548 3322 596 est
3370 550 3700 598 constructa
3755 543 3812 605 in

2206 627 2411 682 honore
2457 626 2633 681 sancti
2670 626 2932 692 Mauricii,
2961 643 3060 698 pro
3102 632 3369 687 mercedis
3399 642 3605 689 nostrae
3661 649 3814 706 aug-

2205 724 2406 782 mento,
2432 733 2526 773 seu
2555 733 2654 787 pro
2697 717 2926 773 utilitate
2952 718 3185 776 fratrum
3211 721 3412 779 ibidem
3438 723 3679 780 Domino
3725 723 3816 780 fa-

2204 809 2546 875 mulantium,
2579 810 2628 864 ei
2669 812 3038 868 concessimus
3083 829 3252 870 naves
3291 817 3532 887 quinque
3576 832 3686 888 per
3722 818 3812 875 di-

2203 914 2359 956 versa
2393 900 2640 967 ﬂumina,
2671 903 2993 958 Rhodanum
3023 904 3231 963 scilicet
3255 914 3310 962 et
3336 905 3678 980 Segonnam,
3734 911 3813 968 ad

2204 1009 2298 1048 sua
2322 996 2532 1065 negotia
2557 995 2867 1052 deferenda.
2899 995 3052 1055 Unde
3080 999 3232 1056 vobis
3251 1003 3602 1072 praecipimus
3623 1013 3812 1074 atque

2202 1087 2520 1143 mandamus
2567 1097 2628 1143 ut
2665 1104 2842 1159 neque
2882 1104 2978 1145 vos
3001 1105 3178 1160 neque
3223 1091 3470 1162 iuniores
3507 1096 3689 1150 vestri
3725 1095 3814 1150 nl—

2200 1178 2310 1233 lum
2363 1180 2636 1236 teloneum
2682 1190 2773 1236 aut
2819 1182 3104 1253 ripaticum
3143 1197 3237 1239 seu
3285 1186 3654 1255 portaticum,
3712 1187 3812 1243 vel

2201 1270 2363 1324 etiam
2405 1272 2782 1340 cespitaticum
2810 1315 2825 1339 ,
2871 1289 2971 1330 nec
3019 1277 3346 1332 etruaticum
3401 1279 3486 1334 vel
3543 1279 3811 1335 salutati-

2201 1375 2354 1426 cum,
2387 1376 2486 1416 nec
2536 1362 2672 1418 ullas
2721 1363 3112 1420 redhibitiones
3165 1365 3234 1420 ab
3285 1367 3476 1422 eodem
3523 1370 3808 1438 praedicto

2200 1464 2427 1505 numero
2471 1453 2690 1507 navium
2740 1453 2959 1522 exigere
2987 1454 3073 1510 vel
3102 1465 3356 1513 exactare
3399 1461 3763 1529 praesumatis
3784 1500 3803 1527 ,

2199 1549 2463 1610 quatenus
2498 1558 2595 1612 per
2623 1544 2763 1601 banc
2805 1554 3004 1602 nostrae
3051 1550 3429 1621 praeceptionis
3480 1555 3798 1610 auctorita-

2200 1639 2332 1697 tem,
2362 1641 2420 1686 ut
2448 1635 2816 1704 praediximus,
2848 1638 2918 1693 ob
2948 1639 3240 1694 utilitatem
3292 1640 3525 1698 fratrum
3581 1645 3802 1702 ibidem

2199 1721 2310 1778 Deo
2347 1725 2700 1781 servientium
2755 1728 2980 1786 liberius
3025 1732 3376 1802 securiusque
3421 1737 3647 1806 negotia
3691 1752 3800 1792 sua

507 1834 838 1896 praeceptum
864 1835 1110 1882 nostrum
1157 1826 1577 1895 iieriiussimus,
1617 1842 1716 1896 per
1767 1824 2085 1896 quodiube-

2198 1825 2383 1873 vestro
2424 1820 2585 1874 simul
2610 1819 2731 1875 fulti
2759 1823 2961 1879 auxilio
2983 1832 3037 1879 et
3061 1825 3360 1882 munimine
3385 1805 3653 1900 peragere
3697 1845 3798 1884 va-

507 1940 630 1980 mus
651 1935 812 1995 atque
841 1925 1186 1995 praecipimus
1212 1932 1273 1978 ut
1302 1938 1462 1978 nemo
1491 1923 1730 1980 fidelium
1754 1930 2089 1988 nostrorum,

506 2033 609 2074 nec
629 2018 883 2088 quislibet
903 2028 1126 2074 exactor
1145 2017 1446 2086 iudiciariae
1474 2016 1782 2086 potestatis,
1807 2016 1872 2069 de
1894 2015 2090 2081 carris,

506 2108 590 2165 vel
615 2111 919 2182 sagmariis,
939 2126 1034 2166 seu
1070 2109 1319 2180 navigiis,
1342 2108 1430 2163 vel
1465 2109 1531 2163 de
1560 2107 1800 2178 quolibet
1825 2121 2095 2161 commer-

507 2201 612 2266 cio,
656 2201 1011 2270 undecunque
1064 2199 1314 2254 videlicet
1363 2198 1528 2253 ﬁscus
1570 2197 1842 2252 teloneum
1878 2197 2093 2268 exigere

507 2302 716 2364 potest,
748 2293 957 2348 nullum
993 2293 1261 2347 teloneum
1298 2292 1545 2362 accipere
1580 2290 1665 2346 vel
1695 2291 1913 2360 exigere
1953 2304 2093 2359 prae-

508 2393 707 2439 sumat.
739 2383 918 2439 Naves
947 2399 1079 2439 vero
1126 2393 1254 2450 tres,
1304 2398 1425 2454 quae
1472 2384 1584 2438 sive
1633 2396 1730 2452 per
1767 2380 1967 2436 flumen
1994 2381 2088 2435 Li-

481 2465 671 2546 geris,
703 2477 816 2531 sive
840 2490 938 2546 per
976 2483 1172 2531 caetera
1217 2473 1437 2529 flumina
1464 2475 1533 2529 ob
1579 2473 1868 2528 utilitatem
1908 2479 1963 2527 et
1995 2486 2091 2526 ne-

505 2566 818 2622 cessitatem
846 2567 1014 2637 ipsius
1059 2564 1379 2622 monasterii
1431 2563 1774 2629 discurrunt,
1823 2564 1890 2618 ad
1924 2579 2089 2633 quas-

500 2677 714 2732 cunque
758 2662 1030 2728 civitates,
1082 2659 1325 2726 castella,
1376 2667 1470 2715 aut
1509 2665 1721 2730 portus,
1753 2657 1839 2712 vel
1887 2665 2087 2714 caetera

499 2751 620 2811 Iaca
651 2770 928 2811 accessum
951 2755 1263 2821 habuerint,
1291 2753 1469 2808 nullus
1498 2767 1564 2806 ex
1609 2752 1689 2806 eis
1733 2757 1826 2806 aut
1853 2749 2086 2805 homini-

498 2847 604 2903 bus
618 2847 711 2919 qui
734 2864 828 2904 eas
845 2849 1145 2919 prtevident
1164 2847 1332 2902 ullum
1356 2847 1628 2902 teloneum
1653 2854 1747 2900 aut
1772 2843 2080 2914 ripaticum,

501 2946 597 2994 aut
637 2931 1010 3009 'pontaticum,
1060 2949 1152 2994 aut
1202 2938 1550 3010 portaticum,
1581 2944 1674 2991 aut
1711 2934 2080 3000 salutaticum,

499 3039 598 3085 aut
616 3029 1011 3100 cespitaticum,
1039 3039 1134 3085 aut
1179 3030 1539 3095 coenaticum,
1589 3036 1682 3083 aut
1727 3026 2081 3092 laudaticum,

500 3130 595 3177 aut
619 3121 982 3190 travicticum,
1007 3130 1102 3177 aut
1120 3121 1534 3193 pulveraticum,
1574 3128 1666 3174 aut
1696 3117 1863 3172 ullum
1889 3132 2080 3173 occur-

495 3229 638 3279 sum,
665 3213 751 3269 vel
794 3213 965 3268 ullum
1012 3228 1272 3280 censum,
1319 3221 1414 3268 aut
1443 3212 1611 3268 ullam
1655 3211 2078 3267 redhibitionem

495 3305 745 3376 accipere
766 3305 850 3360 vel
871 3307 1087 3377 exigere
1110 3305 1338 3370 audeat;
1369 3305 1464 3360 sed
1488 3304 1695 3360 licitum
1746 3304 1834 3366 sit,
1878 3301 2082 3371 absque

456 3396 727 3468 ~alicuius
780 3398 967 3453 illicita
1019 3399 1406 3455 contrarietate
1453 3399 1537 3454 vel
1587 3397 1931 3462 dctentione,
1982 3411 2082 3468 per

495 3487 639 3544 hanc
678 3497 920 3544 nostram
953 3491 1331 3545 auctoritatem
1371 3506 1536 3545 naves
1569 3499 1701 3556 tres,
1732 3498 1787 3544 et
1834 3487 2080 3544 homines

496 3581 592 3653 qui
613 3596 707 3636 eas
731 3580 1028 3651 pneviderc
1062 3581 1277 3648 debent,
1304 3596 1422 3635 cum
1448 3581 1516 3635 iis
1543 3597 1664 3650 quae
1685 3578 1956 3645 deferunt,
1982 3593 2081 3648 per

496 3676 810 3731 universum
852 3675 1139 3745 imperium
1192 3682 1438 3730 nostrum
1479 3674 1650 3729 libere
1674 3689 1739 3728 ac
1787 3688 1975 3728 secure
1999 3673 2079 3730 ire

495 3754 549 3821 et
574 3766 771 3822 redire.
810 3766 876 3820 Et
905 3767 951 3822 si
976 3767 1184 3837 aliquas
1213 3781 1392 3821 moras
1420 3767 1474 3820 in
1506 3765 1746 3837 quolibet
1778 3765 1894 3822 loco
1931 3764 2076 3822 fece-

494 3860 622 3924 rint,
673 3868 766 3913 aut
817 3859 1019 3929 aliquid
1061 3860 1288 3915 mercati
1325 3859 1527 3914 fuerint
1569 3868 1662 3914 aut
1714 3859 2073 3924 vendiderint,

493 3952 630 4006 nihil
650 3954 718 4008 ab
758 3953 838 4008 eis
873 3968 1117 4025 prorsus,
1149 3963 1208 4009 ut
1248 3954 1451 4010 dictum
1493 3962 1596 4020 est,
1643 3954 1909 4025 exigatur.
1950 3952 2077 4010 Haec

493 4061 622 4100 vero
648 4047 941 4112 auctoritas
967 4047 1352 4121 ut‘pleniorem
1381 4047 1622 4102 obtineat
1647 4048 1922 4118 vigorem,
1953 4053 2008 4100 et
2043 4059 2075 4100 a

493 4134 744 4192 ﬁdelibus
772 4139 972 4193 nostris
1014 4140 1215 4194 certius
1240 4140 1494 4195 credatur
1523 4125 1577 4193 et
1607 4138 1918 4210 diligentius
1941 4152 2074 4193 con-

493 4239 763 4297 servetur,
780 4230 848 4286 de
869 4231 1053 4286 annuli
1083 4232 1626 4303 nostriimpressione
1643 4232 1829 4288 subter
1849 4230 2074 4299 sigillari

484 4334 769 4387 iussrmus.

561 4412 759 4469 Datum
802 4431 856 4470 γι
896 4415 1020 4472 Idus
1043 4415 1306 4483 Januarii,
1350 4433 1514 4484 anno,
1565 4415 1782 4472 Christo
1812 4417 2068 4486 propitio,

487 4504 665 4576 primo
702 4506 917 4577 imperii
943 4507 1127 4563 domni
1155 4507 1412 4564 Ludovici
1459 4509 1790 4564 serenissimi
1817 4508 2068 4578 Augusti,

488 4596 781 4655 indictione
805 4600 858 4656 8.
884 4598 1081 4657 Actum
1110 4601 1438 4673 Aquisgrani
1479 4603 1678 4673 palatio
1708 4603 1857 4675 regio
1883 4603 1939 4658 in
1972 4603 2071 4660 Dei

487 4690 708 4749 nomine
735 4691 988 4750 feliciter.
1021 4693 1217 4750 Amen.

1179 4783 1392 4842 XXVII.

908 4891 1012 4934 rno
1054 4874 1304 4933 acetssu
1342 4890 1643 4933 vn-znssnsr.

1092 4966 1276 5040 (Anno
1317 4967 1469 5040 815.)

487 5054 666 5128 [Apud
697 5055 908 5124 Baluz.,
953 5071 1022 5113 ex
1051 5059 1384 5114 chartulario
1421 5057 1665 5115 ecclesiae
1700 5055 2066 5130 Viennensis]

545 5146 608 5201 In
634 5149 850 5205 nomine
885 5150 1098 5205 Domini
1140 5151 1236 5205 Dei
1282 5159 1338 5205 et
1385 5149 1688 5205 Salvatoris
1738 5150 1908 5205 nostri
1941 5147 2070 5204 Jesu

484 5236 726 5306 Christi,
771 5239 1093 5308 Ludovicus,
1131 5244 1310 5298 divina
1360 5244 1645 5299 ordinante
1700 5242 2064 5313 providentia,

483 5329 781 5400 imperator
806 5330 1100 5404 Augustus,
1138 5337 1390 5391 omnibus
1433 5335 1718 5406 episcopis,
1760 5335 2065 5400 abbatibus,

485 5424 734 5491 ducibus,
782 5428 1100 5498 comitibus,
1132 5432 1370 5497 vicariis,
1409 5431 1736 5487 centenariis
1760 5469 1774 5496 ,
1824 5428 2064 5483 actiona-

482 5515 584 5573 riis
603 5558 618 5584 ,
653 5517 978 5587 teloneariis,
1009 5538 1105 5578 seu
1130 5525 1382 5579 omnibus
1412 5540 1526 5579 rem
1558 5523 1828 5594 publicam
1857 5536 2058 5592 procu-

481 5607 751 5664 tantibus.

2196 1907 2360 1964 leant.
2398 1909 2466 1964 Et
2507 1920 2567 1966 ut
2614 1913 2731 1967 haec
2763 1915 3056 1970 auctoritas
3084 1917 3269 1972 verius
3313 1919 3628 1990 certiusque
3657 1935 3793 1977 cre-

2196 2001 2376 2068 datur,
2406 2001 2471 2057 de
2500 2004 2698 2059 annulo
2729 2013 2916 2062 nostro
2945 2008 3130 2063 subter
3149 2007 3413 2077 iussimus
3441 2011 3672 2082 signari.

2267 2093 2495 2165 Signum
2517 2096 2779 2154 Ludovici
2805 2100 3141 2155 serenissimi
3170 2101 3420 2172 Augusti.

2261 2186 2392 2242 Ibbo
2422 2188 2490 2244 ad
2523 2190 2693 2244 vicem
2724 2189 3038 2246 Helisachar
3075 2192 3386 2262 recognovi.

2263 2282 2400 2337 Data
2434 2298 2487 2337 ιν
2514 2283 2636 2338 ldus
2671 2282 2836 2350 Junii,
2867 2300 3011 2339 anno
3048 2283 3306 2349 secundo,
3338 2282 3562 2340 Christo
3593 2285 3790 2357 propi-

2190 2373 2292 2441 tio,
2325 2374 2536 2445 imperii
2560 2375 2742 2430 domui
2775 2375 3033 2431 Ludovici
3056 2375 3390 2431 serenissimi
3417 2375 3788 2448 Augusti,in-

2190 2468 2427 2523 dictione
2458 2469 2509 2524 8.
2542 2467 2738 2523 Actum
2781 2467 3109 2541 Aquisgrani
3155 2467 3357 2539 palatio
3383 2469 3537 2541 regio
3573 2468 3634 2524 in
3681 2467 3788 2525 Dei

2188 2561 2406 2617 nomine
2425 2559 2675 2617 feliciter.
2702 2561 2897 2618 Amen.

2847 2701 3082 2760 XXVIII.

2401 2832 2503 2875 Ριιο
2533 2833 2871 2875 IIIIIUNITATE
2908 2831 3146 2874 C(ENOBII
3180 2831 3556 2876 CARBOFENSIS.

2790 2930 2966 3003 (Anno
3011 2929 3164 3003 815.)

2181 3043 2357 3118 [Apud
2399 3044 2461 3098 D.
2486 3043 2787 3118 .I_30u_quet.,
2831 3042 3042 3118 Recueil
3066 3043 3331 3118 desiliet,
3369 3049 3504 3099 tom.
3527 3041 3620 3118 V:l,
3647 3056 3777 3114 pag.

2251 3113 2376 3180 I74,
2408 3130 2473 3169 ex
2501 3113 2679 3187 Beslio
2709 3116 2766 3171 in
2799 3115 3011 3187 probat.
3057 3117 3128 3172 ad
3155 3113 3300 3170 Hist.
3351 3130 3487 3169 com.
3542 3113 3778 3182 Pictor},

2251 3201 2377 3257 pag.
2409 3185 2559 3260 464.]

2252 3294 2310 3348 In
2347 3293 2568 3350 nomine
2613 3291 2827 3349 Domini
2855 3293 2951 3349 Dei
2990 3299 3047 3349 et
3087 3291 3386 3348 Salvatoris
3430 3293 3605 3348 nostri
3650 3291 3780 3349 Jesu

2181 3387 2402 3453 Christi,
2419 3385 2746 3453 Ludovicus,
2774 3386 2956 3442 divina
2979 3385 3266 3442 ordinante
3285 3385 3661 3458 providentia,
3677 3389 3780 3443 im—

2178 3493 2399 3556 perator
2421 3483 2718 3555 Augustus.

2252 3575 2309 3631 Si
2357 3591 2486 3648 erga
2515 3575 2634 3631 loca
2669 3575 2866 3630 divinis
2912 3575 3146 3632 cultibus
3187 3575 3499 3645 mancipata
3550 3583 3778 3646 propter

2179 3685 2419 3725 amorem
2458 3668 2578 3735 Dei,
2628 3667 2851 3738 ejusque
2879 3668 2935 3723 in
2965 3667 3167 3726 eisdem
3213 3668 3350 3724 locis
3377 3667 3482 3723 sibi
3505 3666 3779 3723 famulan-

2176 3764 2322 3819 tibus
2360 3760 2624 3817 beneficia
2652 3771 2953 3831 opportuna
2997 3761 3278 3833 largimur,
3304 3761 3594 3831 praemium
3619 3761 3776 3817 nobis

2180 3856 2321 3927 apud
2350 3855 2520 3911 Deum
2549 3865 2766 3910 aeterna:
2796 3855 3250 3911 remunerationis
3276 3855 3500 3926 rependi
3535 3870 3644 3911 non
3673 3852 3772 3908 dif-

2179 3949 2416 4004 fidimus.
2464 3946 2685 4002 Noverit
2714 3947 2921 4002 interea
2967 3947 3235 4017 sagacitas
3281 3960 3377 4002 seu
3415 3946 3626 4001 utilitas
3651 3961 3767 4001 om—

2177 4042 2326 4097 nium
2352 4037 2591 4094 fidelium
2622 4046 2961 4103 nostrorum,
3001 4047 3109 4092 tam
3133 4037 3486 4106 praesentium
3516 4052 3681 4108 quam
3714 4043 3771 4092 et

2175 4131 2515 4198 futurorum,
2556 4133 2683 4202 quia
2710 4131 2797 4185 vir
2843 4129 3169 4186 venerabilis
3197 4141 3224 4171 ιι
3253 4127 3445 4185 Justus
3485 4129 3652 4184 abbas
3701 4141 3771 4182 ex

2175 4227 2510 4282 monasterio
2539 4222 2868 4288 Carrofensi,
2900 4223 3043 4294 quod
3065 4231 3151 4279 est
3185 4231 3558 4278 constructum
3585 4223 3638 4276 in
3660 4221 3765 4277 ho-

2175 4335 2310 4375 nore
2336 4318 2549 4373 Domini
2576 4324 2632 4372 et
2661 4317 2960 4372 Salvatoris
2982 4316 3153 4371 nostri
3185 4315 3316 4371 Jesu
3344 4315 3567 4377 Christi,
3595 4314 3764 4368 situm

2175 4413 2231 4467 in
2266 4426 2402 4482 pago
2425 4410 2753 4466 Pictaviensi
2776 4425 2942 4482 prope
2967 4409 3188 4465 fluvium
3217 4409 3551 4474 Karentone,
3571 4407 3770 4464 obtulit

2175 4505 2450 4562 obtutibus
2495 4504 2698 4559 nostris
2751 4503 3132 4582 auctoritatem
3178 4502 3538 4557 immunitatis
3584 4500 3770 4556 domui

2174 4608 2230 4655 et
2271 4598 2532 4670 genitoris
2572 4597 2742 4652 nostri
2773 4596 2954 4653 Caroli
2997 4597 3171 4652 beatae
3216 4596 3495 4651 memoria:
3533 4596 3768 4666 piissimi

2169 4689 2416 4762 Augusti,
2454 4689 2508 4744 in
2535 4704 2642 4760 qua
2667 4696 2786 4743 erat
2812 4688 3081 4744 insertum
3120 4687 3264 4758 quod
3291 4687 3470 4758 ipsum
3495 4695 3767 4741 monaste‘

2171 4783 2311 4837 rium
2356 4779 2642 4852 Rotgerius
2685 4779 2956 4849 quondam
3003 4792 3186 4834 comes
3226 4778 3282 4832 in
3328 4792 3428 4833 suo
3475 4776 3768 4832 aedificavit

2169 4870 2408 4943 proprio,
2439 4879 2493 4925 et
2521 4885 2643 4925 cum
2678 4869 2930 4925 omnibus
2968 4867 3130 4923 rebus
3155 4876 3212 4923 et
3235 4868 3578 4922 ornamentis
3601 4866 3766 4922 eccle-

2172 4964 2289 5030 siae,
2322 4980 2416 5019 seu
2445 4973 2501 5019 et
2535 4979 2659 5019 cum
2703 4961 2956 5017 omnibus
2997 4959 3327 5032 appendiciis
3355 4967 3411 5014 et
3438 4959 3766 5028 adjacentiis

2171 5056 2308 5121 suis,
2339 5054 2512 5108 eidem
2540 5053 2772 5123 genitori
2801 5059 2988 5106 nostro
3016 5065 3113 5120 per
3140 5049 3441 5104 chartulam
3475 5048 3761 5118 delegave-

2172 5149 2246 5204 rit
2287 5147 2636 5203 donationis:
2680 5146 2909 5217 etquod
2955 5147 3023 5201 ad
3061 5145 3177 5216 ejus
3207 5145 3524 5216 petitionem
3565 5145 3637 5199 ob
3679 5143 3736 5197 in

2172 5241 2544 5312 quietudinem
2567 5239 2868 5310 iudiciariae
2898 5239 3186 5309 potestatis
3212 5237 3311 5293 sub
3339 5253 3435 5292 sua
3473 5237 3758 5293 devotione

2171 5341 2226 5388 et
2249 5333 2610 5388 immunitatis
2642 5333 2869 5387 tuitione
2913 5332 3211 5386 consistere
3254 5331 3478 5386 fecerat.
3532 5329 3639 5384 Pro
3667 5327 3758 5382 lir~

2169 5427 2375 5480 mitatis
2435 5439 2668 5494 namque
2719 5425 2897 5480 studio
2948 5424 3268 5494 deprecatus
3332 5430 3418 5476 est
3467 5421 3758 5492 praedictus

2167 5516 2355 5572 Justus
2376 5516 2562 5582 abbas,
2607 5524 2661 5571 et
2686 5516 2864 5571 omnis
2898 5515 3242 5586 congregatio
3278 5514 3475 5568 ibidem
3507 5512 3621 5566 Deo
3643 5525 3756 5566 ser-

2167 5609 2341 5676 viens,
2399 5617 2459 5664 ut
2504 5619 2790 5679 paternum
2835 5622 3040 5662 morem
3082 5614 3397 5676 sequentes,
3444 5599 3752 5674 huiusmodi

557 5737 581 5765 ει
608 5724 707 5800 Hic
730 5735 814 5782 est
841 5724 1026 5784 Justus
1056 5727 1243 5795 abbas,
1294 5731 1380 5788 cui
1411 5730 1668 5789 Claudius
1707 5728 2056 5787 Taurinensis
2090 5726 2375 5800 episcopus
2445 5739 2604 5784 suum
2643 5725 2703 5784 in
2731 5723 3044 5785 Matthtcum
3108 5721 3570 5783 Commentariun
3613 5735 3754 5780 nun-

483 5796 714 5864 cupavit.
