4048 6350
202 311 349 372 1017

1304 300 1700 362 DlPLOMATA
1736 297 2294 364 ECCLESIASTICA.
2404 288 2418 314 ‘

3321 316 3466 379 1018

199 437 408 486 nostrae
439 424 798 482 immanitatis
824 432 1150 496 praeceptum
1198 423 1341 480 circa
1377 424 1553 493 ipsum
1596 436 1785 478 mona—
1810 417 1864 477 A
1887 422 2112 490 Christi,
2135 423 2458 493 Ludovicus,
2476 422 2658 484 divina
2683 426 2970 488 ordinante
2986 432 3465 508 providentia,im.

197 522 428 580 sterium
457 519 572 576 ﬁeri
601 533 964 574 censeremus.
1017 515 1256 584 Quorum
1280 516 1526 586 petitioni
1553 515 1785 570 libenter

196 627 482 672 assensum
522 610 848 682 praebuimus
885 617 942 664 et
981 617 1180 664 nostra:
1207 607 1546 662 auctoritatis
1586 621 1786 676 prince-

193 716 354 778 ptum
398 718 525 774 erga
571 703 747 773 ipsum
797 701 1187 758 monasterium
1236 700 1594 756 immunitatis
1623 708 1784 769 atque

193 797 449 856 tuitionis
487 796 660 868 gratia
705 811 804 866 pro
833 795 1001 850 divini
1051 794 1229 850 cultus
1275 809 1459 849 amore
1485 802 1541 850 et
1589 795 1783 850 animze

191 898 400 944 nostra:
425 888 669 944 remedio
714 885 832 942 ﬁeri
876 886 1250 950 decrevimus;
1303 901 1401 956 per
1427 886 1570 956 quod
1595 887 1783 955 praeci-

188 981 377 1050 pimus
419 988 580 1051 atque
613 977 866 1048 iubemus
888 986 949 1032 ut
973 977 1150 1032 nullus
1173 976 1337 1046 iudex
1367 977 1633 1048 publicus,
1681 992 1782 1032 nec

191 1069 449 1140 quislibet
475 1084 542 1124 ex
567 1068 852 1139 iudiciaria
877 1076 1170 1139 potestate,
1203 1078 1297 1122 aut
1333 1068 1474 1124 ullus
1502 1084 1570 1123 ex
1612 1067 1782 1123 ﬁdeli-

189 1162 299 1217 bus
341 1155 544 1216 n'dstris
569 1201 584 1227 ,
625 1169 734 1216 tam
782 1160 1143 1230 prmsentibus
1170 1176 1334 1231 quam
1377 1168 1434 1215 et
1461 1160 1677 1226 futuris,
1721 1160 1777 1214 in

188 1251 454 1306 ecclesias
481 1260 575 1307 aut
612 1250 730 1306 loca
750 1251 836 1306 vel
861 1265 1019 1323 agros
1043 1292 1059 1318 ,
1093 1267 1189 1308 seu
1219 1252 1453 1322 reliquas
1480 1253 1779 1322 possessio-

187 1358 313 1410 nes,
360 1359 496 1414 quas
532 1344 793 1400 moderno
816 1351 1057 1415 tempore
1084 1345 1138 1399 in
1187 1344 1518 1414 quibuslibet
1540 1345 1696 1415 pagis
1721 1353 1777 1399 et

187 1434 480 1489 territoriis
513 1433 654 1489 infra
678 1435 940 1490 ditionem
983 1434 1194 1505 imperii
1223 1434 1391 1490 nostri
1429 1435 1578 1505 iuste
1607 1452 1670 1490 ac
1705 1435 1780 1492 le-

185 1525 384 1596 galiter
409 1525 664 1596 possidet,
708 1525 793 1580 vel
818 1541 882 1581 ea
909 1541 1028 1596 quae
1053 1525 1308 1595 deinceps
1355 1525 1410 1580 in
1449 1525 1774 1600 iure.ipsius

183 1617 363 1670 sancti
394 1615 495 1671 loci
524 1623 616 1670 aut
660 1630 761 1686 per
788 1631 886 1671 nos
920 1627 1013 1670 aut
1041 1631 1139 1686 per
1167 1616 1302 1671 alios
1335 1616 1567 1670 voluerit
1593 1615 1774 1670 divina

184 1709 364 1778 pietas
409 1708 614 1778 augeri,
664 1709 730 1764 ad
764 1723 957 1764 causas
998 1709 1327 1776 audiendas,
1375 1709 1462 1764 vel
1500 1707 1651 1764 freda
1681 1717 1774 1764 aut

1885 523 2102 584 perator
2126 515 2418 588 Augustus.

1955 605 2088 662 Cum
2113 609 2465 676 petitionibus
2496 624 2774 668 servorum
2802 611 2900 669 Dei
2935 613 3100 686 iustis
3133 628 3187 676 et
3215 623 3458 680 rationa-

1882 697 2079 753 bilibus
2113 699 2278 754 divini
2321 700 2495 757 cultus
2524 717 2706 758 amore
2733 702 2994 771 favemus,
3025 711 3241 778 superni
3272 729 3464 768 mune-

1883 790 1960 845 ris
1985 791 2180 845 donum
2212 793 2366 848 nobis
2403 809 2434 848 a
2464 794 2684 850 domino
2708 796 2970 866 impertiri
3016 801 3306 857 credimus.
3358 804 3462 876 Igi-

1881 889 1970 936 tur
1994 891 2180 937 notum
2205 884 2275 938 sit
2298 885 2548 942 omnibus
2575 887 2819 944 ﬁdelibus
2849 899 3050 946 sanctae
3077 892 3171 948 Dei
3207 893 3464 954 Ecclesia:

1881 989 1945 1028 ac
1994 974 2236 1039 nostris,
2291 977 2646 1046 prmsentibus
2689 979 2896 1035 scilicet
2943 988 2998 1036 et
3049 981 3286 1049 futuris,
3335 987 3462 1055 quia

1879 1063 2056 1118 Hauto
2083 1065 2220 1120 abba
2248 1081 2314 1121 ex
2343 1079 2367 1107 ι
2400 1069 2726 1125 monasterio
2758 1080 3066 1127 sanctorum
3095 1075 3463 1144 apostolorum

1877 1155 2022 1211 Petri
2050 1166 2106 1212 et
2136 1157 2310 1223 Pauli,
2351 1159 2493 1230 quod
2525 1169 2606 1215 est
2636 1161 2798 1215 situm
2832 1163 2887 1216 in
2925 1163 3057 1220 silva
3092 1182 3212 1236 quae
3236 1175 3464 1224 vocatur

1879 1249 2054 1303 Dervo
2079 1291 2094 1316 ,
2143 1251 2232 1304 ubi
2264 1250 2457 1306 fluvius
2490 1250 2786 1307 Alsmantia
2826 1254 3127 1325 ingreditur
3156 1258 3208 1313 in
3239 1259 3462 1330 Vigera,

1878 1339 1930 1393 in
1959 1355 2095 1410 pago
2121 1339 2381 1395 Pertense
2402 1381 2416 1405 ,
2457 1343 2694 1396 ostendit
2729 1344 2884 1399 nobis
2931 1346 3323 1404 immunitatem
3374 1351 3463 1406 avi

1877 1432 2047 1486 nostri
2076 1431 2288 1502 Pippini
2321 1433 2462 1504 regis
2487 1473 2502 1499 ,
2547 1434 2601 1488 in
2631 1450 2734 1504 qua
2766 1445 2884 1490 erat
2928 1437 3190 1494 insertum
3229 1441 3464 1511 qualiter

1877 1522 1992 1592 ipse
2020 1530 2074 1577 et
2101 1532 2476 1578 antecessores
2517 1525 2634 1594 eius
2661 1566 2676 1591 ,
2729 1541 2886 1598 reges
2931 1528 3183 1585 videlicet
3229 1531 3468 1588 Franco-

1875 1627 2028 1678 rum,
2085 1613 2258 1682 ipsum
2306 1616 2699 1669 monasterium
2746 1631 2963 1688 semper
2996 1621 3098 1674 sub
3145 1621 3462 1690 plenissima

1873 1702 2186 1758 defensione
2227 1711 2282 1758 et
2323 1703 2685 1762 immunitatis
2731 1709 2961 1764 tuitione
3009 1711 3341 1768 habuissent.
3384 1713 3464 1770 0b

184 1800 392 1856 tributa
417 1800 702 1872 exigenda,
733 1809 828 1855 aut
852 1801 1163 1856 mansiones
1201 1801 1284 1856 vel
1313 1809 1532 1871 paratas
1569 1799 1772 1854 facien-
1801 1788 1846 1848 Β
1874 1794 2186 1849 ﬁrmitatem
2245 1803 2424 1850 tamen
2490 1797 2569 1852 rei
2619 1799 2912 1867 postulavit
2965 1803 3122 1858 nobis
3173 1806 3466 1873 praedictus

183 1894 304 1958 das,
344 1901 438 1947 aut
473 1891 819 1961 ﬁdeiussores
867 1891 1158 1957 tollendos,
1200 1900 1294 1946 aut
1335 1893 1581 1947 homines
1607 1891 1775 1961 ipsius

182 1984 523 2050 monasterii,
555 1993 666 2038 tam
691 1985 952 2055 ingenuos
981 1999 1141 2054 quam
1168 1991 1222 2038 et
1244 1999 1451 2049 servos,
1481 1999 1643 2054 super
1669 1991 1777 2037 ter-

185 2094 306 2133 ram
350 2078 516 2148 ipsius
557 2085 962 2133 commanentes
1003 2076 1435 2146 distringendos,
1489 2091 1591 2130 nec
1634 2075 1774 2130 ullas

183 2160 574 2224 redhibitiones
624 2176 716 2223 aut
767 2168 983 2223 illicitas
1030 2169 1348 2225 occasiones
1397 2167 1769 2236 requirendas,

183 2263 388 2318 nostris
407 2277 506 2317 nec
537 2260 731 2316 futuris
753 2260 1084 2330 temporibus
1110 2259 1316 2329 ingredi
1337 2259 1554 2323 audeat,
1581 2273 1682 2312 nec
1709 2272 1772 2312 ea

183 2367 302 2423 qum
333 2367 495 2422 supra
534 2359 831 2408 memorata
870 2359 1015 2416 sunt,
1064 2350 1282 2421 penitus
1325 2351 1543 2419 exigere
1570 2363 1774 2418 prtesu-

183 2450 318 2498 mat.
371 2442 639 2512 Quidquid
666 2443 833 2497 etiam
879 2444 946 2497 de
973 2439 1212 2511 praefatis
1243 2431 1404 2495 rebus
1448 2439 1769 2494 monasterii

181 2535 348 2592 ﬁscus
373 2536 590 2608 exigere
611 2543 842 2606 poterat,
877 2536 931 2590 in
963 2535 1231 2606 integrum
1261 2549 1359 2604 pro
1384 2542 1586 2589 aeterna
1617 2533 1773 2588 retri-

179 2627 404 2684 butione
447 2629 624 2685 eidem
668 2628 1018 2684 concedimus
1067 2628 1432 2692 monasterio;
1474 2627 1682 2683 scilicet
1712 2636 1772 2682 ut

179 2719 509 2792 perennibus
558 2720 892 2790 temporibus
935 2719 991 2774 in
1037 2718 1348 2773 alimoniam
1377 2733 1672 2788 pauperum
1718 2726 1772 2774 et

179 2811 446 2882 stipendia
472 2811 860 2866 monachorum
889 2809 1089 2866 ibidem
1115 2809 1225 2865 Deo
1248 2808 1625 2864 famulantium
1649 2825 1772 2880 pro-

180 2901 329 2957 ﬁciat
354 2901 409 2956 in
436 2909 805 2972 augmentum.
856 2899 922 2954 Et
964 2901 1179 2971 quando
1210 2900 1426 2970 quidem
1469 2900 1651 2955 divina
1677 2917 1771 2957 vo-

179 2996 396 3050 catione
438 2994 778 3064 supradictus
806 2991 975 3048 abbas
997 3032 1012 3058 ,
1061 2991 1149 3048 vel
1180 3007 1524 3048 successores
1558 2994 1676 3065 eius
1705 2995 1770 3050 de

179 3088 281 3142 hac
306 3086 429 3142 luce
458 3086 835 3158 migraverint,
875 3085 1113 3157 quandiu
1141 3084 1243 3155 ipsi
1270 3087 1520 3142 monachi
1550 3087 1690 3142 inter
1709 3103 1767 3143 se

1877 1884 2074 1951 Hauto,
2121 1894 2180 1940 ut
2210 1887 2456 1942 eamdem
2503 1890 2879 1944 auctoritatem
2909 1893 2978 1947 ob
3008 1909 3248 1950 amorem
3281 1897 3376 1950 Dei
3408 1905 3467 1953 et

1875 1978 2232 2032 reverentiam
2278 1978 2447 2048 ipsius
2491 1980 2664 2035 sancti
2701 1981 2839 2047 loci,
2885 1993 3072 2039 nostra
3115 1987 3467 2046 conﬁrmare-

1874 2085 1995 2125 mus
2038 2071 2378 2125 auctoritate.
2435 2071 2600 2142 Cuius
2648 2075 2898 2142 petitioni
2932 2077 3162 2134 libenter
3192 2082 3466 2150 acquievi-

1873 2177 1995 2217 mus
2049 2171 2101 2218 et
2153 2163 2256 2216 hoc
2299 2174 2630 2232 przeceptum
2676 2167 3015 2222 auctoritatis
3062 2178 3262 2225 nostrae
3314 2172 3464 2229 circa

1873 2255 2048 2325 ipsum
2095 2262 2345 2309 sanctum
2392 2253 2568 2309 locum
2610 2255 2725 2310 ﬁeri
2769 2257 3144 2325 decrevimus,
3193 2277 3291 2332 per
3318 2265 3464 2334 quod

1865 2342 2118 2412 iubemus
2138 2355 2302 2414 atque
2326 2347 2670 2417 praecipimus
2696 2358 2756 2402 ut
2790 2365 2951 2405 nemo
2977 2349 3213 2406 ﬁdelium
3244 2362 3465 2411 nostro-

1873 2451 2015 2502 rum,
2066 2435 2150 2490 vel
2179 2436 2435 2506 quislibet
2472 2453 2539 2492 ex
2575 2437 2863 2507 iudiciaria
2896 2449 3164 2510 potestate
3206 2443 3261 2498 in
3291 2445 3466 2500 eccleo

1872 2527 1982 2582 sias
2027 2535 2121 2582 aut
2148 2526 2266 2582 loca
2307 2527 2392 2582 vel
2424 2543 2621 2600 agros,
2677 2545 2772 2585 seu
2817 2531 3052 2601 reliquas
3093 2537 3467 2605 possessiones

1871 2619 2116 2690 praedicti
2145 2620 2493 2686 monasterii,
2528 2635 2662 2690 quas
2684 2623 2946 2677 moderno
2973 2631 3216 2695 tempore
3238 2626 3384 2695 iuste
3409 2638 3467 2687 et

1871 2716 2263 2771 rationabiliter
2312 2717 2571 2786 possidet,
2604 2718 2687 2772 vel
2730 2733 2794 2773 ea
2831 2734 2951 2788 qua:
2989 2720 3246 2794 deinceps
3294 2725 3348 2779 in
3374 2725 3466 2796 ius

1872 2806 2042 2875 ipsius
2086 2807 2401 2862 monasterii
2446 2806 2677 2862 voluerit
2723 2809 2903 2864 divina
2930 2812 3104 2880 pietas
3134 2815 3342 2885 augeri,
3393 2816 3463 2870 ad

1872 2914 2064 2955 causas
2094 2900 2408 2964 audiendas,
2458 2899 2542 2953 vel
2587 2900 2735 2954 freda
2773 2903 3067 2972 exigenda,
3100 2915 3192 2958 aut
3222 2908 3464 2962 mansio-

1871 3006 1968 3046 nes
1993 2990 2075 3046 vel
2099 2999 2318 3062 paratas
2345 2990 2640 3057 faciendas,
2671 2999 2764 3046 aut
2794 2992 3140 3064 ﬁdeiussores
3169 2996 3458 3066 tollendos,

1872 3091 1965 3138 aut
1989 3084 2236 3139 homines
2264 3083 2504 3154 eiusdem
2537 3084 2851 3138 monasterii
2897 3083 3096 3153 irjuste
3135 3087 3465 3159 distringen-

181 3177 315 3233 tales
361 3155 604 3232 invenire
650 3155 908 3246 poterunt
936 3176 1030 3246 qui
1078 3176 1252 3246 ipsam
1293 3178 1765 3247 congregationem
1794 3155 1838 3218 (ἶ
1871 3174 1989 3239 dos,
2031 3189 2134 3228 nec
2161 3173 2297 3228 ullas
2327 3173 2716 3229 redhibitiones
2758 3182 2848 3229 aut
2880 3175 3098 3231 illicitas
3148 3155 3464 3236 occasiones

179 3274 474 3327 secundum
505 3271 740 3344 regulam
771 3271 945 3327 sancti
987 3270 1268 3326 Benedicti
1313 3285 1503 3342 regere
1529 3269 1764 3338 valeant,

179 3378 278 3433 per
305 3365 445 3419 hanc
471 3373 713 3420 nostram
739 3362 1117 3419 auctoritatem
1158 3371 1214 3417 et
1249 3376 1573 3417 consensum
1601 3360 1772 3416 licen-

181 3457 311 3510 tiam
337 3455 566 3526 eligendi
610 3456 834 3510 abbates
878 3453 1263 3520 concedimus;
1322 3461 1590 3525 quatenus
1637 3453 1768 3522 ipsis

180 3547 463 3604 monachis
500 3547 592 3618 qui
624 3546 822 3602 ibidem
871 3545 983 3601 Deo
1027 3545 1280 3600 famulari
1317 3545 1570 3601 videntur
1593 3586 1608 3611 ,
1643 3558 1766 3599 cum

178 3641 342 3696 rebus
368 3639 454 3695 vel
494 3640 804 3695 hominibus
826 3637 1000 3694 eidem
1023 3640 1353 3694 monasterio
1382 3636 1768 3709 aspicientibus

179 3735 266 3791 vel
285 3734 682 3807 pertinentibus
702 3774 716 3799 ,
759 3733 861 3788 sub
886 3732 1132 3787 tuitionis
1155 3732 1241 3787 vel
1283 3731 1640 3787 immunitatis
1671 3745 1768 3787 no-

179 3835 307 3882 stra:
342 3825 654 3881 defensione
677 3866 691 3890 ,
727 3832 934 3880 remota
964 3823 1127 3879 totius
1157 3824 1355 3893 iniquae
1380 3823 1664 3892 potestatis
1687 3822 1770 3876 in-

180 3919 494 3991 quietudine
511 3960 524 3983 ,
557 3919 739 3989 quieto
765 3919 954 3973 ordine
981 3917 1260 3987 possidere
1281 3924 1335 3971 et
1359 3932 1458 3986 pro
1487 3916 1772 3972 incolumi-

179 4019 290 4066 tate
331 4018 532 4066 nostra:
561 4010 802 4081 conjugis
827 4018 881 4064 et
905 4008 1074 4078 prolis
1093 4049 1107 4074 ,
1157 4021 1252 4063 seu
1281 4007 1445 4062 etiam
1475 4009 1641 4062 totius
1671 4007 1772 4062 im-

177 4103 318 4176 perii
363 4119 394 4158 a
428 4103 538 4160 Deo
564 4104 720 4159 nobis
762 4102 940 4158 collati
982 4099 1180 4170 eteius
1225 4100 1648 4156 clementissima
1675 4101 1772 4155 mi-

178 4195 454 4254 seratione
495 4201 754 4265 perpetuo
779 4192 1159 4258 conservandi,
1185 4191 1282 4246 Dei
1325 4206 1422 4261 per
1450 4193 1771 4247 immensam

178 4286 528 4342 clementiam
569 4285 774 4356 iugiter
821 4299 1050 4340 exorare
1105 4283 1354 4339 delectet.
1417 4283 1568 4339 Hanc
1609 4284 1772 4355 igitur

180 4378 560 4434 auctoritatem
584 4419 599 4443 ,
645 4386 703 4432 ut
731 4377 1028 4448 pleniorem
1082 4377 1134 4430 in
1169 4376 1278 4431 Deo
1311 4376 1559 4431 obtinere
1594 4376 1770 4430 valeat

177 4470 446 4540 vigorem,
491 4478 546 4524 ct
573 4484 604 4524 a
627 4468 871 4524 ﬁdelibus
901 4477 1102 4523 sanctae
1135 4465 1390 4522 Ecclesiae
1428 4475 1481 4522 et
1512 4483 1540 4521 a
1570 4467 1770 4522 nostris

179 4561 470 4616 roboretur
495 4601 510 4627 ,
555 4568 610 4615 et
643 4560 825 4614 verius
866 4559 1151 4624 credatur,
1193 4566 1248 4612 et
1283 4557 1594 4629 diligentius
1643 4572 1772 4612 con-

1872 3265 2264 3336 requirendas,
2309 3265 2512 3320 nostris
2539 3272 2595 3320 et
2634 3264 2832 3320 futuris
2878 3268 3210 3336 temporibus
3255 3271 3464 3340 ingredi

1873 3358 2102 3424 audeat,
2148 3357 2233 3411 vel
2263 3371 2325 3412 ea
2354 3372 2474 3426 qua:
2503 3372 2666 3427 supra
2709 3366 3005 3412 memorata
3035 3368 3198 3426 sunt,
3247 3362 3466 3431 penitus

1871 3449 2092 3521 exigere
2116 3457 2430 3519 prmsumat.
2464 3445 2571 3503 Sed
2597 3447 2759 3504 liceat
2797 3458 3101 3505 memorato
3127 3451 3307 3506 abbati
3330 3454 3466 3510 suis-

1873 3555 1978 3611 que
2005 3541 2410 3596 successoribus
2459 3555 2546 3595 res
2580 3539 2824 3611 praedicti
2868 3542 3187 3597 monasterii
3229 3545 3329 3600 sub
3356 3544 3464 3599 im-

1872 3631 2156 3686 munitatis
2177 3641 2376 3686 nostra;
2398 3629 2712 3686 defensione
2738 3631 2923 3701 quieto
2944 3633 3134 3688 ordine
3161 3634 3460 3704 possidere.

1872 3723 1940 3779 Et
1963 3723 2222 3794 quidquid
2247 3723 2442 3778 exinde
2478 3721 2569 3792 ius
2597 3722 2713 3778 ﬁsci
2741 3723 2959 3793 exigere
2987 3733 3198 3792 poterat
3222 3767 3236 3791 ,
3286 3735 3461 3784 totum

1871 3830 1972 3870 nos
2013 3830 2112 3884 pro
2161 3822 2362 3868 aeterna
2397 3814 2835 3868 remuneratione
2870 3814 3095 3881 praefato
3127 3816 3456 3871 monasterio

1874 3902 2238 3966 concedimus,
2295 3901 2432 3954 utin
2463 3899 2719 3954 alimonia
2750 3913 3047 3968 pauperum
3095 3909 3148 3957 et
3193 3903 3459 3972 stipendia

1873 4009 2152 4050 servorum
2182 3991 2380 4047 ibidem
2410 3992 2519 4046 Deo
2567 3989 2944 4045 famulantium
2973 3993 3219 4062 proﬁciat
3262 3989 3460 4064 peren-

1872 4087 2034 4142 nibus
2078 4083 2409 4153 temporibus
2454 4083 2512 4137 in
2559 4090 2946 4152 augmentum,
3001 4092 3268 4154 quatenus
3312 4087 3460 4157 ipsos

1875 4195 2063 4236 servos
2105 4178 2200 4233 Dei
2233 4178 2326 4248 qui
2373 4177 2572 4232 ibidem
2605 4177 2715 4232 Deo
2757 4175 3116 4245 famulantur,
3163 4194 3264 4249 pro
3302 4180 3460 4238 nobis

1876 4283 1931 4330 et
1955 4272 2181 4345 coniuge
2214 4272 2470 4343 proleque
2499 4279 2704 4336 nostra,
2754 4280 2809 4326 et
2833 4286 2934 4343 pro
2968 4271 3262 4330 stabilitate
3292 4274 3458 4332 totius

1876 4353 2087 4436 imperii
2125 4381 2155 4419 a
2186 4365 2294 4419 Deo
2323 4363 2479 4419 nobis
2505 4362 2687 4419 collati
2726 4364 2810 4420 vel
2847 4367 3223 4434 conservandi,
3254 4366 3461 4438 iugiter

1879 4458 2091 4513 Domini
2121 4455 2547 4512 misericordiam
2574 4469 2800 4512 exorare
2851 4457 3100 4515 delectet.
3150 4459 3216 4514 Et
3249 4469 3309 4514 ut
3338 4459 3457 4518 hac

1878 4549 2173 4606 auctoritas
2202 4590 2215 4614 ,
2265 4547 2494 4602 Domino
2545 4555 2894 4618 protegente,
2927 4549 3104 4605 valeat
3141 4549 3456 4606 inconvulsa

180 4659 452 4717 servetur,
485 4667 649 4705 manu
671 4651 889 4721 propria
917 4649 1475 4716 subterﬁrmavimus,
1507 4659 1560 4705 et
1585 4650 1776 4705 annulr

1876 4657 2116 4706 manere,
2151 4657 2313 4696 manu
2342 4642 2560 4712 propria
2598 4641 3142 4709 subterﬁrmavimns,
3187 4651 3242 4698 et
3271 4641 3456 4707 annuli

180 4744 357 4800 nostri
385 4744 736 4816 impressione
763 4743 964 4815 signari
982 4741 1269 4811 iussimus.

254 4834 482 4907 Signum
509 4835 764 4892 Ludovici
791 4835 1125 4891 serenissimi
1151 4834 1512 4906 imperatoris.

256 4927 572 4984 Helisachar
597 4926 904 4998 recognovi.

255 5022 396 5077 Data
423 5037 462 5076 lt
487 5021 611 5076 ldus
635 5019 822 5085 Febr.,
844 5035 1006 5084 anno,
1036 5019 1254 5076 Christo
1286 5020 1539 5091 propitio,
1571 5020 1631 5074 Η
1665 5021 1767 5075 im-

182 5114 326 5186 perii
356 5114 556 5170 domini
583 5113 777 5178 nostri,
806 5112 1098 5167 indictione
1127 5113 1179 5168 8.
1216 5113 1412 5167 Actum
1438 5112 1766 5185 Aquisgrani

182 5209 387 5282 palatio
415 5207 563 5277 regio
585 5206 641 5261 in
664 5204 762 5258 Dei
789 5203 1004 5257 nomine
1032 5201 1283 5258 feliciter.
1311 5203 1504 5258 Amen.

884 5293 1074 5348 XXIX.

594 5383 696 5425 PRO
721 5380 1058 5422 IONASTEBIO
1084 5381 1360 5420 DEBVENSI.

788 5437 961 5508 (Anno
987 5434 1138 5503 815.)

186 5512 370 5588 [Apud
415 5513 478 5568 D.
523 5504 806 5588 Bouqu_et._'
835 5507 987 5572 ibid.,
1025 5522 1145 5588 pag.
1176 5506 1302 5588 μβ,
1350 5522 1414 5563 ex
1445 5504 1777 5562 chartulario

702 5579 864 5649 huius
895 5576 1258 5648 monasterii.]

259 5678 319 5734 in
357 5679 575 5733 nomine
603 5672 818 5730 Domini
862 5669 959 5726 Dei
989 5678 1044 5725 et
1081 5668 1379 5725 Salvatoris
1432 5668 1600 5723 nostri
1647 5666 1774 5722 Jesu

1875 4734 2046 4790 nostri
2077 4733 2433 4803 impressione
2455 4733 2658 4804 signari
2679 4733 2960 4802 iussimus.

1949 4826 2172 4895 Signum
2203 4825 2460 4880 Ludovici
2490 4825 2718 4895 piissimi
2742 4825 3105 4895 imperatoris.

1948 4917 2236 4972 Durandus
2290 4917 2548 4972 diaconus
2592 4917 2661 4973 ad
2705 4916 2880 4973 vicem
2935 4916 3253 4974 Helisachar
3301 4931 3456 4974 reco-

1875 5011 2078 5082 gnovit.

1943 5103 2076 5157 Data
2106 5117 2142 5155 ιι
2181 5101 2297 5156 Kal.
2333 5100 2712 5167 Martii,anno,
2737 5098 2954 5157 Christo
2978 5101 3230 5171 propitio,
3257 5101 3315 5156 Η
3348 5101 3454 5157 im-

1875 5194 2013 5266 perii
2049 5193 2231 5248 domni
2280 5193 2538 5248 Ludovici
2584 5193 2812 5263 piissimi
2863 5192 3110 5266 Augusti,
3165 5194 3456 5250 indictione

1876 5287 1930 5340 8.
1961 5286 2156 5340 Actum
2184 5285 2506 5354 Aquisgrani
2552 5285 2750 5356 palatio
2794 5286 2943 5358 regio
2993 5286 3047 5340 iu
3094 5284 3187 5340 Dei
3233 5285 3455 5342 nomine

1878 5376 2122 5434 feliciter.
2155 5377 2346 5432 Amen.

267 5805 297 5840 ιι
332 5789 500 5864 Vulgo
565 5781 1063 5856 Moulier—en-Der,
1130 5781 1186 5841 in
1244 5781 1466 5840 dioecesi
1522 5775 1923 5837 Catalaunensi.
