4048 6350
614 291 760 360 Μ’

1307 417 1502 474 rasa.

1006 524 1109 568 ι»κο
1141 525 1482 569 IONASTERIO
1510 521 1808 571 conamen.

1222 593 1404 677 ’(itm
1428 605 1580 674 εἰει)

737 704 1006 786 [Ᾱρὶιὶἴῢ.
1033 705 1295 782 Εῖηιῐιεῑη
1323 699 1464 772 Hist.
1493 715 1739 787 Lor/tan,
1767 729 1890 793 pag.
1919 703 2071 795 298.]

677 821 739 879 In
767 826 984 883 nomine
1021 829 1233 885 Domini
1280 821 1374 886 Dei
1413 847 1479 887 ac
1524 830 1822 889 Salvatoris
1865 834 2039 890 nostri
2069 833 2198 892 Jesu

610 910 834 970 Christi.
862 915 1056 974 Amen.
1079 919 1406 990 Ludovicus,
1438 923 1621 981 divina
1650 915 1935 982 Ordinante
1964 925 2196 983 clemen-

609 1004 710 1073 tia,
727 1006 1020 1078 imperator
1045 1010 1344 1084 Augustus.

677 1097 814 1156 Cum
848 1101 1057 1173 justum
1084 1119 1204 1162 esse
1234 1117 1451 1165 constat
1495 1119 1557 1166 ut
1590 1111 1788 1184 regalis
1818 1120 1981 1184 atque
2027 1114 2198 1186 impe-

603 1191 758 1249 rialis
785 1202 1028 1265 potestas
1063 1199 1149 1256 bis
1178 1200 1394 1272 aliquod
1438 1220 1636 1261 munus
1657 1207 1932 1278 impertiat
1963 1224 2194 1279 quorum

603 1287 905 1345 necessitas
944 1291 1047 1347 hoc
1073 1296 1345 1363 postulare
1375 1299 1800 1369 comprobatur;
1829 1318 2060 1374 cumque
2083 1320 2192 1360 non

603 1375 786 1432 minus
813 1382 1083 1450 :equitatis
1124 1386 1256 1442 ordo
1280 1387 1496 1444 videtur
1537 1391 1758 1462 exigere
1799 1401 1856 1446 ut
1882 1393 1968 1448 his
2002 1395 2193 1450 eadem

601 1469 842 1538 potentia
874 1471 1100 1530 liberius
1127 1490 1315 1532 aurem
1356 1483 1751 1549 accommodet,
1793 1492 1850 1538 et
1875 1500 2063 1540 eorum
2093 1501 2190 1556 pe-

603 1555 823 1615 titiones
858 1563 924 1646 ad
958 1563 1209 1622 effectum
1253 1571 1534 1639 perducat,
1585 1590 1815 1646 quorum
1845 1576 1990 1632 ﬁdeli
2021 1555 2194 1633 famu-

602 1646 718 1704 latu
744 1639 1033 1712 manifesta
1075 1661 1377 1718 devotionis
1415 1639 1674 1736 obsequia
1705 1670 2188 1725 demonstrantur:

601 1740 806 1799 idcirco
835 1756 1021 1803 notum
1059 1749 1177 1808 ﬁeri
1217 1754 1465 1812 volumus
1511 1760 1754 1814 omnium
1806 1760 2046 1817 ﬁdelium
2092 1779 2190 1819 no-
2218 1795 2267 1859 Β

597 1841 836 1892 atrorum
855 1845 965 1894 tam
993 1845 1342 1912 prmsentium
1365 1863 1528 1916 quam
1553 1847 1856 1906 futurorum
1881 1854 2187 1922 sagacitati,

598 1926 833 1995 qualiter
856 1943 1177 2003 suggerente
1205 1944 1368 2006 atque
1406 1947 1624 2010 petente
1656 1942 2006 2014 Madephrido
2043 1945 2192 2002 ﬁdeli

597 2026 806 2086 nostro,
839 2037 928 2079 res
960 2027 1222 2093 quasdam
1250 2028 1655 2088 Theodemarus
1685 2035 2030 2104 proprietatis
2058 2053 2188 2108 suae,

596 2122 719 2179 quae
744 2120 867 2167 sunt
893 2113 948 2168 in
971 2130 1108 2188 pago
1139 2116 1524 2190 Scarponensi,
1557 2124 1606 2178 in
1637 2124 1742 2181 ﬁne
1771 2126 2190 2201 Tbeodalciaga,

593 2207 652 2256 et
688 2200 745 2255 in
769 2202 875 2259 ﬁne
907 2204 1244 2277 Scammuse,
1275 2220 1332 2267 et
1360 2214 1414 2267 in
1439 2214 1544 2271 ﬁne
1573 2215 2020 2292 lleiimninciaga,
2052 2200 2192 2281 etin

594 2289 707 2347 ﬁne
733 2292 1067 2369 Audomaga,
1095 2308 1149 2356 et
1179 2302 1233 2357 in
1262 2302 1370 2358 ﬁne
1385 2305 1766 2381 Absolomaga,
1791 2320 1846 2367 et
1874 2289 2058 2370 initiae
2082 2315 2192 2371 Mu-

593 2383 1004 2457 nalabuvicuse,
1031 2399 1086 2448 et
1121 2393 1173 2448 in
1202 2394 1309 2451 ﬁne
1337 2395 1731 2468 llalaricunise,
1757 2411 1812 2458 et
1837 2404 1894 2458 in
1919 2405 2025 2460 line
2051 2405 2191 2463 Cun-

592 2472 904 2549 holomaga,
948 2489 1005 2537 et
1050 2484 1108 2539 in
1145 2483 1252 2542 ﬁne
1293 2488 1626 2564 Dodomaga,
1675 2495 1814 2550 etin
1843 2494 1949 2551 ﬁne
1979 2497 2188 2554 Beden-

593 2581 819 2637 necuse,
857 2578 914 2627 et
960 2571 1016 2628 in
1041 2575 1150 2632 ﬁne
1175 2577 1483 2655 Banomaga
1507 2623 1523 2650 ,
1555 2585 1609 2638 id
1653 2593 1766 2653 est,
1815 2595 1926 2642 tam
1957 2591 2184 2658 mansis,

588 2659 754 2722 casis,
790 2663 994 2720 casulis
1013 2705 1028 2732 ,
1073 2684 1198 2724 cum
1225 2672 1478 2730 omnibus
1505 2675 1750 2734 mdiﬁciis
1775 2679 2008 2750 desuper
2031 2682 2185 2750 posi-

587 2748 683 2817 tis,
716 2755 939 2826 campis,
974 2761 1178 2830 pratis,
1225 2762 1417 2828 vineis,
1449 2765 1619 2833 silvis,
1669 2769 1832 2825 cultis
1857 2748 1926 2826 et
1942 2748 2182 2840 incultis,

589 2843 747 2930 aquis
773 2859 1108 2916 aquarumve
1150 2853 1469 2912 decursibus
1491 2897 1506 2924 ,
1553 2859 1816 2930 quidquid
1848 2863 1916 2917 ab
1946 2865 2050 2919 hac
2095 2865 2186 2923 die

587 2925 957 2992 Hertmannus
990 2941 1138 2996 visus
1167 2941 1268 2997 fuit
1291 2945 1512 3013 habere,
1539 2925 1593 3004 et
1619 2925 1944 3019 potestatem
1971 2955 2179 3026 habuit,

588 3027 766 3078 totum
789 3035 844 3080 et
869 3028 938 3083 ad
959 3029 1229 3104 integrum
1254 3037 1322 3090 ad
1345 3047 1559 3108 partem
1600 3045 1771 3099 sancti
1805 3044 2067 3118 Stephani
2096 3051 2182 3107 vel

586 3116 765 3194 sancti
790 3116 957 3189 Petri,
989 3124 1076 3179 vel
1101 3129 1273 3184 sancti
1301 3128 1557 3202 Gorgonii
1583 3136 1669 3191 vel
1692 3138 1760 3193 ad
1789 3116 1965 3210 ipsum
1994 3159 2180 3200 mona—
2209 3155 2256 3233 ο

584 3211 816 3268 sterium
845 3213 1057 3274 Gorzize
1085 3223 1414 3280 condonavit
1451 3228 1520 3283 ad
1564 3238 1775 3302 tempus
1818 3232 2042 3306 Optario
2080 3241 2182 3296 ab-

586 3295 723 3368 bati,
776 3313 831 3361 et
861 3311 1074 3381 accepit
1109 3313 1165 3368 in
1203 3320 1508 3385 precariam
1540 3323 1594 3377 in
1630 3295 1766 3396 pago
1797 3295 2180 3401 ScarponensL

587 3400 650 3494 et
675 3394 731 3449 in
758 3395 864 3454 ﬁne
884 3399 1213 3477 Banomaga,
1270 3411 1358 3465 vel
1391 3413 1441 3468 in
1471 3415 1585 3484 ipsa
1617 3394 1743 3473 villa
1779 3394 2184 3495 Banonocurte,

585 3483 734 3586 iisut
760 3495 816 3543 et
853 3490 969 3560 ipsa
993 3499 1241 3564 precaria
1277 3502 1466 3570 docet,
1491 3483 1672 3562 totum
1699 3519 1755 3565 et
1788 3513 1855 3567 ad
1884 3483 2182 3586 integrum:

587 3569 787 3631 Postea
816 3581 967 3679 venit
994 3583 1263 3658 Magulqu
1283 3592 1569 3679 episcopus
1597 3607 1760 3669 atque
1785 3603 1955 3661 abbas
1980 3569 2052 3663 de
2067 3569 2186 3679 ipso

587 3671 958 3750 monasterio,
1013 3687 1070 3734 et
1121 3682 1292 3738 voluit
1351 3672 1522 3756 ipsam
1577 3694 1882 3760 precariam
1946 3671 2180 3761 cessare.

579 3755 735 3816 Tunc
746 3760 1115 3825 Hartmannus
1141 3787 1324 3831 comes
1346 3777 1413 3831 ad
1442 3789 1684 3837 nostram
1696 3790 1928 3844 accessit
1951 3791 2184 3852 clemen-

578 3849 738 3918 tiam,
784 3854 1086 3926 deprecans
1111 3872 1168 3917 ut
1212 3867 1384 3936 ipsam
1410 3875 1715 3940 precari-am
1743 3895 1908 3950 quam
1955 3897 1986 3940 a
2015 3901 2181 3958 supra

577 3958 882 4008 memorato
925 3954 1125 4014 abbate
1159 3957 1384 4030 Optario
1431 3981 1736 4039 acceperat,
1786 3991 1884 4045 per
1931 3954 2177 4038 nostram

576 4041 1004 4104 mandeburdam
1031 4061 1087 4105 et
1116 4052 1392 4113 licentiam
1439 4061 1633 4120 diebus
1678 4041 1803 4124 vita;
1844 4087 1981 4138 suae,
2035 4076 2178 4133 sicut

1708 289 2721 366 iammwuntcwuuoumwﬂipn

2219 421 2281 484 Α
2304 422 2372 476 ad
2399 422 2751 480 festivitatem
2781 421 2952 495 ipsius
2984 423 3130 481 beati
3152 426 3415 498 martyris
3439 426 3734 501 Gorgonii,
3761 433 3902 500 quod

2303 526 2390 573 est
2407 534 2438 573 v
2462 519 2584 575 ldus
2607 518 2962 592 Septembris,
2989 520 3193 578 solidos
3226 523 3467 595 quinque
3483 525 3754 582 denarios
3773 567 3792 589 ,
3810 538 3904 586 aut

2299 619 2562 680 quantum
2589 613 2656 668 de
2684 629 2809 669 cera
2839 615 3012 685 pretio
3039 623 3193 672 tanto
3238 630 3552 688 comparata
3574 619 3899 690 patefaciat.

2299 703 2454 770 Quod
2476 705 2519 759 si
2546 705 2614 761 de
2641 706 2760 777 ipso
2777 721 2944 761 censu
2965 707 3247 780 negligens
3272 711 3572 767 aut'tardus
3593 715 3901 782 exstiterit,

2299 797 2588 852 emendato
2611 798 2886 869 neglecto,
2918 801 3065 870 quod
3107 809 3256 858 tenet
3282 810 3485 859 teneat.
3533 805 3666 861 Post
3693 808 3902 864 disces-

2298 901 2419 942 sum
2461 899 2594 945 vero
2626 899 2804 957 suum,
2837 893 3053 962 quando
3083 895 3162 951 sic
3197 896 3343 953 Deus
3367 899 3612 964 voluerit,
3649 902 3793 972 ipsa:
3812 918 3905 962 res

2297 977 2434 1034 bene
2460 989 2597 1037 acta:
2638 998 2704 1038 ac
2739 985 3036 1042 melioratas
3071 989 3275 1060 abstine
3298 993 3406 1048 ulla
3434 997 3904 1069 contradictione,

2295 1071 2602 1143 veljudicis
2643 1077 3042 1146 assignatione,
3093 1082 3159 1136 ad
3179 1082 3292 1152 jam
3332 1082 3572 1142 futurum
3605 1099 3904 1147 monaste-

2296 1163 2437 1219 rium
2466 1170 2708 1222 redeant.
2763 1169 2880 1225 Hoc
2924 1187 3078 1239 vero,
3121 1177 3417 1233 auctoritas
3445 1178 3765 1237 cletnentiae
3803 1197 3902 1240 no-

2295 1263 2423 1311 stra:
2460 1265 2518 1312 ut
2550 1259 2847 1317 immobilis
2875 1270 2929 1316 et
2976 1263 3291 1321 inco'nvulsa
3340 1283 3695 1338 permaneat,
3733 1287 3903 1330 manu

2295 1359 2483 1405 nostra
2519 1353 3067 1426 subterﬁrmavimus,
3115 1367 3172 1416 et
3201 1361 3367 1420 bulla:
3411 1374 3614 1421 nostra
3661 1367 3904 1439 impres-

2293 1442 2443 1498 sione
2475 1444 2677 1516 signari
2702 1447 2984 1519 iussimus.
3025 1459 3034 1472 ‘

2366 1533 2591 1607 Signum
2621 1539 2881 1596 Ludovici
2909 1543 3246 1601 serenissidii
3279 1547 3444 1619 regis.

2377 1628 2493 1701 Ego
2518 1619 2812 1690 Durandus
2837 1633 3097 1693 diaconus
3130 1635 3202 1694 ad
3244 1639 3422 1696 vicem
3455 1631 3797 1700 Helisacha'r
3824 1659 3904 1703 re-

2296 1907 2424 1973 815,
2470 1909 2656 1965 indict.
2685 1909 2741 1977 8,
2785 1921 2976 1982 epacta
3003 1915 3034 1968 7
3068 1927 3426 1972 concurrente
3451 1960 3466 1984 ,
3513 1934 3664 1974 anno
3709 1922 3902 1978 verni

2293 1999 2446 2070 regni
2493 1997 2750 2056 Ludovici
2787 2003 3157 2074 imperatoris.
3199 2001 3395 2063 Actum
3437 2011 3786 2084 Aquisgrani
3818 2027 3899 2086 pa-

2291 2083 2424 2145 latio
2445 2092 2594 2164 regio
2616 2093 2672 2148 in
2703 2092 2802 2150 Dei
2828 2095 3048 2152 nomine
3080 2097 3328 2155 feliciter.
3353 2097 3549 2158 Arnen.

2678 2317 2779 2359 ιδιιο
2821 2319 3160 2363 ιιοΝΑδτειιιθ
3192 2305 3490 2368 Ακιικεκει.

2902 2399 3077 2469 (Αηηο
3112 2402 3262 2474 815.)

2289 2480 2432 2576 (Hoc
2477 2495 2526 2539 et
2557 2486 2810 2576 nonnulla
2856 2489 2966 2576 qlia
3001 2492 3251 2549 Ludovici
3300 2494 3388 2551 Pii
3426 2498 3888 2576 diplomataAqua

2361 2555 2429 2608 ad
2450 2561 2823 2647 monii-Mergum
2851 2559 3146 2647 ᾼηξαηεηες
3167 2575 3398 2647 spectant
3422 2555 3536 2626 vide
3559 2571 3703 2629 inter

2357 2630 2524 2682 sancti
2548 2628 2823 2688 Benedicti
2845 2628 3208 2707 Aniunensia.)

2975 2735 3189 2805 Kxxu.

2713 2878 2815 2919 PRO
2837 2879 3144 2920 VIVARIENSI
3174 2881 3447 2924 ECCLESIA.

2912 2955 3086 3036 (Anno
3133 2958 3284 3030 8l5.)

2287 3040 2469 3117 [Apud
2496 3043 2559 3099 D.
2583 3042 2874 3131 Bouquet.,
3069 3050 3206 3131 es}.
3239 3051 3492 3131 Columbi
3507 3053 3586 3131 Qa
3600 3056 3885 3131 rebusges-

2610 3118 2675 3172 lis
2703 3117 2861 3190 episc.
2888 3117 3091 3189 Vivam,
3115 3119 3215 3177 'lib.
3252 3139 3312 3190 ιι,
3344 3142 3399 3178 ιι.
3431 3124 3550 3199 50.]

2360 3217 2418 3284 In
2445 3231 2664 3287 nomine
2696 3231 3627 3294 Dominie'tSalvatorisnostriJesu
3655 3240 3882 3309 Christi,

2287 3309 2614 3391 Ludovicus,
2631 3325 2812 3381 divina
2835 3326 3128 3384 ordinante
3147 3329 3488 3400 providentia
3507 3343 3556 3398 ε,
3578 3333 3880 3404 imperator

2285 3417 2582 3489 Augustus.

2360 3510 2420 3567 Si
2452 3514 2792 3569 sacerdotum
2833 3530 2897 3571 ac
2923 3530 3206 3573 servorum
3235 3517 3503 3589 Deijustis
3521 3518 3881 3590 petitionibus

2287 3603 2703 3672 acquiescimus,
2736 3607 2840 3662 hoc
2871 3607 3031 3664 nobis
3061 3623 3194 3664 sane
3216 3608 3284 3663 ad
3328 3617 3594 3664 aeternam
3646 3612 3880 3668 beatita-

2287 3693 2468 3750 dinem
2496 3697 2782 3765 provenire
2807 3699 3151 3756 conﬁdimus.
3181 3700 3389 3756 Idcirco
3411 3704 3722 3772 comperiat
3765 3720 3880 3760 om-

2285 3784 2436 3839 nium
2472 3785 2713 3841 ﬁdelium
2751 3797 3087 3858 nostrorum,
3146 3795 3500 3862 pnesentinm
3554 3789 3771 3851 scilicet
3826 3807 3880 3853 et

2283 3873 2593 3933 futurorum
2617 3878 2904 3945 industria,
2936 3882 3064 3951 quia
3107 3882 3191 3937 vir
3238 3885 3572 3940 venerabilis
3617 3885 3876 3953 Thomas,

2283 3970 2568 4042 episcopus
2595 3969 2913 4028 Albensium
2939 3989 3034 4029 seu
3057 3972 3481 4043 V'ivariensium,
3531 3979 3760 4034 veniens
3812 3978 3877 4034 ad

2281 4076 2401 4124 nos,
2433 4063 2756 4132 deprecatus
2809 4073 2895 4120 est
2944 4066 3320 4123 celsitudinem
3370 4077 3616 4124 nostram
3658 4082 3721 4124 ut
3779 4083 3878 4141 pro

577 4132 723 4190 inter
742 4153 838 4194 eos
866 4157 1216 4214 convenerat,
1267 4153 1470 4210 habere
1498 4161 1806 4226 potuisset:
1855 4132 2011 4236 cujus
2039 4173 2176 4240 peti.
2278 4161 2480 4209 nostra:
2504 4157 2770 4212 mercedis
2794 4167 3084 4228 augmento
3133 4162 3452 4230 praedictam
3503 4164 3875 4246 sedem,‘cnm

463 4282 471 4301 I
575 4228 820 4288 tionibus
855 4235 1049 4296 domus
1071 4241 1170 4299 Dei
1215 4246 1506 4306 utilitatem
1547 4228 1978 4326 considerantes,
2015 4228 2174 4335 c'apto
2276 4248 2536 4306 fratribus
2557 4251 2756 4307 ibidem
2809 4254 3039 4309 Domino
3088 4256 3472 4324 servientibus,
3528 4257 3623 4334 sub
3673 4241 3876 4315 nostra

575 4319 818 4382 ﬁdelium
872 4346 1185 4394 nosu'omlm
1234 4343 1462 4399 ροηείιίο
1488 4387 1504 4412 ,
1560 4351 1888 4421 annuimus;
1949 4319 2005 4412 ξι
2050 4319 2172 4417 ειξῷ
2276 4341 2589 4398 defensione
2617 4351 2670 4397 et
2698 4344 3040 4402 immunitate
3085 4348 3500 4418 recipe-remus:
3543 4348 3700 4418 cujus
3733 4353 3875 4429 peti-

573 4411 718 4471 hanc
758 4430 958 4478 nostra:
983 4429 1325 4488 auctoritatis
1355 4434 1698 4507 largitionem
1737 4411 1997 4513 praedicto
2279 4437 2410 4491 ῑίουί
2446 4452 2732 4492 assensum
2768 4440 3095 4508 Ρνωῖςδθιὶιθετ
3128 4457 3226 4513 ρετ
3278 4451 3478 4498 Ποδῑτίη
3525 4445 3872 4501 “umor-“3‘35

574 4517 764 4563 nostro
792 4509 1151 4584 Hartmanuo,
1203 4527 1537 4593 expetitione
1563 4509 1843 4591 Madelridi
1868 4539 2040 4596 ﬁdelis
2069 4557 2166 4598 no-

2294 4541 2604 4603 irmccptum
2625 4531 2952 4589 conﬁrmare
2975 4535 3305 4591 studuimus.
3333 4535 3732 4606 Prmcipieutes
3786 4552 3868 4593 er-

573 4599 673 4654 Βιτί
700 4615 764 4656 ac
805 4613 1126 4666 cancrorum
1154 4611 1272 4668 ﬁeri
1319 4617 1683 4690 decrevimus,
1721 4641 1820 4695 per
1847 4647 2010 4700 quam
2056 4644 2167 4690 sta-
2191 4599 2228 4602 _
2270 4599 2340 4700 go
2367 4599 2625 4695 juliemus
2646 4632 2706 4679 ut
2726 4626 3082 4696 nullusjudex
3105 4629 3376 4699 publicus,
3405 4599 3586 4699 neque
3609 4631 3865 4702 quislibet

572 4690 774 4746 tuimus
796 4702 957 4764 atque
983 4702 1261 4760 sanximus
1285 4714 1345 4760 ut
1376 4723 1463 4765 res
1475 4690 1738 4781 superius
1753 4690 2004 4790 scriptas,
2028 4740 2166 4794 quas
2269 4690 2337 4775 ex
2353 4690 2638 4787 iudiciaria
2664 4727 2935 4789 potestate
2963 4736 3060 4776 seu
3082 4721 3281 4793 aliquis
3304 4739 3371 4778 ex
3393 4721 3648 4779 ﬁdelibus
3670 4733 3864 4779 sancta:

569 4788 680 4837 tam
733 4784 847 4855 ipse
893 4787 1264 4853 Hartmannus
1293 4801 1360 4855 ad
1406 4801 1578 4872 ipsam
1613 4821 1799 4863 casam
1851 4784 1945 4867 Dei
1995 4784 2160 4885 dedit,
2267 4813 2366 4869 Dei
2394 4813 2651 4869 Ecclesia:
2681 4829 2745 4869 ac
2782 4815 3008 4881 nostris,
3062 4816 3117 4870 in
3146 4815 3430 4882 ecclesias,
3461 4826 3561 4870 aut
3601 4816 3748 4882 loca,
3783 4816 3862 4872 vel

567 4886 733 4944 quam
762 4880 925 4936 etiam
954 4883 1073 4942 illas
1097 4903 1236 4959 quas
1258 4892 1313 4947 in
1342 4898 1645 4964 precariam
1674 4903 1903 4973 accepit,
1935 4920 2032 4975 per
2060 4880 2162 4966 ιιοέ
2265 4921 2448 4977 agros,
2507 4921 2604 4961 seu
2666 4905 2904 4976 reliquas
2961 4908 3357 4976 possessiones,
3403 4925 3547 4980 quas
3601 4911 3860 4966 moderno

565 4966 870 5038 maiestatis
895 4987 1097 5036 nostrae
1123 4995 1455 5056 przeceptum
1477 5030 1492 5055 ,
1541 5007 1634 5047 seu
1664 5009 1764 5063 per
1792 4966 1994 5052 dictam
2024 5016 2160 5056 con-
2265 4966 2509 5067 tempore
2525 4996 2674 5067 .juste
2697 5009 2754 5054 et
2778 5001 3178 5057 rationabiliter
3213 5003 3495 5073 possidere
3541 5005 3766 5059 videtur
3807 5005 3857 5060 in

565 5063 908 5162 venItionem,
956 5071 1148 5130 diebus
1188 5077 1314 5133 vitae
1354 5096 1467 5137 suae
1510 5100 1703 5142 secure
1742 5092 2053 5162 possideat;
2105 5105 2163 5153 et

565 5149 750 5207 nullus
789 5159 988 5217 exinde
1029 5166 1346 5233 pontiﬁcum
1394 5172 1451 5228 in
1501 5149 1831 5247 quibuslibet
1877 5149 2160 5243 rebus’vel

912 5252 1116 5325 aliquid
1166 5259 1442 5320 minuendi
1462 5264 1554 5335 jus
1585 5269 1824 5340 habeat;
1872 5276 1967 5330 sed
1995 5278 2158 5346 quid-

566 5335 699 5406 quid
726 5339 923 5400 ibidem
955 5363 1305 5421 accrescere,
1348 5357 1711 5419 immeliorare
1749 5364 1836 5420 vel
1873 5367 2157 5424 attrahere

562 5427 814 5498 voluerit,
854 5451 918 5491 ac
944 5440 989 5494 si
1019 5441 1220 5500 liberos
1254 5448 1502 5518 proprios
1528 5467 1593 5506 ex
1634 5455 1796 5510 rebus
1837 5460 2154 5516 memoratis

2261 5089 2590 5160 quibuslibet
2639 5091 2792 5162 pagis
2821 5100 2876 5147 et
2901 5093 3210 5158 territoriis,
3240 5094 3327 5150 vel
3372 5093 3640 5165 quidquid
3695 5095 3855 5150 etiam

2262 5182 2518 5254 deinceps
2537 5239 2542 5244 ,
2564 5193 2790 5254 propter
2809 5186 3062 5242 divinum
3088 5201 3333 5244 amorem
3363 5188 3570 5243 ibidem
3597 5187 3855 5244 collatum

2259 5271 2445 5340 fuerit,
2477 5277 2544 5331 ad
2564 5294 2760 5334 causas
2781 5279 3101 5347 audiendas,
3137 5281 3227 5336 vel
3262 5281 3415 5336 freda
3445 5282 3713 5353 exigenda
3766 5289 3856 5336 aut

2258 5367 2588 5433 mansiones,
2619 5377 2714 5424 aut
2753 5379 2978 5438 paratas
3033 5371 3333 5436 faciendas,
3364 5380 3460 5426 aut
3502 5370 3854 5442 ﬁdeiussores

2258 5456 2544 5524 tollendos,
2577 5468 2670 5514 aut
2697 5460 2948 5516 homines
2973 5461 3141 5532 ipsius
3154 5460 3416 5528 ecclesiae,
3443 5470 3557 5516 tam
3589 5461 3853 5532 ingenuos

561 5519 820 5591 haberet,
871 5544 935 5585 eo
960 5530 1077 5588 ﬁeri
1124 5536 1420 5596 decernere
1464 5551 1711 5614 satagat;
1751 5546 1826 5600 ita
1878 5556 2056 5604 tamen
2091 5558 2152 5606 ut
2255 5566 2420 5621 quam
2443 5567 2650 5619 servos,
2687 5553 2889 5622 injuste
2929 5553 3357 5626 distringendos,
3389 5555 3506 5610 sive
3558 5545 3700 5610 ullas
3728 5553 3847 5610 red-

559 5631 660 5692 per
694 5620 933 5692 singulos
961 5640 1229 5685 annorum
1253 5647 1508 5692 recursus
1533 5637 1806 5706 persolvat
1824 5640 1880 5696 in
1901 5657 2146 5716 censum,

634 5805 662 5838 ⁸
688 5798 830 5861 Male
851 5799 914 5862 in
939 5801 1126 5864 editis.
1151 5803 1344 5866 diuina
1362 5809 1702 5886 ordinatione
1712 5813 2086 5906 providentiae.

2253 5641 2550 5704 hibitiones
2581 5647 2670 5706 vel
2695 5647 2918 5710 illicitas
2966 5651 3282 5711 occasiones
3327 5650 3717 5725 requirenda-aa
3743 5648 3850 5709 uno
