4048 6350
209 359 356 423 1021

1316 353 1714 412 DIPLOMATA
1750 349 2310 411 ECCLESIASTICA.

3339 351 3483 412 1022

201 461 455 550 iniquam
483 481 730 546 tempore
753 471 964 544 ingredi
1010 471 1226 537 audeat,
1264 465 1351 525 vel
1377 459 1447 525 ea
1500 473 1620 540 quae
1667 437 2244 538 'sunti‘Supradictus
2265 463 2433 522 abbas
2467 464 2534 520 de
2553 463 2656 520 hac
2705 462 2828 519 luce
2865 463 3200 537 migraverit,
3244 467 3482 542 quandiu

205 573 380 642 supra
411 569 712 624 memorata
731 559 996 620 essurire
1015 569 1328 633 Mm,
1353 563 1450 618 sed
1479 561 1642 617 liceat
1683 563 1796 615 ser-

205 663 300 718 vis
339 657 548 716 Domini
575 655 774 711 ibidem
799 647 1220 712 consistentibus
1249 655 1350 710 sub
1375 659 1563 710 nos'tra
1605 653 1796 708 defertL

205 754 368 813 sione
387 759 442 806 et
462 751 592 806 imm
599 748 823 804 unitatis
833 749 1070 803 tuitione
1081 755 1343 818 perpetuo
1359 753 1602 816 tempore
1617 743 1800 814 quiete

205 847 474 911 residere,
506 853 562 899 et
583 858 684 914 pro
726 843 886 899 nobis
912 858 977 898 ac
1013 841 1242 913 conjuge
1286 840 1547 911 proleque
1587 847 1794 904 nostra,

203 947 312 1000 Seu
337 955 438 1011 pro
475 938 774 995 stabilitate
813 938 978 993 totius
1023 935 1237 1007 imperii
1287 933 1460 990 nostri
1490 949 1520 987 a
1571 927 1798 986 Domino

201 1034 372 1098 nobis
391 1031 598 1096 collati,
649 1039 706 1085 et
731 1027 849 1098 ejus
872 1027 1300 1084 clementissima
1343 1021 1698 1080 miseratione
1719 1021 1801 1092 ju-

203 1125 356 1196 giter
409 1121 766 1180 conservandi
799 1119 1016 1176 Domini
1065 1115 1499 1174 misericordiam
1546 1125 1794 1169 exorare.

203 1215 280 1272 Et
310 1224 370 1271 ut
416 1216 533 1270 hate
584 1214 882 1268 auctorims
927 1212 1111 1268 verius
1159 1211 1470 1280 certiusque
1522 1207 1796 1271 credatur,

201 1322 378 1362 manu
405 1304 626 1376 propria
671 1303 1094 1373 subscripsimus
1137 1309 1196 1358 et
1239 1299 1428 1356 annuli
1477 1297 1650 1356 nostri
1696 1297 1799 1352 im-

201 1399 494 1472 pressione
519 1396 721 1467 signari
744 1393 1030 1464 jns'simus.

282 1488 510 1560 Signum
537 1487 722 1542 domni
759 1485 1026 1542 Ludovici
1055 1483 1394 1540 serenissimi
1425 1479 1792 1551 imperatoris.

278 1578 476 1634 Datum
523 1593 634 1632 xvn
675 1576 793 1632 Kal.
829 1575 988 1640 Julii,
1043 1579 1187 1630 anno
1231 1575 1293 1628 Η
1345 1573 1560 1644 imperii
1612 1571 1800 1628 domui

202 1667 472 1730 Ludovici
494 1669 747 1741 Augusti,
779 1667 968 1724 indiet.
999 1669 1054 1725 8.
1093 1665 1288 1722 Actum
1325 1666 1654 1739 Aquisgrani
1704 1679 1802 1738 pa-

201 1761 344 1822 latio
365 1763 518 1837 regio
555 1762 610 1819 in
625 1763 721 1820 Dei
747 1761 966 1817 nurnine
993 1761 1245 1818 feliciter.
1263 1759 1464 1817 'Amen.

888 1873 1126 1929 XXXIII.

477 1975 593 2024 'r'tto
619 1981 958 2024 MONASTERIO
997 1981 1182 2022 SANCTI
1222 1981 1508 2022 IIAXE‘STII.

821 2057 994 2130 (Anno
1039 2057 1191 2130 815.)

204 2143 392 2218 fADud
409 2149 477 2210 D.
513 2141 782 2224 Donquet.
809 2151 980 2224 ibid”
1011 2167 1064 2222 p.
1100 2149 1228 2216 480,
1271 2149 1532 2224 erveteri
1569 2147 1798 2206 chartu-

650 2220 786 2278 ἱειήο
807 2223 968 2294 hujus
995 2220 1366 2295 manasterii.]

267 2343 338 2404 ‘ln
361 2343 579 2399 nomine
613 2339 828 2396 Domini
851 2337 950 2396 Dei
1003 2347 1058 2396 et
1111 2337 1410 2395 Salvatoris
1453 2335 1628 2394 nostri
1673 2333 1804 2391 Jesu
1831 2335 1851 2346 ’

205 2427 435 2502 Christi,
467 2433 778 2489 Ludovicus
805 2427 988 2489 divina
1023 2429 1805 2500 ordinanteplementiaimpe—

207 2537 362 2587 rator
385 2527 682 2599 Augustus.
1245 2521 1248 2524 ’

281 2622 342 2677 Si
369 2635 497 2692 erga
528 2623 645 2678 loca
688 2619 885 2676 divinis
931 2619 1167 2678 cultibus
1196 2617 1538 2688 mancipata,
1580 2624 1807 2688 propter

209 2729 459 2771 amorem
485 2713 583 2768 Dei
613 2711 838 2784 ejusque
872 2713 927 2768 in
957 2713 1160 2768 eisdem
1184 2711 1288 2766 sibi
1316 2709 1662 2776 famulantes,
1705 2709 1804 2764 be—

207 2805 412 2861 neﬁcia
447 2801 760 2877 'npportUna
807 2805 1090 2878 largimur,
1136 2803 1420 2876 praemium
1462 2801 1619 2858 nobis
1665 2799 1808 2870 apud

209 2895 507 2952 Dominum
529 2905 749 2953 aeternaa
799 2896 1256 2952 remunerationis
1280 2893 1504 2966 rependi
1532 2907 1642 2948 non
1671 2889 1809 2945 ditii-

211 2985 414 3056 dimus,
447 2989 652 3045 idcirco
691 2977 904 3044 noverit
932 2989 1176 3044 omnium
1204 2987 1446 3043 ﬁdelium
1489 2993 1808 3040 nostrorum

213 3092 326 3137 tam
359 3082 705 3153 prtesentium
733 3098 895 3152 quam
918 3079 1224 3136 futurorum
1249 3079 1495 3144 solertia,
1536 3077 1666 3148 quia
1709 3089 1809 3132 nos

215 3167 541 3232 Tetbertum
610 3174 978 3229 venerabilem
1035 3173 1292 3228 abbatem
1347 3187 1414 3226 ex
1472 3167 1809 3224 monasterio

1889 558 2002 628 ipsi
2025 558 2277 613 monachi
2318 558 2458 611 inuir
2495 557 2558 612 ‘s'e
2590 555 2724 612 tales
2763 553 3010 611 invenire
3045 559 3343 630 potuerint,
3387 559 3480 629 qui

1887 649 2192 705 secundum
2220 651 2466 704 Sanctum
2489 649 2736 704 ordinem
2771 655 2828 704 et
2877 647 3182 718 regularem
3225 653 3483 706 normam

1887 743 2086 812 regere
2121 740 2410 807 valuerint,
2433 749 2530 812 per
2553 745 2794 797 nbstram
2827 741 3242 812 permissionem
3265 751 3319 799 et
3352 753 3485 812 con-

1885 845 2116 890 sensum
2139 834 2661 906 licentiameligendi
2687 833 2928 890 habeant
2956 836 3206 892 abbatem
3238 855 3250 891 :
3283 847 3477 908 quate—

1889 941 2001 985 nus
2015 927 2340 996 servos'Dei,
2376 931 2468 1002 qui
2494 931 2693 986 ibidem
2727 931 2952 987 Domino
2995 931 3350 998 famulantur,
3379 949 3480 1004 pro

1889 1023 2055 1077 'nobis
2097 1031 2151 1077 et
2195 1021 2422 1095 conjuge
2453 1023 2719 1094 proleque
2753 1033 2958 1090 nostra,
2997 1033 3156 1094 atqbe
3189 1007 3485 1081 stabilitate

1893 1117 2064 1171 totius
2094 1115 2306 1187 imperii
2335 1117 2506 1172 nostri
2545 1119 2703 1174 nobis
2753 1133 2782 1173 a
2811 1117 3040 1175 Domino
3089 1119 3268 1175 collati
3323 1121 3485 1190 atque

1891 1207 2275 1274 conservandi,
2293 1207 2494 1281 jugiter
2509 1209 2801 1265 Dominum
2830 1219 3061 1266 exbrare
3087 1211 3336 1266 delectet.
3357 1201 3487 1267 Hmc

1893 1309 2030 1359 'vero
2059 1303 2356 1357 auctoritas
2387 1303 2746 1358 immunitatis
2774 1311 3002 1370 nostrae,
3031 1311 3092 1357 ut
3121 1303 3486 1373 perdiuturna

1901 1403 2147 1464 tempora
2195 1392 2561 1450 inviolabilem
2621 1403 2781 1464 atque
2831 1394 3206 1450 inconvulsam
3249 1393 3491 1448 obtineat

1891 1481 2248 1552 'ﬁrrnitatem,
2280 1492 2429 1540 etut
2478 1501 2509 1539 a
2540 1485 2791 1540 ﬁdelibus
2841 1493 3041 1540 sanctce
3089 1479 3188 1539 Dei
3235 1483 3491 1538 Ecclesia:

1903 1586 1960 1634 et
1983 1579 2189 1634 nostris
2228 1579 2411 1635 verius
2438 1579 2752 1650 certiusque
2786 1579 3045 1634 credatur
3080 1585 3135 1633 et
3183 1575 3492 1646 diligentius

1907 1679 2279 1736 conservetur,
2308 1685 2472 1726 manu
2508 1671 2726 1740 propria
2757 1671 2944 1726 subter
2967 1685 3088 1725 eam
3131 1667 3489 1735 ﬁrmavimus,

1907 1767 1964 1815 et
2013 1759 2197 1814 annuli
2241 1762 2414 1816 nostri
2445 1762 2797 1832 impressione
2843 1759 3348 1834 signarijussimus.

1825 1835 1876 1900 Β
1975 1851 2201 1925 Signum
2229 1853 2490 1908 Ludovici
2509 1853 2878 1924 imperatoris.

1967 1933 2108 1998 Data
2131 1959 2224 1998 xiv
2245 1943 2365 1997 Kal.
2397 1941 2544 2010 Julii,
2575 1957 2718 1998 anno
2743 1941 2830 2008 ll,
2859 1935 3078 1998 Christo
3103 1940 3362 2012 propitio,
3387 1937 3490 1994 im-

1899 2037 2039 2109 perii
2087 2037 2272 2092 domui
2317 2035 2578 2092 Ludovici
2621 2036 2956 2093 serenissimi
2997 2035 3151 2106 imp.,
3201 2033 3389 2090 indict.
3435 2031 3493 2090 8.

1902 2131 2100 2186 Actum
2129 2129 2458 2203 Aquisgrani
2486 2129 2686 2202 palatio
2711 2127 2862 2201 regio
2889 2129 2946 2184 in
2976 2127 3074 2183 Dei
3103 2127 3325 2186 nomine
3372 2121 3494 2183 feli-

1905 2222 2062 2279 citer.
2087 2219 2283 2278 Amen.

2573 2295 2825 2366 XXXIV.

2303 2445 2406 2488 PRO
2445 2443 2786 2486 MONASTERIO
2822 2442 3102 2486 FARFENSI.

2527 2542 2702 2614 (Anno
2735 2541 2886 2614 sis.)

1905 2633 2090 2712 [Apud
2125 2634 2454 2702 Cbesnium,
2943 2628 3196 2686 Francia.
3231 2626 3502 2697 ωωιιιιι,

1983 2799 2292 2856 Ludovicus
2317 2797 2498 2854 divina
2528 2795 2816 2852 ordinante
2841 2792 3182 2864 providentia
3207 2791 3509 2863 imperator

1909 2895 2206 2968 Augustus.

1997 2984 2344 3058 lmperialem
2399 2981 2780 3040 celsitudinem
2834 2978 2993 3034 decet
3044 2976 3506 3048 praedecessorum

1911 3095 2138 3140 suorum
2175 3078 2320 3132 facta
2363 3092 2470 3131 non
2511 3073 2688 3132 solum
2729 3069 3118 3130 inviolabiliter
3144 3081 3504 3132 conservare,

1913 3174 2010 3232 sed
2037 3173 2204 3227 etiam
2231 3183 2477 3226 censurae
2513 3182 2624 3224 suae
2661 3163 2988 3228 auctoritate
3015 3160 3272 3214 alacriter
3300 3156 3500 3214 conﬁr-

213 3268 277 3326 S.
305 3267 564 3325 Maxentii
613 3267 965 3334 confessoris,
1013 3267 1104 3323 ubi
1153 3267 1268 3338 ipse
1317 3271 1538 3320 sanctus
1579 3275 1809 3332 corpore
1837 3248 1882 3274 ν
1911 3280 2086 3324 mare.
2143 3262 2376 3318 Perinde
2413 3258 2631 3314 noverit
2661 3254 2935 3328 sagacitas
2965 3267 3060 3308 seu
3093 3248 3362 3306 industria
3385 3261 3506 3303 om-

211 3359 537 3434 τθίίυίθεοίιν
566 3360 709 3430 (ἰυοά
739 3367 822 3415 est
846 3359 1009 3413 Sillim
1057 3357 1112 3414 in
1138 3371 1278 3428 9330
1303 3353 1655 3420 PiClaVienSi:
1700 3366 1811 3408 una
1907 3359 2066 3416 nium
2093 3354 2333 3410 ﬁdelium
2363 3357 2707 3414 nostrorum,
2745 3353 2853 3400 tam
2879 3341 3228 3416 praesentium
3257 3353 3422 3408 quam
3452 3345 3510 3392 et

213 3431 346 3510 cum
381 3451 797 3526 congregatione
827 3451 1028 3512 ibidem
1061 3435 1173 3506 Deo
1205 3449 1534 3514 famulante,
1551 3459 1674 3520 cum
1696 3458 1812 3500 om-
1911 3448 2242 3510 futurorum,-
2273 3444 2402 3514 quia
2428 3441 2514 3496 vir
2537 3437 2870 3496 venerabilis
2892 3433 3220 3490 Benedictus
3245 3431 3416 3486 abbas
3440 3443 3511 3486 ex

213 3547 382 3606 nibus
411 3521 663 3604 rebusvet
717 3537 1049 3612 hominibus,
1100 3561 1222 3618 qua:
1259 3543 1521 3598 moderno
1573 3547 1815 3610 tempore

1916 3539 2248 3602 monasterio
2269 3536 2542 3592 Acutiano
2571 3533 2677 3588 sito
2707 3531 2760 3585 in
2793 3526 3070 3596 territorio
3101 3521 3422 3588 Sabincnsi,
3455 3528 3511 3576 et

215 3637 340 3712 ipsa
371 3637 719 3712 congregatio
747 3639 953 3693 habere
977 3627 1213 3700 videtur,
1245 3634 1345 3690 sub
1385 3640 1572 3688 nostra
1623 3643 1812 3686 susce—

213 3729 401 3802 pimus
424 3729 738 3786 defensione
765 3738 821 3784 et
843 3721 1211 3786 'immunitatis
1251 3725 1498 3782 tuitione.
1535 3723 1818 3794 Quaprop-

217 3833 308 3881 ter
337 3833 392 3881 et
413 3839 510 3897 per
541 3825 646 3880 hoc
675 3833 876 3880 nostra:
899 3821 1243 3878 auctoritatis
1273 3827 1604 3890 praeceptum
1630 3817 1819 3872 decer-

223 3920 410 3977 nimus
435 3918 872 3992 atquejubemns
899 3924 958 3972 ut
1003 3915 1183 3970 nullus
1225 3912 1392 3982 judex
1439 3911 1706 3982 publicus,
1763 3915 1819 3964 et

219 4013 455 4086 quilibet
485 4028 551 4068 ex
592 4011 883 4082 judiciaria
913 4015 1182 4080 potestate
1200 4006 1252 4060 in
1267 4003 1548 4078 ecclesias,
1569 3999 1817 4086 antloca,

219 4103 312 4160 vel
345 4117 528 4176 agros,
558 4118 651 4159 seu
679 4102 919 4174 reliquas
957 4098 1333 4172 possessiones
1370 4083 1658 4150 memorati
1705 4106 1822 4148 mo-

221 4196 481 4272 nasterii,
506 4211 643 4268 quas
667 4195 932 4270 moderno
956 4202 1198 4261 tempore
1235 4188 1376 4245 infra
1409 4188 1671 4244 ditionem
1720 4185 1821 4262 im-

223 4291 374 4366 perii
401 4289 572 4360 nosy'i
591 4289 739 4360 iuste
769 4297 824 4344 et
864 4283 1264 4354 rationabiliter
1315 4281 1580 4354 possidet,
1615 4286 1671 4334 et
1699 4291 1821 4348 qua;

225 4383 489 4454 deinceps
519 4381 574 4436 in
603 4380 729 4452 jure
761 4379 932 4452 ipsius
975 4375 1296 4434 monasterii
1347 4372 1583 4430 voluerit
1635 4369 1821 4426 divina

221 4480 406 4550 pietas
436 4475 647 4552 augeri,
671 4475 739 4530 ad
760 4487 953 4544 causas
973 4470 1270 4527 audiendas
1303 4477 1358 4522 et
1387 4466 1537 4520 freda
1583 4472 1677 4520 aut
1725 4462 1822 4518 tri-

1915 3641 2236 3692 constructo
2265 3630 2320 3684 in
2350 3629 2558 3684 honore
2585 3631 2792 3682 sancta:
2817 3621 2914 3677 Dei
2954 3617 3236 3690 genitricis
3265 3628 3512 3685 semper-

1917 3745 2027 3800 que
2057 3725 2283 3796 virginis
2312 3722 2528 3788 Μαι-ἰαὶ,
2569 3718 2770 3775 obtulit
2795 3713 3076 3770 obtutibus
3107 3709 3312 3766 nostris
3339 3721 3508 3777 quas-

1917 3798 2045 3879 dam
2092 3817 2448 3874 auctoritates
2495 3807 2927 3868 conﬁrmationis
2967 3802 3194 3858 Domini
3245 3798 3510 3872 genitoris

1919 3912 2096 3970 nostri
2125 3912 2282 3966 bonae
2307 3906 2585 3964 memoriae
2609 3899 2787 3958 Caroli
2819 3896 3154 3962 serenissimi
3179 3892 3432 3964 Augusti,
3457 3891 3514 3946 in

1919 4005 2120 4076 quibus
2153 3999 2536 4058 continebatur
2571 3995 2838 4048 insertum
2877 3988 3113 4058 qualiter
3145 3985 3288 4042 idem
3317 3998 3510 4040 mona-

1917 4095 2152 4154 sterium
2191 4092 2294 4148 sub
2320 4090 2416 4146 tali
2441 4086 2738 4160 privilegio
2765 4083 3066 4140 consistere
3093 4079 3334 4143 iecerat,
3371 4077 3515 4134 sitast

1923 4193 2122 4242 caetera
2151 4179 2487 4238 monasteria
2517 4192 2640 4248 quae
2665 4177 2718 4232 in
2747 4172 2982 4230 Francia
3009 4172 3117 4228 sub
3143 4169 3318 4226 sancti
3343 4168 3518 4224 Bene-

1921 4277 2052 4334 dicti
2099 4275 2280 4332 Patris
2324 4287 2518 4328 norma
2569 4269 2896 4326 consistunt.
2957 4264 3182 4321 Scilicet
3223 4269 3286 4316 ut
3325 4259 3506 4316 nullus

1921 4370 2210 4441 episcopus
2248 4367 2314 4422 de
2352 4362 2626 4420 thesauris
2667 4360 2842 4431 ipsius
2879 4354 3194 4414 monasterii
3225 4362 3318 4406 attt
3345 4351 3512 4410 rebus

1923 4460 2132 4530 aliquid
2167 4455 2406 4520 auferre,
2435 4469 2536 4510 nec
2573 4453 2676 4508 sub
2701 4451 2888 4522 aliquo
2903 4450 3116 4506 tributo
3131 4458 3378 4516 iponere,
3423 4450 3518 4498 aut

223 4571 362 4628 buta
383 4549 668 4638 exigenda,
699 4575 796 4622 aut
827 4543 1142 4636 mansiones
1171 4569 1228 4618 et
1265 4569 1482 4632 paratas
1521 4557 1819 4621 faciendas,
1848 4572 1904 4635 Ι)
1928 4554 2165 4622 aliquem
2191 4563 2416 4604 censum
2443 4545 2642 4602 exinde
2663 4543 2884 4614 exigere
2911 4548 3008 4596 aut
3031 4547 3286 4594 exactare
3313 4547 3520 4604 praesu—

229 4672 330 4726 aut
357 4627 706 4732 ﬁdeiussores
735 4633 1026 4724 tollendos,
1049 4629 1146 4738 aut
1170 4627 1418 4710 homines
1441 4649 1686 4722 ejusdem
1709 4663 1825 4704 mo-
1849 4627 1893 4635 —
1929 4653 2123 4704 meret.
2161 4643 2259 4700 Vel
2297 4641 2533 4712 qualiter
2553 4637 2956 4708 Hildeprandus
2985 4635 3098 4692 dux
3137 4627 3519 4738 gaulduymnqui

229 4755 490 4822 nasterii,
518 4763 628 4810 tam
665 4753 930 4824 ingenuos
955 4731 1122 4820 quam
1162 4761 1371 4812 servos,
1429 4759 1592 4814 super
1621 4751 1824 4796 terram
1927 4743 2274 4806 nuncupatur
2303 4731 2558 4798 Tancics,
2585 4737 2642 4784 et
2671 4737 2882 4784 curtcm
2908 4741 3028 4796 qua:
3054 4731 3282 4778 vocatur
3304 4718 3522 4776 Vallan-

231 4848 410 4922 ipsius
433 4853 846 4906 commentantes
875 4839 1304 4912 distringendos,
1330 4853 1434 4894 nec
1479 4835 1618 4892 ullas
1647 4834 1828 4892 rediti-

231 4939 475 4996 bitiones
499 4945 594 4992 aut
611 4936 828 4992 illicitas
855 4934 1176 5000 occasiones
1203 4928 1580 5001 requirendas,
1625 4926 1828 4984 nostris

231 5040 296 5088 et
316 5029 515 5086 futuris
545 5029 882 5100 temporibus
904 5026 1112 5098 ingredi
1143 5024 1363 5090 audeat,
1399 5029 1456 5078 et
1487 5037 1551 5078 ea
1579 5035 1700 5092 quae
1737 5034 1828 5076 su-

233 5137 342 5198 pra
367 5128 662 5176 memorata
687 5127 831 5186 sunt,
855 5119 1072 5192 penitus
1107 5117 1326 5188 exigere
1363 5119 1676 5184 praesumat.
1721 5111 1830 5168 Sed

235 5215 406 5274 liceat
427 5223 726 5270 memorato
752 5212 934 5268 abbati
963 5210 1224 5268 Tetberto
1249 5206 1472 5276 suisque
1501 5204 1832 5264 successori-

237 5311 466 5367 husres
485 5306 732 5379 praedicti
763 5303 1082 5360 monasterii
1107 5303 1208 5358 sub
1245 5299 1606 5356 immanitatis
1631 5305 1832 5352 nostra:

241 5397 562 5462 defensione
608 5398 793 5470 quieto
833 5395 1028 5450 ordine
1079 5391 1386 5464 possidere.
1439 5389 1510 5444 Et
1567 5387 1832 5459 quidquid

241 5491 374 5550 inde
421 5479 588 5545 ﬁscus
605 5503 829 5560 sperare
849 5483 1108 5558 potuerit,
1158 5489 1332 5538 totum
1373 5495 1474 5536 nos
1495 5493 1596 5552 pro
1633 5485 1836 5534 aeterna

241 5583 689 5644 remuneratione
715 5580 943 5654 prmfato
993 5576 1333 5636 monasterio
1359 5574 1732 5640 concedimus,
1775 5581 1838 5630 ut

241 5676 308 5738 in
349 5675 611 5732 alimonia
659 5688 968 5746 pauperum
1026 5679 1084 5728 ct
1129 5669 1398 5741 stipendia
1444 5667 1838 5724 monachorum

244 5768 454 5838 ibidem
499 5767 732 5824 Domino
779 5763 1162 5838 famulantium
1199 5760 1463 5834 sprnﬁciat
1503 5758 1838 5832 perennibus

1931 4831 2024 4894 tis,
2048 4843 2172 4883 cum
2195 4825 2340 4882 omni
2369 4822 2682 4894 integritate
2710 4827 2764 4876 et
2790 4815 3123 4888 appendieiis
3147 4813 3282 4878 suis,
3305 4826 3403 4882 per
3423 4821 3524 4865 sua

1929 4926 2202 4992 prmccpta
2232 4898 2606 4980 conﬁrmavit,
2646 4921 2702 4966 et
2730 4918 2940 4965 curtetn
2968 4899 3300 4970 Tacianum,
3338 4915 3523 4966 mona-

1937 5013 2161 5071 sterium
2214 5010 2390 5065 sancti
2438 5001 2606 5062 Marci
2654 5001 2998 5074 evangelista:
3043 4999 3186 5070 quod
3231 5005 3318 5052 est
3359 4994 3523 5049 situm

1929 5097 2086 5178 juxta
2117 5121 2304 5159 muros
2332 5101 2639 5172 Spoletana:
2669 5095 2937 5162 civitatis,
2976 5091 3120 5164 quod
3152 5089 3268 5162 ipse
3295 5089 3524 5144 domnus

1939 5205 1994 5254 et
2038 5195 2252 5266 genitor
2280 5202 2466 5248 noster
2509 5189 2576 5245 ad
2619 5189 2760 5244 idem
2803 5183 3195 5241 monasterium
3241 5195 3337 5250 per
3366 5189 3524 5232 suum

1938 5287 2286 5347 confirmavit
2307 5278 2638 5357 praeceptum
2667 5301 2679 5336 :
2712 5287 2766 5336 et
2788 5275 3180 5334 monasterium
3205 5271 3380 5329 Sancti
3407 5268 3528 5325 Sal-

1937 5384 2172 5448 vatoris,
2211 5382 2374 5436 situm
2405 5393 2515 5432 non
2543 5374 2733 5447 procul
2764 5371 2833 5428 ab
2861 5371 3048 5426 eadem
3082 5367 3302 5424 civitate
3332 5361 3524 5434 Spole-

1937 5489 2107 5542 tana;
2163 5483 2218 5531 et
2263 5469 2656 5529 monasterium
2707 5465 3009 5539 puellarum
3037 5507 3052 5530 ,
3107 5461 3252 5533 quod
3303 5455 3529 5524 vocatur

1939 5563 2126 5628 Sancti
2153 5565 2374 5638 Georgii
2399 5603 2414 5631 ,
2452 5567 2554 5619 sub
2589 5577 2750 5617 muro
2777 5558 3016 5615 civitatis
3043 5555 3319 5620 Reatina;
3357 5559 3414 5607 et
3437 5561 3530 5605 eo-

1939 5661 2162 5720 elesiam
2191 5655 2380 5713 Sancti
2413 5653 2696 5710 Michaelis
2734 5647 3046 5720 archangeli
3081 5647 3324 5718 positam
3357 5651 3531 5710 super

1933 5755 2164 5816 ﬂuvium
2189 5750 2470 5810 Medicum
2485 5789 2502 5814 .
2517 5749 2684 5820 juxta
2714 5746 2888 5818 ipsum
2909 5742 3194 5806 civitatem
3219 5734 3526 5794 Reatinam,

245 5826 330 5954 is
366 5861 696 5940 ειυιωοιιιίι·
739 5861 812 5942 Et
835 5826 1528 5950 αυεὼωαᾶιιξέὥ
1547 5853 1815 5948 τῖφωιοιυ

2777 5837 2850 5900 Et
2874 5835 2934 5906 in
2961 5829 3242 5902 territorio
3263 5826 3534 5917 Firmano
