4048 6350
647 341 787 409 1023

1760 335 2086 400 LUDOVlCl
2119 337 2144 397 1
2177 305 2652 396 coGNOMEN'ro
2686 309 2778 393 an

3699 319 3825 406 nu

647 462 836 520 Sancti
867 457 1141 525 Silvestri,
1175 457 1260 514 vel
1291 450 1504 513 Sanctae
1529 454 1770 521 Marinus,
1803 469 1926 510 cum
1956 452 2103 510 omni
2139 452 2223 508 in—
2247 451 2302 513 Α
2321 456 2501 516 vetur,
2539 463 2692 506 more
2728 457 2918 506 nostro
2950 460 3081 507 eam
3101 423 3518 521 subscribere,
3557 462 3609 512 et
3643 455 3700 515 de
3727 459 3823 522 bum

647 552 900 625 tegritate
921 590 939 618 ,
973 547 1060 605 vel
1097 547 1361 619 quidquid
1393 561 1461 602 ex
1490 545 1736 617 largitate
1773 559 1962 616 regum
2002 542 2221 614 regina-
2322 547 2506 595 nostra
2526 538 2788 609 jussimus
2814 541 3059 613 sigillari.

648 657 908 713 rumque,
933 638 1284 712 pontiﬁcum,
1323 635 1553 702 ducum,
1590 635 1990 694 castaldorum.
2034 633 2119 688 vel
2155 650 2226 690 ex

649 734 860 790 collatis
887 733 1102 805 populi,
1133 731 1220 787 vel
1247 741 1567 786 cancrorum
1598 729 1871 793 ﬁdelium,
1905 727 2080 783 eidem
2111 742 2226 783 mo-

648 827 885 884 nasterio
910 826 1159 898 legaliter
1185 823 1566 880 conﬁrmatum
1594 821 1801 886 fuerat,
1846 820 1959 876 suis
1987 818 2224 874 auctori-

650 919 853 974 tatibus
879 915 1243 972 conﬁrmaret.
1294 913 1399 969 Sed
1427 921 1484 968 et
1511 927 1608 983 pro
1649 912 1727 968 rei
1768 910 1934 965 totius
1969 907 2226 964 ﬁrmitate

649 1007 942 1080 postulavit
971 1022 1071 1062 nos
1098 1005 1389 1076 praedictus
1415 1004 1585 1058 abbas
1605 999 1830 1072 ejusque
1853 998 2224 1070 congregatio,

647 1109 711 1156 ιιι
734 1114 939 1157 morem
963 1105 1249 1168 paternum
1275 1104 1564 1166 sequentes
1590 1101 1834 1149 nostram
1859 1091 2023 1147 etiam
2047 1097 2228 1145 311οί0·

651 1191 868 1246 ritatem
895 1204 1056 1259 super
1080 1189 1184 1243 hoc
1207 1188 1422 1258 negotio
1444 1184 1562 1241 ﬁeri
1587 1199 1952 1241 censeremus.
1985 1183 2229 1251 Quorum

649 1278 1001 1348 petitionibus
1051 1277 1122 1332 ob
1171 1275 1364 1330 anima:
1410 1283 1612 1330 nostrae
1657 1274 2123 1339 emolumentum,
2173 1281 2230 1328 et

650 1378 866 1425 aeternae
919 1366 1292 1422 retributionis
1342 1365 1618 1431 fructum,
1669 1365 1900 1420 libenter
1947 1379 2231 1420 assensum

651 1459 1010 1530 praebuimus,
1052 1465 1109 1513 et
1148 1458 1253 1513 hoc
1294 1465 1496 1513 nostra:
1526 1455 1865 1512 auctoritatis
1901 1462 2231 1526 praeceptum

653 1550 896 1620 inspecta
923 1548 1252 1604 auctoritate
1281 1557 1505 1619 paterna
1533 1547 1650 1603 ﬁeri
1681 1546 1916 1618 placuit,
1959 1560 2056 1617 per
2088 1545 2233 1616 quod

652 1643 994 1698 decrevimus
1021 1650 1183 1712 atque
1213 1642 1501 1696 statuimus
1528 1649 1589 1694 ut
1618 1639 1799 1693 nullus
1837 1639 2120 1709 episcopus
2165 1637 2232 1693 de

655 1739 906 1810 superius
935 1738 1251 1794 memoratis
1279 1737 1414 1792 locis
1434 1779 1448 1800 ,
1493 1745 1586 1791 aut
1615 1737 1682 1791 de
1708 1734 1919 1790 caeteris
1953 1739 2227 1788 monaste-

2393 630 2678 688 Durandus
2720 633 2978 692 diaconus
3026 633 3105 690 ad
3153 635 3342 693 vicem
3390 635 3678 697 Helisachar
3719 659 3822 704 reco-

2324 721 2503 792 guovL

2394 810 2589 867 Datum
2626 829 2666 868 ιι
2703 813 2840 871 Non.
2868 816 3104 888 Augusti
3127 833 3303 884 anno,
3326 819 3542 878 Christo
3571 825 3819 895 propitio,“

2324 899 2537 970 imperii
2577 905 2778 969 nostri,
2819 905 3121 963 indictione
3149 909 3207 966 8.
3266 909 3468 966 Actum
3505 911 3822 974 Francoaolunl

2323 991 2526 1061 palatio
2548 993 2697 1065 regio
2722 994 2821 1051 Dei
2844 997 3064 1053 nomine
3093 996 3362 1055 feliciter.

2997 1108 3230 1166 XXXV.

2663 1212 2766 1256 PRO
2802 1212 3148 1258 IONASTERIO
3191 1218 3570 1262 BALNEOLENSI.

2944 1292 3127 1361 (Anno
3155 1293 3316 1368 815.)

2331 1376 2561 1451 [Florez,
2583 1377 2805 1450 Espar‘ta
2835 1381 3138 1460 δρίαν-μασι-
3149 1392 3288 1439 tom.
3312 1385 3498 1460 XLIII,
3537 1397 3670 1447 tract.
3694 1391 3757 1460 8i,
3781 1395 3822 1454 ά

2855 1451 3063 1508 Eccles.
3089 1452 3368 1530 Gerund.]

2400 1539 2460 1595 ln
2498 1542 2717 1598 nomine
2753 1541 2966 1598 Domini
3003 1545 3106 1601 Dei
3156 1555 3216 1601 et
3255 1545 3551 1606 Salvatoris
3580 1551 3718 1607 nostri
3743 1551 3820 1610 la
3885 1561 3890 1572 ‘

2332 1631 2559 1700 Christi,
2573 1634 2898 1704 Ludovicus,
2917 1636 3104 1693 divina
3129 1639 3431 1697 ordinante
3443 1642 3744 1712 providentia,
3758 1645 3818 1700 im-

2331 1733 2552 1797 perator
2576 1727 2873 1799 Augustus.

652 1832 781 1898 riis,
822 1841 916 1887 aut
950 1830 1189 1896 cellulis,
1230 1830 1615 1896 xenodochiis,
1651 1827 1924 1892 ecclesiis,
1956 1825 2230 1890 curtibus,
2259 1810 2308 1872 Β
2407 1815 2466 1872 Si
2509 1832 2638 1888 erga
2685 1817 2805 1872 loca
2849 1818 3050 1876 divinis
3094 1821 3340 1879 cultibus
3362 1824 3647 1896 mancipata
3671 1834 3816 1896 propter

656 1924 830 1991 villis,
871 1923 1264 1995 piscationibus
1291 1939 1412 1979 cum
1438 1921 1801 1993 piscatoribus
1842 1919 1986 1984 suis,
2027 1918 2228 1982 servis,

654 2016 899 2086 ancillis,
949 2017 1263 2082 libellariis,
1311 2014 1660 2077 chartulatis,
1709 2010 1943 2075 offertis,
1988 2009 2229 2081 gualdis,

656 2105 1013 2172 molendinis,
1054 2106 1138 2160 vel
1163 2106 1230 2161 de
1261 2105 1511 2161 omnibus
1537 2104 1713 2159 eidem
1750 2101 2080 2158 monasterio
2108 2099 2234 2170 jure

658 2197 950 2268 subjectis,
993 2198 1076 2252 vel
1107 2197 1366 2266 quidquid
1395 2211 1463 2250 ex
1492 2194 1861 2250 muniﬁcentia
1891 2207 2077 2264 regum
2097 2231 2114 2258 ,
2149 2206 2237 2248 re-

655 2287 938 2356 ginarum,
969 2295 1064 2342 aut
1090 2301 1157 2340 ex
1186 2286 1595 2342 conﬁrmatione
1623 2284 2196 2356 pontiﬁcum,.ducum
2215 2322 2234 2350 ,

657 2375 1020 2431 castaldorum
1039 2418 1053 2443 ,
1093 2391 1194 2433 nec
1221 2392 1328 2432 non
1357 2391 1425 2432 ex
1451 2375 1662 2431 collatis
1689 2375 1871 2447 populi
1896 2382 1990 2429 aut
2013 2382 2238 2429 caetero-

656 2482 777 2522 rum
802 2465 1040 2523 ﬁdelium
1067 2469 1413 2536 liberalitate,
1439 2469 1526 2524 vel
1550 2470 1714 2524 etiam
1742 2483 1811 2524 ex
1837 2467 2117 2522 monachis
2141 2466 2237 2536 qui

654 2557 712 2612 in
728 2559 928 2614 eodem
960 2560 1294 2617 monasterio
1321 2575 1451 2615 suas
1479 2559 1689 2614 animas
1717 2559 1928 2614 salvare
1953 2558 2237 2628 cupientes

655 2647 1022 2716 intraverunt,
1050 2657 1105 2705 et
1131 2649 1214 2706 eis
1243 2659 1350 2705 tam
1384 2666 1452 2706 ex
1480 2649 1770 2705 donatione
1807 2663 1993 2720 regum
2021 2646 2240 2718 regina-

655 2755 917 2811 rumque,
960 2741 1308 2811 pontiﬁcum,
1350 2741 1581 2806 ducum,
1627 2753 1790 2809 quam
1830 2746 1886 2793 et
1922 2736 2239 2794 hareditate

657 2841 980 2901 parentum,
1020 2833 1103 2887 vel
1133 2834 1199 2888 de
1232 2833 1474 2903 quolibet
1506 2839 1741 2886 attractu
1781 2831 2143 2896 advenerunt,
2182 2837 2240 2885 et

655 2922 860 2979 ibidem
889 2939 985 2994 per
1007 2925 1287 2980 chartulas
1322 2924 1706 2996 delegaverunt
1723 2964 1738 2988 ,
1766 2921 1854 2979 vel
1884 2921 2239 2992 undecunque

657 3013 729 3070 ad
754 3030 851 3071 eos
878 3024 988 3070 tam
1020 3032 1119 3088 per
1146 3017 1509 3082 venditiones,
1545 3015 1907 3080 accessiones,
1939 3018 2240 3068 commuta-

654 3106 832 3163 tiones
879 3109 1356 3179 possessionesque
1378 3147 1394 3174 ,
1447 3107 1624 3162 eidem
1673 3103 2006 3161 monasterio
2028 3143 2044 3169 ,
2095 3101 2239 3158 sicut

657 3171 1025 3266 dictum-est,
1075 3171 1354 3266 venit,-et
1380 3171 1663 3255 'moderno
1707 3205 1950 3268 tempore
1991 3195 2139 3266 juste
2185 3171 2311 3250 etC

659 3284 909 3357 legaliter
938 3289 1212 3358 possidere
1240 3289 1501 3353 noscitur,
1543 3288 1628 3344 vel
1667 3288 1811 3358 quod
1849 3287 2104 3357 deinceps
2137 3286 2243 3341 Do-

658 3376 808 3432 mino
830 3377 1091 3449 largiente
1110 3362 1311 3434 ibidem
1331 3379 1584 3436 collatum
1607 3378 1786 3444 fuerit,
1806 3377 1984 3434 nullus
2005 3377 2244 3434 ﬁdelium

657 3477 967 3525 nostrorum
989 3511 1003 3536 ,
1040 3473 1386 3542 praesentium
1423 3472 1631 3527 scilicet
1663 3480 1718 3527 et
1744 3470 2047 3526 futurorum
2068 3510 2083 3538 ,
2129 3485 2246 3526 me-

661 3569 878 3617 morato
902 3561 1087 3617 abbati
1115 3559 1337 3633 ejusque
1375 3561 1812 3634 congregationi,
1859 3569 1952 3616 aut
1979 3561 2094 3616 suis
2121 3575 2243 3618 suc-

659 3651 974 3708 cesseribus
1002 3651 1323 3723 inquietare,
1365 3652 1808 3708 autcalumniam
1836 3664 2117 3722 generare,
2149 3660 2244 3708 aut

655 3742 895 3812 aliquam
939 3741 1192 3812 injustam
1242 3743 1619 3814 repetitionem
1668 3741 1847 3798 facere
1893 3749 2079 3798 tentet.
2137 3741 2245 3800 Sed

657 3836 798 3890 sicut
818 3849 846 3888 a
869 3835 1112 3904 genitore
1135 3843 1321 3891 nostro
1341 3834 1720 3890 conﬁrmatum
1746 3849 1866 3890 esse
1887 3834 2240 3905 dignoscitur,

657 3933 716 3981 et
755 3940 785 3981 a
827 3926 1073 3983 ﬁdelibus
1117 3934 1318 3983 sanctae
1362 3926 1460 3982 Dei
1505 3927 1760 3982 Ecclesiae
1808 3925 2038 3983 diversis
2083 3926 2244 3982 rebus

659 4016 803 4072 idem
844 4017 995 4073 locus
1033 4017 1234 4074 ditatus
1267 4033 1386 4074 esse
1413 4027 1647 4084 constat,
1691 4018 1768 4072 ita
1807 4017 1955 4073 omni
2000 4025 2245 4087 tempore

659 4107 864 4179 absque
889 4110 1116 4179 alicujus
1141 4111 1452 4183 praejudicio
1477 4119 1571 4166 aut
1595 4109 1941 4166 infestatione
1962 4109 2046 4166 vel
2073 4109 2244 4166 demi-

660 4201 945 4256 noratione
971 4202 1230 4257 consistat
1257 4221 1270 4256 :
1309 4210 1364 4257 et
1394 4217 1491 4272 per
1518 4203 1622 4258 hoc
1650 4209 1849 4258 nostra:
1874 4199 2244 4257 conﬁrmatio-

662 4293 747 4346 nis
773 4302 1101 4363 prteceptum
1136 4292 1260 4364 jure
1290 4303 1553 4366 perpetuo
1582 4303 1800 4361 teneat,
1837 4304 1893 4351 et
1924 4294 2023 4350 sub
2051 4302 2243 4349 nostro

656 4383 940 4454 privilegio
966 4393 1128 4455 atque
1153 4387 1516 4442 mundiburdo
1541 4386 1822 4453 consistat,
1849 4392 1906 4440 et
1931 4385 2030 4440 sub
2055 4381 2244 4438 defen-

657 4477 812 4531 sione
837 4482 1023 4530 nostra
1052 4475 1294 4545 ejusdem
1318 4478 1569 4534 monachi
1604 4477 1662 4532 in
1687 4476 1879 4532 eodem
1909 4472 2240 4531 monasterio

660 4567 842 4638 quiete
873 4569 1111 4624 residere
1135 4569 1382 4636 valeant,
1423 4578 1479 4625 et
1517 4585 1616 4642 pro
1651 4569 1810 4626 nobis
1850 4577 1907 4624 et
1947 4567 2240 4624 stabilitate

655 4665 823 4719 totius
845 4663 1057 4735 imperii
1080 4665 1255 4720 nostri
1272 4663 1560 4720 Dominum
1579 4678 1828 4719 exorare.
1857 4659 2241 4718 Concessimus

654 4767 821 4822 etiam
847 4767 926 4821 eis
950 4773 1007 4820 ut
1029 4766 1292 4837 quidquid
1315 4781 1382 4822 ex
1400 4764 1742 4835 copulatione
1766 4776 2046 4819 servorum
2069 4762 2241 4834 ipsius

656 4871 974 4927 monasterii
992 4885 1116 4926 cum
1141 4869 1327 4926 liberis
1347 4868 1563 4927 feminis
1586 4867 1882 4924 secundum
1905 4865 2078 4938 legem
2101 4865 2244 4923 Lon-

656 4971 1016 5038 gobardorum
1042 4970 1109 5025 ad
1133 4968 1409 5041 publicum
1435 4971 1747 5043 contingere
1774 4978 1988 5042 poterat
2014 4970 2069 5025 in
2100 4968 2243 5026 elee-

661 5082 885 5138 mosyna
914 5082 1130 5137 nostra,
1176 5085 1274 5142 per
1308 5072 1412 5128 hoc
1446 5081 1694 5128 nostrum
1728 5071 2081 5127 conﬁrmetur
2105 5086 2245 5142 prte-

658 5177 896 5238 ceptum.
952 5171 1020 5226 Et
1047 5173 1482 5244 quandoquidem
1511 5173 1690 5230 divina
1719 5174 2003 5229 vocatione
2050 5171 2246 5244 praedi-

662 5273 783 5319 ctus
820 5266 902 5322 vel
943 5284 1285 5326 successores
1313 5268 1430 5338 ejus
1470 5270 1536 5326 de
1576 5273 1682 5327 hac
1707 5271 1819 5326 vita
1851 5268 2240 5341 migraverint,

661 5365 900 5435 quandiu
928 5367 1028 5437 ipsi
1056 5371 1306 5426 monachi
1333 5371 1478 5426 inter
1502 5386 1560 5426 se
1590 5371 1752 5426 talem
1780 5370 2024 5424 invenire
2051 5375 2244 5439 potue-

665 5469 815 5536 rint,
863 5469 958 5540 qui
1003 5484 1098 5528 eos
1145 5474 1440 5529 secundum
1483 5474 1725 5545 regulam
1762 5472 1937 5530 sancti
1967 5469 2246 5527 Benedicti

665 5583 857 5641 regere
893 5569 1104 5636 valeat,
1143 5571 1418 5628 licentiam
1449 5574 1683 5629 habeant
1709 5573 1942 5644 eligendi
1972 5571 2244 5627 abbatem.

664 5671 732 5728 Et
755 5681 817 5727 ut
842 5673 960 5728 haec
986 5672 1285 5727 auctoritas
1307 5673 1736 5730 conﬁrmationis
1759 5680 1960 5730 nostrae
1985 5673 2052 5729 ab
2073 5671 2250 5728 omni-

664 5769 772 5837 bus
813 5771 1012 5836 melius
1041 5779 1102 5836 et
1124 5769 1310 5836 verius
1333 5771 1591 5836 credatur
1612 5781 1670 5837 et
1693 5773 2004 5849 diligentius
2025 5785 2250 5838 consere

2334 1923 2580 1964 amorem
2605 1909 2698 1965 Dei
2729 1911 2956 1982 ejusque
2990 1915 3048 1968 in
3086 1915 3288 1972 iisdem
3317 1916 3450 1972 locis
3473 1918 3565 1974 sibi
3591 1917 3815 1976 famulantes

2333 1999 2594 2058 beneﬁcia
2623 2013 2927 2075 opportuna
2953 2005 3253 2078 largimur,
3291 2008 3561 2079 praemium
3585 2010 3709 2066 nobis
3723 2011 3813 2079 apud

2333 2091 2621 2150 Dominum
2652 2106 2872 2153 aeternae
2899 2101 3371 2157 remunerationis
3405 2103 3608 2172 rependi
3628 2118 3710 2158 non
3729 2102 3813 2157 diii-

2334 2182 2530 2241 dimus.
2561 2184 2772 2244 Idcirco
2793 2197 2982 2244 notum
3004 2189 3130 2246 ﬁeri
3149 2191 3405 2248 volumus
3425 2194 3636 2248 omium
3653 2192 3808 2248 fideliu-

2334 2275 2644 2332 nosti-orum
2669 2279 3021 2349 praesentium
3051 2281 3273 2339 scilicet
3303 2291 3361 2339 et
3385 2281 3658 2340 futurorum
3676 2286 3810 2354 magni-

2337 2367 2541 2435 tudini,
2583 2371 2819 2441 qualiter
2842 2373 2926 2428 vir
2955 2375 3174 2432 illuster
3207 2374 3419 2447 Rampo
3453 2391 3613 2433 comes
3645 2385 3805 2431 nostram

2337 2458 2468 2514 adiit
2488 2462 2853 2529 serenitatem,
2879 2478 3182 2536 suggerens
3209 2468 3589 2524 mansuetudini
3607 2476 3808 2523 nostraet

2335 2548 2479 2617 quod
2499 2551 2717 2620 quidam
2736 2554 2820 2608 vir
2842 2555 3130 2627 religiosus
3155 2559 3377 2616 nomine
3393 2557 3597 2615 Bonitas
3610 2557 3804 2630 quemdam

2335 2639 2515 2696 locum
2541 2657 2783 2701 eremum
2811 2648 2955 2716 quod
2976 2649 3183 2705 dicitur
3207 2650 3472 2716 Baniolas,
3491 2650 3612 2720 quod
3626 2649 3804 2704 estsituu

2335 2731 2392 2787 in
2419 2747 2558 2804 pago
2584 2731 2942 2793 Bisudunensi
2979 2741 3075 2796 ubi
3106 2740 3344 2797 ecclesia
3371 2740 3636 2811 antiquitus
3655 2736 3802 2792 fundata

2335 2820 2513 2878 fuerat
2541 2839 2639 2895 per
2663 2825 2940 2883 licentiam
2969 2829 3224 2888 Odilonis
3249 2830 3510 2902 quondam
3533 2829 3716 2893 comitis,
3743 2840 3800 2881 ac-

2338 2913 2589 2982 cepisset,
2609 2924 2662 2970 et
2685 2916 2883 2972 ibidem
2909 2922 3136 2992 proprio
3163 2921 3364 2979 sudore
3389 2920 3664 2984 laborasset,
3677 2917 3739 2972 ubi
3750 2930 3802 2970 ec-

2339 2999 2558 3058 clesiam
2579 3003 2634 3058 in
2654 3003 2861 3062 honore
2881 3009 3054 3064 sancti
3073 3009 3340 3082 Stephani
3357 3007 3705 3082 prolemartyris
3720 3020 3799 3060 con-

2339 3096 2539 3151 struxit
2553 3139 2568 3162 ,
2608 3106 2664 3154 et
2693 3098 3058 3159 habitationes
3084 3105 3471 3161 monachorum
3492 3112 3541 3158 et
3562 3096 3798 3170 receptacula

2342 3203 2642 3260 pauperum
2669 3191 2956 3248 aediﬁcavit
2977 3233 2994 3262 ,
3041 3204 3101 3252 et
3130 3195 3423 3252 monachos
3457 3195 3540 3265 qui
3571 3191 3650 3248 sub
3676 3200 3796 3244 norma

2340 3284 2617 3356 religionis
2639 3296 2900 3359 perpetuo
2929 3289 3004 3345 ibi
3031 3289 3298 3363 degerent
3323 3287 3593 3347 constituit.
3625 3282 3702 3339 Sed
3722 3291 3797 3336 cun

2342 3376 2484 3432 idem
2511 3378 2680 3435 abbas
2707 3379 2889 3435 divina
2914 3379 3170 3450 iussione
3210 3397 3243 3436 a
3283 3380 3471 3439 saeculo
3501 3368 3796 3450 migravihdi-

2343 3469 2594 3540 gentibus
2629 3470 2762 3540 ipsis
2789 3471 3076 3529 monachis
3093 3514 3110 3541 ,
3147 3481 3207 3530 et
3233 3471 3576 3530 consentiente
3599 3454 3798 3520 venerabili

2341 3559 2462 3616 viro
2489 3559 2734 3618 Nibridio
2762 3563 3203 3637 archiepiscopo,
3250 3560 3574 3621 Mereoralem
3596 3556 3722 3610 virum
3738 3561 3795 3602 vo-

2342 3652 2639 3708 nerabilem
2670 3654 2724 3709 in
2754 3655 2944 3711 eodem
2978 3657 3317 3713 monasterio
3345 3655 3568 3710 abbatem
3592 3641 3795 3703 constitue-

2343 3751 2488 3809 runt,
2511 3759 2672 3815 quem
2699 3745 2755 3800 in
2777 3753 2964 3802 nostra
2985 3748 3282 3817 praesentia
3303 3746 3550 3802 adducens
3569 3740 3612 3795 in
3629 3729 3792 3790 manili!

2343 3833 2545 3889 nostris
2573 3849 2698 3890 eum
2725 3837 3129 3894 commendavit
3153 3880 3171 3906 ,
3217 3836 3483 3910 postulans
3517 3829 3631 3887 idem
3659 3823 3792 3887 lian

2342 3938 2524 3979 comes
2548 3925 2895 3983 clementiam
2920 3937 3192 3996 nostram,
3239 3937 3300 3985 ut
3341 3941 3457 3984 eum
3489 3935 3588 3980 cum
3616 3910 3792 3987 1)de

2342 4017 2672 4074 monasterio
2721 4026 2779 4074 et
2827 4020 3112 4078 monachis
3159 4021 3235 4077 ibi
3279 4016 3566 4092 degentibus
3599 4022 3676 4064 1111³

2342 4107 2527 4173 rebus,
2558 4123 2678 4178 quae
2704 4117 2815 4166 tam
2845 4111 2947 4183 ipsi
2986 4127 3051 4169 ex
3095 4126 3284 4170 eremo
3319 4087 3565 4166 traxerant
3581 4097 3642 4154 vel
3659 4109 3707 4183 et
3726 4087 3792 4143 ad-

2342 4200 2580 4269 prisione
2610 4182 2955 4274 acceperunt,
2984 4219 3152 4276 quam
3179 4214 3234 4262 et
3259 4205 3325 4262 de
3347 4182 3789 4259 άοηθιίοιιοωωὶωω

2342 4290 2428 4345 vel
2475 4292 2540 4346 de
2587 4292 2826 4362 quolibet
2875 4275 3035 4366 legali
3087 4301 3326 4350 attractu
3372 4281 3588 4362 praesenti
3623 4275 3787 4340 ιεωροη

2335 4381 2484 4451 juste
2511 4391 2567 4439 et
2594 4365 2991 4442 rationabiliter
3027 4386 3310 4459 possidere
3332 4382 3569 4439 videntur,
3595 4365 3668 4426 sub

2344 4471 2590 4530 doburdo
2637 4484 2691 4531 et
2740 4454 3053 4532 defensione
3099 4485 3263 4546 atque
3307 4462 3615 4530 immanitatis
3639 4454 3787 4551 ιιιίξίθξε

2344 4564 2840 4621 constitueremus:
2875 4565 3029 4637 cujus
3069 4565 3324 4640 precibus
3371 4560 3573 4615 libenter
3601 4549 3785 4640 acqulf':

2342 4671 2484 4721 mus,
2514 4664 2569 4711 et
2598 4656 2675 4710 ita
2716 4655 2772 4710 in
2806 4656 3058 4712 omnibus
3071 4625 3438 4712 concessimus
3460 4652 3595 4710 ιιιιυθ
3625 4645 3696 4703 Ρθτ

2339 4719 2672 4819 praeceptum
2735 4756 2980 4804 nostrum
3036 4741 3460 4804 conﬁrmavimus
3496 4751 3507 4786 :
3557 4719 3785 4826 quali“:

2340 4805 2717 4916 praecipientes
2737 4842 2989 4911 jubemus
3013 4852 3074 4899 ut
3099 4844 3416 4899 memoratus
3436 4805 3782 4919 Herenniis

2343 4905 2468 4990 cum
2491 4934 2770 4991 monachis
2794 4935 2896 4991 sibi
2919 4936 2987 4993 ad
3010 4934 3303 5007 regendum
3326 4905 3778 5014 commissis.

2343 4989 2521 5082 rebus,
2547 4989 3217 5084 n*asm‘*m*o;.;g.;;sa
3253 5017 3480 5092 ιεεειίιετ
3506 4989 3781 5103 θενίῗῗέῗῖίῖῗ

2344 5118 2446 5175 sub
2475 5125 2663 5174 nostro
2689 5119 2952 5174 consistat
2977 5075 3341 5174 mundoburdo
3361 5116 3411 5164 et
3433 5084 3706 5160 immanitatis

2345 5170 2950 5278 iasi'ag;'u;";.;il;g
2973 5170 3201 5282 nais;
3226 5221 3290 5262 ex
3313 5190 3566 5272 iudiciaria
3599 5170 3780 5282 ροιέξξξξ

2344 5303 2400 5360 in
2443 5305 2700 5362 ecclesias
2739 5312 2832 5360 aut
2871 5305 2990 5360 loca
3018 5303 3102 5359 vel
3134 5314 3288 5374 agros
3316 5307 3403 5351 seu
3426 5268 3777 5400 reliquisim

2345 5401 2528 5457 siones
2553 5401 2843 5457 memorati
2873 5397 3204 5462 monasterii,
3234 5405 3360 5464 quas

2346 5492 2489 5547 infra
2521 5493 2778 5550 ditionem
2806 5491 3020 5563 imperii
3049 5488 3216 5548 nostri
3237 5452 3455 5581 justeet
3483 5452 3774 5583 τ

2347 5544 2507 5651 sit;
2527 5544 2778 5654 ea;
2803 5544 3142 5654 signa};
3157 5544 3275 5671 jurte
3301 5568 3454 5643 ipsius
3471 5544 3772 5671 ἦξξξᾞξξζξ

2347 5631 2507 5651 ν·“·ννν
2559 5631 2567 5638 ’
2583 5631 2630 5640 ⁷·
2660 5631 2777 5654 Ί““”⁷
2805 5631 3055 5654 "'---"r'
3085 5631 3138 5639 ”’
3157 5631 3229 5650 1⁷⁷
3319 5631 3334 5643 ⁵
3569 5642 3579 5654 ι

2346 5675 2512 5732 luerit
2533 5674 2714 5730 divina
2741 5675 2915 5745 pietas
2940 5675 3124 5747 augeri
3141 5711 3156 5739 ,
3193 5668 3256 5724 ad
3281 5671 3452 5721 causas
3477 5631 3770 5736 audiendis”

2348 5767 2493 5787 ραι-
2534 5765 2785 5787 -_2--_.I-
2820 5774 2908 5787 ---Α
2936 5765 3237 5787 __-_-2-......
3260 5752 3336 5787 an]
3361 5748 3546 5787 ...ι-,ω
3563 5711 3770 5787 “ww.

2347 5727 2914 5859 astans};
3360 5748 3546 5829 ιιιιιω
3563 5727 3606 5795 ιι
