  <div class='ocr_page' id='page_1' title='image "/cluster/home/n/w/nwhite01/storage/ocr_20150623/104/hvd.32044015466824/542.png"; bbox 0 0 4048 6350; ppageno 0'>
   <div class='ocr_carea' id='block_1_1' title="bbox 197 343 345 401">
    <p class='ocr_par' dir='ltr' id='par_1_1' title="bbox 197 343 345 401">
     <span class='ocr_line' id='line_1_1' title="bbox 197 343 345 401; baseline 0.014 -2"><span class='ocrx_word' id='word_1_1' title='bbox 197 343 345 401; x_wconf 70' lang='lat'><strong>1025</strong></span> 
     </span>
    </p>
   </div>
   <div class='ocr_carea' id='block_1_2' title="bbox 951 430 1103 440">
    <p class='ocr_par' dir='ltr' id='par_1_2' title="bbox 951 430 1103 440">
     <span class='ocr_line' id='line_1_2' title="bbox 951 430 1103 440; baseline 0 -2"><span class='ocrx_word' id='word_1_2' title='bbox 951 430 1079 440; x_wconf 56' lang='grc' dir='ltr'><strong>-ςυοκτν-ολ</strong></span> <span class='ocrx_word' id='word_1_3' title='bbox 1094 431 1103 434; x_wconf 54' lang='grc' dir='ltr'><em>ο</em></span> 
     </span>
    </p>
   </div>
   <div class='ocr_carea' id='block_1_3' title="bbox 1325 326 2337 401">
    <p class='ocr_par' dir='ltr' id='par_1_3' title="bbox 1325 326 2337 401">
     <span class='ocr_line' id='line_1_3' title="bbox 1325 326 2337 401; baseline -0.005 -1"><span class='ocrx_word' id='word_1_4' title='bbox 1325 336 1722 401; x_wconf 80' lang='lat' dir='ltr'><strong>DIPLOMATA</strong></span> <span class='ocrx_word' id='word_1_5' title='bbox 1759 326 2337 397; x_wconf 49' lang='lat' dir='ltr'><strong>ECCLESIASTICA:</strong></span> 
     </span>
    </p>
   </div>
   <div class='ocr_carea' id='block_1_4' title="bbox 3301 346 3442 405">
    <p class='ocr_par' dir='ltr' id='par_1_4' title="bbox 3301 346 3442 405">
     <span class='ocr_line' id='line_1_4' title="bbox 3301 346 3442 405; baseline 0.021 -3"><span class='ocrx_word' id='word_1_6' title='bbox 3301 346 3442 405; x_wconf 63' lang='lat'><strong>{0‘26</strong></span> 
     </span>
    </p>
   </div>
   <div class='ocr_carea' id='block_1_5' title="bbox 189 432 3443 530">
    <p class='ocr_par' dir='ltr' id='par_1_5' title="bbox 189 432 3443 530">
     <span class='ocr_line' id='line_1_5' title="bbox 189 432 3443 530; baseline 0 -13"><span class='ocrx_word' id='word_1_7' title='bbox 189 470 297 519; x_wconf 77' lang='lat' dir='ltr'><strong>aut</strong></span> <span class='ocrx_word' id='word_1_8' title='bbox 325 436 669 529; x_wconf 80' lang='lat' dir='ltr'><strong>iidejussores</strong></span> <span class='ocrx_word' id='word_1_9' title='bbox 698 432 1141 523; x_wconf 60' lang='grc' dir='ltr'><strong>ωιιθὶιςιοὶἷῐὰι</strong></span> <span class='ocrx_word' id='word_1_10' title='bbox 1174 454 1424 514; x_wconf 84' lang='lat' dir='ltr'><strong>homines</strong></span> <span class='ocrx_word' id='word_1_11' title='bbox 1452 458 1623 529; x_wconf 84' lang='lat' dir='ltr'><strong>ipsius</strong></span> <span class='ocrx_word' id='word_1_12' title='bbox 1652 471 1771 513; x_wconf 87' lang='lat' dir='ltr'><strong>mo-</strong></span> <span class='ocrx_word' id='word_1_13' title='bbox 1796 462 1852 525; x_wconf 69' lang='grc' dir='ltr'><strong>Α</strong></span> <span class='ocrx_word' id='word_1_14' title='bbox 1874 448 2043 509; x_wconf 81' lang='lat' dir='ltr'><strong>derno</strong></span> <span class='ocrx_word' id='word_1_15' title='bbox 2079 459 2324 525; x_wconf 87' lang='lat' dir='ltr'><strong>tempore</strong></span> <span class='ocrx_word' id='word_1_16' title='bbox 2352 449 2493 509; x_wconf 90' lang='lat' dir='ltr'><strong>infra</strong></span> <span class='ocrx_word' id='word_1_17' title='bbox 2528 449 2791 510; x_wconf 80' lang='lat' dir='ltr'><strong>ditionem</strong></span> <span class='ocrx_word' id='word_1_18' title='bbox 2842 452 3055 527; x_wconf 87' lang='lat' dir='ltr'><strong>imperii</strong></span> <span class='ocrx_word' id='word_1_19' title='bbox 3090 458 3262 515; x_wconf 86' lang='lat' dir='ltr'><strong>nostri</strong></span> <span class='ocrx_word' id='word_1_20' title='bbox 3292 458 3443 530; x_wconf 88' lang='lat' dir='ltr'><strong>juste</strong></span> 
     </span>
    </p>
   </div>
   <div class='ocr_carea' id='block_1_6' title="bbox 189 547 1774 621">
    <p class='ocr_par' dir='ltr' id='par_1_6' title="bbox 189 547 1774 621">
     <span class='ocr_line' id='line_1_6' title="bbox 189 547 1774 621; baseline -0.003 -13"><span class='ocrx_word' id='word_1_21' title='bbox 189 551 427 621; x_wconf 77' lang='lat' dir='ltr'><strong>nasterii</strong></span> <span class='ocrx_word' id='word_1_22' title='bbox 473 550 874 621; x_wconf 88' lang='lat' dir='ltr'><strong>distringendos</strong></span> <span class='ocrx_word' id='word_1_23' title='bbox 917 562 1019 604; x_wconf 91' lang='lat' dir='ltr'><strong>nec</strong></span> <span class='ocrx_word' id='word_1_24' title='bbox 1060 548 1198 603; x_wconf 83' lang='lat' dir='ltr'><strong>ullas</strong></span> <span class='ocrx_word' id='word_1_25' title='bbox 1241 547 1633 605; x_wconf 88' lang='lat' dir='ltr'><strong>redhibitiones</strong></span> <span class='ocrx_word' id='word_1_26' title='bbox 1678 555 1774 603; x_wconf 90' lang='lat' dir='ltr'><strong>aut</strong></span> 
     </span>
    </p>
   </div>
   <div class='ocr_carea' id='block_1_7' title="bbox 190 638 1773 711">
    <p class='ocr_par' dir='ltr' id='par_1_7' title="bbox 190 638 1773 711">
     <span class='ocr_line' id='line_1_7' title="bbox 190 638 1773 711; baseline -0.004 -10"><span class='ocrx_word' id='word_1_27' title='bbox 190 645 418 703; x_wconf 89' lang='lat' dir='ltr'><strong>illicitas</strong></span> <span class='ocrx_word' id='word_1_28' title='bbox 464 642 776 699; x_wconf 85' lang='lat' dir='ltr'><strong>occasiones</strong></span> <span class='ocrx_word' id='word_1_29' title='bbox 827 641 1180 711; x_wconf 89' lang='lat' dir='ltr'><strong>requirendas</strong></span> <span class='ocrx_word' id='word_1_30' title='bbox 1234 640 1435 696; x_wconf 81' lang='lat' dir='ltr'><strong>nostris</strong></span> <span class='ocrx_word' id='word_1_31' title='bbox 1478 648 1531 695; x_wconf 88' lang='lat' dir='ltr'><strong>et</strong></span> <span class='ocrx_word' id='word_1_32' title='bbox 1578 638 1773 695; x_wconf 85' lang='lat' dir='ltr'><strong>futuris</strong></span> 
     </span>
    </p>
   </div>
   <div class='ocr_carea' id='block_1_8' title="bbox 191 724 1775 809">
    <p class='ocr_par' dir='ltr' id='par_1_8' title="bbox 191 724 1775 809">
     <span class='ocr_line' id='line_1_8' title="bbox 191 724 1775 809; baseline -0.005 -16"><span class='ocrx_word' id='word_1_33' title='bbox 191 724 535 809; x_wconf 71' lang='lat' dir='ltr'><strong>temporibus</strong></span> <span class='ocrx_word' id='word_1_34' title='bbox 561 733 768 805; x_wconf 77' lang='lat' dir='ltr'><strong>ingredi</strong></span> <span class='ocrx_word' id='word_1_35' title='bbox 794 733 1010 799; x_wconf 78' lang='lat' dir='ltr'><strong>audeat,</strong></span> <span class='ocrx_word' id='word_1_36' title='bbox 1035 732 1123 787; x_wconf 91' lang='lat' dir='ltr'><strong>vel</strong></span> <span class='ocrx_word' id='word_1_37' title='bbox 1150 747 1215 789; x_wconf 89' lang='lat' dir='ltr'><strong>ea</strong></span> <span class='ocrx_word' id='word_1_38' title='bbox 1240 746 1359 803; x_wconf 71' lang='lat' dir='ltr'><strong>quae</strong></span> <span class='ocrx_word' id='word_1_39' title='bbox 1386 745 1549 801; x_wconf 86' lang='lat' dir='ltr'><strong>supra</strong></span> <span class='ocrx_word' id='word_1_40' title='bbox 1572 744 1775 787; x_wconf 90' lang='lat' dir='ltr'><strong>memo-</strong></span> 
     </span>
    </p>
   </div>
   <div class='ocr_carea' id='block_1_9' title="bbox 192 820 1775 897">
    <p class='ocr_par' dir='ltr' id='par_1_9' title="bbox 192 820 1775 897">
     <span class='ocr_line' id='line_1_9' title="bbox 192 820 1775 897; baseline -0.007 -11"><span class='ocrx_word' id='word_1_41' title='bbox 192 838 322 887; x_wconf 85' lang='lat' dir='ltr'><strong>rata</strong></span> <span class='ocrx_word' id='word_1_42' title='bbox 348 836 475 884; x_wconf 91' lang='lat' dir='ltr'><strong>sunt</strong></span> <span class='ocrx_word' id='word_1_43' title='bbox 496 826 713 897; x_wconf 87' lang='lat' dir='ltr'><strong>penitus</strong></span> <span class='ocrx_word' id='word_1_44' title='bbox 737 825 956 895; x_wconf 75' lang='lat' dir='ltr'><strong>exigere</strong></span> <span class='ocrx_word' id='word_1_45' title='bbox 980 833 1295 895; x_wconf 68' lang='lat' dir='ltr'><strong>praesumat.</strong></span> <span class='ocrx_word' id='word_1_46' title='bbox 1341 820 1450 879; x_wconf 87' lang='lat' dir='ltr'><strong>Sed</strong></span> <span class='ocrx_word' id='word_1_47' title='bbox 1475 821 1636 878; x_wconf 90' lang='lat' dir='ltr'><strong>liceat</strong></span> <span class='ocrx_word' id='word_1_48' title='bbox 1660 834 1775 876; x_wconf 90' lang='lat' dir='ltr'><strong>me-</strong></span> 
     </span>
    </p>
   </div>
   <div class='ocr_carea' id='block_1_10' title="bbox 192 911 1775 986">
    <p class='ocr_par' dir='ltr' id='par_1_10' title="bbox 192 911 1775 986">
     <span class='ocr_line' id='line_1_10' title="bbox 192 911 1775 986; baseline -0.005 -9"><span class='ocrx_word' id='word_1_49' title='bbox 192 919 423 977; x_wconf 87' lang='lat' dir='ltr'><strong>morato</strong></span> <span class='ocrx_word' id='word_1_50' title='bbox 454 917 639 975; x_wconf 88' lang='lat' dir='ltr'><strong>abbati</strong></span> <span class='ocrx_word' id='word_1_51' title='bbox 684 916 906 986; x_wconf 83' lang='lat' dir='ltr'><strong>suisque</strong></span> <span class='ocrx_word' id='word_1_52' title='bbox 950 914 1355 972; x_wconf 85' lang='lat' dir='ltr'><strong>successoribus</strong></span> <span class='ocrx_word' id='word_1_53' title='bbox 1401 927 1491 969; x_wconf 92' lang='lat' dir='ltr'><strong>res</strong></span> <span class='ocrx_word' id='word_1_54' title='bbox 1530 911 1775 984; x_wconf 82' lang='lat' dir='ltr'><strong>praedicti</strong></span> 
     </span>
    </p>
   </div>
   <div class='ocr_carea' id='block_1_11' title="bbox 191 1004 1775 1081">
    <p class='ocr_par' dir='ltr' id='par_1_11' title="bbox 191 1004 1775 1081">
     <span class='ocr_line' id='line_1_11' title="bbox 191 1004 1775 1081; baseline -0.008 -8"><span class='ocrx_word' id='word_1_55' title='bbox 191 1011 519 1073; x_wconf 85' lang='lat' dir='ltr'><strong>monasterii</strong></span> <span class='ocrx_word' id='word_1_56' title='bbox 540 1010 724 1081; x_wconf 90' lang='lat' dir='ltr'><strong>quieto</strong></span> <span class='ocrx_word' id='word_1_57' title='bbox 744 1008 934 1065; x_wconf 86' lang='lat' dir='ltr'><strong>ordine</strong></span> <span class='ocrx_word' id='word_1_58' title='bbox 952 1009 1250 1080; x_wconf 91' lang='lat' dir='ltr'><strong>possidere,</strong></span> <span class='ocrx_word' id='word_1_59' title='bbox 1265 1015 1321 1065; x_wconf 91' lang='lat' dir='ltr'><strong>et</strong></span> <span class='ocrx_word' id='word_1_60' title='bbox 1340 1004 1775 1078; x_wconf 85' lang='lat' dir='ltr'><strong>quandoquidem</strong></span> 
     </span>
    </p>
   </div>
   <div class='ocr_carea' id='block_1_12' title="bbox 191 1095 1774 1172">
    <p class='ocr_par' dir='ltr' id='par_1_12' title="bbox 191 1095 1774 1172">
     <span class='ocr_line' id='line_1_12' title="bbox 191 1095 1774 1172; baseline -0.007 -10"><span class='ocrx_word' id='word_1_61' title='bbox 191 1105 383 1162; x_wconf 86' lang='lat' dir='ltr'><strong>divina</strong></span> <span class='ocrx_word' id='word_1_62' title='bbox 408 1102 693 1159; x_wconf 87' lang='lat' dir='ltr'><strong>vocatione</strong></span> <span class='ocrx_word' id='word_1_63' title='bbox 718 1100 1009 1172; x_wconf 70' lang='lat' dir='ltr'><strong>praedictus</strong></span> <span class='ocrx_word' id='word_1_64' title='bbox 1034 1102 1203 1158; x_wconf 84' lang='lat' dir='ltr'><strong>abbas</strong></span> <span class='ocrx_word' id='word_1_65' title='bbox 1218 1098 1305 1156; x_wconf 90' lang='lat' dir='ltr'><strong>vel</strong></span> <span class='ocrx_word' id='word_1_66' title='bbox 1326 1100 1637 1155; x_wconf 88' lang='lat' dir='ltr'><strong>decessores</strong></span> <span class='ocrx_word' id='word_1_67' title='bbox 1658 1095 1774 1166; x_wconf 87' lang='lat' dir='ltr'><strong>ejus</strong></span> 
     </span>
    </p>
   </div>
   <div class='ocr_carea' id='block_1_13' title="bbox 194 1191 1773 1273">
    <p class='ocr_par' dir='ltr' id='par_1_13' title="bbox 194 1191 1773 1273">
     <span class='ocr_line' id='line_1_13' title="bbox 194 1191 1773 1273; baseline -0.006 -17"><span class='ocrx_word' id='word_1_68' title='bbox 194 1198 267 1256; x_wconf 89' lang='lat' dir='ltr'><strong>de</strong></span> <span class='ocrx_word' id='word_1_69' title='bbox 294 1198 396 1253; x_wconf 89' lang='lat' dir='ltr'><strong>hac</strong></span> <span class='ocrx_word' id='word_1_70' title='bbox 414 1195 536 1273; x_wconf 71' lang='lat' dir='ltr'><strong>luce</strong></span> <span class='ocrx_word' id='word_1_71' title='bbox 560 1194 916 1267; x_wconf 88' lang='lat' dir='ltr'><strong>migraverint</strong></span> <span class='ocrx_word' id='word_1_72' title='bbox 937 1194 1176 1265; x_wconf 90' lang='lat' dir='ltr'><strong>quandiu</strong></span> <span class='ocrx_word' id='word_1_73' title='bbox 1202 1193 1348 1249; x_wconf 89' lang='lat' dir='ltr'><strong>inter</strong></span> <span class='ocrx_word' id='word_1_74' title='bbox 1373 1207 1433 1248; x_wconf 91' lang='lat' dir='ltr'><strong>se</strong></span> <span class='ocrx_word' id='word_1_75' title='bbox 1460 1191 1595 1248; x_wconf 84' lang='lat' dir='ltr'><strong>tales</strong></span> <span class='ocrx_word' id='word_1_76' title='bbox 1623 1191 1773 1247; x_wconf 84' lang='lat' dir='ltr'><strong>inve-</strong></span> 
     </span>
    </p>
   </div>
   <div class='ocr_carea' id='block_1_14' title="bbox 191 1289 1772 1363">
    <p class='ocr_par' dir='ltr' id='par_1_14' title="bbox 191 1289 1772 1363">
     <span class='ocr_line' id='line_1_14' title="bbox 191 1289 1772 1363; baseline -0.004 -14"><span class='ocrx_word' id='word_1_77' title='bbox 191 1293 322 1349; x_wconf 82' lang='lat' dir='ltr'><strong>nire</strong></span> <span class='ocrx_word' id='word_1_78' title='bbox 347 1290 624 1363; x_wconf 91' lang='lat' dir='ltr'><strong>potuerint</strong></span> <span class='ocrx_word' id='word_1_79' title='bbox 650 1290 744 1361; x_wconf 89' lang='lat' dir='ltr'><strong>qui</strong></span> <span class='ocrx_word' id='word_1_80' title='bbox 780 1290 951 1360; x_wconf 90' lang='lat' dir='ltr'><strong>ipsam</strong></span> <span class='ocrx_word' id='word_1_81' title='bbox 976 1291 1452 1363; x_wconf 75' lang='lat' dir='ltr'><strong>congregationem</strong></span> <span class='ocrx_word' id='word_1_82' title='bbox 1479 1289 1772 1345; x_wconf 88' lang='lat' dir='ltr'><strong>secundum</strong></span> 
     </span>
    </p>
   </div>
   <div class='ocr_carea' id='block_1_15' title="bbox 193 1382 1772 1458">
    <p class='ocr_par' dir='ltr' id='par_1_15' title="bbox 193 1382 1772 1458">
     <span class='ocr_line' id='line_1_15' title="bbox 193 1382 1772 1458; baseline -0.003 -17"><span class='ocrx_word' id='word_1_83' title='bbox 193 1386 442 1458; x_wconf 87' lang='lat' dir='ltr'><strong>regulam</strong></span> <span class='ocrx_word' id='word_1_84' title='bbox 481 1385 654 1441; x_wconf 89' lang='lat' dir='ltr'><strong>sancti</strong></span> <span class='ocrx_word' id='word_1_85' title='bbox 683 1384 959 1440; x_wconf 85' lang='lat' dir='ltr'><strong>Benedicti</strong></span> <span class='ocrx_word' id='word_1_86' title='bbox 992 1398 1183 1455; x_wconf 88' lang='lat' dir='ltr'><strong>regere</strong></span> <span class='ocrx_word' id='word_1_87' title='bbox 1206 1383 1459 1449; x_wconf 85' lang='lat' dir='ltr'><strong>valeant,</strong></span> <span class='ocrx_word' id='word_1_88' title='bbox 1498 1382 1772 1438; x_wconf 85' lang='lat' dir='ltr'><strong>licentiam</strong></span> 
     </span>
    </p>
   </div>
   <div class='ocr_carea' id='block_1_16' title="bbox 192 1473 1775 1549">
    <p class='ocr_par' dir='ltr' id='par_1_16' title="bbox 192 1473 1775 1549">
     <span class='ocr_line' id='line_1_16' title="bbox 192 1473 1775 1549; baseline -0.005 -13"><span class='ocrx_word' id='word_1_89' title='bbox 192 1480 437 1537; x_wconf 80' lang='lat' dir='ltr'><strong>habeant</strong></span> <span class='ocrx_word' id='word_1_90' title='bbox 462 1477 694 1549; x_wconf 85' lang='lat' dir='ltr'><strong>eligendi</strong></span> <span class='ocrx_word' id='word_1_91' title='bbox 722 1476 968 1542; x_wconf 88' lang='lat' dir='ltr'><strong>abbates,</strong></span> <span class='ocrx_word' id='word_1_92' title='bbox 999 1476 1231 1546; x_wconf 89' lang='lat' dir='ltr'><strong>qualiter</strong></span> <span class='ocrx_word' id='word_1_93' title='bbox 1255 1475 1551 1531; x_wconf 87' lang='lat' dir='ltr'><strong>monachos</strong></span> <span class='ocrx_word' id='word_1_94' title='bbox 1579 1473 1652 1529; x_wconf 91' lang='lat' dir='ltr'><strong>ibi</strong></span> <span class='ocrx_word' id='word_1_95' title='bbox 1680 1474 1775 1529; x_wconf 88' lang='lat' dir='ltr'><strong>de-</strong></span> 
     </span>
    </p>
   </div>
   <div class='ocr_carea' id='block_1_17' title="bbox 194 1565 1774 1644">
    <p class='ocr_par' dir='ltr' id='par_1_17' title="bbox 194 1565 1774 1644">
     <span class='ocr_line' id='line_1_17' title="bbox 194 1565 1774 1644; baseline -0.003 -19"><span class='ocrx_word' id='word_1_96' title='bbox 194 1580 390 1644; x_wconf 81' lang='lat' dir='ltr'><strong>gentes</strong></span> <span class='ocrx_word' id='word_1_97' title='bbox 425 1584 525 1641; x_wconf 92' lang='lat' dir='ltr'><strong>pro</strong></span> <span class='ocrx_word' id='word_1_98' title='bbox 550 1569 730 1634; x_wconf 89' lang='lat' dir='ltr'><strong>nobis,</strong></span> <span class='ocrx_word' id='word_1_99' title='bbox 760 1570 986 1639; x_wconf 88' lang='lat' dir='ltr'><strong>conjuge</strong></span> <span class='ocrx_word' id='word_1_100' title='bbox 1026 1568 1286 1637; x_wconf 89' lang='lat' dir='ltr'><strong>proleque</strong></span> <span class='ocrx_word' id='word_1_101' title='bbox 1325 1573 1510 1621; x_wconf 90' lang='lat' dir='ltr'><strong>nostra</strong></span> <span class='ocrx_word' id='word_1_102' title='bbox 1550 1565 1634 1620; x_wconf 91' lang='lat' dir='ltr'><strong>vel</strong></span> <span class='ocrx_word' id='word_1_103' title='bbox 1674 1578 1774 1636; x_wconf 88' lang='lat' dir='ltr'><strong>pro</strong></span> 
     </span>
    </p>
   </div>
   <div class='ocr_carea' id='block_1_18' title="bbox 192 1655 1775 1737">
    <p class='ocr_par' dir='ltr' id='par_1_18' title="bbox 192 1655 1775 1737">
     <span class='ocr_line' id='line_1_18' title="bbox 192 1655 1775 1737; baseline -0.006 -16"><span class='ocrx_word' id='word_1_104' title='bbox 192 1661 494 1721; x_wconf 70' lang='lat' dir='ltr'><strong>atabilitate</strong></span> <span class='ocrx_word' id='word_1_105' title='bbox 519 1660 686 1737; x_wconf 84' lang='lat' dir='ltr'><strong>totius</strong></span> <span class='ocrx_word' id='word_1_106' title='bbox 712 1659 926 1729; x_wconf 89' lang='lat' dir='ltr'><strong>imperii</strong></span> <span class='ocrx_word' id='word_1_107' title='bbox 952 1659 1125 1715; x_wconf 86' lang='lat' dir='ltr'><strong>nostri</strong></span> <span class='ocrx_word' id='word_1_108' title='bbox 1146 1658 1352 1729; x_wconf 89' lang='lat' dir='ltr'><strong>jugiter</strong></span> <span class='ocrx_word' id='word_1_109' title='bbox 1372 1655 1586 1712; x_wconf 91' lang='lat' dir='ltr'><strong>Domini</strong></span> <span class='ocrx_word' id='word_1_110' title='bbox 1610 1657 1775 1712; x_wconf 85' lang='lat' dir='ltr'><strong>mise-</strong></span> 
     </span>
    </p>
   </div>
   <div class='ocr_carea' id='block_1_19' title="bbox 192 1749 1773 1810">
    <p class='ocr_par' dir='ltr' id='par_1_19' title="bbox 192 1749 1773 1810">
     <span class='ocr_line' id='line_1_19' title="bbox 192 1749 1773 1810; baseline -0.004 0"><span class='ocrx_word' id='word_1_111' title='bbox 192 1754 489 1810; x_wconf 88' lang='lat' dir='ltr'><strong>ricordiam</strong></span> <span class='ocrx_word' id='word_1_112' title='bbox 529 1764 757 1807; x_wconf 80' lang='lat' dir='ltr'><strong>exorare</strong></span> <span class='ocrx_word' id='word_1_113' title='bbox 799 1750 1050 1805; x_wconf 89' lang='lat' dir='ltr'><strong>delectet.</strong></span> <span class='ocrx_word' id='word_1_114' title='bbox 1103 1750 1173 1804; x_wconf 84' lang='lat' dir='ltr'><strong>Et</strong></span> <span class='ocrx_word' id='word_1_115' title='bbox 1214 1756 1275 1803; x_wconf 90' lang='lat' dir='ltr'><strong>ut</strong></span> <span class='ocrx_word' id='word_1_116' title='bbox 1320 1749 1438 1804; x_wconf 64' lang='lat' dir='ltr'><strong>haec</strong></span> <span class='ocrx_word' id='word_1_117' title='bbox 1478 1749 1773 1804; x_wconf 88' lang='lat' dir='ltr'><strong>auctoritas</strong></span> 
     </span>
    </p>
   </div>
   <div class='ocr_carea' id='block_1_20' title="bbox 190 1841 1847 1917">
    <p class='ocr_par' dir='ltr' id='par_1_20' title="bbox 190 1841 1847 1917">
     <span class='ocr_line' id='line_1_20' title="bbox 190 1841 1847 1917; baseline -0.005 -12"><span class='ocrx_word' id='word_1_118' title='bbox 190 1847 401 1905; x_wconf 79' lang='lat' dir='ltr'><strong>nostris</strong></span> <span class='ocrx_word' id='word_1_119' title='bbox 443 1844 750 1915; x_wconf 75' lang='lat' dir='ltr'><strong>futurisque</strong></span> <span class='ocrx_word' id='word_1_120' title='bbox 795 1843 1127 1913; x_wconf 88' lang='lat' dir='ltr'><strong>temporibus</strong></span> <span class='ocrx_word' id='word_1_121' title='bbox 1175 1841 1407 1897; x_wconf 90' lang='lat' dir='ltr'><strong>Domino</strong></span> <span class='ocrx_word' id='word_1_122' title='bbox 1456 1850 1773 1912; x_wconf 85' lang='lat' dir='ltr'><strong>protegente</strong></span> <span class='ocrx_word' id='word_1_123' title='bbox 1799 1855 1847 1917; x_wconf 77' lang='grc' dir='ltr'><strong>Β</strong></span> 
     </span>
    </p>
   </div>
   <div class='ocr_carea' id='block_1_21' title="bbox 187 1931 1775 1999">
    <p class='ocr_par' dir='ltr' id='par_1_21' title="bbox 187 1931 1775 1999">
     <span class='ocr_line' id='line_1_21' title="bbox 187 1931 1775 1999; baseline -0.003 -7"><span class='ocrx_word' id='word_1_124' title='bbox 187 1936 378 1992; x_wconf 77' lang='lat' dir='ltr'><strong>valeat</strong></span> <span class='ocrx_word' id='word_1_125' title='bbox 411 1935 725 1992; x_wconf 86' lang='lat' dir='ltr'><strong>inconvulsa</strong></span> <span class='ocrx_word' id='word_1_126' title='bbox 759 1947 1008 1999; x_wconf 90' lang='lat' dir='ltr'><strong>manere,</strong></span> <span class='ocrx_word' id='word_1_127' title='bbox 1051 1934 1119 1989; x_wconf 92' lang='lat' dir='ltr'><strong>de</strong></span> <span class='ocrx_word' id='word_1_128' title='bbox 1147 1931 1344 1988; x_wconf 88' lang='lat' dir='ltr'><strong>annulo</strong></span> <span class='ocrx_word' id='word_1_129' title='bbox 1373 1938 1559 1989; x_wconf 91' lang='lat' dir='ltr'><strong>nostro</strong></span> <span class='ocrx_word' id='word_1_130' title='bbox 1582 1934 1775 1989; x_wconf 86' lang='lat' dir='ltr'><strong>subtus</strong></span> 
     </span>
    </p>
   </div>
   <div class='ocr_carea' id='block_1_22' title="bbox 186 2025 729 2099">
    <p class='ocr_par' dir='ltr' id='par_1_22' title="bbox 186 2025 729 2099">
     <span class='ocr_line' id='line_1_22' title="bbox 186 2025 729 2099; baseline -0.006 -15"><span class='ocrx_word' id='word_1_131' title='bbox 186 2028 454 2099; x_wconf 78' lang='lat' dir='ltr'><strong>iussimus</strong></span> <span class='ocrx_word' id='word_1_132' title='bbox 479 2025 729 2098; x_wconf 87' lang='lat' dir='ltr'><strong>sigillari.</strong></span> 
     </span>
    </p>
   </div>
   <div class='ocr_carea' id='block_1_23' title="bbox 266 2113 1775 2188">
    <p class='ocr_par' dir='ltr' id='par_1_23' title="bbox 266 2113 1775 2188">
     <span class='ocr_line' id='line_1_23' title="bbox 266 2113 1775 2188; baseline 0 -15"><span class='ocrx_word' id='word_1_133' title='bbox 266 2118 553 2174; x_wconf 86' lang='lat' dir='ltr'><strong>Durandus</strong></span> <span class='ocrx_word' id='word_1_134' title='bbox 596 2117 854 2172; x_wconf 87' lang='lat' dir='ltr'><strong>diaconus</strong></span> <span class='ocrx_word' id='word_1_135' title='bbox 898 2114 968 2171; x_wconf 91' lang='lat' dir='ltr'><strong>ad</strong></span> <span class='ocrx_word' id='word_1_136' title='bbox 1007 2113 1187 2171; x_wconf 90' lang='lat' dir='ltr'><strong>vicem</strong></span> <span class='ocrx_word' id='word_1_137' title='bbox 1224 2113 1517 2188; x_wconf 87' lang='lat' dir='ltr'><strong>Fibrugisii</strong></span> <span class='ocrx_word' id='word_1_138' title='bbox 1561 2113 1775 2173; x_wconf 88' lang='lat' dir='ltr'><strong>abbatis</strong></span> 
     </span>
    </p>
   </div>
   <div class='ocr_carea' id='block_1_24' title="bbox 190 2207 507 2280">
    <p class='ocr_par' dir='ltr' id='par_1_24' title="bbox 190 2207 507 2280">
     <span class='ocr_line' id='line_1_24' title="bbox 190 2207 507 2280; baseline -0.022 -12"><span class='ocrx_word' id='word_1_139' title='bbox 190 2207 507 2280; x_wconf 81' lang='lat' dir='ltr'><strong>recognovi.</strong></span> 
     </span>
    </p>
   </div>
   <div class='ocr_carea' id='block_1_25' title="bbox 266 2293 1769 2367">
    <p class='ocr_par' dir='ltr' id='par_1_25' title="bbox 266 2293 1769 2367">
     <span class='ocr_line' id='line_1_25' title="bbox 266 2293 1769 2367; baseline -0.002 -13"><span class='ocrx_word' id='word_1_140' title='bbox 266 2298 405 2354; x_wconf 89' lang='lat' dir='ltr'><strong>Data</strong></span> <span class='ocrx_word' id='word_1_141' title='bbox 419 2296 580 2352; x_wconf 89' lang='lat' dir='ltr'><strong>tertia</strong></span> <span class='ocrx_word' id='word_1_142' title='bbox 594 2294 718 2352; x_wconf 85' lang='lat' dir='ltr'><strong>ldus</strong></span> <span class='ocrx_word' id='word_1_143' title='bbox 731 2293 1088 2366; x_wconf 85' lang='lat' dir='ltr'><strong>Septembris,</strong></span> <span class='ocrx_word' id='word_1_144' title='bbox 1109 2308 1270 2363; x_wconf 90' lang='lat' dir='ltr'><strong>anno,</strong></span> <span class='ocrx_word' id='word_1_145' title='bbox 1284 2294 1501 2351; x_wconf 80' lang='lat' dir='ltr'><strong>Christo</strong></span> <span class='ocrx_word' id='word_1_146' title='bbox 1513 2296 1769 2367; x_wconf 84' lang='lat' dir='ltr'><strong>propitio,</strong></span> 
     </span>
    </p>
   </div>
   <div class='ocr_carea' id='block_1_26' title="bbox 190 2389 1774 2463">
    <p class='ocr_par' dir='ltr' id='par_1_26' title="bbox 190 2389 1774 2463">
     <span class='ocr_line' id='line_1_26' title="bbox 190 2389 1774 2463; baseline -0.003 -12"><span class='ocrx_word' id='word_1_147' title='bbox 190 2406 344 2452; x_wconf 81' lang='lat' dir='ltr'><strong>nono</strong></span> <span class='ocrx_word' id='word_1_148' title='bbox 377 2391 591 2462; x_wconf 90' lang='lat' dir='ltr'><strong>imperii</strong></span> <span class='ocrx_word' id='word_1_149' title='bbox 619 2389 1103 2446; x_wconf 66' lang='lat' dir='ltr'><strong>domini-Ludovici</strong></span> <span class='ocrx_word' id='word_1_150' title='bbox 1138 2390 1369 2461; x_wconf 88' lang='lat' dir='ltr'><strong>piissimi</strong></span> <span class='ocrx_word' id='word_1_151' title='bbox 1396 2392 1658 2463; x_wconf 85' lang='lat' dir='ltr'><strong>Augusti,</strong></span> <span class='ocrx_word' id='word_1_152' title='bbox 1691 2392 1774 2447; x_wconf 89' lang='lat' dir='ltr'><strong>in-</strong></span> 
     </span>
    </p>
   </div>
   <div class='ocr_carea' id='block_1_27' title="bbox 188 2482 1771 2556">
    <p class='ocr_par' dir='ltr' id='par_1_27' title="bbox 188 2482 1771 2556">
     <span class='ocr_line' id='line_1_27' title="bbox 188 2482 1771 2556; baseline 0 -15"><span class='ocrx_word' id='word_1_153' title='bbox 188 2483 433 2541; x_wconf 84' lang='lat' dir='ltr'><strong>dictione</strong></span> <span class='ocrx_word' id='word_1_154' title='bbox 458 2482 655 2555; x_wconf 91' lang='lat' dir='ltr'><strong>prima.</strong></span> <span class='ocrx_word' id='word_1_155' title='bbox 686 2482 881 2538; x_wconf 82' lang='lat' dir='ltr'><strong>Actum</strong></span> <span class='ocrx_word' id='word_1_156' title='bbox 903 2482 1175 2539; x_wconf 85' lang='lat' dir='ltr'><strong>Attiniaco</strong></span> <span class='ocrx_word' id='word_1_157' title='bbox 1199 2482 1402 2553; x_wconf 87' lang='lat' dir='ltr'><strong>palatio</strong></span> <span class='ocrx_word' id='word_1_158' title='bbox 1429 2484 1573 2556; x_wconf 91' lang='lat' dir='ltr'><strong>regis</strong></span> <span class='ocrx_word' id='word_1_159' title='bbox 1594 2484 1650 2540; x_wconf 88' lang='lat' dir='ltr'><strong>in</strong></span> <span class='ocrx_word' id='word_1_160' title='bbox 1673 2484 1771 2541; x_wconf 89' lang='lat' dir='ltr'><strong>Dei</strong></span> 
     </span>
    </p>
   </div>
   <div class='ocr_carea' id='block_1_28' title="bbox 189 2573 1773 2647">
    <p class='ocr_par' dir='ltr' id='par_1_28' title="bbox 189 2573 1773 2647">
     <span class='ocr_line' id='line_1_28' title="bbox 189 2573 1773 2647; baseline -0.001 -13"><span class='ocrx_word' id='word_1_161' title='bbox 189 2575 417 2634; x_wconf 83' lang='lat' dir='ltr'><strong>nomine</strong></span> <span class='ocrx_word' id='word_1_162' title='bbox 452 2574 700 2629; x_wconf 81' lang='lat' dir='ltr'><strong>feliciter.</strong></span> <span class='ocrx_word' id='word_1_163' title='bbox 748 2573 941 2630; x_wconf 87' lang='lat' dir='ltr'><strong>Amen.</strong></span> <span class='ocrx_word' id='word_1_164' title='bbox 984 2605 1056 2615; x_wconf 95' lang='lat'><strong><em>—</em></strong></span> <span class='ocrx_word' id='word_1_165' title='bbox 1096 2574 1355 2646; x_wconf 79' lang='lat' dir='ltr'><strong>Exempla</strong></span> <span class='ocrx_word' id='word_1_166' title='bbox 1396 2574 1463 2630; x_wconf 91' lang='lat' dir='ltr'><strong>de</strong></span> <span class='ocrx_word' id='word_1_167' title='bbox 1504 2584 1773 2647; x_wconf 74' lang='lat' dir='ltr'><strong>praecepto</strong></span> 
     </span>
    </p>
   </div>
   <div class='ocr_carea' id='block_1_29' title="bbox 189 2665 799 2737">
    <p class='ocr_par' dir='ltr' id='par_1_29' title="bbox 189 2665 799 2737">
     <span class='ocr_line' id='line_1_29' title="bbox 189 2665 799 2737; baseline -0.003 -15"><span class='ocrx_word' id='word_1_168' title='bbox 189 2665 401 2722; x_wconf 84' lang='lat' dir='ltr'><strong>domini</strong></span> <span class='ocrx_word' id='word_1_169' title='bbox 433 2665 799 2737; x_wconf 88' lang='lat' dir='ltr'><strong>imperatoris.</strong></span> 
     </span>
    </p>
   </div>
   <div class='ocr_carea' id='block_1_30' title="bbox 866 2778 1105 2837">
    <p class='ocr_par' dir='ltr' id='par_1_30' title="bbox 866 2778 1105 2837">
     <span class='ocr_line' id='line_1_30' title="bbox 866 2778 1105 2837; baseline -0.008 -2"><span class='ocrx_word' id='word_1_170' title='bbox 866 2778 1105 2837; x_wconf 77' lang='lat' dir='ltr'><strong>XXXVI.</strong></span> 
     </span>
    </p>
   </div>
   <div class='ocr_carea' id='block_1_31' title="bbox 505 2884 1462 2931">
    <p class='ocr_par' dir='ltr' id='par_1_31' title="bbox 505 2884 1462 2931">
     <span class='ocr_line' id='line_1_31' title="bbox 505 2884 1462 2931; baseline 0.003 -5"><span class='ocrx_word' id='word_1_171' title='bbox 505 2884 607 2927; x_wconf 76' lang='lat' dir='ltr'><strong>PRO</strong></span> <span class='ocrx_word' id='word_1_172' title='bbox 641 2885 977 2928; x_wconf 67' lang='lat' dir='ltr'><strong>HONASTERIO</strong></span> <span class='ocrx_word' id='word_1_173' title='bbox 1013 2887 1462 2931; x_wconf 69' lang='lat' dir='ltr'><strong>FONTANELLENSI.</strong></span> 
     </span>
    </p>
   </div>
   <div class='ocr_carea' id='block_1_32' title="bbox 803 2961 1169 3036">
    <p class='ocr_par' dir='ltr' id='par_1_32' title="bbox 803 2961 1169 3036">
     <span class='ocr_line' id='line_1_32' title="bbox 803 2961 1169 3036; baseline 0.003 -20"><span class='ocrx_word' id='word_1_174' title='bbox 803 2961 977 3033; x_wconf 83' lang='lat' dir='ltr'><strong>(Anno</strong></span> <span class='ocrx_word' id='word_1_175' title='bbox 1018 2961 1169 3036; x_wconf 79' lang='grc'><strong>815.)</strong></span> 
     </span>
    </p>
   </div>
   <div class='ocr_carea' id='block_1_33' title="bbox 266 3051 1737 3130">
    <p class='ocr_par' dir='ltr' id='par_1_33' title="bbox 266 3051 1737 3130">
     <span class='ocr_line' id='line_1_33' title="bbox 266 3051 1737 3130; baseline 0.005 -23"><span class='ocrx_word' id='word_1_176' title='bbox 266 3052 545 3128; x_wconf 72' lang='lat' dir='ltr'><strong>(Martem,</strong></span> <span class='ocrx_word' id='word_1_177' title='bbox 573 3051 745 3125; x_wconf 70' lang='lat' dir='ltr'><strong>Ampi.</strong></span> <span class='ocrx_word' id='word_1_178' title='bbox 764 3051 1165 3130; x_wconf 39' lang='grc' dir='ltr'><strong>-ίξοιιεεεεη-ρειηιἲ</strong></span> <span class='ocrx_word' id='word_1_179' title='bbox 1193 3054 1237 3130; x_wconf 64' lang='grc' dir='ltr'><strong>ζ,</strong></span> <span class='ocrx_word' id='word_1_180' title='bbox 1263 3068 1386 3130; x_wconf 95' lang='lat' dir='ltr'><strong>pag.</strong></span> <span class='ocrx_word' id='word_1_181' title='bbox 1417 3056 1508 3127; x_wconf 82' lang='grc'><strong>61,</strong></span> <span class='ocrx_word' id='word_1_182' title='bbox 1536 3070 1603 3115; x_wconf 84' lang='lat' dir='ltr'><strong>ex</strong></span> <span class='ocrx_word' id='word_1_183' title='bbox 1632 3074 1737 3117; x_wconf 89' lang='lat' dir='ltr'><strong>ms.</strong></span> 
     </span>
    </p>
   </div>
   <div class='ocr_carea' id='block_1_34' title="bbox 764 3124 1216 3197">
    <p class='ocr_par' dir='ltr' id='par_1_34' title="bbox 764 3124 1216 3197">
     <span class='ocr_line' id='line_1_34' title="bbox 764 3124 1216 3197; baseline 0.002 -18"><span class='ocrx_word' id='word_1_184' title='bbox 764 3124 1216 3197; x_wconf 82' lang='lat' dir='ltr'><strong>Fontanellensi.]</strong></span> 
     </span>
    </p>
   </div>
   <div class='ocr_carea' id='block_1_35' title="bbox 1874 544 3440 623">
    <p class='ocr_par' dir='ltr' id='par_1_35' title="bbox 1874 544 3440 623">
     <span class='ocr_line' id='line_1_35' title="bbox 1874 544 3440 623; baseline 0.007 -25"><span class='ocrx_word' id='word_1_185' title='bbox 1874 552 1930 599; x_wconf 87' lang='lat' dir='ltr'><strong>et</strong></span> <span class='ocrx_word' id='word_1_186' title='bbox 1970 544 2360 600; x_wconf 88' lang='lat' dir='ltr'><strong>rationabiliter</strong></span> <span class='ocrx_word' id='word_1_187' title='bbox 2398 544 2655 617; x_wconf 90' lang='lat' dir='ltr'><strong>possidet,</strong></span> <span class='ocrx_word' id='word_1_188' title='bbox 2705 546 2790 601; x_wconf 92' lang='lat' dir='ltr'><strong>vel</strong></span> <span class='ocrx_word' id='word_1_189' title='bbox 2834 561 2899 601; x_wconf 89' lang='lat' dir='ltr'><strong>ea</strong></span> <span class='ocrx_word' id='word_1_190' title='bbox 2944 564 3063 618; x_wconf 72' lang='lat' dir='ltr'><strong>quae</strong></span> <span class='ocrx_word' id='word_1_191' title='bbox 3101 551 3356 623; x_wconf 89' lang='lat' dir='ltr'><strong>deinceps</strong></span> <span class='ocrx_word' id='word_1_192' title='bbox 3385 555 3440 609; x_wconf 92' lang='lat' dir='ltr'><strong>in</strong></span> 
     </span>
    </p>
   </div>
   <div class='ocr_carea' id='block_1_36' title="bbox 1867 632 3479 711">
    <p class='ocr_par' dir='ltr' id='par_1_36' title="bbox 1867 632 3479 711">
     <span class='ocr_line' id='line_1_36' title="bbox 1867 632 3479 711; baseline 0.007 -22"><span class='ocrx_word' id='word_1_193' title='bbox 1867 634 1991 705; x_wconf 88' lang='lat' dir='ltr'><strong>jure</strong></span> <span class='ocrx_word' id='word_1_194' title='bbox 2039 636 2207 706; x_wconf 91' lang='lat' dir='ltr'><strong>ipsius</strong></span> <span class='ocrx_word' id='word_1_195' title='bbox 2253 637 2357 692; x_wconf 91' lang='lat' dir='ltr'><strong>loci</strong></span> <span class='ocrx_word' id='word_1_196' title='bbox 2405 637 2637 692; x_wconf 89' lang='lat' dir='ltr'><strong>voluerit</strong></span> <span class='ocrx_word' id='word_1_197' title='bbox 2679 638 2859 694; x_wconf 88' lang='lat' dir='ltr'><strong>divina</strong></span> <span class='ocrx_word' id='word_1_198' title='bbox 2907 639 3083 710; x_wconf 84' lang='lat' dir='ltr'><strong>pietas</strong></span> <span class='ocrx_word' id='word_1_199' title='bbox 3129 644 3334 711; x_wconf 86' lang='lat' dir='ltr'><strong>augeri,</strong></span> <span class='ocrx_word' id='word_1_200' title='bbox 3374 632 3479 701; x_wconf 41' lang='lat' dir='ltr'><strong>ad-</strong></span> 
     </span>
    </p>
   </div>
   <div class='ocr_carea' id='block_1_37' title="bbox 1873 726 3442 805">
    <p class='ocr_par' dir='ltr' id='par_1_37' title="bbox 1873 726 3442 805">
     <span class='ocr_line' id='line_1_37' title="bbox 1873 726 3442 805; baseline 0.007 -24"><span class='ocrx_word' id='word_1_201' title='bbox 1873 739 2073 804; x_wconf 36' lang='lat' dir='ltr'><strong>causas.</strong></span> <span class='ocrx_word' id='word_1_202' title='bbox 2102 726 2413 794; x_wconf 89' lang='lat' dir='ltr'><strong>audiendas,</strong></span> <span class='ocrx_word' id='word_1_203' title='bbox 2454 727 2539 783; x_wconf 89' lang='lat' dir='ltr'><strong>vel</strong></span> <span class='ocrx_word' id='word_1_204' title='bbox 2579 727 2756 796; x_wconf 87' lang='lat' dir='ltr'><strong>freda,</strong></span> <span class='ocrx_word' id='word_1_205' title='bbox 2799 738 2894 784; x_wconf 90' lang='lat' dir='ltr'><strong>aut</strong></span> <span class='ocrx_word' id='word_1_206' title='bbox 2931 729 3134 786; x_wconf 88' lang='lat' dir='ltr'><strong>tributa</strong></span> <span class='ocrx_word' id='word_1_207' title='bbox 3156 734 3442 805; x_wconf 82' lang='lat' dir='ltr'><strong>exigenda,</strong></span> 
     </span>
    </p>
   </div>
   <div class='ocr_carea' id='block_1_38' title="bbox 1872 815 3446 896">
    <p class='ocr_par' dir='ltr' id='par_1_38' title="bbox 1872 815 3446 896">
     <span class='ocr_line' id='line_1_38' title="bbox 1872 815 3446 896; baseline 0.008 -27"><span class='ocrx_word' id='word_1_208' title='bbox 1872 815 1958 871; x_wconf 86' lang='lat' dir='ltr'><strong>vel</strong></span> <span class='ocrx_word' id='word_1_209' title='bbox 1984 818 2312 883; x_wconf 89' lang='lat' dir='ltr'><strong>mansiones,</strong></span> <span class='ocrx_word' id='word_1_210' title='bbox 2340 827 2434 873; x_wconf 90' lang='lat' dir='ltr'><strong>aut</strong></span> <span class='ocrx_word' id='word_1_211' title='bbox 2479 819 2712 890; x_wconf 88' lang='lat' dir='ltr'><strong>paradas</strong></span> <span class='ocrx_word' id='word_1_212' title='bbox 2751 818 3048 888; x_wconf 87' lang='lat' dir='ltr'><strong>faciendas,</strong></span> <span class='ocrx_word' id='word_1_213' title='bbox 3079 830 3174 877; x_wconf 86' lang='lat' dir='ltr'><strong>aut</strong></span> <span class='ocrx_word' id='word_1_214' title='bbox 3229 823 3446 896; x_wconf 60' lang='lat' dir='ltr'><strong>ﬁdejuso</strong></span> 
     </span>
    </p>
   </div>
   <div class='ocr_carea' id='block_1_39' title="bbox 1872 905 3444 987">
    <p class='ocr_par' dir='ltr' id='par_1_39' title="bbox 1872 905 3444 987">
     <span class='ocr_line' id='line_1_39' title="bbox 1872 905 3444 987; baseline 0.005 -26"><span class='ocrx_word' id='word_1_215' title='bbox 1872 918 2024 962; x_wconf 85' lang='lat' dir='ltr'><strong>sores</strong></span> <span class='ocrx_word' id='word_1_216' title='bbox 2069 905 2352 973; x_wconf 90' lang='lat' dir='ltr'><strong>tollendos,</strong></span> <span class='ocrx_word' id='word_1_217' title='bbox 2402 916 2496 964; x_wconf 87' lang='lat' dir='ltr'><strong>aut</strong></span> <span class='ocrx_word' id='word_1_218' title='bbox 2542 909 2789 966; x_wconf 90' lang='lat' dir='ltr'><strong>homines</strong></span> <span class='ocrx_word' id='word_1_219' title='bbox 2833 910 3074 987; x_wconf 76' lang='lat' dir='ltr'><strong>ejusdem</strong></span> <span class='ocrx_word' id='word_1_220' title='bbox 3125 914 3444 971; x_wconf 85' lang='lat' dir='ltr'><strong>monasterii</strong></span> 
     </span>
    </p>
   </div>
   <div class='ocr_carea' id='block_1_40' title="bbox 1874 995 3446 1076">
    <p class='ocr_par' dir='ltr' id='par_1_40' title="bbox 1874 995 3446 1076">
     <span class='ocr_line' id='line_1_40' title="bbox 1874 995 3446 1076; baseline 0.006 -26"><span class='ocrx_word' id='word_1_221' title='bbox 1874 1002 1985 1050; x_wconf 86' lang='lat' dir='ltr'><strong>tam</strong></span> <span class='ocrx_word' id='word_1_222' title='bbox 2028 995 2290 1066; x_wconf 90' lang='lat' dir='ltr'><strong>ingenuos</strong></span> <span class='ocrx_word' id='word_1_223' title='bbox 2335 1012 2501 1068; x_wconf 89' lang='lat' dir='ltr'><strong>quam</strong></span> <span class='ocrx_word' id='word_1_224' title='bbox 2546 1014 2760 1066; x_wconf 89' lang='lat' dir='ltr'><strong>servos,</strong></span> <span class='ocrx_word' id='word_1_225' title='bbox 2813 1015 2976 1071; x_wconf 85' lang='lat' dir='ltr'><strong>super</strong></span> <span class='ocrx_word' id='word_1_226' title='bbox 3027 1010 3229 1059; x_wconf 89' lang='lat' dir='ltr'><strong>terram</strong></span> <span class='ocrx_word' id='word_1_227' title='bbox 3275 1004 3446 1076; x_wconf 89' lang='lat' dir='ltr'><strong>ipsius</strong></span> 
     </span>
    </p>
   </div>
   <div class='ocr_carea' id='block_1_41' title="bbox 1873 1088 3447 1164">
    <p class='ocr_par' dir='ltr' id='par_1_41' title="bbox 1873 1088 3447 1164">
     <span class='ocr_line' id='line_1_41' title="bbox 1873 1088 3447 1164; baseline 0.006 -21"><span class='ocrx_word' id='word_1_228' title='bbox 1873 1097 2299 1156; x_wconf 89' lang='lat' dir='ltr'><strong>commanentes,</strong></span> <span class='ocrx_word' id='word_1_229' title='bbox 2322 1088 2519 1159; x_wconf 89' lang='lat' dir='ltr'><strong>injuste</strong></span> <span class='ocrx_word' id='word_1_230' title='bbox 2561 1091 2982 1164; x_wconf 89' lang='lat' dir='ltr'><strong>distringendos,</strong></span> <span class='ocrx_word' id='word_1_231' title='bbox 3014 1108 3115 1152; x_wconf 88' lang='lat' dir='ltr'><strong>nec</strong></span> <span class='ocrx_word' id='word_1_232' title='bbox 3140 1095 3277 1151; x_wconf 89' lang='lat' dir='ltr'><strong>ullas</strong></span> <span class='ocrx_word' id='word_1_233' title='bbox 3324 1097 3447 1151; x_wconf 85' lang='lat' dir='ltr'><strong>red-</strong></span> 
     </span>
    </p>
   </div>
   <div class='ocr_carea' id='block_1_42' title="bbox 1873 1178 3449 1256">
    <p class='ocr_par' dir='ltr' id='par_1_42' title="bbox 1873 1178 3449 1256">
     <span class='ocr_line' id='line_1_42' title="bbox 1873 1178 3449 1256; baseline 0.005 -22"><span class='ocrx_word' id='word_1_234' title='bbox 1873 1178 2164 1236; x_wconf 87' lang='lat' dir='ltr'><strong>hibitiones</strong></span> <span class='ocrx_word' id='word_1_235' title='bbox 2204 1190 2297 1236; x_wconf 89' lang='lat' dir='ltr'><strong>aut</strong></span> <span class='ocrx_word' id='word_1_236' title='bbox 2334 1181 2552 1237; x_wconf 90' lang='lat' dir='ltr'><strong>illicitas</strong></span> <span class='ocrx_word' id='word_1_237' title='bbox 2594 1183 2910 1240; x_wconf 89' lang='lat' dir='ltr'><strong>occasiones</strong></span> <span class='ocrx_word' id='word_1_238' title='bbox 2944 1186 3319 1256; x_wconf 88' lang='lat' dir='ltr'><strong>requirendas,</strong></span> <span class='ocrx_word' id='word_1_239' title='bbox 3352 1194 3449 1243; x_wconf 90' lang='lat' dir='ltr'><strong>aut</strong></span> 
     </span>
    </p>
   </div>
   <div class='ocr_carea' id='block_1_43' title="bbox 1870 1271 3445 1350">
    <p class='ocr_par' dir='ltr' id='par_1_43' title="bbox 1870 1271 3445 1350">
     <span class='ocr_line' id='line_1_43' title="bbox 1870 1271 3445 1350; baseline 0.008 -26"><span class='ocrx_word' id='word_1_240' title='bbox 1870 1271 2177 1343; x_wconf 88' lang='lat' dir='ltr'><strong>pontaticos</strong></span> <span class='ocrx_word' id='word_1_241' title='bbox 2222 1273 2541 1345; x_wconf 80' lang='lat' dir='ltr'><strong>exigendos,</strong></span> <span class='ocrx_word' id='word_1_242' title='bbox 2590 1282 2685 1329; x_wconf 90' lang='lat' dir='ltr'><strong>aut</strong></span> <span class='ocrx_word' id='word_1_243' title='bbox 2729 1274 2941 1331; x_wconf 91' lang='lat' dir='ltr'><strong>telonea</strong></span> <span class='ocrx_word' id='word_1_244' title='bbox 2980 1278 3313 1350; x_wconf 89' lang='lat' dir='ltr'><strong>accipienda,</strong></span> <span class='ocrx_word' id='word_1_245' title='bbox 3349 1287 3445 1336; x_wconf 90' lang='lat' dir='ltr'><strong>aut</strong></span> 
     </span>
    </p>
   </div>
   <div class='ocr_carea' id='block_1_44' title="bbox 1874 1364 3447 1440">
    <p class='ocr_par' dir='ltr' id='par_1_44' title="bbox 1874 1364 3447 1440">
     <span class='ocr_line' id='line_1_44' title="bbox 1874 1364 3447 1440; baseline 0.006 -22"><span class='ocrx_word' id='word_1_246' title='bbox 1874 1364 2158 1431; x_wconf 88' lang='lat' dir='ltr'><strong>rotaticos,</strong></span> <span class='ocrx_word' id='word_1_247' title='bbox 2206 1364 2264 1419; x_wconf 91' lang='lat' dir='ltr'><strong>in</strong></span> <span class='ocrx_word' id='word_1_248' title='bbox 2290 1364 2620 1435; x_wconf 88' lang='lat' dir='ltr'><strong>quibuslibet</strong></span> <span class='ocrx_word' id='word_1_249' title='bbox 2666 1365 2824 1433; x_wconf 89' lang='lat' dir='ltr'><strong>locis,</strong></span> <span class='ocrx_word' id='word_1_250' title='bbox 2850 1366 3164 1425; x_wconf 88' lang='lat' dir='ltr'><strong>civitatibus</strong></span> <span class='ocrx_word' id='word_1_251' title='bbox 3198 1384 3263 1426; x_wconf 91' lang='lat' dir='ltr'><strong>ac</strong></span> <span class='ocrx_word' id='word_1_252' title='bbox 3290 1368 3447 1440; x_wconf 84' lang='lat' dir='ltr'><strong>foris,</strong></span> 
     </span>
    </p>
   </div>
   <div class='ocr_carea' id='block_1_45' title="bbox 1874 1455 3446 1527">
    <p class='ocr_par' dir='ltr' id='par_1_45' title="bbox 1874 1455 3446 1527">
     <span class='ocr_line' id='line_1_45' title="bbox 1874 1455 3446 1527; baseline 0.004 -17"><span class='ocrx_word' id='word_1_253' title='bbox 1874 1456 2075 1510; x_wconf 88' lang='lat' dir='ltr'><strong>nostris</strong></span> <span class='ocrx_word' id='word_1_254' title='bbox 2103 1464 2158 1511; x_wconf 91' lang='lat' dir='ltr'><strong>et</strong></span> <span class='ocrx_word' id='word_1_255' title='bbox 2183 1455 2379 1511; x_wconf 86' lang='lat' dir='ltr'><strong>futuris</strong></span> <span class='ocrx_word' id='word_1_256' title='bbox 2408 1455 2741 1527; x_wconf 88' lang='lat' dir='ltr'><strong>temporibus</strong></span> <span class='ocrx_word' id='word_1_257' title='bbox 2783 1457 2992 1527; x_wconf 87' lang='lat' dir='ltr'><strong>ingredi</strong></span> <span class='ocrx_word' id='word_1_258' title='bbox 3027 1459 3242 1526; x_wconf 89' lang='lat' dir='ltr'><strong>audeat,</strong></span> <span class='ocrx_word' id='word_1_259' title='bbox 3269 1461 3356 1515; x_wconf 87' lang='lat' dir='ltr'><strong>vel</strong></span> <span class='ocrx_word' id='word_1_260' title='bbox 3381 1476 3446 1516; x_wconf 88' lang='lat' dir='ltr'><strong>ea</strong></span> 
     </span>
    </p>
   </div>
   <div class='ocr_carea' id='block_1_46' title="bbox 1874 1550 3446 1622">
    <p class='ocr_par' dir='ltr' id='par_1_46' title="bbox 1874 1550 3446 1622">
     <span class='ocr_line' id='line_1_46' title="bbox 1874 1550 3446 1622; baseline 0.006 -23"><span class='ocrx_word' id='word_1_261' title='bbox 1874 1559 1995 1616; x_wconf 66' lang='lat' dir='ltr'><strong>quae</strong></span> <span class='ocrx_word' id='word_1_262' title='bbox 2032 1561 2196 1617; x_wconf 89' lang='lat' dir='ltr'><strong>supra</strong></span> <span class='ocrx_word' id='word_1_263' title='bbox 2235 1556 2535 1603; x_wconf 89' lang='lat' dir='ltr'><strong>memorata</strong></span> <span class='ocrx_word' id='word_1_264' title='bbox 2564 1556 2691 1602; x_wconf 91' lang='lat' dir='ltr'><strong>sunt</strong></span> <span class='ocrx_word' id='word_1_265' title='bbox 2730 1550 2948 1617; x_wconf 88' lang='lat' dir='ltr'><strong>penitus</strong></span> <span class='ocrx_word' id='word_1_266' title='bbox 2983 1551 3200 1622; x_wconf 79' lang='lat' dir='ltr'><strong>exigere</strong></span> <span class='ocrx_word' id='word_1_267' title='bbox 3238 1566 3446 1622; x_wconf 59' lang='lat' dir='ltr'><strong>praesu-</strong></span> 
     </span>
    </p>
   </div>
   <div class='ocr_carea' id='block_1_47' title="bbox 1874 1637 3451 1711">
    <p class='ocr_par' dir='ltr' id='par_1_47' title="bbox 1874 1637 3451 1711">
     <span class='ocr_line' id='line_1_47' title="bbox 1874 1637 3451 1711; baseline 0.006 -20"><span class='ocrx_word' id='word_1_268' title='bbox 1874 1644 2017 1704; x_wconf 89' lang='lat' dir='ltr'><strong>mat;</strong></span> <span class='ocrx_word' id='word_1_269' title='bbox 2051 1638 2148 1693; x_wconf 91' lang='lat' dir='ltr'><strong>sed</strong></span> <span class='ocrx_word' id='word_1_270' title='bbox 2186 1637 2349 1694; x_wconf 87' lang='lat' dir='ltr'><strong>liceat</strong></span> <span class='ocrx_word' id='word_1_271' title='bbox 2396 1646 2700 1695; x_wconf 91' lang='lat' dir='ltr'><strong>memorato</strong></span> <span class='ocrx_word' id='word_1_272' title='bbox 2737 1639 2922 1695; x_wconf 89' lang='lat' dir='ltr'><strong>abbati</strong></span> <span class='ocrx_word' id='word_1_273' title='bbox 2967 1640 3188 1711; x_wconf 87' lang='lat' dir='ltr'><strong>suisque</strong></span> <span class='ocrx_word' id='word_1_274' title='bbox 3234 1658 3451 1701; x_wconf 89' lang='lat' dir='ltr'><strong>succes-</strong></span> 
     </span>
    </p>
   </div>
   <div class='ocr_carea' id='block_1_48' title="bbox 1874 1729 3451 1801">
    <p class='ocr_par' dir='ltr' id='par_1_48' title="bbox 1874 1729 3451 1801">
     <span class='ocr_line' id='line_1_48' title="bbox 1874 1729 3451 1801; baseline 0.006 -18"><span class='ocrx_word' id='word_1_275' title='bbox 1874 1730 2111 1796; x_wconf 91' lang='lat' dir='ltr'><strong>soribus,</strong></span> <span class='ocrx_word' id='word_1_276' title='bbox 2155 1744 2243 1785; x_wconf 87' lang='lat' dir='ltr'><strong>res</strong></span> <span class='ocrx_word' id='word_1_277' title='bbox 2290 1729 2537 1801; x_wconf 61' lang='lat' dir='ltr'><strong>praedicti</strong></span> <span class='ocrx_word' id='word_1_278' title='bbox 2582 1731 2898 1786; x_wconf 88' lang='lat' dir='ltr'><strong>monasterii</strong></span> <span class='ocrx_word' id='word_1_279' title='bbox 2947 1732 3047 1786; x_wconf 91' lang='lat' dir='ltr'><strong>sub</strong></span> <span class='ocrx_word' id='word_1_280' title='bbox 3089 1732 3451 1793; x_wconf 88' lang='lat' dir='ltr'><strong>immunitatis</strong></span> 
     </span>
    </p>
   </div>
   <div class='ocr_carea' id='block_1_49' title="bbox 1876 1822 3450 1897">
    <p class='ocr_par' dir='ltr' id='par_1_49' title="bbox 1876 1822 3450 1897">
     <span class='ocr_line' id='line_1_49' title="bbox 1876 1822 3450 1897; baseline 0.006 -21"><span class='ocrx_word' id='word_1_281' title='bbox 1876 1832 2073 1878; x_wconf 61' lang='lat' dir='ltr'><strong>nostra:</strong></span> <span class='ocrx_word' id='word_1_282' title='bbox 2100 1822 2434 1890; x_wconf 78' lang='lat' dir='ltr'><strong>defensione,</strong></span> <span class='ocrx_word' id='word_1_283' title='bbox 2461 1824 2646 1893; x_wconf 92' lang='lat' dir='ltr'><strong>quieto</strong></span> <span class='ocrx_word' id='word_1_284' title='bbox 2675 1825 2865 1879; x_wconf 85' lang='lat' dir='ltr'><strong>ordine</strong></span> <span class='ocrx_word' id='word_1_285' title='bbox 2887 1825 3185 1894; x_wconf 85' lang='lat' dir='ltr'><strong>possidere,</strong></span> <span class='ocrx_word' id='word_1_286' title='bbox 3211 1834 3269 1882; x_wconf 91' lang='lat' dir='ltr'><strong>et</strong></span> <span class='ocrx_word' id='word_1_287' title='bbox 3294 1828 3450 1897; x_wconf 89' lang='lat' dir='ltr'><strong>quid-</strong></span> 
     </span>
    </p>
   </div>
   <div class='ocr_carea' id='block_1_50' title="bbox 1873 1914 3450 1988">
    <p class='ocr_par' dir='ltr' id='par_1_50' title="bbox 1873 1914 3450 1988">
     <span class='ocr_line' id='line_1_50' title="bbox 1873 1914 3450 1988; baseline 0.006 -21"><span class='ocrx_word' id='word_1_288' title='bbox 1873 1915 2003 1985; x_wconf 90' lang='lat' dir='ltr'><strong>quid</strong></span> <span class='ocrx_word' id='word_1_289' title='bbox 2028 1914 2225 1969; x_wconf 78' lang='lat' dir='ltr'><strong>exinde</strong></span> <span class='ocrx_word' id='word_1_290' title='bbox 2251 1915 2412 1970; x_wconf 83' lang='lat' dir='ltr'><strong>(iscus</strong></span> <span class='ocrx_word' id='word_1_291' title='bbox 2435 1915 2653 1986; x_wconf 79' lang='lat' dir='ltr'><strong>exigere</strong></span> <span class='ocrx_word' id='word_1_292' title='bbox 2676 1916 2895 1987; x_wconf 89' lang='lat' dir='ltr'><strong>poterit,</strong></span> <span class='ocrx_word' id='word_1_293' title='bbox 2927 1918 3093 1973; x_wconf 90' lang='lat' dir='ltr'><strong>etiam</strong></span> <span class='ocrx_word' id='word_1_294' title='bbox 3119 1934 3218 1988; x_wconf 89' lang='lat' dir='ltr'><strong>pro</strong></span> <span class='ocrx_word' id='word_1_295' title='bbox 3247 1928 3450 1977; x_wconf 65' lang='lat' dir='ltr'><strong>aeterna</strong></span> 
     </span>
    </p>
   </div>
   <div class='ocr_carea' id='block_1_51' title="bbox 1873 2006 3447 2078">
    <p class='ocr_par' dir='ltr' id='par_1_51' title="bbox 1873 2006 3447 2078">
     <span class='ocr_line' id='line_1_51' title="bbox 1873 2006 3447 2078; baseline 0.004 -17"><span class='ocrx_word' id='word_1_296' title='bbox 1873 2006 2309 2062; x_wconf 89' lang='lat' dir='ltr'><strong>remuneratione</strong></span> <span class='ocrx_word' id='word_1_297' title='bbox 2366 2007 2625 2078; x_wconf 63' lang='lat' dir='ltr'><strong>pratdicto</strong></span> <span class='ocrx_word' id='word_1_298' title='bbox 2682 2010 3013 2065; x_wconf 90' lang='lat' dir='ltr'><strong>monasterio</strong></span> <span class='ocrx_word' id='word_1_299' title='bbox 3060 2013 3447 2078; x_wconf 87' lang='lat' dir='ltr'><strong>concessimus,</strong></span> 
     </span>
    </p>
   </div>
   <div class='ocr_carea' id='block_1_52' title="bbox 1870 2096 3444 2167">
    <p class='ocr_par' dir='ltr' id='par_1_52' title="bbox 1870 2096 3444 2167">
     <span class='ocr_line' id='line_1_52' title="bbox 1870 2096 3444 2167; baseline 0.004 -17"><span class='ocrx_word' id='word_1_300' title='bbox 1870 2106 1932 2151; x_wconf 92' lang='lat' dir='ltr'><strong>ut</strong></span> <span class='ocrx_word' id='word_1_301' title='bbox 1960 2097 2014 2150; x_wconf 90' lang='lat' dir='ltr'><strong>in</strong></span> <span class='ocrx_word' id='word_1_302' title='bbox 2043 2096 2299 2150; x_wconf 87' lang='lat' dir='ltr'><strong>alimonia</strong></span> <span class='ocrx_word' id='word_1_303' title='bbox 2333 2110 2629 2167; x_wconf 88' lang='lat' dir='ltr'><strong>pauperum</strong></span> <span class='ocrx_word' id='word_1_304' title='bbox 2666 2106 2721 2151; x_wconf 89' lang='lat' dir='ltr'><strong>et</strong></span> <span class='ocrx_word' id='word_1_305' title='bbox 2748 2098 3016 2167; x_wconf 87' lang='lat' dir='ltr'><strong>stipendia</strong></span> <span class='ocrx_word' id='word_1_306' title='bbox 3054 2102 3444 2156; x_wconf 88' lang='lat' dir='ltr'><strong>monachorum</strong></span> 
     </span>
    </p>
   </div>
   <div class='ocr_carea' id='block_1_53' title="bbox 1872 2187 3438 2263">
    <p class='ocr_par' dir='ltr' id='par_1_53' title="bbox 1872 2187 3438 2263">
     <span class='ocr_line' id='line_1_53' title="bbox 1872 2187 3438 2263; baseline 0.004 -21"><span class='ocrx_word' id='word_1_307' title='bbox 1872 2187 2074 2244; x_wconf 88' lang='lat' dir='ltr'><strong>ibidem</strong></span> <span class='ocrx_word' id='word_1_308' title='bbox 2094 2189 2206 2244; x_wconf 90' lang='lat' dir='ltr'><strong>Deo</strong></span> <span class='ocrx_word' id='word_1_309' title='bbox 2240 2188 2638 2254; x_wconf 88' lang='lat' dir='ltr'><strong>famulantium,</strong></span> <span class='ocrx_word' id='word_1_310' title='bbox 2662 2192 2938 2260; x_wconf 89' lang='lat' dir='ltr'><strong>perpetuis</strong></span> <span class='ocrx_word' id='word_1_311' title='bbox 2964 2194 3295 2262; x_wconf 86' lang='lat' dir='ltr'><strong>temporibus</strong></span> <span class='ocrx_word' id='word_1_312' title='bbox 3314 2209 3438 2263; x_wconf 92' lang='lat' dir='ltr'><strong>pro-</strong></span> 
     </span>
    </p>
   </div>
   <div class='ocr_carea' id='block_1_54' title="bbox 1870 2276 3446 2355">
    <p class='ocr_par' dir='ltr' id='par_1_54' title="bbox 1870 2276 3446 2355">
     <span class='ocr_line' id='line_1_54' title="bbox 1870 2276 3446 2355; baseline 0.005 -23"><span class='ocrx_word' id='word_1_313' title='bbox 1870 2276 2019 2333; x_wconf 84' lang='lat' dir='ltr'><strong>ﬁciat</strong></span> <span class='ocrx_word' id='word_1_314' title='bbox 2063 2279 2121 2333; x_wconf 91' lang='lat' dir='ltr'><strong>in</strong></span> <span class='ocrx_word' id='word_1_315' title='bbox 2168 2280 2490 2350; x_wconf 87' lang='lat' dir='ltr'><strong>augmentis.</strong></span> <span class='ocrx_word' id='word_1_316' title='bbox 2524 2281 2801 2347; x_wconf 85' lang='lat' dir='ltr'><strong>Quatenus</strong></span> <span class='ocrx_word' id='word_1_317' title='bbox 2844 2282 2990 2352; x_wconf 92' lang='lat' dir='ltr'><strong>ipsos</strong></span> <span class='ocrx_word' id='word_1_318' title='bbox 3017 2298 3202 2339; x_wconf 90' lang='lat' dir='ltr'><strong>servos</strong></span> <span class='ocrx_word' id='word_1_319' title='bbox 3234 2286 3325 2340; x_wconf 87' lang='lat' dir='ltr'><strong>Dei</strong></span> <span class='ocrx_word' id='word_1_320' title='bbox 3353 2286 3446 2355; x_wconf 90' lang='lat' dir='ltr'><strong>qui</strong></span> 
     </span>
    </p>
   </div>
   <div class='ocr_carea' id='block_1_55' title="bbox 1871 2368 3451 2445">
    <p class='ocr_par' dir='ltr' id='par_1_55' title="bbox 1871 2368 3451 2445">
     <span class='ocr_line' id='line_1_55' title="bbox 1871 2368 3451 2445; baseline 0.005 -23"><span class='ocrx_word' id='word_1_321' title='bbox 1871 2369 2069 2424; x_wconf 88' lang='lat' dir='ltr'><strong>ibidem</strong></span> <span class='ocrx_word' id='word_1_322' title='bbox 2108 2368 2459 2437; x_wconf 72' lang='lat' dir='ltr'><strong>famulantur,</strong></span> <span class='ocrx_word' id='word_1_323' title='bbox 2493 2386 2592 2442; x_wconf 86' lang='lat' dir='ltr'><strong>pro</strong></span> <span class='ocrx_word' id='word_1_324' title='bbox 2629 2373 2789 2427; x_wconf 90' lang='lat' dir='ltr'><strong>nobis</strong></span> <span class='ocrx_word' id='word_1_325' title='bbox 2826 2382 2883 2427; x_wconf 90' lang='lat' dir='ltr'><strong>et</strong></span> <span class='ocrx_word' id='word_1_326' title='bbox 2916 2371 3162 2443; x_wconf 86' lang='lat' dir='ltr'><strong>conjuge,</strong></span> <span class='ocrx_word' id='word_1_327' title='bbox 3190 2374 3451 2445; x_wconf 89' lang='lat' dir='ltr'><strong>proleque</strong></span> 
     </span>
    </p>
   </div>
   <div class='ocr_carea' id='block_1_56' title="bbox 1872 2467 3446 2540">
    <p class='ocr_par' dir='ltr' id='par_1_56' title="bbox 1872 2467 3446 2540">
     <span class='ocr_line' id='line_1_56' title="bbox 1872 2467 3446 2540; baseline 0.004 -20"><span class='ocrx_word' id='word_1_328' title='bbox 1872 2474 2060 2520; x_wconf 90' lang='lat' dir='ltr'><strong>nostra</strong></span> <span class='ocrx_word' id='word_1_329' title='bbox 2096 2474 2258 2536; x_wconf 89' lang='lat' dir='ltr'><strong>atque</strong></span> <span class='ocrx_word' id='word_1_330' title='bbox 2296 2467 2592 2523; x_wconf 89' lang='lat' dir='ltr'><strong>stabilitate</strong></span> <span class='ocrx_word' id='word_1_331' title='bbox 2632 2469 2801 2524; x_wconf 90' lang='lat' dir='ltr'><strong>totius</strong></span> <span class='ocrx_word' id='word_1_332' title='bbox 2835 2471 3051 2540; x_wconf 90' lang='lat' dir='ltr'><strong>imperii</strong></span> <span class='ocrx_word' id='word_1_333' title='bbox 3088 2486 3118 2523; x_wconf 91' lang='lat' dir='ltr'><strong>a</strong></span> <span class='ocrx_word' id='word_1_334' title='bbox 3149 2470 3260 2525; x_wconf 91' lang='lat' dir='ltr'><strong>Deo</strong></span> <span class='ocrx_word' id='word_1_335' title='bbox 3287 2470 3446 2526; x_wconf 89' lang='lat' dir='ltr'><strong>nobis</strong></span> 
     </span>
    </p>
   </div>
   <div class='ocr_carea' id='block_1_57' title="bbox 1872 2558 3465 2632">
    <p class='ocr_par' dir='ltr' id='par_1_57' title="bbox 1872 2558 3465 2632">
     <span class='ocr_line' id='line_1_57' title="bbox 1872 2558 3465 2632; baseline 0.001 -19"><span class='ocrx_word' id='word_1_336' title='bbox 1872 2558 2114 2613; x_wconf 88' lang='lat' dir='ltr'><strong>concessi</strong></span> <span class='ocrx_word' id='word_1_337' title='bbox 2159 2567 2321 2627; x_wconf 90' lang='lat' dir='ltr'><strong>atque</strong></span> <span class='ocrx_word' id='word_1_338' title='bbox 2369 2560 2745 2627; x_wconf 88' lang='lat' dir='ltr'><strong>conservandi,</strong></span> <span class='ocrx_word' id='word_1_339' title='bbox 2769 2561 2972 2632; x_wconf 82' lang='lat' dir='ltr'><strong>jugiter</strong></span> <span class='ocrx_word' id='word_1_340' title='bbox 2997 2561 3237 2615; x_wconf 84' lang='lat' dir='ltr'><strong>divinam</strong></span> <span class='ocrx_word' id='word_1_341' title='bbox 3278 2561 3465 2615; x_wconf 51' lang='lat' dir='ltr'><strong>misev</strong></span> 
     </span>
    </p>
   </div>
   <div class='ocr_carea' id='block_1_58' title="bbox 1873 2647 3468 2706">
    <p class='ocr_par' dir='ltr' id='par_1_58' title="bbox 1873 2647 3468 2706">
     <span class='ocr_line' id='line_1_58' title="bbox 1873 2647 3468 2706; baseline 0.003 -5"><span class='ocrx_word' id='word_1_342' title='bbox 1873 2647 2163 2702; x_wconf 87' lang='lat' dir='ltr'><strong>rieordiam</strong></span> <span class='ocrx_word' id='word_1_343' title='bbox 2207 2663 2436 2704; x_wconf 81' lang='lat' dir='ltr'><strong>exorare</strong></span> <span class='ocrx_word' id='word_1_344' title='bbox 2481 2649 2733 2705; x_wconf 90' lang='lat' dir='ltr'><strong>delectet.</strong></span> <span class='ocrx_word' id='word_1_345' title='bbox 2781 2650 2851 2704; x_wconf 78' lang='lat' dir='ltr'><strong>Et</strong></span> <span class='ocrx_word' id='word_1_346' title='bbox 2895 2661 2955 2704; x_wconf 90' lang='lat' dir='ltr'><strong>ut</strong></span> <span class='ocrx_word' id='word_1_347' title='bbox 2996 2652 3112 2706; x_wconf 65' lang='lat' dir='ltr'><strong>haec</strong></span> <span class='ocrx_word' id='word_1_348' title='bbox 3154 2651 3468 2706; x_wconf 72' lang='lat' dir='ltr'><strong>auctoritas</strong></span> 
     </span>
    </p>
   </div>
   <div class='ocr_carea' id='block_1_59' title="bbox 1872 2736 3467 2813">
    <p class='ocr_par' dir='ltr' id='par_1_59' title="bbox 1872 2736 3467 2813">
     <span class='ocr_line' id='line_1_59' title="bbox 1872 2736 3467 2813; baseline 0.004 -22"><span class='ocrx_word' id='word_1_349' title='bbox 1872 2746 2061 2792; x_wconf 90' lang='lat' dir='ltr'><strong>nostra</strong></span> <span class='ocrx_word' id='word_1_350' title='bbox 2108 2736 2293 2810; x_wconf 83' lang='lat' dir='ltr'><strong>[Forte</strong></span> <span class='ocrx_word' id='word_1_351' title='bbox 2335 2739 2557 2812; x_wconf 90' lang='lat' dir='ltr'><strong>nostris]</strong></span> <span class='ocrx_word' id='word_1_352' title='bbox 2605 2740 2913 2813; x_wconf 87' lang='lat' dir='ltr'><strong>futurisque</strong></span> <span class='ocrx_word' id='word_1_353' title='bbox 2946 2742 3305 2812; x_wconf 88' lang='lat' dir='ltr'><strong>temporibus,</strong></span> <span class='ocrx_word' id='word_1_354' title='bbox 3348 2741 3467 2797; x_wconf 51' lang='lat' dir='ltr'><strong>Dor</strong></span> 
     </span>
    </p>
   </div>
   <div class='ocr_carea' id='block_1_60' title="bbox 1872 2830 3469 2902">
    <p class='ocr_par' dir='ltr' id='par_1_60' title="bbox 1872 2830 3469 2902">
     <span class='ocr_line' id='line_1_60' title="bbox 1872 2830 3469 2902; baseline 0.003 -17"><span class='ocrx_word' id='word_1_355' title='bbox 1872 2830 2022 2885; x_wconf 88' lang='lat' dir='ltr'><strong>mino</strong></span> <span class='ocrx_word' id='word_1_356' title='bbox 2056 2838 2392 2902; x_wconf 89' lang='lat' dir='ltr'><strong>protegente,</strong></span> <span class='ocrx_word' id='word_1_357' title='bbox 2427 2832 2605 2887; x_wconf 87' lang='lat' dir='ltr'><strong>valeat</strong></span> <span class='ocrx_word' id='word_1_358' title='bbox 2634 2833 2953 2888; x_wconf 90' lang='lat' dir='ltr'><strong>inconvulsa</strong></span> <span class='ocrx_word' id='word_1_359' title='bbox 2998 2848 3239 2898; x_wconf 89' lang='lat' dir='ltr'><strong>manere,</strong></span> <span class='ocrx_word' id='word_1_360' title='bbox 3286 2846 3469 2889; x_wconf 15' lang='lat' dir='ltr'><strong>manu.</strong></span> 
     </span>
    </p>
   </div>
   <div class='ocr_carea' id='block_1_61' title="bbox 1872 2910 3465 2994">
    <p class='ocr_par' dir='ltr' id='par_1_61' title="bbox 1872 2910 3465 2994">
     <span class='ocr_line' id='line_1_61' title="bbox 1872 2910 3465 2994; baseline 0.002 -18"><span class='ocrx_word' id='word_1_361' title='bbox 1872 2910 2095 2994; x_wconf 84' lang='lat' dir='ltr'><strong>propria</strong></span> <span class='ocrx_word' id='word_1_362' title='bbox 2119 2925 2307 2978; x_wconf 90' lang='lat' dir='ltr'><strong>subter</strong></span> <span class='ocrx_word' id='word_1_363' title='bbox 2329 2923 2684 2991; x_wconf 83' lang='lat' dir='ltr'><strong>ﬁrmavimus,</strong></span> <span class='ocrx_word' id='word_1_364' title='bbox 2714 2932 2771 2979; x_wconf 92' lang='lat' dir='ltr'><strong>et</strong></span> <span class='ocrx_word' id='word_1_365' title='bbox 2796 2924 2981 2979; x_wconf 89' lang='lat' dir='ltr'><strong>annuli</strong></span> <span class='ocrx_word' id='word_1_366' title='bbox 3014 2925 3185 2981; x_wconf 90' lang='lat' dir='ltr'><strong>nostri</strong></span> <span class='ocrx_word' id='word_1_367' title='bbox 3219 2924 3465 2994; x_wconf 56' lang='lat' dir='ltr'><strong>impresr</strong></span> 
     </span>
    </p>
   </div>
   <div class='ocr_carea' id='block_1_62' title="bbox 1874 3012 2561 3084">
    <p class='ocr_par' dir='ltr' id='par_1_62' title="bbox 1874 3012 2561 3084">
     <span class='ocr_line' id='line_1_62' title="bbox 1874 3012 2561 3084; baseline 0 -16"><span class='ocrx_word' id='word_1_368' title='bbox 1874 3013 2027 3069; x_wconf 89' lang='lat' dir='ltr'><strong>sione</strong></span> <span class='ocrx_word' id='word_1_369' title='bbox 2055 3013 2258 3084; x_wconf 85' lang='lat' dir='ltr'><strong>signari</strong></span> <span class='ocrx_word' id='word_1_370' title='bbox 2277 3012 2561 3082; x_wconf 89' lang='lat' dir='ltr'><strong>jussimus.</strong></span> 
     </span>
    </p>
   </div>
   <div class='ocr_carea' id='block_1_63' title="bbox 1948 3106 3215 3180">
    <p class='ocr_par' dir='ltr' id='par_1_63' title="bbox 1948 3106 3215 3180">
     <span class='ocr_line' id='line_1_63' title="bbox 1948 3106 3215 3180; baseline 0 -18"><span class='ocrx_word' id='word_1_371' title='bbox 1948 3106 2174 3180; x_wconf 88' lang='lat' dir='ltr'><strong>Signum</strong></span> <span class='ocrx_word' id='word_1_372' title='bbox 2202 3107 2461 3163; x_wconf 89' lang='lat' dir='ltr'><strong>Ludovici</strong></span> <span class='ocrx_word' id='word_1_373' title='bbox 2489 3108 2822 3165; x_wconf 91' lang='lat' dir='ltr'><strong>serenissimi</strong></span> <span class='ocrx_word' id='word_1_374' title='bbox 2848 3107 3215 3179; x_wconf 88' lang='lat' dir='ltr'><strong>imperatoris.</strong></span> 
     </span>
    </p>
   </div>
   <div class='ocr_carea' id='block_1_64' title="bbox 264 3198 3451 3287">
    <p class='ocr_par' dir='ltr' id='par_1_64' title="bbox 264 3198 3451 3287">
     <span class='ocr_line' id='line_1_64' title="bbox 264 3198 3451 3287; baseline -0.001 -18"><span class='ocrx_word' id='word_1_375' title='bbox 264 3213 327 3269; x_wconf 82' lang='grc' dir='ltr'>ιιι</span> <span class='ocrx_word' id='word_1_376' title='bbox 354 3214 570 3270; x_wconf 89' lang='lat' dir='ltr'><strong>nomine</strong></span> <span class='ocrx_word' id='word_1_377' title='bbox 599 3212 697 3269; x_wconf 92' lang='lat' dir='ltr'><strong>Dei</strong></span> <span class='ocrx_word' id='word_1_378' title='bbox 738 3220 795 3268; x_wconf 89' lang='lat' dir='ltr'><strong>et</strong></span> <span class='ocrx_word' id='word_1_379' title='bbox 823 3212 1118 3271; x_wconf 89' lang='lat' dir='ltr'><strong>Salvatoris</strong></span> <span class='ocrx_word' id='word_1_380' title='bbox 1166 3217 1338 3272; x_wconf 90' lang='lat' dir='ltr'><strong>nostri</strong></span> <span class='ocrx_word' id='word_1_381' title='bbox 1384 3215 1513 3274; x_wconf 83' lang='lat' dir='ltr'><strong>Jesu</strong></span> <span class='ocrx_word' id='word_1_382' title='bbox 1546 3217 1769 3287; x_wconf 88' lang='lat' dir='ltr'><strong>Christi,</strong></span> <span class='ocrx_word' id='word_1_383' title='bbox 1799 3213 1844 3275; x_wconf 91' lang='lat' dir='ltr'><strong>C</strong></span> <span class='ocrx_word' id='word_1_384' title='bbox 1945 3200 2231 3256; x_wconf 66' lang='lat' dir='ltr'><strong>Dumnd‘ls</strong></span> <span class='ocrx_word' id='word_1_385' title='bbox 2271 3200 2532 3255; x_wconf 68' lang='lat' dir='ltr'><strong>diaconus</strong></span> <span class='ocrx_word' id='word_1_386' title='bbox 2581 3202 2649 3253; x_wconf 66' lang='lat' dir='ltr'><strong>ad</strong></span> <span class='ocrx_word' id='word_1_387' title='bbox 2699 3199 2873 3254; x_wconf 74' lang='grc' dir='ltr'><strong>νίοθιη</strong></span> <span class='ocrx_word' id='word_1_388' title='bbox 2921 3198 3247 3269; x_wconf 74' lang='lat' dir='ltr'><strong>Helisashar</strong></span> <span class='ocrx_word' id='word_1_389' title='bbox 3295 3208 3451 3254; x_wconf 71' lang='grc' dir='ltr'><strong>τεθο-</strong></span> 
     </span>
    </p>
   </div>
   <div class='ocr_carea' id='block_1_65' title="bbox 192 3305 1774 3381">
    <p class='ocr_par' dir='ltr' id='par_1_65' title="bbox 192 3305 1774 3381">
     <span class='ocr_line' id='line_1_65' title="bbox 192 3305 1774 3381; baseline 0.003 -18"><span class='ocrx_word' id='word_1_390' title='bbox 192 3305 523 3371; x_wconf 79' lang='lat' dir='ltr'><strong>Ludovicus,</strong></span> <span class='ocrx_word' id='word_1_391' title='bbox 546 3305 725 3361; x_wconf 89' lang='lat' dir='ltr'><strong>divina</strong></span> <span class='ocrx_word' id='word_1_392' title='bbox 770 3305 1056 3361; x_wconf 90' lang='lat' dir='ltr'><strong>ordinante</strong></span> <span class='ocrx_word' id='word_1_393' title='bbox 1077 3306 1440 3377; x_wconf 89' lang='lat' dir='ltr'><strong>providentia,</strong></span> <span class='ocrx_word' id='word_1_394' title='bbox 1476 3310 1774 3381; x_wconf 87' lang='lat' dir='ltr'><strong>imperator</strong></span> 
     </span>
    </p>
   </div>
   <div class='ocr_carea' id='block_1_66' title="bbox 190 3396 491 3469">
    <p class='ocr_par' dir='ltr' id='par_1_66' title="bbox 190 3396 491 3469">
     <span class='ocr_line' id='line_1_66' title="bbox 190 3396 491 3469; baseline -0.01 -16"><span class='ocrx_word' id='word_1_395' title='bbox 190 3396 491 3469; x_wconf 74' lang='lat' dir='ltr'><strong>Augustus.</strong></span> 
     </span>
    </p>
   </div>
   <div class='ocr_carea' id='block_1_67' title="bbox 266 3487 1775 3560">
    <p class='ocr_par' dir='ltr' id='par_1_67' title="bbox 266 3487 1775 3560">
     <span class='ocr_line' id='line_1_67' title="bbox 266 3487 1775 3560; baseline 0.003 -16"><span class='ocrx_word' id='word_1_396' title='bbox 266 3487 404 3544; x_wconf 91' lang='lat' dir='ltr'><strong>Cum</strong></span> <span class='ocrx_word' id='word_1_397' title='bbox 436 3487 787 3559; x_wconf 88' lang='lat' dir='ltr'><strong>petitionibus</strong></span> <span class='ocrx_word' id='word_1_398' title='bbox 828 3502 1110 3545; x_wconf 89' lang='lat' dir='ltr'><strong>servorum</strong></span> <span class='ocrx_word' id='word_1_399' title='bbox 1132 3490 1228 3546; x_wconf 91' lang='lat' dir='ltr'><strong>Dei</strong></span> <span class='ocrx_word' id='word_1_400' title='bbox 1251 3488 1416 3560; x_wconf 90' lang='lat' dir='ltr'><strong>justis</strong></span> <span class='ocrx_word' id='word_1_401' title='bbox 1444 3499 1501 3548; x_wconf 89' lang='lat' dir='ltr'><strong>et</strong></span> <span class='ocrx_word' id='word_1_402' title='bbox 1532 3494 1775 3549; x_wconf 86' lang='lat' dir='ltr'><strong>rationa-</strong></span> 
     </span>
    </p>
   </div>
   <div class='ocr_carea' id='block_1_68' title="bbox 193 3579 1775 3654">
    <p class='ocr_par' dir='ltr' id='par_1_68' title="bbox 193 3579 1775 3654">
     <span class='ocr_line' id='line_1_68' title="bbox 193 3579 1775 3654; baseline 0.001 -16"><span class='ocrx_word' id='word_1_403' title='bbox 193 3580 396 3638; x_wconf 89' lang='lat' dir='ltr'><strong>bilibus</strong></span> <span class='ocrx_word' id='word_1_404' title='bbox 444 3580 614 3637; x_wconf 87' lang='lat' dir='ltr'><strong>divini</strong></span> <span class='ocrx_word' id='word_1_405' title='bbox 651 3579 826 3635; x_wconf 89' lang='lat' dir='ltr'><strong>cultus</strong></span> <span class='ocrx_word' id='word_1_406' title='bbox 871 3595 1054 3636; x_wconf 91' lang='lat' dir='ltr'><strong>amore</strong></span> <span class='ocrx_word' id='word_1_407' title='bbox 1098 3579 1363 3649; x_wconf 90' lang='lat' dir='ltr'><strong>favemus,</strong></span> <span class='ocrx_word' id='word_1_408' title='bbox 1394 3597 1627 3654; x_wconf 90' lang='lat' dir='ltr'><strong>superna</strong></span> <span class='ocrx_word' id='word_1_409' title='bbox 1673 3599 1775 3640; x_wconf 89' lang='lat' dir='ltr'><strong>nos</strong></span> 
     </span>
    </p>
   </div>
   <div class='ocr_carea' id='block_1_69' title="bbox 192 3672 1776 3747">
    <p class='ocr_par' dir='ltr' id='par_1_69' title="bbox 192 3672 1776 3747">
     <span class='ocr_line' id='line_1_69' title="bbox 192 3672 1776 3747; baseline 0.001 -17"><span class='ocrx_word' id='word_1_410' title='bbox 192 3676 372 3747; x_wconf 83' lang='lat' dir='ltr'><strong>gratia</strong></span> <span class='ocrx_word' id='word_1_411' title='bbox 416 3673 614 3729; x_wconf 90' lang='lat' dir='ltr'><strong>muniri</strong></span> <span class='ocrx_word' id='word_1_412' title='bbox 658 3687 765 3727; x_wconf 91' lang='lat' dir='ltr'><strong>non</strong></span> <span class='ocrx_word' id='word_1_413' title='bbox 787 3672 1096 3729; x_wconf 73' lang='lat' dir='ltr'><strong>diuidimus.</strong></span> <span class='ocrx_word' id='word_1_414' title='bbox 1144 3673 1269 3729; x_wconf 88' lang='lat' dir='ltr'><strong>Ideo</strong></span> <span class='ocrx_word' id='word_1_415' title='bbox 1314 3674 1457 3729; x_wconf 90' lang='lat' dir='ltr'><strong>istud</strong></span> <span class='ocrx_word' id='word_1_416' title='bbox 1487 3676 1560 3729; x_wconf 89' lang='lat' dir='ltr'><strong>sit</strong></span> <span class='ocrx_word' id='word_1_417' title='bbox 1588 3684 1776 3731; x_wconf 91' lang='lat' dir='ltr'><strong>notum</strong></span> 
     </span>
    </p>
   </div>
   <div class='ocr_carea' id='block_1_70' title="bbox 195 3763 1776 3836">
    <p class='ocr_par' dir='ltr' id='par_1_70' title="bbox 195 3763 1776 3836">
     <span class='ocr_line' id='line_1_70' title="bbox 195 3763 1776 3836; baseline 0.001 -15"><span class='ocrx_word' id='word_1_418' title='bbox 195 3766 450 3821; x_wconf 84' lang='lat' dir='ltr'><strong>omnibus</strong></span> <span class='ocrx_word' id='word_1_419' title='bbox 496 3763 742 3820; x_wconf 80' lang='lat' dir='ltr'><strong>fidelibus</strong></span> <span class='ocrx_word' id='word_1_420' title='bbox 791 3764 1014 3830; x_wconf 90' lang='lat' dir='ltr'><strong>nostris,</strong></span> <span class='ocrx_word' id='word_1_421' title='bbox 1058 3772 1169 3818; x_wconf 89' lang='lat' dir='ltr'><strong>tam</strong></span> <span class='ocrx_word' id='word_1_422' title='bbox 1212 3765 1570 3836; x_wconf 65' lang='lat' dir='ltr'><strong>praesentibus</strong></span> <span class='ocrx_word' id='word_1_423' title='bbox 1610 3783 1776 3836; x_wconf 89' lang='lat' dir='ltr'><strong>quam</strong></span> 
     </span>
    </p>
   </div>
   <div class='ocr_carea' id='block_1_71' title="bbox 196 3857 1778 3925">
    <p class='ocr_par' dir='ltr' id='par_1_71' title="bbox 196 3857 1778 3925">
     <span class='ocr_line' id='line_1_71' title="bbox 196 3857 1778 3925; baseline 0 -9"><span class='ocrx_word' id='word_1_424' title='bbox 196 3860 420 3925; x_wconf 88' lang='lat' dir='ltr'><strong>futuris,</strong></span> <span class='ocrx_word' id='word_1_425' title='bbox 468 3875 565 3915; x_wconf 89' lang='lat' dir='ltr'><strong>seu</strong></span> <span class='ocrx_word' id='word_1_426' title='bbox 610 3858 775 3914; x_wconf 92' lang='lat' dir='ltr'><strong>etiam</strong></span> <span class='ocrx_word' id='word_1_427' title='bbox 823 3857 1227 3913; x_wconf 85' lang='lat' dir='ltr'><strong>successoribus</strong></span> <span class='ocrx_word' id='word_1_428' title='bbox 1274 3858 1493 3924; x_wconf 89' lang='lat' dir='ltr'><strong>nostris,</strong></span> <span class='ocrx_word' id='word_1_429' title='bbox 1531 3858 1778 3916; x_wconf 81' lang='lat' dir='ltr'><strong>ﬁdelibus</strong></span> 
     </span>
    </p>
   </div>
   <div class='ocr_carea' id='block_1_72' title="bbox 195 3947 1777 4016">
    <p class='ocr_par' dir='ltr' id='par_1_72' title="bbox 195 3947 1777 4016">
     <span class='ocr_line' id='line_1_72' title="bbox 195 3947 1777 4016; baseline -0.003 -8"><span class='ocrx_word' id='word_1_430' title='bbox 195 3958 404 4008; x_wconf 73' lang='lat' dir='ltr'><strong>sancta:</strong></span> <span class='ocrx_word' id='word_1_431' title='bbox 429 3949 525 4004; x_wconf 88' lang='lat' dir='ltr'><strong>Dei</strong></span> <span class='ocrx_word' id='word_1_432' title='bbox 548 3948 824 4016; x_wconf 63' lang='lat' dir='ltr'><strong>Ecclesiae,</strong></span> <span class='ocrx_word' id='word_1_433' title='bbox 852 3948 996 4016; x_wconf 87' lang='lat' dir='ltr'><strong>quod</strong></span> <span class='ocrx_word' id='word_1_434' title='bbox 1020 3948 1105 4001; x_wconf 89' lang='lat' dir='ltr'><strong>vir</strong></span> <span class='ocrx_word' id='word_1_435' title='bbox 1135 3947 1462 4003; x_wconf 87' lang='lat' dir='ltr'><strong>venerabilis</strong></span> <span class='ocrx_word' id='word_1_436' title='bbox 1489 3949 1777 4005; x_wconf 89' lang='lat' dir='ltr'><strong>Trasarius</strong></span> 
     </span>
    </p>
   </div>
   <div class='ocr_carea' id='block_1_73' title="bbox 196 4039 1778 4112">
    <p class='ocr_par' dir='ltr' id='par_1_73' title="bbox 196 4039 1778 4112">
     <span class='ocr_line' id='line_1_73' title="bbox 196 4039 1778 4112; baseline 0 -15"><span class='ocrx_word' id='word_1_437' title='bbox 196 4043 342 4097; x_wconf 85' lang='lat' dir='ltr'><strong>abba</strong></span> <span class='ocrx_word' id='word_1_438' title='bbox 384 4056 452 4096; x_wconf 77' lang='lat' dir='ltr'><strong>ex</strong></span> <span class='ocrx_word' id='word_1_439' title='bbox 480 4040 807 4096; x_wconf 91' lang='lat' dir='ltr'><strong>monasterio</strong></span> <span class='ocrx_word' id='word_1_440' title='bbox 833 4040 975 4109; x_wconf 89' lang='lat' dir='ltr'><strong>quod</strong></span> <span class='ocrx_word' id='word_1_441' title='bbox 1002 4046 1228 4094; x_wconf 90' lang='lat' dir='ltr'><strong>vocatur</strong></span> <span class='ocrx_word' id='word_1_442' title='bbox 1261 4039 1598 4106; x_wconf 88' lang='lat' dir='ltr'><strong>Fontanella,</strong></span> <span class='ocrx_word' id='word_1_443' title='bbox 1633 4043 1778 4112; x_wconf 88' lang='lat' dir='ltr'><strong>quod</strong></span> 
     </span>
    </p>
   </div>
   <div class='ocr_carea' id='block_1_74' title="bbox 198 4131 1777 4201">
    <p class='ocr_par' dir='ltr' id='par_1_74' title="bbox 198 4131 1777 4201">
     <span class='ocr_line' id='line_1_74' title="bbox 198 4131 1777 4201; baseline -0.002 -9"><span class='ocrx_word' id='word_1_444' title='bbox 198 4142 285 4192; x_wconf 80' lang='lat' dir='ltr'><strong>est</strong></span> <span class='ocrx_word' id='word_1_445' title='bbox 329 4140 695 4188; x_wconf 90' lang='lat' dir='ltr'><strong>constructum</strong></span> <span class='ocrx_word' id='word_1_446' title='bbox 743 4131 797 4186; x_wconf 92' lang='lat' dir='ltr'><strong>in</strong></span> <span class='ocrx_word' id='word_1_447' title='bbox 835 4132 1041 4187; x_wconf 87' lang='lat' dir='ltr'><strong>honore</strong></span> <span class='ocrx_word' id='word_1_448' title='bbox 1085 4131 1370 4186; x_wconf 88' lang='lat' dir='ltr'><strong>beatorum</strong></span> <span class='ocrx_word' id='word_1_449' title='bbox 1413 4134 1777 4201; x_wconf 88' lang='lat' dir='ltr'><strong>apostolorum</strong></span> 
     </span>
    </p>
   </div>
   <div class='ocr_carea' id='block_1_75' title="bbox 196 4222 1781 4289">
    <p class='ocr_par' dir='ltr' id='par_1_75' title="bbox 196 4222 1781 4289">
     <span class='ocr_line' id='line_1_75' title="bbox 196 4222 1781 4289; baseline -0.001 -8"><span class='ocrx_word' id='word_1_450' title='bbox 196 4223 347 4281; x_wconf 83' lang='lat' dir='ltr'><strong>Petri</strong></span> <span class='ocrx_word' id='word_1_451' title='bbox 368 4230 424 4279; x_wconf 92' lang='lat' dir='ltr'><strong>et</strong></span> <span class='ocrx_word' id='word_1_452' title='bbox 436 4222 607 4289; x_wconf 86' lang='lat' dir='ltr'><strong>Pauli,</strong></span> <span class='ocrx_word' id='word_1_453' title='bbox 626 4222 709 4277; x_wconf 89' lang='lat' dir='ltr'><strong>vel</strong></span> <span class='ocrx_word' id='word_1_454' title='bbox 726 4228 1052 4277; x_wconf 68' lang='lat' dir='ltr'><strong>caeterorum</strong></span> <span class='ocrx_word' id='word_1_455' title='bbox 1067 4231 1400 4289; x_wconf 89' lang='lat' dir='ltr'><strong>sanctorum,</strong></span> <span class='ocrx_word' id='word_1_456' title='bbox 1418 4224 1608 4279; x_wconf 92' lang='lat' dir='ltr'><strong>detulit</strong></span> <span class='ocrx_word' id='word_1_457' title='bbox 1628 4227 1781 4281; x_wconf 84' lang='lat' dir='ltr'><strong>obtu-</strong></span> 
     </span>
    </p>
   </div>
   <div class='ocr_carea' id='block_1_76' title="bbox 201 4314 1780 4388">
    <p class='ocr_par' dir='ltr' id='par_1_76' title="bbox 201 4314 1780 4388">
     <span class='ocr_line' id='line_1_76' title="bbox 201 4314 1780 4388; baseline 0.004 -17"><span class='ocrx_word' id='word_1_458' title='bbox 201 4315 349 4372; x_wconf 72' lang='lat' dir='ltr'><strong>tibus</strong></span> <span class='ocrx_word' id='word_1_459' title='bbox 373 4315 574 4371; x_wconf 87' lang='lat' dir='ltr'><strong>nostris</strong></span> <span class='ocrx_word' id='word_1_460' title='bbox 594 4314 989 4370; x_wconf 90' lang='lat' dir='ltr'><strong>immunitatem</strong></span> <span class='ocrx_word' id='word_1_461' title='bbox 1020 4316 1202 4371; x_wconf 87' lang='lat' dir='ltr'><strong>domni</strong></span> <span class='ocrx_word' id='word_1_462' title='bbox 1234 4326 1289 4372; x_wconf 92' lang='lat' dir='ltr'><strong>et</strong></span> <span class='ocrx_word' id='word_1_463' title='bbox 1317 4318 1579 4388; x_wconf 91' lang='lat' dir='ltr'><strong>genitoris</strong></span> <span class='ocrx_word' id='word_1_464' title='bbox 1607 4321 1780 4377; x_wconf 89' lang='lat' dir='ltr'><strong>nostri</strong></span> 
     </span>
    </p>
   </div>
   <div class='ocr_carea' id='block_1_77' title="bbox 196 4408 1781 4483">
    <p class='ocr_par' dir='ltr' id='par_1_77' title="bbox 196 4408 1781 4483">
     <span class='ocr_line' id='line_1_77' title="bbox 196 4408 1781 4483; baseline 0.005 -20"><span class='ocrx_word' id='word_1_465' title='bbox 196 4408 383 4464; x_wconf 81' lang='lat' dir='ltr'><strong>Caroli</strong></span> <span class='ocrx_word' id='word_1_466' title='bbox 409 4409 564 4463; x_wconf 80' lang='lat' dir='ltr'><strong>bonae</strong></span> <span class='ocrx_word' id='word_1_467' title='bbox 588 4409 860 4464; x_wconf 74' lang='lat' dir='ltr'><strong>memoriae</strong></span> <span class='ocrx_word' id='word_1_468' title='bbox 886 4409 1115 4480; x_wconf 90' lang='lat' dir='ltr'><strong>piissimi</strong></span> <span class='ocrx_word' id='word_1_469' title='bbox 1144 4409 1394 4480; x_wconf 83' lang='lat' dir='ltr'><strong>Augusti,</strong></span> <span class='ocrx_word' id='word_1_470' title='bbox 1422 4413 1476 4467; x_wconf 90' lang='lat' dir='ltr'><strong>iu</strong></span> <span class='ocrx_word' id='word_1_471' title='bbox 1507 4430 1616 4483; x_wconf 90' lang='lat' dir='ltr'><strong>qua</strong></span> <span class='ocrx_word' id='word_1_472' title='bbox 1660 4424 1781 4472; x_wconf 89' lang='lat' dir='ltr'><strong>erat</strong></span> 
     </span>
    </p>
   </div>
   <div class='ocr_carea' id='block_1_78' title="bbox 194 4499 1779 4578">
    <p class='ocr_par' dir='ltr' id='par_1_78' title="bbox 194 4499 1779 4578">
     <span class='ocr_line' id='line_1_78' title="bbox 194 4499 1779 4578; baseline 0.004 -22"><span class='ocrx_word' id='word_1_473' title='bbox 194 4500 469 4556; x_wconf 88' lang='lat' dir='ltr'><strong>insertum</strong></span> <span class='ocrx_word' id='word_1_474' title='bbox 507 4499 741 4571; x_wconf 86' lang='lat' dir='ltr'><strong>qualiter</strong></span> <span class='ocrx_word' id='word_1_475' title='bbox 774 4500 889 4571; x_wconf 88' lang='lat' dir='ltr'><strong>ipse</strong></span> <span class='ocrx_word' id='word_1_476' title='bbox 933 4508 988 4555; x_wconf 91' lang='lat' dir='ltr'><strong>et</strong></span> <span class='ocrx_word' id='word_1_477' title='bbox 1027 4508 1399 4557; x_wconf 89' lang='lat' dir='ltr'><strong>antecessores</strong></span> <span class='ocrx_word' id='word_1_478' title='bbox 1436 4502 1574 4573; x_wconf 85' lang='lat' dir='ltr'><strong>ejus,</strong></span> <span class='ocrx_word' id='word_1_479' title='bbox 1625 4522 1779 4578; x_wconf 82' lang='lat' dir='ltr'><strong>reges</strong></span> 
     </span>
    </p>
   </div>
   <div class='ocr_carea' id='block_1_79' title="bbox 1876 3306 2061 3363">
    <p class='ocr_par' dir='ltr' id='par_1_79' title="bbox 1876 3306 2061 3363">
     <span class='ocr_line' id='line_1_79' title="bbox 1876 3306 2061 3363; baseline -0.016 -16"><span class='ocrx_word' id='word_1_480' title='bbox 1876 3306 2061 3363; x_wconf 83' lang='lat' dir='ltr'><strong>gnovi.</strong></span> 
     </span>
    </p>
   </div>
   <div class='ocr_carea' id='block_1_80' title="bbox 1946 3379 3456 3455">
    <p class='ocr_par' dir='ltr' id='par_1_80' title="bbox 1946 3379 3456 3455">
     <span class='ocr_line' id='line_1_80' title="bbox 1946 3379 3456 3455; baseline -0.002 -16"><span class='ocrx_word' id='word_1_481' title='bbox 1946 3386 2079 3439; x_wconf 90' lang='lat' dir='ltr'><strong>Data</strong></span> <span class='ocrx_word' id='word_1_482' title='bbox 2109 3399 2186 3439; x_wconf 86' lang='lat' dir='ltr'><strong>vn</strong></span> <span class='ocrx_word' id='word_1_483' title='bbox 2219 3383 2338 3439; x_wconf 83' lang='lat' dir='ltr'><strong>Kal.</strong></span> <span class='ocrx_word' id='word_1_484' title='bbox 2367 3382 2709 3450; x_wconf 88' lang='lat' dir='ltr'><strong>Novembris,</strong></span> <span class='ocrx_word' id='word_1_485' title='bbox 2732 3398 2896 3449; x_wconf 84' lang='lat' dir='ltr'><strong>anno,</strong></span> <span class='ocrx_word' id='word_1_486' title='bbox 2926 3382 3143 3439; x_wconf 90' lang='lat' dir='ltr'><strong>Christo</strong></span> <span class='ocrx_word' id='word_1_487' title='bbox 3190 3379 3456 3455; x_wconf 81' lang='lat' dir='ltr'><strong>propitio,</strong></span> 
     </span>
    </p>
   </div>
   <div class='ocr_carea' id='block_1_81' title="bbox 1875 3472 3455 3548">
    <p class='ocr_par' dir='ltr' id='par_1_81' title="bbox 1875 3472 3455 3548">
     <span class='ocr_line' id='line_1_81' title="bbox 1875 3472 3455 3548; baseline 0.001 -15"><span class='ocrx_word' id='word_1_488' title='bbox 1875 3474 2111 3533; x_wconf 91' lang='lat' dir='ltr'><strong>secundo</strong></span> <span class='ocrx_word' id='word_1_489' title='bbox 2160 3476 2371 3547; x_wconf 90' lang='lat' dir='ltr'><strong>imperii</strong></span> <span class='ocrx_word' id='word_1_490' title='bbox 2416 3475 2597 3531; x_wconf 86' lang='lat' dir='ltr'><strong>domui</strong></span> <span class='ocrx_word' id='word_1_491' title='bbox 2646 3474 2905 3531; x_wconf 87' lang='lat' dir='ltr'><strong>Ludovici</strong></span> <span class='ocrx_word' id='word_1_492' title='bbox 2947 3472 3179 3545; x_wconf 91' lang='lat' dir='ltr'><strong>piissimi</strong></span> <span class='ocrx_word' id='word_1_493' title='bbox 3201 3472 3455 3548; x_wconf 67' lang='lat' dir='ltr'><strong>Augusti,</strong></span> 
     </span>
    </p>
   </div>
   <div class='ocr_carea' id='block_1_82' title="bbox 1876 3565 3465 3641">
    <p class='ocr_par' dir='ltr' id='par_1_82' title="bbox 1876 3565 3465 3641">
     <span class='ocr_line' id='line_1_82' title="bbox 1876 3565 3465 3641; baseline 0.001 -16"><span class='ocrx_word' id='word_1_494' title='bbox 1876 3568 2170 3625; x_wconf 91' lang='lat' dir='ltr'><strong>indictione</strong></span> <span class='ocrx_word' id='word_1_495' title='bbox 2211 3583 2376 3623; x_wconf 90' lang='lat' dir='ltr'><strong>nona.</strong></span> <span class='ocrx_word' id='word_1_496' title='bbox 2424 3567 2619 3624; x_wconf 86' lang='lat' dir='ltr'><strong>Actum</strong></span> <span class='ocrx_word' id='word_1_497' title='bbox 2645 3566 2928 3639; x_wconf 81' lang='lat' dir='ltr'><strong>Niumaga,</strong></span> <span class='ocrx_word' id='word_1_498' title='bbox 2960 3565 3164 3640; x_wconf 73' lang='lat' dir='ltr'><strong>palatio</strong></span> <span class='ocrx_word' id='word_1_499' title='bbox 3192 3570 3362 3641; x_wconf 85' lang='lat' dir='ltr'><strong>regio,</strong></span> <span class='ocrx_word' id='word_1_500' title='bbox 3394 3570 3465 3626; x_wconf 83' lang='lat' dir='ltr'><strong>in&#39;</strong></span> 
     </span>
    </p>
   </div>
   <div class='ocr_carea' id='block_1_83' title="bbox 1875 3658 2725 3717">
    <p class='ocr_par' dir='ltr' id='par_1_83' title="bbox 1875 3658 2725 3717">
     <span class='ocr_line' id='line_1_83' title="bbox 1875 3658 2725 3717; baseline -0.005 0"><span class='ocrx_word' id='word_1_501' title='bbox 1875 3659 1973 3717; x_wconf 91' lang='lat' dir='ltr'><strong>Dei</strong></span> <span class='ocrx_word' id='word_1_502' title='bbox 2004 3659 2224 3716; x_wconf 89' lang='lat' dir='ltr'><strong>nomine</strong></span> <span class='ocrx_word' id='word_1_503' title='bbox 2248 3658 2497 3715; x_wconf 84' lang='lat' dir='ltr'><strong>feliciter.</strong></span> <span class='ocrx_word' id='word_1_504' title='bbox 2529 3659 2725 3715; x_wconf 84' lang='lat' dir='ltr'><strong>Amen.</strong></span> 
     </span>
    </p>
   </div>
   <div class='ocr_carea' id='block_1_84' title="bbox 2547 3798 2809 3856">
    <p class='ocr_par' dir='ltr' id='par_1_84' title="bbox 2547 3798 2809 3856">
     <span class='ocr_line' id='line_1_84' title="bbox 2547 3798 2809 3856; baseline 0 -2"><span class='ocrx_word' id='word_1_505' title='bbox 2547 3798 2809 3856; x_wconf 78' lang='lat' dir='ltr'><strong>XXXVII.</strong></span> 
     </span>
    </p>
   </div>
   <div class='ocr_carea' id='block_1_85' title="bbox 2158 3925 3160 3969">
    <p class='ocr_par' dir='ltr' id='par_1_85' title="bbox 2158 3925 3160 3969">
     <span class='ocr_line' id='line_1_85' title="bbox 2158 3925 3160 3969; baseline -0.002 0"><span class='ocrx_word' id='word_1_506' title='bbox 2158 3928 2260 3969; x_wconf 71' lang='grc' dir='ltr'><strong><em>ιιιιο</em></strong></span> <span class='ocrx_word' id='word_1_507' title='bbox 2288 3925 2629 3969; x_wconf 69' lang='grc' dir='ltr'><strong>ΙΟΝΔΒΤΕΙΠΟ</strong></span> <span class='ocrx_word' id='word_1_508' title='bbox 2650 3928 2854 3968; x_wconf 67' lang='grc' dir='ltr'><strong>ιΝευΜς</strong></span> <span class='ocrx_word' id='word_1_509' title='bbox 2881 3927 3160 3968; x_wconf 62' lang='lat' dir='ltr'><strong>BAEDA“.</strong></span> 
     </span>
    </p>
   </div>
   <div class='ocr_carea' id='block_1_86' title="bbox 2513 4025 2858 4096">
    <p class='ocr_par' dir='ltr' id='par_1_86' title="bbox 2513 4025 2858 4096">
     <span class='ocr_line' id='line_1_86' title="bbox 2513 4025 2858 4096; baseline 0 -17"><span class='ocrx_word' id='word_1_510' title='bbox 2513 4026 2686 4096; x_wconf 76' lang='lat' dir='ltr'><strong>(Anno</strong></span> <span class='ocrx_word' id='word_1_511' title='bbox 2708 4025 2858 4096; x_wconf 83' lang='lat' dir='ltr'><strong>8l5.)</strong></span> 
     </span>
    </p>
   </div>
   <div class='ocr_carea' id='block_1_87' title="bbox 1883 4142 3454 4219">
    <p class='ocr_par' dir='ltr' id='par_1_87' title="bbox 1883 4142 3454 4219">
     <span class='ocr_line' id='line_1_87' title="bbox 1883 4142 3454 4219; baseline 0.001 -20"><span class='ocrx_word' id='word_1_512' title='bbox 1883 4144 2161 4219; x_wconf 80' lang='lat' dir='ltr'><strong>[Apud_D.</strong></span> <span class='ocrx_word' id='word_1_513' title='bbox 2203 4142 2517 4219; x_wconf 80' lang='lat' dir='ltr'><strong>Bouquet.,_</strong></span> <span class='ocrx_word' id='word_1_514' title='bbox 2548 4142 2910 4219; x_wconf 61' lang='lat' dir='ltr'><strong>Script._ReI.</strong></span> <span class='ocrx_word' id='word_1_515' title='bbox 2934 4142 3156 4219; x_wconf 52' lang='lat' dir='ltr'><strong>Erant,</strong></span> <span class='ocrx_word' id='word_1_516' title='bbox 3190 4147 3454 4219; x_wconf 62' lang='lat' dir='ltr'><strong>tom.__V_l,</strong></span> 
     </span>
    </p>
   </div>
   <div class='ocr_carea' id='block_1_88' title="bbox 1913 4214 3417 4290">
    <p class='ocr_par' dir='ltr' id='par_1_88' title="bbox 1913 4214 3417 4290">
     <span class='ocr_line' id='line_1_88' title="bbox 1913 4214 3417 4290; baseline 0 -19"><span class='ocrx_word' id='word_1_517' title='bbox 1913 4214 2035 4290; x_wconf 73' lang='lat' dir='ltr'><strong>pag.</strong></span> <span class='ocrx_word' id='word_1_518' title='bbox 2058 4215 2182 4283; x_wconf 73' lang='lat'><strong>483,</strong></span> <span class='ocrx_word' id='word_1_519' title='bbox 2207 4233 2275 4271; x_wconf 79' lang='lat' dir='ltr'><strong>ex</strong></span> <span class='ocrx_word' id='word_1_520' title='bbox 2300 4214 2592 4270; x_wconf 76' lang='lat' dir='ltr'><strong>Huderibus</strong></span> <span class='ocrx_word' id='word_1_521' title='bbox 2616 4214 3114 4281; x_wconf 63' lang='lat' dir='ltr'><strong>Insulas-Barbarae,</strong></span> <span class='ocrx_word' id='word_1_522' title='bbox 3146 4231 3269 4288; x_wconf 89' lang='lat' dir='ltr'><strong>pag.</strong></span> <span class='ocrx_word' id='word_1_523' title='bbox 3301 4216 3417 4290; x_wconf 64' lang='lat'><strong>45.]</strong></span> 
     </span>
    </p>
   </div>
   <div class='ocr_carea' id='block_1_89' title="bbox 1950 4306 3459 4377">
    <p class='ocr_par' dir='ltr' id='par_1_89' title="bbox 1950 4306 3459 4377">
     <span class='ocr_line' id='line_1_89' title="bbox 1950 4306 3459 4377; baseline 0 -12"><span class='ocrx_word' id='word_1_524' title='bbox 1950 4310 2009 4365; x_wconf 90' lang='lat' dir='ltr'><strong>ln</strong></span> <span class='ocrx_word' id='word_1_525' title='bbox 2040 4309 2279 4373; x_wconf 90' lang='lat' dir='ltr'><strong>nomine,</strong></span> <span class='ocrx_word' id='word_1_526' title='bbox 2310 4306 2764 4374; x_wconf 89' lang='lat' dir='ltr'><strong>etc.,Ludovicus</strong></span> <span class='ocrx_word' id='word_1_527' title='bbox 2791 4307 2887 4363; x_wconf 91' lang='lat' dir='ltr'><strong>Dci</strong></span> <span class='ocrx_word' id='word_1_528' title='bbox 2919 4308 3259 4377; x_wconf 87' lang='lat' dir='ltr'><strong>providentia</strong></span> <span class='ocrx_word' id='word_1_529' title='bbox 3297 4319 3323 4350; x_wconf 80' lang='grc' dir='ltr'>ι</span> <span class='ocrx_word' id='word_1_530' title='bbox 3356 4308 3459 4365; x_wconf 88' lang='lat' dir='ltr'><strong>im-</strong></span> 
     </span>
    </p>
   </div>
   <div class='ocr_carea' id='block_1_90' title="bbox 1879 4402 2427 4474">
    <p class='ocr_par' dir='ltr' id='par_1_90' title="bbox 1879 4402 2427 4474">
     <span class='ocr_line' id='line_1_90' title="bbox 1879 4402 2427 4474; baseline -0.007 -16"><span class='ocrx_word' id='word_1_531' title='bbox 1879 4411 2097 4474; x_wconf 88' lang='lat' dir='ltr'><strong>perator</strong></span> <span class='ocrx_word' id='word_1_532' title='bbox 2132 4402 2427 4472; x_wconf 88' lang='lat' dir='ltr'><strong>Augustus.</strong></span> 
     </span>
    </p>
   </div>
   <div class='ocr_carea' id='block_1_91' title="bbox 1952 4493 3461 4569">
    <p class='ocr_par' dir='ltr' id='par_1_91' title="bbox 1952 4493 3461 4569">
     <span class='ocr_line' id='line_1_91' title="bbox 1952 4493 3461 4569; baseline -0.001 -17"><span class='ocrx_word' id='word_1_533' title='bbox 1952 4498 2253 4569; x_wconf 86' lang='lat' dir='ltr'><strong>Episcopis,</strong></span> <span class='ocrx_word' id='word_1_534' title='bbox 2299 4495 2606 4562; x_wconf 87' lang='lat' dir='ltr'><strong>abbatibus,</strong></span> <span class='ocrx_word' id='word_1_535' title='bbox 2633 4495 2880 4563; x_wconf 91' lang='lat' dir='ltr'><strong>ducibus,</strong></span> <span class='ocrx_word' id='word_1_536' title='bbox 2905 4494 3214 4563; x_wconf 90' lang='lat' dir='ltr'><strong>comitibus,</strong></span> <span class='ocrx_word' id='word_1_537' title='bbox 3247 4493 3461 4551; x_wconf 87' lang='lat' dir='ltr'><strong>vicedo—</strong></span> 
     </span>
    </p>
   </div>
   <div class='ocr_carea' id='block_1_92' title="bbox 198 4581 3461 4668">
    <p class='ocr_par' dir='ltr' id='par_1_92' title="bbox 198 4581 3461 4668">
     <span class='ocr_line' id='line_1_92' title="bbox 198 4581 3461 4668; baseline -0.001 -20"><span class='ocrx_word' id='word_1_538' title='bbox 198 4592 455 4649; x_wconf 85' lang='lat' dir='ltr'><strong>videlicet</strong></span> <span class='ocrx_word' id='word_1_539' title='bbox 482 4592 840 4658; x_wconf 87' lang='lat' dir='ltr'><strong>Francorum,</strong></span> <span class='ocrx_word' id='word_1_540' title='bbox 888 4592 1174 4663; x_wconf 73' lang='lat' dir='ltr'><strong>praefatum</strong></span> <span class='ocrx_word' id='word_1_541' title='bbox 1221 4598 1611 4652; x_wconf 89' lang='lat' dir='ltr'><strong>monasterium</strong></span> <span class='ocrx_word' id='word_1_542' title='bbox 1655 4614 1781 4668; x_wconf 79' lang='lat' dir='ltr'><strong>pro—</strong></span> <span class='ocrx_word' id='word_1_543' title='bbox 1804 4581 1857 4643; x_wconf 91' lang='lat' dir='ltr'><strong>D</strong></span> <span class='ocrx_word' id='word_1_544' title='bbox 1883 4592 2068 4656; x_wconf 91' lang='lat' dir='ltr'><strong>minis,</strong></span> <span class='ocrx_word' id='word_1_545' title='bbox 2095 4590 2335 4656; x_wconf 88' lang='lat' dir='ltr'><strong>vicariis,</strong></span> <span class='ocrx_word' id='word_1_546' title='bbox 2367 4590 2717 4656; x_wconf 90' lang='lat' dir='ltr'><strong>centenariis,</strong></span> <span class='ocrx_word' id='word_1_547' title='bbox 2749 4589 3080 4655; x_wconf 90' lang='lat' dir='ltr'><strong>teloneariis,</strong></span> <span class='ocrx_word' id='word_1_548' title='bbox 3129 4596 3184 4643; x_wconf 90' lang='lat' dir='ltr'><strong>et</strong></span> <span class='ocrx_word' id='word_1_549' title='bbox 3207 4588 3461 4645; x_wconf 82' lang='lat' dir='ltr'><strong>omnibus</strong></span> 
     </span>
    </p>
   </div>
   <div class='ocr_carea' id='block_1_93' title="bbox 162 4683 1782 4757">
    <p class='ocr_par' dir='ltr' id='par_1_93' title="bbox 162 4683 1782 4757">
     <span class='ocr_line' id='line_1_93' title="bbox 162 4683 1782 4757; baseline 0.004 -17"><span class='ocrx_word' id='word_1_550' title='bbox 162 4691 324 4757; x_wconf 13' lang='lat' dir='ltr'><strong>,pter</strong></span> <span class='ocrx_word' id='word_1_551' title='bbox 372 4683 612 4740; x_wconf 86' lang='lat' dir='ltr'><strong>divinum</strong></span> <span class='ocrx_word' id='word_1_552' title='bbox 658 4698 899 4739; x_wconf 90' lang='lat' dir='ltr'><strong>amorem</strong></span> <span class='ocrx_word' id='word_1_553' title='bbox 948 4685 1505 4757; x_wconf 88' lang='lat' dir='ltr'><strong>tranquillitatemque</strong></span> <span class='ocrx_word' id='word_1_554' title='bbox 1553 4687 1782 4746; x_wconf 88' lang='lat' dir='ltr'><strong>fratrum</strong></span> 
     </span>
    </p>
   </div>
   <div class='ocr_carea' id='block_1_94' title="bbox 198 4776 1785 4852">
    <p class='ocr_par' dir='ltr' id='par_1_94' title="bbox 198 4776 1785 4852">
     <span class='ocr_line' id='line_1_94' title="bbox 198 4776 1785 4852; baseline 0.005 -19"><span class='ocrx_word' id='word_1_555' title='bbox 198 4776 407 4833; x_wconf 82' lang='lat' dir='ltr'><strong>ibidem</strong></span> <span class='ocrx_word' id='word_1_556' title='bbox 452 4776 888 4843; x_wconf 88' lang='lat' dir='ltr'><strong>consistentium,</strong></span> <span class='ocrx_word' id='word_1_557' title='bbox 939 4792 1153 4848; x_wconf 91' lang='lat' dir='ltr'><strong>semper</strong></span> <span class='ocrx_word' id='word_1_558' title='bbox 1190 4781 1292 4837; x_wconf 89' lang='lat' dir='ltr'><strong>sub</strong></span> <span class='ocrx_word' id='word_1_559' title='bbox 1332 4781 1647 4852; x_wconf 91' lang='lat' dir='ltr'><strong>plenissima</strong></span> <span class='ocrx_word' id='word_1_560' title='bbox 1693 4784 1785 4841; x_wconf 86' lang='lat' dir='ltr'><strong>de-</strong></span> 
     </span>
    </p>
   </div>
   <div class='ocr_carea' id='block_1_95' title="bbox 198 4866 1786 4930">
    <p class='ocr_par' dir='ltr' id='par_1_95' title="bbox 198 4866 1786 4930">
     <span class='ocr_line' id='line_1_95' title="bbox 198 4866 1786 4930; baseline 0.005 -8"><span class='ocrx_word' id='word_1_561' title='bbox 198 4866 452 4922; x_wconf 85' lang='lat' dir='ltr'><strong>fensione</strong></span> <span class='ocrx_word' id='word_1_562' title='bbox 477 4880 543 4921; x_wconf 88' lang='lat' dir='ltr'><strong>ac</strong></span> <span class='ocrx_word' id='word_1_563' title='bbox 569 4866 931 4924; x_wconf 86' lang='lat' dir='ltr'><strong>immunitatis</strong></span> <span class='ocrx_word' id='word_1_564' title='bbox 956 4869 1186 4926; x_wconf 90' lang='lat' dir='ltr'><strong>tuitioue</strong></span> <span class='ocrx_word' id='word_1_565' title='bbox 1218 4870 1554 4929; x_wconf 87' lang='lat' dir='ltr'><strong>habuissent.</strong></span> <span class='ocrx_word' id='word_1_566' title='bbox 1583 4873 1663 4930; x_wconf 93' lang='lat' dir='ltr'><strong>Ob</strong></span> <span class='ocrx_word' id='word_1_567' title='bbox 1691 4874 1786 4930; x_wconf 82' lang='lat' dir='ltr'><strong>fir-</strong></span> 
     </span>
    </p>
   </div>
   <div class='ocr_carea' id='block_1_96' title="bbox 201 4958 1783 5030">
    <p class='ocr_par' dir='ltr' id='par_1_96' title="bbox 201 4958 1783 5030">
     <span class='ocr_line' id='line_1_96' title="bbox 201 4958 1783 5030; baseline 0.005 -16"><span class='ocrx_word' id='word_1_568' title='bbox 201 4958 452 5014; x_wconf 88' lang='lat' dir='ltr'><strong>mitatem</strong></span> <span class='ocrx_word' id='word_1_569' title='bbox 480 4964 662 5011; x_wconf 87' lang='lat' dir='ltr'><strong>tamen</strong></span> <span class='ocrx_word' id='word_1_570' title='bbox 693 4959 774 5013; x_wconf 91' lang='lat' dir='ltr'><strong>rei</strong></span> <span class='ocrx_word' id='word_1_571' title='bbox 811 4959 1103 5030; x_wconf 88' lang='lat' dir='ltr'><strong>postulavit</strong></span> <span class='ocrx_word' id='word_1_572' title='bbox 1150 4961 1307 5018; x_wconf 89' lang='lat' dir='ltr'><strong>nobis</strong></span> <span class='ocrx_word' id='word_1_573' title='bbox 1336 4962 1620 5021; x_wconf 89' lang='lat' dir='ltr'><strong>Trasarius</strong></span> <span class='ocrx_word' id='word_1_574' title='bbox 1644 4966 1783 5022; x_wconf 86' lang='lat' dir='ltr'><strong>abba</strong></span> 
     </span>
    </p>
   </div>
   <div class='ocr_carea' id='block_1_97' title="bbox 201 5048 1779 5113">
    <p class='ocr_par' dir='ltr' id='par_1_97' title="bbox 201 5048 1779 5113">
     <span class='ocr_line' id='line_1_97' title="bbox 201 5048 1779 5113; baseline 0.005 -9"><span class='ocrx_word' id='word_1_575' title='bbox 201 5058 266 5104; x_wconf 89' lang='lat' dir='ltr'><strong>ut</strong></span> <span class='ocrx_word' id='word_1_576' title='bbox 290 5050 533 5105; x_wconf 90' lang='lat' dir='ltr'><strong>eamdem</strong></span> <span class='ocrx_word' id='word_1_577' title='bbox 562 5048 939 5105; x_wconf 89' lang='lat' dir='ltr'><strong>auctoritatem</strong></span> <span class='ocrx_word' id='word_1_578' title='bbox 960 5049 1030 5105; x_wconf 92' lang='lat' dir='ltr'><strong>ob</strong></span> <span class='ocrx_word' id='word_1_579' title='bbox 1050 5067 1290 5108; x_wconf 90' lang='lat' dir='ltr'><strong>amorem</strong></span> <span class='ocrx_word' id='word_1_580' title='bbox 1320 5053 1416 5110; x_wconf 94' lang='lat' dir='ltr'><strong>Dei</strong></span> <span class='ocrx_word' id='word_1_581' title='bbox 1438 5062 1495 5110; x_wconf 92' lang='lat' dir='ltr'><strong>et</strong></span> <span class='ocrx_word' id='word_1_582' title='bbox 1522 5071 1779 5113; x_wconf 87' lang='lat' dir='ltr'><strong>reveren-</strong></span> 
     </span>
    </p>
   </div>
   <div class='ocr_carea' id='block_1_98' title="bbox 202 5140 1780 5211">
    <p class='ocr_par' dir='ltr' id='par_1_98' title="bbox 202 5140 1780 5211">
     <span class='ocr_line' id='line_1_98' title="bbox 202 5140 1780 5211; baseline 0.005 -16"><span class='ocrx_word' id='word_1_583' title='bbox 202 5142 343 5196; x_wconf 87' lang='lat' dir='ltr'><strong>tiam</strong></span> <span class='ocrx_word' id='word_1_584' title='bbox 371 5140 539 5211; x_wconf 84' lang='lat' dir='ltr'><strong>ipsius</strong></span> <span class='ocrx_word' id='word_1_585' title='bbox 561 5140 733 5195; x_wconf 83' lang='lat' dir='ltr'><strong>sancti</strong></span> <span class='ocrx_word' id='word_1_586' title='bbox 770 5140 874 5195; x_wconf 92' lang='lat' dir='ltr'><strong>loci</strong></span> <span class='ocrx_word' id='word_1_587' title='bbox 904 5148 1091 5196; x_wconf 90' lang='lat' dir='ltr'><strong>nostra</strong></span> <span class='ocrx_word' id='word_1_588' title='bbox 1116 5145 1562 5202; x_wconf 84' lang='lat' dir='ltr'><strong>conﬁrmaremus</strong></span> <span class='ocrx_word' id='word_1_589' title='bbox 1590 5155 1780 5204; x_wconf 90' lang='lat' dir='ltr'><strong>aucto-</strong></span> 
     </span>
    </p>
   </div>
   <div class='ocr_carea' id='block_1_99' title="bbox 202 5229 1783 5306">
    <p class='ocr_par' dir='ltr' id='par_1_99' title="bbox 202 5229 1783 5306">
     <span class='ocr_line' id='line_1_99' title="bbox 202 5229 1783 5306; baseline 0.006 -19"><span class='ocrx_word' id='word_1_590' title='bbox 202 5232 388 5287; x_wconf 89' lang='lat' dir='ltr'><strong>ritate.</strong></span> <span class='ocrx_word' id='word_1_591' title='bbox 404 5229 569 5301; x_wconf 88' lang='lat' dir='ltr'><strong>Cujus</strong></span> <span class='ocrx_word' id='word_1_592' title='bbox 592 5231 841 5301; x_wconf 88' lang='lat' dir='ltr'><strong>petitioni</strong></span> <span class='ocrx_word' id='word_1_593' title='bbox 867 5232 1099 5287; x_wconf 91' lang='lat' dir='ltr'><strong>libenter</strong></span> <span class='ocrx_word' id='word_1_594' title='bbox 1124 5235 1515 5306; x_wconf 88' lang='lat' dir='ltr'><strong>acquievimus,</strong></span> <span class='ocrx_word' id='word_1_595' title='bbox 1542 5247 1597 5294; x_wconf 88' lang='lat' dir='ltr'><strong>et</strong></span> <span class='ocrx_word' id='word_1_596' title='bbox 1622 5240 1698 5293; x_wconf 90' lang='lat' dir='ltr'><strong>ita</strong></span> <span class='ocrx_word' id='word_1_597' title='bbox 1726 5240 1783 5296; x_wconf 92' lang='lat' dir='ltr'><strong>in</strong></span> 
     </span>
    </p>
   </div>
   <div class='ocr_carea' id='block_1_100' title="bbox 203 5321 1784 5401">
    <p class='ocr_par' dir='ltr' id='par_1_100' title="bbox 203 5321 1784 5401">
     <span class='ocr_line' id='line_1_100' title="bbox 203 5321 1784 5401; baseline 0.006 -25"><span class='ocrx_word' id='word_1_598' title='bbox 203 5321 458 5377; x_wconf 87' lang='lat' dir='ltr'><strong>omnibus</strong></span> <span class='ocrx_word' id='word_1_599' title='bbox 511 5321 914 5389; x_wconf 88' lang='lat' dir='ltr'><strong>concessimus,</strong></span> <span class='ocrx_word' id='word_1_600' title='bbox 961 5331 1122 5394; x_wconf 89' lang='lat' dir='ltr'><strong>atque</strong></span> <span class='ocrx_word' id='word_1_601' title='bbox 1170 5340 1269 5395; x_wconf 90' lang='lat' dir='ltr'><strong>per</strong></span> <span class='ocrx_word' id='word_1_602' title='bbox 1309 5326 1413 5383; x_wconf 92' lang='lat' dir='ltr'><strong>hoc</strong></span> <span class='ocrx_word' id='word_1_603' title='bbox 1455 5338 1784 5401; x_wconf 67' lang='lat' dir='ltr'><strong>praeceptum</strong></span> 
     </span>
    </p>
   </div>
   <div class='ocr_carea' id='block_1_101' title="bbox 204 5412 1783 5492">
    <p class='ocr_par' dir='ltr' id='par_1_101' title="bbox 204 5412 1783 5492">
     <span class='ocr_line' id='line_1_101' title="bbox 204 5412 1783 5492; baseline 0.004 -22"><span class='ocrx_word' id='word_1_604' title='bbox 204 5419 453 5470; x_wconf 79' lang='lat' dir='ltr'><strong>nostrum</strong></span> <span class='ocrx_word' id='word_1_605' title='bbox 481 5412 943 5470; x_wconf 84' lang='lat' dir='ltr'><strong>conﬁrmavimus.</strong></span> <span class='ocrx_word' id='word_1_606' title='bbox 969 5413 1355 5487; x_wconf 69' lang='lat' dir='ltr'><strong>Prmcipientes</strong></span> <span class='ocrx_word' id='word_1_607' title='bbox 1378 5434 1508 5490; x_wconf 90' lang='lat' dir='ltr'><strong>ergo</strong></span> <span class='ocrx_word' id='word_1_608' title='bbox 1530 5421 1783 5492; x_wconf 86' lang='lat' dir='ltr'><strong>jubemus</strong></span> 
     </span>
    </p>
   </div>
   <div class='ocr_carea' id='block_1_102' title="bbox 204 5502 1780 5580">
    <p class='ocr_par' dir='ltr' id='par_1_102' title="bbox 204 5502 1780 5580">
     <span class='ocr_line' id='line_1_102' title="bbox 204 5502 1780 5580; baseline 0.006 -21"><span class='ocrx_word' id='word_1_609' title='bbox 204 5510 270 5559; x_wconf 88' lang='lat' dir='ltr'><strong>ut</strong></span> <span class='ocrx_word' id='word_1_610' title='bbox 301 5502 482 5559; x_wconf 88' lang='lat' dir='ltr'><strong>nullus</strong></span> <span class='ocrx_word' id='word_1_611' title='bbox 504 5502 673 5573; x_wconf 79' lang='lat' dir='ltr'><strong>judex</strong></span> <span class='ocrx_word' id='word_1_612' title='bbox 700 5504 967 5575; x_wconf 87' lang='lat' dir='ltr'><strong>publicus,</strong></span> <span class='ocrx_word' id='word_1_613' title='bbox 997 5520 1100 5561; x_wconf 91' lang='lat' dir='ltr'><strong>nec</strong></span> <span class='ocrx_word' id='word_1_614' title='bbox 1123 5507 1381 5579; x_wconf 88' lang='lat' dir='ltr'><strong>quislibet</strong></span> <span class='ocrx_word' id='word_1_615' title='bbox 1402 5524 1470 5565; x_wconf 83' lang='lat' dir='ltr'><strong>ex</strong></span> <span class='ocrx_word' id='word_1_616' title='bbox 1491 5509 1780 5580; x_wconf 90' lang='lat' dir='ltr'><strong>judiciaria</strong></span> 
     </span>
    </p>
   </div>
   <div class='ocr_carea' id='block_1_103' title="bbox 204 5595 1781 5670">
    <p class='ocr_par' dir='ltr' id='par_1_103' title="bbox 204 5595 1781 5670">
     <span class='ocr_line' id='line_1_103' title="bbox 204 5595 1781 5670; baseline 0.008 -21"><span class='ocrx_word' id='word_1_617' title='bbox 204 5601 497 5667; x_wconf 86' lang='lat' dir='ltr'><strong>potestate,</strong></span> <span class='ocrx_word' id='word_1_618' title='bbox 525 5602 618 5649; x_wconf 86' lang='lat' dir='ltr'><strong>aut</strong></span> <span class='ocrx_word' id='word_1_619' title='bbox 654 5595 790 5661; x_wconf 89' lang='lat' dir='ltr'><strong>loca,</strong></span> <span class='ocrx_word' id='word_1_620' title='bbox 822 5596 907 5651; x_wconf 90' lang='lat' dir='ltr'><strong>vel</strong></span> <span class='ocrx_word' id='word_1_621' title='bbox 943 5612 1120 5670; x_wconf 89' lang='lat' dir='ltr'><strong>agros,</strong></span> <span class='ocrx_word' id='word_1_622' title='bbox 1156 5597 1211 5653; x_wconf 91' lang='lat' dir='ltr'><strong>in</strong></span> <span class='ocrx_word' id='word_1_623' title='bbox 1239 5599 1497 5657; x_wconf 89' lang='lat' dir='ltr'><strong>ecclesias</strong></span> <span class='ocrx_word' id='word_1_624' title='bbox 1526 5618 1621 5659; x_wconf 89' lang='lat' dir='ltr'><strong>seu</strong></span> <span class='ocrx_word' id='word_1_625' title='bbox 1653 5605 1781 5661; x_wconf 88' lang='lat' dir='ltr'><strong>reli-</strong></span> 
     </span>
    </p>
   </div>
   <div class='ocr_carea' id='block_1_104' title="bbox 206 5688 1782 5764">
    <p class='ocr_par' dir='ltr' id='par_1_104' title="bbox 206 5688 1782 5764">
     <span class='ocr_line' id='line_1_104' title="bbox 206 5688 1782 5764; baseline 0.01 -24"><span class='ocrx_word' id='word_1_626' title='bbox 206 5702 350 5757; x_wconf 83' lang='lat' dir='ltr'><strong>quas</strong></span> <span class='ocrx_word' id='word_1_627' title='bbox 375 5688 745 5759; x_wconf 82' lang='lat' dir='ltr'><strong>possessiones</strong></span> <span class='ocrx_word' id='word_1_628' title='bbox 789 5691 1071 5747; x_wconf 89' lang='lat' dir='ltr'><strong>memorati</strong></span> <span class='ocrx_word' id='word_1_629' title='bbox 1113 5693 1452 5759; x_wconf 90' lang='lat' dir='ltr'><strong>monasterii,</strong></span> <span class='ocrx_word' id='word_1_630' title='bbox 1481 5697 1623 5764; x_wconf 89' lang='lat' dir='ltr'><strong>quod</strong></span> <span class='ocrx_word' id='word_1_631' title='bbox 1668 5712 1782 5755; x_wconf 83' lang='lat' dir='ltr'><strong>mo—</strong></span> 
     </span>
    </p>
   </div>
   <div class='ocr_carea' id='block_1_105' title="bbox 284 5822 1601 5897">
    <p class='ocr_par' dir='ltr' id='par_1_105' title="bbox 284 5822 1601 5897">
     <span class='ocr_line' id='line_1_105' title="bbox 284 5822 1601 5897; baseline -0.001 -15"><span class='ocrx_word' id='word_1_632' title='bbox 284 5835 312 5864; x_wconf 71' lang='grc' dir='ltr'>ι</span> <span class='ocrx_word' id='word_1_633' title='bbox 350 5822 741 5897; x_wconf 83' lang='lat' dir='ltr'><strong>Corrigendum</strong></span> <span class='ocrx_word' id='word_1_634' title='bbox 772 5827 947 5883; x_wconf 79' lang='lat' dir='ltr'><strong>divina</strong></span> <span class='ocrx_word' id='word_1_635' title='bbox 970 5827 1243 5884; x_wconf 79' lang='lat' dir='ltr'><strong>ordinante</strong></span> <span class='ocrx_word' id='word_1_636' title='bbox 1261 5825 1601 5895; x_wconf 78' lang='lat' dir='ltr'><strong>providentia.</strong></span> 
     </span>
    </p>
   </div>
   <div class='ocr_carea' id='block_1_106' title="bbox 1884 4678 3462 4752">
    <p class='ocr_par' dir='ltr' id='par_1_106' title="bbox 1884 4678 3462 4752">
     <span class='ocr_line' id='line_1_106' title="bbox 1884 4678 3462 4752; baseline -0.003 -13"><span class='ocrx_word' id='word_1_637' title='bbox 1884 4681 2270 4752; x_wconf 88' lang='lat' dir='ltr'><strong>rempublicam</strong></span> <span class='ocrx_word' id='word_1_638' title='bbox 2297 4681 2735 4751; x_wconf 89' lang='lat' dir='ltr'><strong>procurantibus,</strong></span> <span class='ocrx_word' id='word_1_639' title='bbox 2783 4679 3141 4751; x_wconf 61' lang='lat' dir='ltr'><strong>praesentibus</strong></span> <span class='ocrx_word' id='word_1_640' title='bbox 3169 4678 3377 4733; x_wconf 90' lang='lat' dir='ltr'><strong>scilicet</strong></span> <span class='ocrx_word' id='word_1_641' title='bbox 3405 4684 3462 4734; x_wconf 81' lang='lat' dir='ltr'><strong>et</strong></span> 
     </span>
    </p>
   </div>
   <div class='ocr_carea' id='block_1_107' title="bbox 1885 4772 3459 4842">
    <p class='ocr_par' dir='ltr' id='par_1_107' title="bbox 1885 4772 3459 4842">
     <span class='ocr_line' id='line_1_107' title="bbox 1885 4772 3459 4842; baseline -0.003 -14"><span class='ocrx_word' id='word_1_642' title='bbox 1885 4773 2103 4841; x_wconf 88' lang='lat' dir='ltr'><strong>futuris,</strong></span> <span class='ocrx_word' id='word_1_643' title='bbox 2148 4780 2336 4827; x_wconf 91' lang='lat' dir='ltr'><strong>notum</strong></span> <span class='ocrx_word' id='word_1_644' title='bbox 2374 4774 2444 4828; x_wconf 92' lang='lat' dir='ltr'><strong>sit</strong></span> <span class='ocrx_word' id='word_1_645' title='bbox 2472 4772 2601 4842; x_wconf 90' lang='lat' dir='ltr'><strong>quia</strong></span> <span class='ocrx_word' id='word_1_646' title='bbox 2622 4772 2845 4842; x_wconf 89' lang='lat' dir='ltr'><strong>Campio</strong></span> <span class='ocrx_word' id='word_1_647' title='bbox 2868 4772 3038 4828; x_wconf 88' lang='lat' dir='ltr'><strong>abbas</strong></span> <span class='ocrx_word' id='word_1_648' title='bbox 3065 4786 3133 4826; x_wconf 82' lang='lat' dir='ltr'><strong>ex</strong></span> <span class='ocrx_word' id='word_1_649' title='bbox 3182 4776 3459 4829; x_wconf 85' lang='lat' dir='ltr'><strong>monaste-</strong></span> 
     </span>
    </p>
   </div>
   <div class='ocr_carea' id='block_1_108' title="bbox 1886 4863 3458 4939">
    <p class='ocr_par' dir='ltr' id='par_1_108' title="bbox 1886 4863 3458 4939">
     <span class='ocr_line' id='line_1_108' title="bbox 1886 4863 3458 4939; baseline -0.003 -15"><span class='ocrx_word' id='word_1_650' title='bbox 1886 4869 1969 4924; x_wconf 87' lang='lat' dir='ltr'><strong>rio</strong></span> <span class='ocrx_word' id='word_1_651' title='bbox 1994 4869 2167 4924; x_wconf 88' lang='lat' dir='ltr'><strong>sancti</strong></span> <span class='ocrx_word' id='word_1_652' title='bbox 2195 4868 2433 4933; x_wconf 87' lang='lat' dir='ltr'><strong>Martini,</strong></span> <span class='ocrx_word' id='word_1_653' title='bbox 2475 4868 2619 4939; x_wconf 86' lang='lat' dir='ltr'><strong>quod</strong></span> <span class='ocrx_word' id='word_1_654' title='bbox 2652 4867 2851 4922; x_wconf 88' lang='lat' dir='ltr'><strong>dicitur</strong></span> <span class='ocrx_word' id='word_1_655' title='bbox 2877 4866 3053 4922; x_wconf 90' lang='lat' dir='ltr'><strong>insula</strong></span> <span class='ocrx_word' id='word_1_656' title='bbox 3076 4866 3337 4929; x_wconf 87' lang='lat' dir='ltr'><strong>Barbara,</strong></span> <span class='ocrx_word' id='word_1_657' title='bbox 3381 4863 3458 4919; x_wconf 83' lang='lat' dir='ltr'><strong>si-</strong></span> 
     </span>
    </p>
   </div>
   <div class='ocr_carea' id='block_1_109' title="bbox 1888 4955 3529 5032">
    <p class='ocr_par' dir='ltr' id='par_1_109' title="bbox 1888 4955 3529 5032">
     <span class='ocr_line' id='line_1_109' title="bbox 1888 4955 3529 5032; baseline -0.004 -16"><span class='ocrx_word' id='word_1_658' title='bbox 1888 4969 2002 5016; x_wconf 88' lang='lat' dir='ltr'><strong>tum</strong></span> <span class='ocrx_word' id='word_1_659' title='bbox 2028 4976 2191 5032; x_wconf 89' lang='lat' dir='ltr'><strong>super</strong></span> <span class='ocrx_word' id='word_1_660' title='bbox 2226 4960 2425 5014; x_wconf 85' lang='lat' dir='ltr'><strong>ﬂumen</strong></span> <span class='ocrx_word' id='word_1_661' title='bbox 2452 4959 2701 5031; x_wconf 69' lang='lat' dir='ltr'><strong>Sagonm,</strong></span> <span class='ocrx_word' id='word_1_662' title='bbox 2727 4972 2833 5013; x_wconf 91' lang='lat' dir='ltr'><strong>non</strong></span> <span class='ocrx_word' id='word_1_663' title='bbox 2866 4957 3055 5028; x_wconf 91' lang='lat' dir='ltr'><strong>procul</strong></span> <span class='ocrx_word' id='word_1_664' title='bbox 3075 4958 3142 5012; x_wconf 89' lang='lat' dir='ltr'><strong>ab</strong></span> <span class='ocrx_word' id='word_1_665' title='bbox 3172 4957 3307 5012; x_wconf 90' lang='lat' dir='ltr'><strong>urbe</strong></span> <span class='ocrx_word' id='word_1_666' title='bbox 3321 4955 3463 5026; x_wconf 82' lang='lat' dir='ltr'><strong>Lug—</strong></span> <span class='ocrx_word' id='word_1_667' title='bbox 3524 4994 3529 4999; x_wconf 80' lang='grc'><strong>-</strong></span> 
     </span>
    </p>
   </div>
   <div class='ocr_carea' id='block_1_110' title="bbox 1886 5047 3461 5122">
    <p class='ocr_par' dir='ltr' id='par_1_110' title="bbox 1886 5047 3461 5122">
     <span class='ocr_line' id='line_1_110' title="bbox 1886 5047 3461 5122; baseline -0.004 -14"><span class='ocrx_word' id='word_1_668' title='bbox 1886 5054 2036 5118; x_wconf 89' lang='lat' dir='ltr'><strong>duui,</strong></span> <span class='ocrx_word' id='word_1_669' title='bbox 2050 5061 2105 5106; x_wconf 90' lang='lat' dir='ltr'><strong>et</strong></span> <span class='ocrx_word' id='word_1_670' title='bbox 2126 5051 2301 5106; x_wconf 91' lang='lat' dir='ltr'><strong>omnis</strong></span> <span class='ocrx_word' id='word_1_671' title='bbox 2311 5049 2428 5118; x_wconf 89' lang='lat' dir='ltr'><strong>ejus</strong></span> <span class='ocrx_word' id='word_1_672' title='bbox 2446 5050 2788 5120; x_wconf 89' lang='lat' dir='ltr'><strong>congregatio</strong></span> <span class='ocrx_word' id='word_1_673' title='bbox 2801 5050 3071 5119; x_wconf 89' lang='lat' dir='ltr'><strong>petierunt</strong></span> <span class='ocrx_word' id='word_1_674' title='bbox 3088 5047 3461 5122; x_wconf 68' lang='lat' dir='ltr'><strong>celsitudinem</strong></span> 
     </span>
    </p>
   </div>
   <div class='ocr_carea' id='block_1_111' title="bbox 1886 5139 3461 5210">
    <p class='ocr_par' dir='ltr' id='par_1_111' title="bbox 1886 5139 3461 5210">
     <span class='ocr_line' id='line_1_111' title="bbox 1886 5139 3461 5210; baseline -0.004 -10"><span class='ocrx_word' id='word_1_675' title='bbox 1886 5154 2127 5200; x_wconf 88' lang='lat' dir='ltr'><strong>nostram</strong></span> <span class='ocrx_word' id='word_1_676' title='bbox 2173 5151 2234 5197; x_wconf 92' lang='lat' dir='ltr'><strong>ut</strong></span> <span class='ocrx_word' id='word_1_677' title='bbox 2258 5142 2536 5199; x_wconf 89' lang='lat' dir='ltr'><strong>licentiam</strong></span> <span class='ocrx_word' id='word_1_678' title='bbox 2566 5142 2832 5198; x_wconf 90' lang='lat' dir='ltr'><strong>haberent</strong></span> <span class='ocrx_word' id='word_1_679' title='bbox 2880 5143 2947 5197; x_wconf 90' lang='lat' dir='ltr'><strong>ad</strong></span> <span class='ocrx_word' id='word_1_680' title='bbox 2976 5155 3163 5197; x_wconf 90' lang='lat' dir='ltr'><strong>eorum</strong></span> <span class='ocrx_word' id='word_1_681' title='bbox 3209 5139 3461 5210; x_wconf 86' lang='lat' dir='ltr'><strong>supplen-</strong></span> 
     </span>
    </p>
   </div>
   <div class='ocr_carea' id='block_1_112' title="bbox 1889 5230 3462 5306">
    <p class='ocr_par' dir='ltr' id='par_1_112' title="bbox 1889 5230 3462 5306">
     <span class='ocr_line' id='line_1_112' title="bbox 1889 5230 3462 5306; baseline -0.005 -13"><span class='ocrx_word' id='word_1_682' title='bbox 1889 5238 1986 5293; x_wconf 92' lang='lat' dir='ltr'><strong>das</strong></span> <span class='ocrx_word' id='word_1_683' title='bbox 2031 5236 2386 5292; x_wconf 87' lang='lat' dir='ltr'><strong>necessitates</strong></span> <span class='ocrx_word' id='word_1_684' title='bbox 2414 5236 2561 5291; x_wconf 90' lang='lat' dir='ltr'><strong>omni</strong></span> <span class='ocrx_word' id='word_1_685' title='bbox 2606 5242 2847 5306; x_wconf 88' lang='lat' dir='ltr'><strong>tempore</strong></span> <span class='ocrx_word' id='word_1_686' title='bbox 2895 5243 3005 5289; x_wconf 89' lang='lat' dir='ltr'><strong>tres</strong></span> <span class='ocrx_word' id='word_1_687' title='bbox 3039 5247 3204 5288; x_wconf 89' lang='lat' dir='ltr'><strong>naves</strong></span> <span class='ocrx_word' id='word_1_688' title='bbox 3222 5247 3320 5303; x_wconf 89' lang='lat' dir='ltr'><strong>per</strong></span> <span class='ocrx_word' id='word_1_689' title='bbox 3362 5230 3462 5286; x_wconf 83' lang='lat' dir='ltr'><strong>Sa-</strong></span> 
     </span>
    </p>
   </div>
   <div class='ocr_carea' id='block_1_113' title="bbox 1890 5321 3465 5399">
    <p class='ocr_par' dir='ltr' id='par_1_113' title="bbox 1890 5321 3465 5399">
     <span class='ocr_line' id='line_1_113' title="bbox 1890 5321 3465 5399; baseline -0.004 -16"><span class='ocrx_word' id='word_1_690' title='bbox 1890 5343 2106 5399; x_wconf 91' lang='lat' dir='ltr'><strong>gonam,</strong></span> <span class='ocrx_word' id='word_1_691' title='bbox 2146 5328 2469 5383; x_wconf 82' lang='lat' dir='ltr'><strong>Rhodanum</strong></span> <span class='ocrx_word' id='word_1_692' title='bbox 2495 5335 2552 5383; x_wconf 93' lang='lat' dir='ltr'><strong>et</strong></span> <span class='ocrx_word' id='word_1_693' title='bbox 2578 5327 2775 5383; x_wconf 90' lang='lat' dir='ltr'><strong>Dubim</strong></span> <span class='ocrx_word' id='word_1_694' title='bbox 2828 5325 3138 5398; x_wconf 90' lang='lat' dir='ltr'><strong>negotiandi</strong></span> <span class='ocrx_word' id='word_1_695' title='bbox 3173 5324 3350 5396; x_wconf 84' lang='lat' dir='ltr'><strong>gratia</strong></span> <span class='ocrx_word' id='word_1_696' title='bbox 3378 5321 3465 5377; x_wconf 87' lang='lat' dir='ltr'><strong>di-</strong></span> 
     </span>
    </p>
   </div>
   <div class='ocr_carea' id='block_1_114' title="bbox 1890 5417 3465 5493">
    <p class='ocr_par' dir='ltr' id='par_1_114' title="bbox 1890 5417 3465 5493">
     <span class='ocr_line' id='line_1_114' title="bbox 1890 5417 3465 5493; baseline -0.004 -17"><span class='ocrx_word' id='word_1_697' title='bbox 1890 5421 2092 5493; x_wconf 89' lang='lat' dir='ltr'><strong>rigere.</strong></span> <span class='ocrx_word' id='word_1_698' title='bbox 2128 5420 2368 5487; x_wconf 86' lang='lat' dir='ltr'><strong>Quorum</strong></span> <span class='ocrx_word' id='word_1_699' title='bbox 2408 5420 2727 5491; x_wconf 90' lang='lat' dir='ltr'><strong>petitionem</strong></span> <span class='ocrx_word' id='word_1_700' title='bbox 2769 5418 3001 5475; x_wconf 85' lang='lat' dir='ltr'><strong>libenter</strong></span> <span class='ocrx_word' id='word_1_701' title='bbox 3038 5417 3376 5488; x_wconf 83' lang='lat' dir='ltr'><strong>suscepimus</strong></span> <span class='ocrx_word' id='word_1_702' title='bbox 3407 5421 3465 5470; x_wconf 89' lang='lat' dir='ltr'><strong>et</strong></span> 
     </span>
    </p>
   </div>
   <div class='ocr_carea' id='block_1_115' title="bbox 1889 5509 3463 5586">
    <p class='ocr_par' dir='ltr' id='par_1_115' title="bbox 1889 5509 3463 5586">
     <span class='ocr_line' id='line_1_115' title="bbox 1889 5509 3463 5586; baseline -0.006 -18"><span class='ocrx_word' id='word_1_703' title='bbox 1889 5528 1988 5586; x_wconf 92' lang='lat' dir='ltr'><strong>pro</strong></span> <span class='ocrx_word' id='word_1_704' title='bbox 2023 5512 2289 5568; x_wconf 83' lang='lat' dir='ltr'><strong>mercedis</strong></span> <span class='ocrx_word' id='word_1_705' title='bbox 2322 5520 2523 5567; x_wconf 65' lang='lat' dir='ltr'><strong>nostra:</strong></span> <span class='ocrx_word' id='word_1_706' title='bbox 2551 5519 2842 5583; x_wconf 90' lang='lat' dir='ltr'><strong>augmento</strong></span> <span class='ocrx_word' id='word_1_707' title='bbox 2866 5511 3006 5566; x_wconf 89' lang='lat' dir='ltr'><strong>sicut</strong></span> <span class='ocrx_word' id='word_1_708' title='bbox 3034 5509 3327 5582; x_wconf 79' lang='lat' dir='ltr'><strong>petierlmt,</strong></span> <span class='ocrx_word' id='word_1_709' title='bbox 3363 5518 3463 5576; x_wconf 87' lang='lat' dir='ltr'><strong>per</strong></span> 
     </span>
    </p>
   </div>
   <div class='ocr_carea' id='block_1_116' title="bbox 1890 5598 3462 5662">
    <p class='ocr_par' dir='ltr' id='par_1_116' title="bbox 1890 5598 3462 5662">
     <span class='ocr_line' id='line_1_116' title="bbox 1890 5598 3462 5662; baseline -0.007 0"><span class='ocrx_word' id='word_1_710' title='bbox 1890 5608 2031 5662; x_wconf 89' lang='lat' dir='ltr'><strong>hanc</strong></span> <span class='ocrx_word' id='word_1_711' title='bbox 2058 5613 2298 5661; x_wconf 88' lang='lat' dir='ltr'><strong>nostram</strong></span> <span class='ocrx_word' id='word_1_712' title='bbox 2324 5606 2702 5661; x_wconf 86' lang='lat' dir='ltr'><strong>auctoritatem</strong></span> <span class='ocrx_word' id='word_1_713' title='bbox 2722 5604 3103 5659; x_wconf 89' lang='lat' dir='ltr'><strong>concessimus.</strong></span> <span class='ocrx_word' id='word_1_714' title='bbox 3128 5601 3334 5656; x_wconf 89' lang='lat' dir='ltr'><strong>Idcirco</strong></span> <span class='ocrx_word' id='word_1_715' title='bbox 3357 5598 3462 5652; x_wconf 91' lang='lat' dir='ltr'><strong>hoc</strong></span> 
     </span>
    </p>
   </div>
   <div class='ocr_carea' id='block_1_117' title="bbox 1888 5683 3461 5770">
    <p class='ocr_par' dir='ltr' id='par_1_117' title="bbox 1888 5683 3461 5770">
     <span class='ocr_line' id='line_1_117' title="bbox 1888 5683 3461 5770; baseline -0.011 -12"><span class='ocrx_word' id='word_1_716' title='bbox 1888 5706 2218 5770; x_wconf 76' lang='lat' dir='ltr'><strong>praeceptum</strong></span> <span class='ocrx_word' id='word_1_717' title='bbox 2266 5706 2508 5755; x_wconf 86' lang='lat' dir='ltr'><strong>nostrum</strong></span> <span class='ocrx_word' id='word_1_718' title='bbox 2558 5698 2638 5753; x_wconf 91' lang='lat' dir='ltr'><strong>eis</strong></span> <span class='ocrx_word' id='word_1_719' title='bbox 2686 5697 2803 5753; x_wconf 85' lang='lat' dir='ltr'><strong>ﬁeri</strong></span> <span class='ocrx_word' id='word_1_720' title='bbox 2835 5696 3115 5769; x_wconf 89' lang='lat' dir='ltr'><strong>jussimus,</strong></span> <span class='ocrx_word' id='word_1_721' title='bbox 3170 5706 3267 5764; x_wconf 92' lang='lat' dir='ltr'><strong>per</strong></span> <span class='ocrx_word' id='word_1_722' title='bbox 3314 5683 3461 5756; x_wconf 87' lang='lat' dir='ltr'><strong>quod</strong></span> 
     </span>
    </p>
   </div>
  </div>
