4048 6350
672 308 807 366 1051

1773 299 2099 361 LUDOVICI
2133 293 2667 357 I'COGNOMENTO
2701 293 2790 352 PII

3769 305 3852 363 105?.

666 429 762 484 aut
789 416 1036 477 homines
1077 415 1240 489 hujus
1259 413 1616 482 monasterii,
1661 421 1771 469 tam
1806 415 2065 486 ingenuos
2089 425 2251 482 quam
2277 407 2330 469 A
2357 407 2501 463 tione
2528 407 2766 463 licuisset
2802 405 2882 462 eis
2918 419 3043 462 cum
3087 406 3266 462 rebus
3314 410 3373 462 et
3418 404 3699 465 hominibus
3733 428 3849 474 eorum

667 531 872 580 servos,
903 528 1067 584 super
1094 521 1297 568 terram
1322 512 1489 582 ipsius
1507 516 1910 566 commanentes
1931 507 2252 577 distringen-

667 611 786 676 dos,
825 622 926 663 nec
974 606 1114 661 ullas
1151 604 1540 659 redhibitiones
1569 602 1655 656 vel
1686 599 1905 655 illicitas
1939 598 2252 652 occasiones

667 697 1023 771 requirendas
1046 695 1248 751 nostris
1275 701 1333 749 et
1357 693 1552 751 futuris
1573 692 1904 762 temporibus
1928 689 2136 760 ingredi
2159 678 2255 742 au?

669 793 813 857 deat,
849 789 935 846 vel
960 804 1023 845 ea
1048 803 1167 858 qua:
1195 801 1362 856 supra
1387 793 1688 842 memorata
1718 790 1862 847 sunt,
1894 780 2112 852 penitus
2140 779 2255 834 exi-

669 900 794 957 gere
834 857 1160 955 praesumat:
1193 880 1262 936 Et
1299 880 1561 953 quidquid
1597 879 1663 934 de
1700 876 1862 931 rebus
1891 872 2100 944 praefati
2134 886 2252 927 mo-

671 977 897 1034 nasterii
930 975 1092 1032 ﬁscus
1127 989 1346 1046 sperare
1371 972 1595 1045 poterit,
1617 979 1789 1025 totum
1809 983 1909 1036 nos
1932 983 2033 1038 pro
2055 975 2255 1022 interna

670 1069 1106 1125 remuneratione
1135 1065 1393 1138 praedicto
1425 1065 1757 1121 monasterio
1788 1061 2158 1125 concedimus,
2193 1066 2258 1115 ut

669 1159 998 1231 perennibus
1035 1156 1372 1228 temporibus
1424 1156 1479 1211 in
1532 1155 1816 1210 alimonias
1865 1166 2160 1224 pauperum
2200 1157 2257 1206 et

671 1250 935 1320 stipendia
957 1250 1346 1305 monachorum
1375 1247 1572 1304 ibidem
1604 1247 1716 1302 Deo
1735 1245 2112 1301 famulantium
2131 1257 2258 1313 pro-

671 1341 818 1395 ﬁciat
839 1341 893 1394 in
918 1347 1286 1412 augmentum.
1333 1339 1401 1394 Et
1427 1337 1860 1410 quandoquidem
1892 1335 2074 1391 divina
2098 1348 2257 1388 voca-

672 1431 817 1486 tione
844 1431 1184 1501 supradictus
1215 1430 1380 1484 abbas
1409 1429 1495 1484 vel
1533 1443 1879 1484 successores
1913 1424 2029 1496 ejus
2061 1425 2128 1480 de
2155 1424 2258 1478 hac

672 1523 793 1577 luce
827 1521 1199 1595 migraverint,
1235 1521 1474 1591 quandiu
1499 1520 1602 1591 ipsi
1622 1519 1875 1574 monachi
1908 1519 2052 1573 inter
2079 1532 2138 1572 se
2173 1524 2257 1570 ta-

671 1612 750 1669 les
775 1613 1019 1669 invenire
1048 1611 1340 1683 potuerint,
1363 1611 1455 1682 qui
1478 1611 1651 1680 ipsam
1674 1608 2149 1680 congregationem
2170 1619 2253 1661 se-

673 1703 911 1760 cundum
957 1701 1195 1772 regulam
1245 1701 1418 1757 sancti
1464 1700 1743 1756 Benedicti
1788 1713 1975 1770 regere
2013 1696 2252 1761 valeant,

671 1809 771 1866 per
793 1794 934 1848 hanc
959 1801 1199 1847 nostram
1233 1791 1610 1847 auctoritatem
1639 1798 1693 1845 et
1727 1801 2049 1844 consensum
2089 1786 2254 1840 licen-
2280 1767 2329 1828 Β

677 1885 808 1939 tiam
834 1884 1067 1938 habeant
1103 1883 1333 1956 eligendi
1367 1883 1590 1938 abbates
1624 1900 1636 1935 :
1668 1888 1933 1951 quatenus
1970 1880 2113 1949 ipsos
2142 1892 2257 1931 ser-

673 1990 773 2030 vos
803 1975 899 2030 Dei
929 1975 1021 2044 qui
1042 1974 1242 2030 ibidem
1273 1974 1384 2030 Deo
1416 1973 1770 2037 famulantur,
1801 1986 1900 2042 pro
1925 1968 2098 2034 nobis,
2129 1983 2258 2022 con-

672 2063 800 2136 juge
836 2063 1096 2134 proleque
1127 2071 1334 2127 nostra,
1369 2071 1530 2132 atque
1563 2061 1854 2116 stabilitate
1881 2059 2048 2112 totius
2083 2055 2257 2111 nostri

675 2156 932 2227 imperii,
984 2157 1300 2212 immensam
1344 2156 1688 2212 clementiam
1729 2169 1956 2210 exorare
2007 2152 2254 2208 delectet.

653 2245 830 2318 _Hanc
866 2247 1047 2315 itaque
1081 2247 1480 2311 auctoritatem,
1509 2254 1570 2299 ut
1607 2245 1903 2316 pleniorem
1943 2243 1996 2297 in
2039 2243 2133 2298 Dei
2163 2258 2258 2299 no-

653 2339 824 2408 ‘mine
841 2339 1082 2408 vigorem
1113 2337 1374 2401 obtineat,
1406 2343 1460 2391 et
1488 2351 1518 2390 a
1547 2335 1798 2392 ﬁdelibus
1821 2343 2018 2391 sancta:
2047 2334 2142 2388 Dei
2162 2333 2260 2389 Ec-

651 2427 854 2501 _clesiae
891 2435 945 2482 et
978 2427 1178 2482 nostris
1203 2427 1386 2483 verius
1418 2426 1672 2483 credatur
1697 2435 1753 2482 et
1779 2426 2086 2497 diligentius
2128 2440 2259 2480 con-

649 2589 651 2592 .
675 2529 940 2584 servetur,
971 2533 1131 2573 manu
1154 2519 1372 2590 propria
1400 2518 1584 2575 subter
1610 2518 1962 2585 ﬁrmavimus,
1989 2525 2044 2574 et
2069 2515 2258 2572 annuli

644 2605 848 2688 Lnostri
876 2609 1228 2681 impressione
1253 2611 1456 2682 signari
1479 2611 1760 2682 iussimus.

749 2703 974 2774 Signum
996 2700 1254 2758 Ludovici
1281 2703 1614 2759 serenissimi
1642 2701 2003 2773 imperatoris.

649 2789 654 2791 ’
751 2794 1036 2851 Durandus
1052 2796 1312 2852 diaconus
1325 2797 1393 2852 ad
1404 2799 1577 2852 vicem
1591 2796 1908 2852 Helisachar
1921 2796 2255 2868 recognovit.

749 2883 884 2939 Data
908 2901 970 2940 ιιι
994 2885 1175 2940 Nonas
1210 2885 1544 2952 Decembris,
1575 2901 1734 2949 anno,
1759 2884 1974 2940 Christo
1997 2885 2252 2956 propitio,

677 2975 914 3043 secundo
960 2975 1172 3045 imperii
1219 2975 1421 3030 domini
1455 2975 1714 3031 Ludovici
1743 2975 1974 3046 piissimi
2005 2974 2256 3046 Augusti,

676 3081 702 3110 ι
732 3068 1027 3123 indictione
1056 3066 1107 3123 8.
1155 3067 1351 3123 Actum
1397 3067 1726 3142 Aquisgrani
1769 3069 1970 3140 palatio
2000 3069 2148 3143 regio
2196 3070 2254 3126 in

645 3145 648 3148 ’
673 3158 772 3216 Dei
797 3159 1018 3216 nomine
1045 3158 1293 3216 feliciter.
1333 3159 1528 3217 Amen.

652 3239 654 3242 ’
1414 3251 1526 3308 XL.

679 3358 781 3400 ιιιιο
799 3357 1134 3400 ιιοΝΑετειιιο
1147 3357 1345 3400 ιιοιιτιε
1358 3359 1502 3400 οιινι
1519 3361 1574 3400 ιι(
1587 3359 1818 3403 ιιιαεοεει
1830 3359 2260 3404 αλιιελεεοκειιει.

1268 3436 1441 3505 (Αηηο
1485 3439 1634 3510 815.)

641 3522 650 3598 ξ
685 3523 865 3598 [Apud
896 3523 959 3579 D.
991 3523 1252 3595 Bouquet.
1288 3525 1440 3592 ibid.,
1475 3542 1600 3599 pag.
1625 3528 1757 3595 485,
1788 3545 1855 3586 ex
1885 3531 2263 3605 autographo.]

751 3613 812 3669 In
851 3614 1068 3669 nomine
1108 3614 1319 3670 Domini
1362 3614 1457 3670 Dei
1480 3625 1535 3671 et
1579 3616 1888 3676 Salvatoris.
1922 3623 2092 3676 nostri
2139 3621 2267 3679 Jesu

679 3706 1245 3776 Christi,Ludovicus,
1262 3709 1442 3766 divina
1470 3711 1757 3769 ordinante
1774 3714 2132 3786 providentia,
2165 3717 2267 3772 im-

679 3810 902 3871 perator
929 3800 1221 3879 Augustus.

645 3877 654 3882 ’
753 3889 886 3947 Cum
915 3877 1266 3964 petitionibus
1298 3908 1578 3950 servorum
1603 3892 1700 3950 Dei
1729 3891 1894 3963 justis
1932 3903 1987 3951 et
2021 3897 2263 3954 rationa-

681 3979 822 4036 libus
851 3981 1021 4037 divini
1070 3983 1244 4038 cultus
1272 3999 1456 4039 amore
1480 3983 1745 4049 favemus,
1768 3999 2001 4055 superna
2020 4002 2120 4043 nos
2143 4003 2267 4061 gra-

682 4070 757 4125 tia
787 4072 988 4128 muniri
1010 4089 1120 4129 non
1151 4073 1476 4129 dubitamus.
1520 4073 1753 4143 Proinde
1789 4079 2002 4133 noverit
2026 4082 2269 4136 omnium

688 4160 928 4218 ﬁdelium
971 4173 1278 4220 nostrorum
1327 4173 1439 4220 tam
1479 4167 1829 4236 priesentium
1867 4185 2030 4240 quam
2062 4171 2270 4230 futuro—

681 4267 806 4309 rum
829 4255 1116 4326 sagacitas,
1139 4257 1262 4327 quia
1282 4257 1367 4312 vir
1397 4259 1722 4315 venerabilis
1743 4259 2076 4318 Olomundus
2101 4264 2271 4321 abbas

683 4358 753 4401 ex
793 4347 1123 4402 monasterio
1157 4349 1299 4418 quod
1341 4359 1685 4422 nuncupatur
1726 4351 1965 4420 Malasti,
2005 4356 2147 4426 quod
2186 4365 2270 4412 est

2355 498 2534 566 quiete
2560 499 2742 553 vivere
2766 512 2828 551 ac
2862 498 3141 562 residere;
3173 504 3230 551 et
3267 496 3582 567 deprecatus
3607 509 3678 554 est
3697 503 3850 562 clemen-

2356 588 2482 642 tiam
2520 597 2760 643 nostram
2802 597 2861 642 ut
2894 589 3229 657 priedictum
3267 589 3641 644 monasterium
3675 608 3752 647 una
3774 613 3847 654 cum

2354 679 2543 734 cellula
2573 696 2692 751 quae
2722 688 3069 751 nuncupatur
3098 680 3286 736 sancti
3316 679 3528 736 Martini
3555 678 3847 752 prte'dictonio

2355 772 2595 826 nasterio
2627 770 2893 840 subjecta,
2930 787 3054 842 qua:
3089 778 3183 826 est
3216 771 3326 826 sita
3363 772 3420 825 in
3457 773 3632 828 eodem
3667 792 3769 847 pago
3793 783 3849 836 sub

2355 864 2588 918 rivulum
2613 863 2846 935 Lampii,
2868 879 2987 935 quae
3007 873 3099 921 est
3125 874 3450 922 constructa
3482 867 3534 922 in
3554 869 3722 927 honore
3743 879 3846 931 sancti

2353 951 2570 1008 Martini
2607 953 2965 1022 confessoris,
3003 971 3139 1012 cum
3171 957 3365 1025 rebus,
3397 957 3678 1015 hominibus
3701 971 3742 1016 et
3764 965 3848 1034 adji-

2354 1048 2547 1104 centiis
2574 1049 2688 1106 sive
2720 1051 2968 1106 terminis
2997 1052 3144 1116 suis,
3190 1051 3296 1106 sub
3335 1060 3518 1108 nostra
3555 1055 3845 1126 susciperem

2355 1140 2666 1197 defensione
2708 1151 2765 1198 et
2796 1143 3168 1199 immunitatis
3210 1144 3466 1200 tuitione.
3512 1144 3659 1214 Cujus
3685 1152 3845 1217 precibus

2355 1235 2425 1290 ob
2444 1251 2682 1290 amorem
2710 1237 2804 1292 Dei
2831 1245 2885 1293 et
2919 1237 3300 1294 reverentiam
3336 1237 3500 1294 divini
3525 1239 3676 1294 cultus
3697 1240 3844 1299 libenter

2357 1342 2544 1383 aurem
2574 1329 2985 1385 accommodare
3013 1329 3255 1400 placuit,
3279 1338 3337 1385 et
3363 1331 3467 1386 hoc
3496 1340 3672 1386 nostra:
3696 1335 3844 1389 auctori-

2357 1421 2484 1476 tatis
2519 1428 2849 1492 praaceptum
2888 1422 3268 1478 immanitatis
3306 1430 3469 1493 atque
3501 1423 3710 1478 tuitionis
3737 1428 3842 1496 gratia

2359 1513 2477 1568 ﬁeri
2502 1513 2869 1580 decrevimus;
2907 1514 3200 1585 per‘quod
3235 1513 3572 1584 praecipimus
3605 1522 3732 1584 atque
3750 1517 3842 1585 jube-

2357 1621 2478 1661 mus
2509 1615 2569 1660 ut
2603 1607 2783 1661 nullus
2803 1605 2973 1675 judex
3000 1603 3287 1678 publicus,
3330 1605 3416 1661 vel
3453 1605 3840 1676 quislibetexjodi-

2358 1696 2526 1751 ciaria
2547 1705 2813 1766 potestate
2840 1698 2895 1751 in
2925 1697 3223 1764 ecclesias,
3260 1697 3350 1752 vel
3381 1697 3518 1762 loca,
3547 1705 3628 1751 aut
3651 1712 3766 1767 agros
3787 1711 3837 1751 sei

2358 1787 2592 1856 reliquas
2631 1787 3006 1858 possessiones
3041 1788 3302 1857 praedicti
3333 1787 3642 1852 monasterii,
3662 1802 3836 1856 quasna-

2359 1875 2527 1935 derno
2557 1888 2796 1950 tempore
2829 1881 2975 1952 juste
3019 1889 3077 1935 et
3125 1881 3522 1936 rationabiliter
3554 1881 3757 1950 possidet,
3788 1877 3834 1933 vel

2359 1984 2478 2038 quae
2502 1970 2666 2024 etiam
2694 1969 2950 2039 deinceps
2976 1970 3031 2024 in
3059 1968 3194 2039 jure
3222 1970 3396 2040 ipsius
3422 1970 3581 2024 sancti
3613 1969 3695 2023 loci
3723 1967 3832 2021 volve

2357 2061 2431 2114 rit
2469 2061 2651 2115 divina
2687 2061 2858 2131 pietas
2894 2062 3102 2134 augeri,
3159 2061 3231 2117 ad
3281 2078 3473 2118 causas
3515 2061 3760 2125 audiendas,
3786 2059 3832 2113 vel

2359 2151 2509 2208 freda
2538 2153 2823 2224 exigenda,
2853 2163 2945 2208 aut
2972 2154 3297 2210 mansiones
3319 2155 3404 2211 vel
3424 2164 3620 2225 paratas
3637 2152 3828 2213 faciendas,

2360 2253 2454 2300 aut
2483 2244 2827 2314 ﬁdejussores
2867 2246 3163 2314 tollendos,
3206 2256 3304 2302 aut
3342 2248 3575 2302 homines
3600 2242 3826 2304 monasterii.

2363 2345 2470 2390 tam
2498 2336 2759 2407 ingenuos
2798 2351 2960 2406 quam
2995 2345 3051 2392 et
3088 2352 3306 2403 servos,
3351 2352 3507 2408 super
3544 2345 3702 2390 terram
3729 2332 3827 2403 ipsius

2360 2435 2787 2492 commanentes,
2819 2426 3018 2497 injuste
3048 2428 3476 2500 distringendos,
3492 2442 3580 2483 nec
3599 2425 3705 2480 ullas
3719 2421 3826 2478 redhi-

2359 2515 2593 2572 bitiones
2621 2525 2714 2571 aut
2742 2517 2955 2573 illicitas
2989 2519 3316 2574 occasiones
3350 2516 3676 2588 requirendas,
3702 2511 3824 2567 posuit

2359 2617 2417 2665 et
2447 2609 2643 2665 futuris
2668 2610 3001 2680 temporibus
3032 2611 3246 2681 ingredi
3278 2610 3484 2675 audeat,
3511 2607 3585 2662 vel
3608 2623 3657 2661 ea
3678 2618 3821 2674 quasu-

2361 2717 2458 2772 pra
2506 2710 2807 2759 memorata
2848 2711 2973 2758 sunt
3012 2704 3238 2773 penitus
3279 2703 3489 2773 exigere
3525 2704 3758 2771 praesumat.
3783 2693 3819 2747 Et

2361 2793 2621 2865 quidquid
2653 2795 2720 2849 de
2751 2795 2910 2849 rebus
2943 2794 3161 2865 prmfati
3191 2793 3498 2848 monasterii
3529 2791 3660 2846 fistus
3683 2798 3817 2857 sperare

2361 2887 2579 2957 poterit,
2614 2895 2784 2941 totum
2823 2903 2922 2944 nos
2957 2902 3061 2958 pro
3099 2896 3308 2944 aeterna
3346 2883 3714 2942 remuneratione
3737 2889 3819 2946 prt-

2365 2977 2479 3034 fato
2509 2979 2844 3035 monasterio
2873 2981 3250 3046 concedimus,
3294 2987 3354 3035 ut
3391 2979 3442 3033 in
3474 2973 3680 3031 alimonia
3703 2978 3819 3039 panpe-

2364 3087 2486 3127 rum
2511 3080 2568 3128 et
2591 3072 2859 3143 stipendia
2887 3074 3286 3130 monachorum
3314 3071 3500 3126 ibidem
3532 3068 3624 3121 Deo
3653 3057 3816 3115 famulan-

2369 3163 2504 3216 tium
2532 3171 2795 3233 perpetuo
2830 3163 3082 3232 proﬁciat
3117 3163 3174 3218 in
3206 3169 3552 3233 augmentum.
3591 3152 3644 3208 Et
3667 3146 3815 3220 quam

2368 3251 2586 3322 quidem
2622 3251 2803 3306 divina
2830 3251 3120 3308 vocatione
3155 3249 3486 3322 supradictus
3515 3243 3649 3299 abbas
3669 3236 3727 3331 vel
3746 3247 3814 3331 stic:

2369 3358 2613 3402 cessores
2635 3343 2752 3414 ejus
2780 3345 2846 3401 de
2869 3346 2975 3401 hac
3009 3337 3134 3402 luce
3168 3340 3523 3415 migraverint,
3557 3329 3731 3405 quandiu
3753 3326 3812 3394 ipsi

2367 3437 2618 3492 monachi
2654 3437 2796 3491 inter
2821 3451 2880 3492 se
2908 3437 3045 3492 tales
3070 3435 3316 3491 invenire
3341 3427 3584 3504 potuerint
3613 3423 3680 3515 qni

2368 3529 2842 3599 congregationem
2870 3527 3169 3583 secundum
3199 3524 3434 3597 regulam
3461 3516 3607 3574 sancti
3633 3507 3810 3567 Benedicti

2369 3635 2556 3692 regere
2593 3621 2829 3686 valeant,
2871 3635 2969 3690 per
3016 3620 3160 3675 hanc
3201 3626 3436 3673 nostram
3476 3606 3757 3666 auctoritatem
3778 3601 3810 3647 et

2369 3727 2693 3768 consensum
2721 3712 2994 3766 licentiam
3027 3711 3268 3766 habeant
3295 3703 3507 3777 eligendi
3529 3697 3810 3755 abbatcs,qu1-

2371 3811 2528 3859 tenus
2557 3803 2700 3874 ipsos
2739 3804 3035 3859 monachos
3075 3803 3172 3874 qui
3213 3800 3406 3856 ibidem
3438 3796 3534 3850 Deo
3569 3783 3807 3874 famulaturi.

2365 3907 2467 3964 pro
2497 3863 2652 3948 nobis
2681 3900 2734 3948 et
2765 3892 2989 3964 conjuge
3022 3863 3285 3963 proleQue
3314 3895 3502 3949 nostra,
3528 3888 3653 3949 διαυθ

2370 3993 2480 4040 tate
2505 3986 2671 4038 totius
2698 3984 2907 4054 imperii
2936 3985 3110 4039 nostri
3140 3999 3172 4038 a
3202 3983 3314 4037 Deo
3341 3975 3484 4032 nobis
3501 3965 3702 4026 concessi,
3719 3965 3808 4023 ei“?

2371 4090 2475 4146 que
2501 4075 2923 4131 clementissima
2952 4076 3306 4132 miseratione
3334 4086 3426 4143 per
3455 4068 3702 4122 immensum
3728 4058 3808 4102 €00-

2371 4166 2645 4230 servandi,
2670 4167 2879 4221 Domini
2904 4167 3226 4222 immensam
3247 4158 3555 4220 clementiam
3567 4147 3713 4237 jugilel'
3726 4148 3807 4237 εξίν

2372 4277 2495 4317 rare
2519 4261 2765 4316 delectet.
2815 4259 2968 4314 Hanc
2999 4261 3184 4330 itaque
3221 4253 3579 4313 auctoritatem.
3599 4233 3807 4330 ulli“???

2371 4367 2485 4407 rem
2525 4352 2578 4406 in
2610 4351 2702 4405 Del
2737 4352 2952 4406 nomine
2989 4319 3232 4407 obtineat
3258 4349 3481 4418 vigorem
3512 4344 3556 4392 et
3588 4347 3612 4386 a
3643 4319 3802 4418 ﬁdelibus

683 4431 849 4489 situm
878 4434 933 4489 in
962 4437 1235 4493 territorio
1264 4438 1623 4496 Carcassense
1649 4456 1812 4513 super
1839 4442 2061 4500 ﬂuvium
2090 4445 2265 4508 Dura-
2293 4478 2348 4540 Β
2373 4452 2571 4500 sanctae
2594 4444 2688 4499 Dei
2715 4444 2970 4500 Ecclesiae
2993 4451 3048 4500 et
3067 4443 3268 4500 nostris
3291 4439 3460 4495 verius
3488 4428 3680 4540 credant:
3702 4409 3802 4540 ei,

683 4539 836 4592 num,
867 4535 1237 4584 constructum
1275 4531 1331 4586 in
1371 4534 1576 4590 honore
1607 4537 1779 4592 sancti
1816 4536 2040 4594 Joannis
2084 4539 2268 4609 Bapti-
2293 4511 2624 4610 1"ligentius
2664 4546 3035 4604 conservetur,
3058 4551 3221 4592 manu
3257 4530 3458 4606 prepria
3483 4521 3631 4580 subter
3647 4511 3799 4610 lim”?

685 4624 804 4684 stat,
845 4618 1039 4673 obtulit
1073 4621 1348 4678 obtutibus
1390 4626 1593 4680 nostris
1637 4628 1922 4696 quamdam
1972 4629 2269 4683 auctorita-

685 4715 798 4764 tem
827 4709 1032 4765 domini
1058 4719 1114 4767 et
1149 4713 1410 4783 genitoris
1441 4717 1614 4772 nostri
1651 4719 1829 4774 Caroli
1873 4720 1973 4790 piae
2023 4722 2272 4776 recorda-

684 4799 850 4855 tionis
893 4802 1226 4857 serenissimi
1272 4803 1538 4874 Augusti,
1586 4809 1641 4864 in
1688 4823 1795 4878 qua
1835 4818 1956 4864 erat
2004 4811 2269 4866 insertum

685 4891 916 4960 qualiter
946 4891 1089 4947 idem
1117 4891 1450 4950 Olomundus
1473 4897 1644 4968 ipsum
1667 4902 2054 4955 monasterium
2075 4917 2105 4955 a
2127 4917 2268 4957 novo

686 4983 1085 5039 construxisset
1109 4999 1292 5054 opere,
1315 4995 1371 5041 et
1400 4997 1616 5058 propter
1645 4989 1760 5058 ejus
1785 4990 2150 5048 defensionem
2180 4995 2268 5049 vel

685 5081 906 5140 propter
927 5090 1216 5144 pravorum
1247 5078 1521 5133 hominum
1551 5080 1766 5136 illicitas
1803 5082 2173 5141 infestationes
2209 5087 2266 5142 in

651 5183 658 5188 -
687 5175 847 5216 manu
886 5163 1128 5232 ejusdem
1163 5169 1363 5222 domini
1404 5170 1744 5239 imperatoris
1779 5189 1885 5227 una
1921 5191 2045 5229 cum
2075 5193 2264 5232 mona-

653 5256 658 5260 '
687 5248 805 5305 chis
834 5252 906 5308 ibi
935 5256 1252 5328 degentibus
1278 5274 1337 5314 se
1358 5263 1775 5328 commendavit,
1809 5272 1868 5318 ut
1888 5264 1988 5320 sub
2012 5265 2129 5335 ejus
2158 5269 2265 5323 tui-

757 5403 785 5480 ξ
823 5392 959 5451 Male
996 5399 1137 5480 apud
1168 5399 1420 5456 domnum
1455 5400 1760 5468 Estiennot,
1801 5403 2084 5461 indictione
2116 5406 2176 5474 8,
2210 5409 2264 5465 in

688 5477 796 5536 quo
816 5481 957 5536 Si!pr
981 5477 1176 5537 saepius
1195 5481 1378 5527 errant
1407 5487 1784 5529 amanueuses.

758 5537 790 5613 ff
826 5537 1174 5613 Mabillonius
1195 5552 1250 5595 et
1277 5541 1528 5599 Baluzius
1563 5542 1691 5598 illud
1715 5543 1947 5613 diploma
1972 5562 2092 5601 cum
2124 5563 2266 5603 anno

686 5605 1120 5690 815_copulaiit5_
1151 5611 1364 5690 Pagius,
1399 5615 1491 5684 qui
1525 5622 1711 5669 censet
1740 5605 1798 5690 iii
1822 5617 2266 5690 omnibuskdiplo-

686 5681 847 5753 matis
876 5691 986 5753 tam
1017 5697 1047 5735 a
1081 5681 1275 5753 Carolo
1302 5681 1489 5753 Magno
1520 5700 1680 5753 quam
1711 5701 1742 5738 a
1777 5685 2046 5741 Ludovico
2078 5681 2175 5744 Pio
2211 5696 2268 5743 et

690 5747 760 5804 ab
787 5751 1070 5824 utriusque
1104 5750 1229 5808 ﬁliis
1260 5747 1661 5819 ante'ejusdem
1699 5755 1953 5812 Ludovici
1991 5756 2073 5812 Pii
2115 5773 2266 5816 mor-

2371 4646 2494 4686 mus
2516 4639 2572 4685 et
2597 4628 2780 4683 annuli
2803 4627 2972 4683 nostri
3004 4626 3349 4698 impressione
3373 4613 3545 4690 signari
3557 4603 3756 4710 jussimllsv

2445 4721 2669 4792 Signum
2699 4719 2955 4775 Ludovici
2989 4716 3310 4774 serenissimi
3334 4712 3636 4792 imperatoris.

2443 4782 2732 4868 Diirandus
2785 4811 3044 4867 diaconus
3098 4811 3165 4866 ad
3206 4809 3371 4863 vicem
3414 4789 3671 4856 llelisacbar
3703 4782 3795 4832 τωο·

2373 4904 2578 4975 gnovit.

2446 4995 2582 5050 Data
2605 5009 2657 5048 vr
2682 4995 2806 5049 ldus
2836 4995 3167 5062 Decembris,
3197 4994 3226 5036 b
3256 5001 3404 5051 anno,
3425 4975 3606 5039 Christo
3626 4964 3790 5062 proli”?

2372 5088 2610 5144 secundo
2645 5087 2854 5158 imperii
2895 5089 3096 5144 domini
3135 5073 3376 5142 Ludovici
3410 5055 3788 5188 piissimi

2373 5182 2383 5188 .
2447 5181 2478 5188 -.
2544 5180 2553 5188 .
2692 5180 2719 5188 Α
2792 5178 2806 5188 Α
2867 5187 2871 5188 ,
3019 5177 3032 5188 Α
3130 5178 3140 5188 .
3303 5173 3314 5184 ο
3351 5162 3523 5188 ᾉ-Ι-ιέΑ
3773 5170 3776 5174 '

2370 5142 2664 5237 indictione
2690 5142 2743 5234 8..
2778 5142 2970 5234 Actum
3004 5142 3316 5248 Aq'uisgrani
3349 5142 3524 5240 palatio
3551 5148 3660 5220 regio
3680 5142 3716 5194 in
3732 5142 3788 5188 νει

2371 5273 2591 5328 nomine
2612 5270 2858 5327 feliciter.
2904 5270 3097 5326 Amen.

2371 5496 2588 5549 semper
2615 5472 2898 5554 inchOatas
2921 5480 3107 5554 fuisse,
3128 5477 3271 5554 illud
3291 5472 3353 5554 ad
3380 5472 3591 5554 ἒξψῇἾῇ

2373 5539 2669 5632 etaim"!
2703 5551 2995 5632 secunde!!!
3028 5539 3273 5628 Lu'devici
3309 5539 3782 5632 iﬂtfif‘fiiiio'i;

2442 5592 2495 5685 5:
2520 5592 2635 5688 'quo
2657 5620 2702 5675 is
2724 5592 3012 5688 imperialis
3037 5592 3263 5674 nominis
3289 5592 3484 5681 consors
3506 5613 3531 5650 ξι
3553 5592 3699 5654 03w”.
3716 5592 3779 5623 ⁵³⁷

2375 5707 2472 5712 __,-
2499 5699 2648 5712 κη.--
2680 5691 2843 5712 -i:-.-.-
2873 5689 2968 5712 ρης.
3021 5689 3222 5712 Αμλωιι.
3281 5683 3380 5712 Pan
3403 5669 3580 5712 uiridem
3598 5649 3779 5712 comic”

2371 5669 3242 5815 gito'piithibﬁs’ﬁﬁﬁfdéhﬁbii.
3281 5683 3381 5752 Ego
3403 5669 3580 5759 quidem

2409 5776 2499 5815 um
2533 5761 2766 5815 arbitror
2798 5761 3075 5815 indictione
3108 5762 3158 5815 8.

2409 5776 2499 5816 um
2533 5761 2766 5817 arbitror
2798 5760 3075 5818 indictione
3108 5762 3158 5818 8.
