4048 6350
231 375 372 439 1055

956 476 1092 541 XLI.

660 588 761 632 Ριιο
794 591 1045 633 Εεειιῑειιι
1077 593 1376 636 νιειικεκει.

856 670 1030 744 (Anno
1059 671 1210 744 διδ.)

227 762 408 839 [Apud
423 760 789 839 D.Bouquet.,
819 761 988 839 ibid,
1005 779 1130 835 pag.
1157 763 1370 839 486,33;
1393 763 1627 839 Cointio,
1656 772 1696 820 t.
1723 763 1811 821 VII

659 832 852 889 Annal.
882 832 1098 901 caele—3.,
1111 850 1234 904 pag.
1268 834 1423 907 560.]

301 951 360 1008 In
390 951 609 1006 nomine
640 949 851 1006 Domini
893 951 989 1006 Dei
1019 958 1075 1006 et
1121 951 1420 1007 Salvatoris
1469 953 1640 1008 nostri
1682 951 1813 1008 Iesu

226 1038 453 1111 Christi,
470 1043 790 1110 Ludovicus,
813 1043 994 1099 divina
1015 1045 1299 1101 ordinante
1322 1045 1683 1115 providentia,
1715 1045 1814 1100 im-

225 1145 450 1207 perator
476 1135 768 1207 Augustus.

303 1223 363 1280 Si
407 1240 533 1296 erga
575 1225 692 1280 loca
737 1226 932 1282 divinis
969 1226 1203 1283 cultibus
1249 1228 1558 1300 mancipata
1591 1237 1815 1299 propter

227 1329 471 1375 antorem
499 1319 615 1385 Dei,
647 1320 834 1390 eisque
864 1321 918 1374 in
945 1320 1149 1376 eisdem
1191 1321 1328 1377 locis
1362 1322 1466 1376 sibi
1496 1321 1812 1377 famulanti-

225 1415 334 1472 bus
364 1415 625 1472 beneﬁcia
660 1424 960 1486 opportuna
991 1416 1308 1486 largiamur,
1343 1418 1628 1488 praemium
1658 1417 1816 1473 nobis

225 1508 374 1578 apud
422 1507 590 1562 Deum
636 1516 854 1562 aeternae
925 1508 1380 1563 remunerationis
1433 1507 1656 1578 rependi
1706 1523 1815 1563 non

225 1596 543 1654 diuidimus.
573 1597 781 1655 Idcirco
805 1599 1019 1654 noverit
1049 1599 1294 1654 omnium
1325 1598 1564 1654 ﬁdelium
1603 1606 1817 1654 nostro-

225 1705 375 1757 rum,
400 1702 510 1745 tam
528 1690 877 1760 praesentium
896 1704 1060 1759 quam
1079 1690 1408 1756 futurorum,
1431 1689 1671 1756 solertia,
1689 1689 1815 1759 quia

221 1781 435 1854 placuit
461 1782 617 1838 nobis
637 1798 737 1854 pro
756 1781 1024 1838 mercedis
1048 1791 1248 1836 nostra:
1268 1791 1558 1852 augmento
1585 1789 1640 1835 et
1657 1788 1815 1834 teter-

1371 375 1762 437 DIPLOMA'I‘A
1798 371 2348 435 ECCLESIAS'I‘ICA.

1833 493 1890 555 Α
1912 486 2357 545 consuetudinem
2414 495 2756 553 exercemus,
2795 499 2986 542 verum
3030 488 3197 546 etiam
3243 489 3313 546 ad
3362 491 3495 551 bea-

3358 371 3500 434 1054

1915 579 2198 635 titudinem
2227 585 2444 634 aeternae
2479 575 2851 634 retributionis
2873 578 3002 634 talia
3036 581 3194 636 nobis
3212 581 3502 652 profutura

1914 673 2255 730 conﬁdimus.
2291 673 2496 730 Idcirco
2521 672 2819 744 comperiat
2845 671 3088 727 omnium
3128 671 3364 728 ﬁdelium
3394 689 3500 731 no-

1916 772 2176 831 strorum,
2201 772 2310 820 tam
2335 765 2684 836 praesentium
2706 778 2866 834 quam
2890 761 3215 830 futurorum,
3247 765 3491 832 solertia,

1915 858 2043 929 quia
2072 858 2156 912 vir
2176 857 2502 914 venerabilis
2527 857 2862 923 Tancradus,
2893 857 3031 912 abba
3071 872 3138 911 ex
3165 858 3501 913 monasterio

1913 951 2058 1022 quod
2098 952 2295 1006 dicitur
2334 951 2576 1018 Prumia,
2622 952 2766 1022 quod
2794 953 3022 1006 domnus
3063 957 3119 1004 et
3147 966 3280 1006 avus
3316 961 3504 1008 noster

1915 1040 2176 1112 Pippinus
2197 1041 2464 1112 gloriosus
2494 1057 2608 1109 rex,
2635 1055 2776 1097 novo
2802 1055 2986 1111 opere,
3013 1040 3069 1094 in
3091 1041 3297 1095 honore
3325 1041 3506 1098 sancti

1918 1131 2238 1200 Salvatoris,
2258 1149 2358 1189 ceu
2377 1143 2432 1190 et
2451 1144 2770 1190 caeterorum
2791 1145 3103 1191 sanctorum
3123 1137 3428 1192 construxit
3450 1149 3507 1205 ι,

1916 1228 2108 1284 obtulit
2135 1229 2514 1284 auctoritatem
2553 1230 2909 1285 immanitatis
2951 1230 3135 1285 domui
3161 1238 3216 1285 et
3243 1229 3508 1302 genitoris

1916 1322 2090 1377 nostri
2109 1321 2288 1378 Caroli
2309 1321 2464 1378 bona;
2482 1323 2760 1378 memoriae
2777 1322 3112 1378 serenissimi
3133 1323 3505 1394 imperatoris,

1917 1413 1972 1468 in
2026 1431 2132 1485 qua
2174 1424 2291 1471 erat
2336 1415 2599 1470 insertum
2631 1415 2862 1485 qualiter
2901 1415 3079 1486 ipsum
3113 1416 3508 1472 monasterium

1917 1505 1987 1561 ob
2017 1522 2257 1562 amorem
2285 1507 2398 1574 Dei,
2425 1506 2980 1578 tranquillitatemque
3026 1505 3258 1561 fratrum
3301 1507 3506 1562 ibidem

1917 1599 2346 1665 consistentium,
2376 1614 2590 1670 semper
2619 1599 2793 1670 ipsum
2829 1599 3220 1654 monasterium
3267 1599 3366 1653 sub
3394 1597 3505 1670 ple-

1904 1692 2141 1747 nissima
2164 1693 2393 1748 tuitione
2421 1701 2477 1748 et
2497 1691 2854 1747 immunitatis
2875 1690 3186 1747 defensione
3207 1692 3513 1748 habuisset.

1920 1780 2028 1838 Sed
2052 1797 2152 1852 pro
2174 1781 2444 1838 ﬁrmitatis
2467 1783 2646 1837 studio
2673 1781 2830 1852 petiit
2870 1780 3159 1852 praedictus
3197 1782 3336 1837 abba
3367 1781 3510 1838 Tan-

224 1890 315 1931 nte
341 1874 714 1931 retributionis
739 1873 937 1940 fructu,
962 1873 1224 1942 quasdam
1253 1887 1362 1938 res,
1389 1886 1511 1942 quze
1537 1870 1670 1926 olim
1699 1884 1816 1924 ma—
1844 1883 1892 1944 Β
1919 1873 2136 1939 cradus,
2162 1881 2221 1927 ut
2247 1873 2393 1928 circa
2416 1873 2593 1943 ipsum
2620 1872 2820 1939 locum,
2844 1874 2914 1928 ob
2939 1889 3181 1929 amorem
3208 1873 3302 1928 Dei
3327 1882 3511 1946 pater-

224 1966 302 2022 tri
329 1965 570 2022 ecclesiae
601 1965 914 2032 Viennensi,
949 1965 1042 2020 ubi
1072 1964 1233 2019 modo
1263 1963 1574 2019 Bernardus
1605 1962 1820 2017 archie-

223 2057 489 2129 piscopus
513 2064 728 2128 praeest,
754 2071 874 2127 quae
894 2063 980 2112 est
999 2063 1313 2112 constructa
1338 2054 1394 2110 in
1416 2055 1622 2110 honore
1643 2053 1817 2109 sancti

225 2147 482 2204 Mauricii
529 2149 787 2220 martyris
831 2148 1122 2204 abstracta:
1152 2153 1328 2212 erant,
1373 2160 1474 2216 pro
1503 2160 1687 2201 amore
1721 2144 1818 2200 Dei

140 2269 155 2278 -
226 2248 286 2295 et
312 2239 618 2296 reverentia
653 2239 824 2310 ipsius
851 2239 1024 2294 sancti
1051 2237 1156 2294 loci
1188 2237 1433 2303 reddere,
1458 2253 1579 2308 quae
1611 2244 1736 2292 sunt
1762 2237 1819 2291 in

227 2347 368 2405 pago
416 2331 748 2388 Vasionense
795 2332 851 2386 in
900 2331 1026 2387 villa
1064 2347 1185 2401 qua:
1228 2339 1457 2386 vocatur
1486 2329 1814 2398 Dalforiana,

228 2440 356 2480 cum
384 2424 632 2480 domibus
657 2432 713 2480 et
735 2424 999 2490 aediﬁciis,
1040 2423 1345 2494 mancipiis,
1370 2422 1680 2489 accolabus,
1709 2431 1821 2479 ter-

227 2517 327 2582 ris,
371 2515 619 2583 olivetis,
670 2516 862 2583 vineis,
913 2515 1086 2581 silvis,
1116 2514 1322 2585 pratis,
1366 2515 1614 2584 pascuis,
1665 2514 1819 2585 aquis

225 2621 562 2679 aquarumve
605 2607 961 2673 decursibus,
1004 2621 1129 2662 cum
1176 2606 1428 2662 omnibus
1485 2606 1818 2677 appendiciis

225 2698 317 2756 vel
347 2699 684 2770 adjacentiis.
732 2697 840 2754 llas
882 2700 1066 2770 itaque
1090 2713 1195 2764 res,
1229 2714 1354 2755 cum
1380 2699 1634 2755 omnibus
1661 2699 1730 2755 ad
1759 2713 1819 2754 se

224 2792 624 2866 pertinentibus
669 2791 757 2847 vel
796 2791 1202 2862 aspicientibus,
1248 2805 1369 2861 quae
1395 2791 1462 2847 de
1495 2791 1708 2847 ratione
1739 2790 1821 2860 ip-

226 2884 346 2940 sius
374 2883 514 2940 villa:
557 2885 612 2940 in
641 2884 830 2942 eadem
870 2885 1150 2956 provincia
1181 2883 1351 2959 [sunt]
1391 2886 1646 2956 praesenti
1679 2893 1816 2940 tem-

225 2991 384 3050 pore,
419 2985 592 3034 totum
623 2987 679 3035 et
716 2980 784 3035 ad
813 2980 1081 3052 integrum
1120 2979 1205 3034 vel
1235 2979 1642 3051 inexquisitum,
1674 2995 1818 3051 pra:-

227 3067 388 3125 dicta:
414 3069 710 3126 Viennensi
737 3070 980 3127 ecclesiae
1005 3087 1104 3143 per
1129 3071 1270 3128 hanc
1310 3080 1553 3128 nostram
1583 3073 1820 3128 auctori-

229 3168 398 3217 tatem
427 3161 720 3218 reddimus.
747 3162 1088 3236 Quapropter
1114 3163 1364 3220 volumus
1384 3172 1547 3235 atque
1562 3163 1817 3234 jubemus

1920 1979 2006 2018 nae
2030 1964 2340 2019 auctoritati
2370 1973 2613 2019 nostram
2653 1977 2868 2036 quoque
2899 1965 3389 2036 superadderemus
3415 1982 3512 2023 au-

1919 2055 2250 2112 ctoritatem.

1989 2147 2156 2218 Cujus
2196 2149 2444 2220 petitioni
2493 2149 2726 2206 libenter
2759 2165 3042 2206 assensum
3073 2151 3424 2219 praebuimus,
3455 2159 3516 2207 et

1919 2241 1994 2298 ita
2023 2243 2080 2298 in
2115 2243 2366 2299 omnibus
2403 2243 2790 2306 concessimus,
2822 2251 2985 2312 atque
3025 2257 3122 2313 per
3170 2244 3272 2300 hoc
3309 2260 3512 2314 praece-

1918 2345 2071 2408 ptum
2101 2344 2349 2392 nostrum
2369 2337 2831 2394 conﬁrmavimus.
2863 2337 3248 2409 Przecipientes
3273 2356 3402 2412 ergo
3422 2340 3513 2411 ju-

1918 2429 2111 2485 hemus
2151 2439 2213 2484 ut
2235 2429 2415 2484 nullus
2440 2430 2606 2501 judex
2636 2431 2903 2502 publicus,
2944 2447 3118 2502 neque
3151 2433 3408 2504 quislibet
3443 2450 3516 2491 ex

1911 2517 2202 2590 judiciaria
2222 2529 2513 2591 potestate,
2540 2521 2595 2575 in
2617 2521 2900 2588 ecclesias,
2929 2530 3023 2577 aut
3057 2523 3194 2590 loca,
3224 2524 3307 2580 vel
3329 2539 3520 2596 agros,

1918 2624 2018 2666 seu
2057 2611 2294 2682 reliquas
2329 2613 2700 2682 possessiones
2724 2613 2968 2683 praedicti
3003 2616 3344 2683 monasterii,
3376 2631 3518 2687 quas

1919 2703 2182 2760 moderno
2218 2713 2460 2776 tempore
2482 2705 2538 2760 in
2564 2705 2894 2775 quibuslibet
2921 2707 3076 2778 pagis
3107 2717 3200 2763 aut
3226 2709 3518 2768 territoriis

1920 2796 2062 2852 infra
2088 2797 2349 2852 ditionem
2382 2797 2597 2868 imperii
2620 2798 2793 2852 nostri
2817 2797 2963 2866 juste
2989 2807 3044 2854 et
3073 2799 3320 2870 legaliter
3345 2799 3519 2870 possi-

1921 2885 2104 2953 deant,
2131 2885 2218 2942 vel
2245 2901 2310 2942 ea
2353 2902 2472 2958 quae
2497 2887 2752 2958 deinceps
2778 2888 2832 2942 in
2856 2887 2980 2958 jure
3010 2889 3180 2960 ipsius
3205 2892 3376 2946 sancti
3410 2889 3519 2948 loci

1920 2977 2154 3034 voluerit
2194 2978 2377 3033 divina
2419 2979 2591 3049 pietas
2633 2979 2839 3051 augeri,
2868 2980 2936 3034 ad
2969 2995 3163 3036 causas
3191 2983 3514 3051 audiendas,

1920 3070 2007 3125 vel
2039 3069 2217 3136 freda,
2247 3078 2341 3126 aut
2365 3071 2677 3127 mansiones
2713 3071 2798 3127 vel
2839 3081 3060 3143 paratas
3091 3073 3390 3142 faciendas,
3420 3086 3520 3132 aut

1923 3162 2273 3234 ﬁdejussores
2299 3163 2585 3230 tollendos,
2609 3163 2695 3220 vel
2728 3179 2964 3229 scurras,
2993 3173 3085 3219 aut
3105 3167 3378 3237 conjectos
3405 3177 3518 3224 tam

227 3261 292 3309 ut
316 3268 418 3326 per
443 3254 584 3311 hanc
627 3264 870 3312 nostram
916 3257 1298 3313 auctoritatem
1338 3257 1540 3314 nostris
1568 3257 1822 3314 videlicet
1848 3262 1892 3326 C
1924 3253 1991 3309 de
2023 3253 2196 3309 carris
2221 3269 2384 3325 quam
2417 3256 2580 3310 etiam
2624 3255 2690 3310 de
2715 3255 3022 3325 parafredis
3042 3258 3381 3325 exactandis,
3422 3268 3520 3314 aut

227 3354 287 3402 et
315 3345 514 3404 futuris
539 3349 893 3420 temporibus,
942 3350 1213 3420 praedicta:
1256 3364 1364 3416 res,
1399 3349 1540 3405 sicut
1568 3349 1818 3422 superius

228 3437 534 3507 intulimus,
578 3450 842 3512 perpetuo
873 3441 929 3496 in
959 3439 1083 3510 jure
1125 3449 1182 3496 et
1227 3440 1595 3497 dominatione
1647 3440 1818 3512 ipsius

227 3531 476 3588 ecclesiae
504 3534 825 3600 consistant,
865 3541 928 3588 ut
969 3533 1232 3604 quidquid
1277 3533 1343 3589 de
1376 3533 1508 3604 ipsis
1548 3533 1709 3588 rebus
1749 3533 1819 3589 ob

227 3622 521 3680 utilitatem
551 3635 610 3681 et
655 3623 958 3696 profectum
998 3631 1242 3680 rectores
1270 3623 1442 3696 ipsius
1467 3623 1612 3680 sedis
1641 3622 1820 3678 facere

225 3713 520 3783 voluerint,
576 3715 746 3772 libero
801 3716 856 3771 in
909 3716 1161 3772 omnibus
1203 3715 1555 3788 perfruantur
1593 3715 1822 3772 arbitrio

228 3802 487 3864 faciendi.
522 3806 672 3864 Hanc
707 3809 906 3881 quippe
945 3809 1326 3865 auctoritatem
1345 3850 1362 3876 ,
1392 3817 1452 3865 ut
1481 3808 1692 3865 ﬁrmior
1716 3809 1821 3864 ha-

227 3897 446 3967 beatur,
471 3909 527 3956 et
546 3899 876 3972 perennibus
905 3899 1240 3970 temporibus
1273 3915 1306 3954 a
1347 3898 1594 3955 ﬁdelibus
1619 3906 1822 3955 sanctae

229 3991 331 4050 Dei
375 3991 630 4048 Ecclesiae
656 4000 711 4048 et
737 3991 941 4048 nostris
983 3991 1164 4046 verius
1195 3991 1470 4058 credatur,
1501 3998 1557 4045 et
1597 3989 1824 4059 diligen-

228 4085 342 4143 tius
369 4093 738 4152 conservetur,
762 4101 924 4142 manu
947 4085 1165 4156 propria
1193 4083 1381 4141 subter
1395 4083 1752 4161 ﬁrmavimus,
1769 4089 1826 4138 et

228 4179 420 4236 annuli
451 4179 622 4236 nostri
653 4178 1010 4249 impressione
1035 4176 1241 4249 signari
1259 4177 1544 4248 jussimus.

305 4271 532 4344 Signum
552 4270 809 4328 Ludovici
844 4269 1178 4328 serenissimi
1203 4269 1453 4341 Augusti.

304 4363 594 4420 Durandus
617 4363 875 4419 diaconus
895 4363 967 4418 ad
981 4361 1153 4417 vicem
1168 4360 1488 4418 Helisachar
1508 4361 1818 4430 recognovi.

1917 3345 2167 3402 homines
2189 3343 2430 3414 ejusdem
2451 3347 2789 3412 monasterii,
2827 3355 2935 3402 tam
2961 3348 3224 3421 ingenuos
3245 3365 3520 3422 quamque

1920 3448 1976 3497 et
2000 3454 2212 3508 servos,
2242 3455 2406 3512 super
2438 3451 2641 3496 terram
2674 3440 2845 3513 ipsius
2873 3450 3281 3496 commanentes
3316 3441 3521 3512 injuste

1921 3531 2345 3602 distringendos,
2375 3546 2478 3586 nec
2519 3530 2656 3586 ullas
2697 3531 3107 3599 redhibitiones,
3154 3541 3247 3588 aut
3303 3533 3522 3591 illicitas

1919 3623 2236 3680 occasiones
2282 3622 2637 3692 requirendas
2661 3663 2676 3688 ,
2734 3623 3096 3693 praesentibus
3155 3636 3255 3678 nec
3319 3622 3520 3680 futuris

1922 3716 2280 3786 temporibus,
2302 3715 2510 3786 ingredi
2535 3714 2750 3780 audeat,
2773 3713 2860 3768 vel
2889 3729 2955 3770 ea
2979 3729 3100 3785 qua:
3121 3729 3285 3784 supra
3311 3728 3521 3771 memo-

1923 3812 2045 3860 rata
2079 3811 2230 3870 sunt,
2262 3812 2448 3872 petere
2484 3811 2578 3856 aut
2607 3808 2863 3857 exactare
2888 3811 3202 3871 praesumat.

1960 3951 1962 3953 ,
1991 3892 2062 3948 Et
2085 3892 2348 3962 quidquid
2373 3892 2568 3947 exinde
2584 3891 2675 3962 jus
2697 3891 2816 3946 ﬁsci
2837 3893 3056 3963 exigere
3084 3902 3316 3962 poterat,
3341 3902 3518 3954 totum
3589 3937 3596 3944 .

1923 3999 2024 4041 nos
2065 3999 2164 4054 pro
2194 3990 2399 4039 aeterna
2443 3982 2882 4040 remuneratione
2921 3983 3098 4038 eidem
3145 3987 3520 4045 concessimus

1924 4074 2254 4132 monasterio
2281 4093 2294 4130 :
2325 4073 2595 4141 videlicet,
2644 4082 2704 4129 ut
2741 4075 3018 4145 perpetuis
3066 4077 3401 4147 temporibus
3458 4079 3520 4136 in

1925 4169 2236 4225 alimoniam
2282 4183 2582 4240 pauperum
2625 4176 2682 4222 et
2716 4168 3046 4240 stipendium
3099 4172 3518 4240 monachorum,

1925 4260 2126 4318 ibidem
2175 4260 2285 4316 Deo
2327 4259 2700 4326 servientium,
2750 4260 2996 4332 proﬁcnat
3045 4261 3098 4316 in
3140 4273 3516 4336 augmentum,

1926 4363 2193 4428 quatenus
2221 4355 2368 4426 ipsos
2401 4355 2725 4420 monachos,
2757 4355 2849 4426 qui
2882 4355 3083 4411 ibidem
3106 4354 3216 4411 Deo
3245 4355 3514 4413 famulan-

305 4457 443 4514 Data
476 4473 573 4513 xm
603 4456 721 4512 Kal.
746 4455 1050 4520 Ianuarias,
1072 4469 1237 4519 anno,
1262 4453 1480 4510 Christo
1508 4450 1761 4523 propitio,
1791 4450 1828 4504 2
1927 4460 2034 4516 tur,
2065 4463 2164 4522 pro
2193 4448 2349 4504 nobis
2387 4455 2443 4503 et
2470 4447 2698 4519 conjuge
2729 4447 2986 4518 proleque
3013 4455 3220 4515 nostra,
3251 4456 3306 4503 et
3349 4449 3518 4505 stabi-

231 4549 450 4620 imperii
477 4547 658 4604 domui
694 4546 952 4602 Ludovici
980 4545 1209 4618 piissimi
1233 4544 1482 4616 Augusti,
1529 4542 1825 4598 indictione

1926 4531 2273 4599 litate‘otius
2303 4541 2516 4612 imperii
2561 4557 2592 4596 a
2627 4541 2738 4597 Deo
2773 4541 2928 4597 nobis
2954 4541 3155 4607 collati,
3187 4550 3242 4598 et
3275 4540 3391 4610 ejus
3416 4543 3519 4597 im«

231 4641 289 4698 8.
314 4619 513 4697 sctum
535 4640 862 4714 Aquisgrani
890 4639 1092 4713 palatio
1117 4639 1268 4710 regio
1292 4640 1346 4695 in
1372 4637 1470 4694 Dei
1493 4637 1713 4693 nomine
1744 4635 1825 4692 fe-
1849 4619 1904 4680 Ῑ)
1929 4650 2114 4694 mensa
2139 4634 2513 4690 misericordia
2536 4650 2634 4706 per
2655 4634 2982 4690 immensum
3005 4635 3358 4690 conservandi
3375 4633 3520 4707 jugi—

233 4732 436 4790 liciter.
462 4733 658 4792 Amen.

305 4819 311 4824 ’
950 4803 1106 4860 XLII.

614 4913 714 4954 ιδιιο
749 4913 1091 4954 ΙΟΝΛΒΤΕΒΙΟ
1126 4911 1430 4954 ιηιωιιεκει.

847 4991 1022 5064 (Anno
1061 4989 1212 5064 sis.)

230 5077 574 5158 [Homheim,
608 5081 750 5138 Hist.
781 5082 986 5138 Eccles.
1021 5082 1247 5150 Trevir.,
1273 5090 1408 5137 tom.
1433 5080 1486 5149 I,
1516 5097 1638 5154 pag.
1674 5077 1824 5152 l66.]

307 5192 368 5251 In
396 5197 614 5254 nomine
628 5198 842 5253 Domini
863 5206 919 5253 et
940 5197 1237 5254 Salvatoris
1258 5197 1430 5254 nostri
1452 5195 1580 5252 Jesu
1600 5194 1825 5262 Christi,

235 5286 567 5364 Ludovicus,
589 5293 770 5350 divina
807 5293 1094 5350 ordinante
1138 5291 1499 5365 providentia,
1530 5289 1830 5360 imperator

235 5381 534 5455 Augustus.

311 5476 498 5552 [Dum]
539 5481 884 5538 sacerdotum
930 5489 988 5536 et
1033 5491 1315 5536 servorum
1361 5475 1458 5534 Dei
1515 5473 1827 5546 petitiones,

237 5581 362 5638 qua:
426 5571 583 5627 nobis
641 5586 742 5643 pro
794 5563 1209 5628 necessitatibus
1269 5568 1385 5626 suis
1440 5567 1830 5634 innotuerunt,

238 5660 313 5716 ad
369 5661 622 5736 effectum
681 5665 1026 5737 perducimus
1054 5705 1071 5734 ,
1115 5678 1225 5720 non
1271 5661 1449 5720 solum
1497 5657 1830 5732 imperialem

1930 4739 2014 4790 ter
2052 4730 2149 4787 Dei
2196 4728 2623 4786 misericordiam
2665 4742 2893 4785 exorare
2941 4726 3294 4782 delectentur.
3346 4727 3415 4782 Et
3459 4736 3520 4783 ut

1929 4827 2047 4884 haec
2071 4824 2368 4882 auctoritas
2390 4821 2596 4878 ﬁrmior
2621 4821 2903 4886 habeatur,
2918 4835 2982 4875 ac
3005 4835 3102 4890 per
3123 4828 3388 4890 tempora,
3406 4821 3516 4876 Do-

1928 4920 2078 4975 mino
2115 4917 2440 4989 opitulante,
2471 4916 2664 4971 melius
2690 4923 3061 4979 conservetur,
3105 4929 3270 4968 manu
3296 4915 3518 4986 propria
3594 4949 3605 4954 -

1928 5010 2117 5067 subter
2143 5010 2493 5081 signavimus,
2520 5016 2589 5080 et
2626 5006 2810 5063 annuli
2840 5005 3016 5062 nostri
3057 5005 3414 5075 impressione
3446 5006 3520 5062 si-

1933 5105 2085 5178 gnari
2111 5103 2392 5174 jussimus.

2005 5197 2232 5269 Signum
2264 5195 2524 5252 Ludovici
2550 5210 2728 5252 seren.
2759 5195 2888 5266 imp.
2921 5192 3168 5250 IIeliosar
3203 5195 3512 5265 recognovi.

2002 5291 2140 5348 Data
2173 5307 2234 5346 ιιι
2256 5289 2397 5346 Νοιι.
2424 5289 2610 5356 Febr.,
2638 5305 2781 5345 anno
2811 5288 3068 5355 secundo,
3094 5285 3312 5344 Christo
3337 5287 3520 5360 propi-

1931 5382 2028 5449 tio,
2051 5382 2265 5453 imperii
2293 5381 2490 5448 nostri,
2518 5381 2706 5437 indict.
2727 5379 2780 5435 8.
2805 5379 3000 5436 Actum
3021 5379 3346 5452 Aquisgrani
3365 5379 3517 5452 pala-

1933 5475 2012 5533 tio
2036 5474 2206 5546 regio,
2230 5473 2288 5530 in
2315 5473 2412 5532 Dei
2435 5473 2652 5532 nomine
2683 5471 2933 5530 feliciter.
2957 5471 3152 5528 Amen.

317 5796 752 5883 gégggqn‘tatem
793 5799 1166 5870 immanitatis,
1204 5807 1313 5859 etc.
1344 5797 1490 5883 ,Vide
1519 5810 1642 5859 eam
1671 5805 1838 5866 supra
1873 5785 1943 5846 ad
1993 5794 2199 5842 annum
2211 5777 2540 5852 775,mense
2559 5775 2850 5842 Novembri
2879 5775 3110 5856 (Patrol.
3137 5777 3517 5856 tom.XCVII,

241 5867 348 5932 ut.
381 5867 566 5944 1053).

556 5960 1041 6055 ,Ρλτιιρεο;,ς.ιγο

687 6046 756 6052 —_
774 6046 884 6054 ,φο

2886 5947 2966 6018 33
