4048 6350
253 371 390 446 i031

1387 361 1778 431 MLOMA'TA
1813 357 2366 428 EBCLESIASTlCA.
2403 357 2412 364 ’

3361 361 3550 429 1088·

249 487 662 574 imperiunm
675 483 934 550 Ludovici
951 475 1182 562 piissimi
1199 463 1758 559 numennumen
1771 484 1826 540 9.
1855 490 1908 548 Α
1933 481 2080 574 terit,
2108 487 2279 536 totum
2321 493 2424 536 nos
2447 493 2548 551 pro
2575 485 2778 537 asterna
2819 473 3258 538 remuneratione
3277 479 3510 552 praefato
3551 501 3556 504 ·

247 589 446 672 Aecum
473 585 799 660 Hquisg'raui
823 577 1026 674 palatio
1051 581 1201 653 regis
1226 581 1288 636 tu
1312 579 1408 635 Dei
1440 579 1678 634 nomine.

961 683 1123 740 XLV.

249 797 356 841 rita
391 777 728 838 transnanto
765 791 956 832 SANCTI
995 777 1200 829 lilLAilil
1236 787 1290 829 nt
1338 771 1568 830 ulmeas]
1605 775 1830 826 αλπη-

923 861 1159 902 εσκεαει.

870 939 933 1012 (Α
943 955 1045 994 una
1079 937 1232 1011 816.)
1785 979 1794 984 .

251 1035 490 1111 [Balnz.,
518 1029 776 1106 Capitu'L,
803 1027 1182 1172 ωωίιξῗᾶΐιῖῗῗ.
1214 1024 1372 1092 1409,
1409 1039 1476 1080 ex
1504 1023 1728 1081 archivo
1768 1020 1828 1078 S.

969 1115 1128 1156 nam.

319 1197 382 1252 In
414 1173 632 1250 nomine
671 1171 887 1246 Domini
927 1187 1026 1244 Dei
1071 1161 1468 1242 et‘Salvatoris
1487 1161 1668 1260 nostri
1701 1178 1834 1238 Jesu

249 1289 480 1354 Christi,
531 1284 854 1350 Ludovicus,
911 1281 1094 1338 divina
1143 1279 1428 1336 ordinante
1473 1267 1832 1348 providentia,

251 1383 546 1456 imperator
571 1377 862 1450 Augustus.
1431 1437 1434 1440 _
1625 1437 1634 1452 κ

323 1471 382 1527 Si
411 1485 546 1544 erga
587 1467 704 1524 loca
741 1464 946 1520 divinis
988 1461 1224 1520 cultibus
1259 1459 1566 1532 mancipata
1612 1464 1836 1530 propter

250 1579 492 1634 amorem
521 1561 618 1616 Dei
646 1558 868 1634 ejusque
893 1558 948 1614 in
984 1557 1191 1612 eisdem
1217 1555 1352 1611 locis
1375 1555 1478 1610 sibi
1509 1552 1838 1608 famulantes

251 1654 516 1730 beneﬁcia
543 1659 846 1726 opportuna
884 1649 1166 1721 largimur,
1195 1648 1476 1718 praemium
1511 1645 1668 1702 nobis
1695 1644 1836 1718 apud

249 1745 542 1818 Dominum
572 1752 788 1820 aeterna;
821 1735 1274 1798 remunerationis
1303 1737 1524 1809 rependi
1555 1753 1661 1792 non
1692 1735 1852 1790 didi--

251 1837 470 1914 dim_us._
503 1833 710 1890 Idcirco
756 1831 968 1888 noverit
1010 1830 1280 1900 sagacitas
1319 1845 1418 1884 seu
1469 1829 1676 1884 utilitas
1713 1842 1833 1884 om-
1861 1844 1912 1904 Β

251 1911 406 2008 nium
438 1907 674 1984 fidelium
703 1933 1034 2002 nostrorum,
1068 1931 1178 1977 tam
1217 1921 1566 1992 praesentium
1595 1933 1756 1990 quam
1783 1925 1842 1974 et

252 2005 580 2080 futurorum,
610 2013 868 2090 quoniam
891 2011 976 2090 vir
1001 2007 1329 2088 venerabilis
1371 2006 1674 2078 Monnellus
1703 2005 1839 2061 abba

253 2093 324 2165 ei:
385 2092 714 2164 monaSterio
760 2085 934 2160 sancti
991 2085 1206 2167 Hilarii,
1245 2097 1392 2172 quod
1435 2107 1522 2174 est
1571 2100 1736 2172 situm
1782 2097 1840 2150 in

253 2217 394 2274 pago
419 2199 856 2256 Carcassouense
895 2209 1056 2266 super
1101 2193 1280 2248 rivum
1327 2192 1419 2262 qui
1471 2191 1669 2246 dicitur
1701 2187 1838 2244 Leu-
1875 2249 1878 2252 ,

253 2292 414 2360 chus,
443 2297 810 2346 constructum
839 2287 894 2342 in
919 2287 1124 2340 honore
1166 2283 1339 2338 sancti
1387 2279 1666 2337 Saturnini
1694 2293 1840 2336 mar-

255 2385 414 2458 tyris,
445 2384 536 2440 ubi
563 2384 726 2439 etiam
769 2380 1059 2452 praedictus
1097 2386 1317 2434 sanctus
1353 2369 1590 2430 Hilarius
1621 2371 1838 2428 confes-

255 2459 351 2534 scr
385 2491 610 2548 corpore
656 2473 970 2546 requiescit,
1005 2471 1074 2528 ad
1125 2480 1368 2526 nostram
1423 2467 1686 2524 accedens
1732 2465 1842 2522 cle-

255 2570 539 2636 mentiam,
571 2566 760 2623 detulit
789 2564 1068 2622 obtutibus
1097 2563 1298 2618 nostris
1337 2553 1626 2630 quamdam
1657 2564 1841 2612 aucto-

255 2662 478 2716 ritatem
503 2657 704 2714 domini
738 2663 791 2712 et
827 2654 1092 2726 genitoris
1116 2651 1289 2708 nostri
1330 2649 1508 2706 Caroli
1549 2649 1706 2704 bonae
1731 2660 1844 2702 me-

255 2751 446 2806 moriae
473 2735 698 2820 piissimi
734 2745 981 2818 Augusti,
1017 2746 1072 2800 in
1101 2759 1206 2814 qua
1235 2739 1618 2798 continebatur
1653 2739 1832 2794 inser-

257 2851 372 2902 tum
394 2841 625 2912 qualiter
647 2841 788 2896 idem
810 2839 1022 2911 genitor
1041 2833 1226 2893 uester-
1251 2836 1428 2908 ipsum
1451 2832 1840 2902 monasterium

257 2931 328 3010 ad
357 2925 788 3002 deprecationem
826 2929 1242 3000 praedecessoris
1270 2927 1354 2982 sui
1398 2924 1714 3002 Nampionis
1743 2923 1840 2976 ab—

257 3015 400 3090 batis
435 3023 536 3080 sub
589 3039 687 3078 suo
728 3023 1052 3094 suscepisset
1096 3017 1470 3076 mundeburdo
1516 3017 1604 3073 vel
1649 3016 1836 3072 defen-

257 3119 434 3183 sione,
469 3103 716 3170 videlicet
758 3123 819 3168 ut
871 3113 1122 3168 monachi
1165 3113 1222 3168 iu
1272 3111 1458 3167 eodem
1510 3111 1839 3165 monasterio

1926 571 2254 633 monasterio
2277 577 2640 642 concedimus,
2671 584 2734 631 ut
2761 575 2816 630 in
2843 575 3100 630 alimonia
3125 587 3426 648 pauperum
3449 582 3514 636 et

1927 669 2190 740 stipendia
2213 665 2604 724 monachorUm
2625 666 2822 722 ibidem
2849 665 2962 721 Deo
2987 663 3366 722 famulandum
3383 669 3516 739 per-

1927 771 2092 834 petuo
2115 763 2364 835 proﬁciat
2385 765 2440 819 in
2470 772 2837 835 augmentum.
2864 755 2931 818 Et
2972 763 3404 834 quandoquidem
3430 763 3515 821 dia

1933 857 2056 910 vina
2109 857 2395 912 vocatione
2458 855 2802 927 supradictus
2853 853 2992 911 abba
3039 853 3126 909 vel
3175 859 3516 914 successores

1929 947 2048 1020 ejus
2069 947 2137 1003 de
2163 949 2264 1003 hac
2302 947 2422 1004 luce
2447 948 2823 1020 migraverint,
2852 947 3086 1018 quandiu
3127 947 3230 1018 ipsi
3255 949 3514 1005 monachi

1931 1041 2075 1097 inter
2101 1055 2160 1096 se
2189 1040 2324 1096 tales
2367 1041 2611 1096 invenire
2653 1041 2930 1112 potuerint
2957 1039 3052 1110 qui
3095 1039 3268 1110 ipsam
3295 1049 3522 1111 congreé
3555 1037 3558 1040 ’

1933 1131 2204 1203 gationem
2229 1132 2524 1188 secundum
2550 1129 2792 1202 regulam
2817 1129 2993 1186 sancti
3017 1125 3294 1186 Βεηωὶοῆ
3327 1125 3524 1200 regere

1933 1223 2174 1288 valeant,
2197 1237 2298 1292 per
2335 1223 2478 1278 hanc
2523 1229 2764 1277 nostram
2805 1221 3185 1276 auctoritatem
3209 1229 3266 1277 et
3291 1219 3524 1278 consen-

1935 1329 2054 1370 sum
2087 1315 2362 1370 licentiam
2402 1313 2652 1370 habeant.
2684 1312 2914 1383 eligendi
2953 1311 3206 1378 abbates;
3252 1315 3524 1382 quatenus

1867 1417 1872 1424 ‘
1935 1409 2084 1479 ipsos
2117 1407 2434 1472 monachos,
2481 1407 2575 1476 qui
2618 1403 2818 1462 ibidem
2866 1404 2978 1460 Deo
3021 1402 3376 1467 famulantur,
3417 1415 3524 1473 pro

1935 1500 2092 1556 nobis
2127 1507 2184 1556 et
2213 1497 2441 1570 conjuge
2483 1497 2746 1568 proleque
2785 1503 2971 1552 nostra
3020 1502 3186 1566 atque
3227 1491 3526 1551 stabilitate

1937 1595 2102 1650 totius
2131 1591 2346 1662 imperil
2375 1593 2546 1647 nostri
2577 1603 2608 1648 a
2653 1593 2766 1649 Deo
2810 1594 2967 1649 nobis
3001 1592 3267 1659 concessi,
3296 1591 3524 1662 ejusque

1936 1689 2353 1746 clementissima
2383 1685 2732 1766 miseratione
2783 1681 2882 1756 per
2923 1685 3246 1740 immensum
3297 1683 3524 1740 conser-

1937 1784 2119 1848 vandi,
2149 1781 2363 1837 Domini
2399 1781 2720 1836 immensam
2769 1779 3112 1834 clementiam
3140 1776 3350 1848 jugiter
3387 1785 3523 1832 exo-

1939 1889 2061 1932 rare
2093 1877 2341 1932 delectet.
2375 1873 2526 1929 Hanc
2563 1873 2746 1943 itaque
2785 1871 3186 1936 auctbritatem,
3217 1879 3278 1924 ut
3318 1869 3526 1940 plenio-

1937 1983 2054 2026 rem
2081 1969 2136 2024 in
2186 1967 2282 2024 Dei
2321 1967 2540 2024 nomine
2578 1967 2818 2022 obtineat
2845 1965 3086 2039 vigorem
3118 1973 3176 2020 et
3213 1981 3244 2020 a
3275 1963 3528 2020 ﬁdelibus

1935 2067 2140 2116 sanctae
2165 2059 2262 2114 Dei
2307 2058 2564 2114 Ecclesiae
2599 2065 2655 2113 et
2695 2057 2897 2113 nostris
2937 2056 3123 2112 verius
3172 2053 3428 2111 credatur
3467 2051 3528 2110 et
3571 2052 3574 2054 ’

1937 2150 2251 2220 diligentius
2299 2151 2640 2215 observetur,
2699 2163 2863 2204 manu
2915 2147 3135 2220 propria
3197 2145 3385 2202 subter
3429 2145 3526 2200 ﬁr-

1937 2243 2208 2298 mavimus
2247 2249 2304 2298 et
2347 2239 2533 2298 annuli
2580 2240 2754 2298 nostri
2789 2237 3150 2312 impre‘s'Sione
3180 2238 3383 2312 signari
3409 2238 3528 2312 jus-
3573 2235 3578 2238 ’

1937 2335 2126 2391 simus.

2645 2403 2832 2460 XLVI.

2319 2500 2422 2542 PRO
2458 2499 2710 2542 ECCLESIA
2746 2496 3150 2540 AURELIANENS‘I.

2547 2579 2720 2652 (Anno
2753 2577 2902 2650 816.)

2009 2670 2244 2743 [Baiuz.,
2272 2669 2426 2738 ibid.,
2453 2685 2520 2726 ex
2549 2669 2882 2796 charttglario
2919 2667 3164 2726 ecclesiae
3203 2665 3452 2723 Aurelia-

2617 2755 2718 2796 nen
2753 2751 2844 2796 1s;|

2617 2751 2818 2796 nensrs;
2834 2758 2844 2811 ι

2007 2835 2078 2918 In_
2093 2837 2311 2912 nomine
2346 2835 2562 2891 Domini
2590 2843 2642 2892 et
2679 2834 2979 2912 salvatoris
3001 2821 3174 2891 nostri
3202 2832 3330 2912 Iesu
3358 2833 3523 2890 Chri-

1938 2919 2028 2992 sti,
2061 2925 2387 2991 Ludovicu's,
2432 2926 2614 2982 divina
2643 2925 2929 2982 ordinante
2963 2925 3318 2996 providentia,
3361 2925 3528 2996 impe-
3577 2995 3580 2998 Α

1939 3011 2090 3074 rator
2126 3017 2418 3088 Augustus.

2018 3103 2076 3163 Si
2123 3085 2468 3163 liberalitatis
2499 3114 2704 3162 nostrae
2745 3121 2970 3162 munere
3001 3095 3133 3162 locis
3173 3106 3283 3162 Deo
3329 3085 3532 3164 dicatis

256 3199 658 3266 cummorantes
686 3219 807 3260 cum
835 3199 1087 3260 omnibus
1123 3203 1283 3258 rebus
1325 3215 1514 3254 eorum
1552 3199 1732 3270 quiete
1761 3200 1840 3272 vi-
1866 3189 1910 3250 C
1942 3196 2199 3266 quiddam
2224 3191 2552 3250 conferimus
2573 3189 2842 3260 beneﬁcii,
2872 3203 2927 3250 et
2967 3187 3320 3251 necessitates
3351 3187 3530 3282 eccle-é‘
3595 3201 3600 3208 '

259 3295 389 3354 vere
414 3297 615 3366 absque
647 3287 874 3362 alicujus
896 3289 1240 3350 infestatioue
1261 3279 1522 3346 licuisset.
1555 3288 1662 3344 Pro
1684 3287 1848 3366 ﬁrmi-

259 3390 387 3445 tatis
423 3387 653 3458 namque
684 3385 863 3441 stadio
901 3373 1196 3454 postulavit
1223 3381 1379 3436 nobis
1409 3367 1698 3458 praedictus
1735 3379 1846 3433 Μο-

258 3479 435 3535 nellus
463 3455 598 3533 abba
633 3483 694 3531 ut
741 3473 1000 3530 eumdem.
1031 3455 1428 3528 monasterium.
1467 3485 1588 3526 cum
1637 3470 1846 3526 cellulis

259 3573 364 3629 sibi
398 3569 673 3639 subjectis,
718 3582 838 3638 qua:
881 3575 1220 3635 nuncupatur
1257 3561 1601 3628 Garelianus,
1645 3567 1702 3617 et
1736 3561 1845 3616 alia

259 3679 384 3734 qua
412 3661 754 3732 nuncupatur
791 3659 962 3714 sancti
1003 3655 1244 3724 Martini,
1273 3665 1329 3712 et
1359 3655 1541 3712 villam
1565 3655 1720 3725 juxta
1767 3655 1849 3725 ip-

261 3771 384 3812 sum
409 3755 798 3834 monasterium
837 3763 958 3822 quae
977 3760 1202 3807 vocatur
1235 3747 1414 3816 Salus,
1441 3750 1532 3805 ubi
1560 3757 1646 3805 est
1677 3748 1848 3806 eccle-
1883 3807 1886 3810 ,

261 3835 343 3903 sia
369 3835 680 3902 constructa
707 3844 764 3898 in
791 3845 996 3898 honore
1024 3849 1224 3898 sanctae
1268 3839 1451 3894 Maria:
1489 3853 1705 3909 semper
1731 3839 1843 3893 vir-

263 3940 428 4010 ginis,
469 3953 629 4008 quam
653 3945 709 3992 et
751 3950 851 3991 nos
873 3935 1048 3990 eidem
1090 3933 1421 3988 monasterio
1455 3931 1843 3996 concessimus,

263 4047 388 4087 cum
414 4027 726 4097 adjacentiis
746 4025 831 4081 vel
861 4023 1127 4080 terminiis
1155 4023 1538 4094 praedictorum
1580 4019 1844 4086 locorum,

263 4119 367 4178 sub
389 4129 572 4176 nostra
595 4118 1046 4174 constitueremus
1077 4111 1388 4169 defensione
1415 4119 1469 4165 et
1493 4111 1849 4166 immunitatis

267 4214 514 4268 tuitione.
543 4209 708 4280 Cujus
731 4207 980 4277 precibus
1013 4207 1081 4260 ob
1111 4205 1360 4259 amorem
1392 4201 1490 4258 Dei
1514 4209 1568 4256 et
1598 4217 1850 4257 reveren-

267 4305 403 4359 tiam
426 4301 590 4358 divini
619 4302 794 4355 cultus
837 4297 1067 4353 libenter
1089 4311 1273 4350 aurem
1300 4293 1709 4350 accommodare
1737 4291 1849 4364 pla-

267 4395 406 4460 cuit,
444 4401 499 4448 et
537 4394 640 4447 hoc
669 4399 869 4445 nostrae
912 4388 1248 4443 auctoritatis
1277 4395 1604 4460 praeceptum
1651 4385 1849 4440 immu-

267 4485 456 4542 nitatis
483 4491 642 4553 atque
689 4479 930 4536 tuitionis
961 4477 1188 4551 gratiam
1217 4475 1334 4530 ﬁeri
1358 4477 1721 4542 decernimus,
1753 4491 1850 4546 per

269 4589 432 4647 quam
471 4541 811 4646 praecipimus
863 4541 1024 4640 atque
1049 4568 1302 4639 jubemus
1344 4575 1404 4622 ut
1447 4565 1625 4622 nullus
1677 4541 1846 4636 judex
1873 4541 1926 4603 D

269 4667 516 4740 publicus
543 4664 628 4719 vel
655 4663 877 4736 quilibet
897 4675 966 4716 ex
985 4657 1274 4730 judiciaria
1299 4665 1567 4728 potestate
1593 4658 1646 4712 in
1675 4657 1848 4712 eccle-

271 4758 384 4812 sias
435 4763 530 4810 aut
567 4755 682 4810 loca
727 4751 813 4808 vel
853 4765 1013 4824 agros
1051 4765 1148 4806 seu
1193 4749 1430 4818 reliquas
1481 4749 1848 4818 possessiones

269 4844 514 4917 praedicti
551 4843 880 4908 monasterii,
933 4857 1068 4913 quas
1108 4839 1368 4896 moderno
1414 4849 1656 4910 tempore
1703 4839 1849 4910 justc

269 4949 328 4995 et
348 4935 744 4992 rationabiliter
775 4933 1036 5006 possidet,
1079 4931 1166 4988 vel
1209 4945 1332 5002 quas
1378 4931 1542 4986 etiam
1595 4929 1848 5000 deinceps

271 5033 328 5088 in
343 5032 470 5101 jure
500 5029 668 5102 ipsius
701 5029 874 5084 sancti
918 5027 1024 5084 loci
1049 5025 1282 5082 voluerit
1323 5021 1504 5080 divina
1549 5023 1725 5092 pietas
1759 5037 1852 5076 au-

271 5123 414 5198 geri,
438 5123 506 5178 ad
546 5137 740 5178 causas
767 5119 1084 5186 audiendas,
1121 5119 1208 5175 vel
1241 5117 1394 5174 freda
1434 5115 1720 5188 exigenda,
1758 5123 1852 5170 aut

271 5213 586 5270 mansiones
636 5212 718 5269 vel
765 5215 982 5281 paratas
1024 5209 1321 5276 faciendas,
1366 5215 1459 5264 aut
1511 5206 1852 5275 ﬁdeiussores

272 5307 560 5374 tollendos,
589 5313 681 5362 aut
708 5305 954 5362 homines
989 5305 1159 5374 ipsius
1200 5301 1514 5358 monasterii
1546 5301 1660 5356 tam'
1700 5300 1852 5370 inge-

273 5415 415 5457 nuos
441 5413 604 5470 quam
644 5408 699 5456 et
747 5407 930 5456 servos
961 5411 1124 5469 super
1155 5396 1320 5466 ipsius
1375 5401 1575 5449 terram
1617 5407 1854 5449 comma-

271 5497 470 5548 nentes
491 5491 686 5562 injuste
713 5489 1132 5561 distringendos,
1159 5501 1264 5543 nec
1304 5485 1442 5541 ullas
1465 5483 1853 5540 redhibitiones

272 5591 374 5640 aut
399 5583 612 5639 illicitas
653 5569 972 5638 occasiones
1003 5579 1376 5653 requi-ren‘das,
1407 5577 1608 5633 nostris
1630 5585 1686 5633 et
1713 5573 1856 5632 futu-

273 5675 356 5730 ris
407 5673 740 5744 temporibus
784 5673 991 5744 ingredi
1044 5673 1260 5736 audeat,
1295 5671 1379 5727 vel
1429 5685 1492 5725 ea
1539 5684 1657 5740 qum
1692 5683 1854 5738 supra

277 5774 580 5821 memorata
622 5775 748 5820 sunt
776 5765 986 5834 penitus
1028 5767 1244 5838 exigere
1273 5770 1586 5835 praesumat,
1621 5771 1675 5817 et
1704 5759 1857 5831 quid-

281 5854 414 5930 quid
451 5855 520 5911 de
543 5855 704 5914 rebus
729 5854 938 5928 pnel‘at-i
979 5853 1292 5912 monasterii
1331 5855 1493 5912 ﬁscus
1519 5865 1736 5925 sperare
1761 5865 1858 5924 po—

1945 3287 2194 3342 siasticus
2219 3283 2284 3340 ad
2313 3287 2600 3356 petitiones
2626 3281 2965 3340 sacerdotum
3009 3292 3198 3340 nostro
3225 3279 3529 3356 relevamus

1939 3377 2234 3448 juvamine,
2289 3383 2452 3445 atque
2495 3371 2760 3445 imperiali
2825 3371 3039 3430 tuemur
3089 3371 3407 3440 munimine,
3467 3367 3532 3432 id
3583 3365 3588 3368 ’

1945 3470 2102 3524 nobis
2128 3477 2184 3522 et
2207 3469 2276 3523 ad
2309 3467 2596 3524 mortalem
2627 3469 2794 3523 vitam
2821 3469 3190 3538 temporaliter
3213 3471 3525 3542 transigen-

1945 3559 2069 3614 dam
2103 3551 2158 3613 et
2180 3553 2250 3615 ad
2275 3557 2535 3616 aeternam
2561 3551 2796 3616 feliciter
2813 3559 3158 3617 obtinendam
3181 3559 3527 3633 profuturtln

1947 3650 2150 3720 liquido
2180 3653 2470 3708 credimus.
2501 3650 2726 3707 Noverit
2751 3651 2955 3708 interea
2981 3655 3248 3726 sagacitas
3285 3671 3380 3716 seu
3413 3657 3526 3714 uti-
3579 3713 3587 3724 ,

1946 3741 2070 3798 liras
2095 3745 2334 3798 omnium
2380 3741 2616 3800 ﬁdelium
2647 3743 2848 3798 sanctae
2877 3741 2974 3798 Dei
3013 3743 3271 3800 Ecclesiae
3306 3749 3526 3804 nO‘Stroa
3579 3741 3582 3744 ⁴

1946 3850 2176 3906 rumque
2211 3843 2320 3889 tam
2351 3836 2700 3906 praesentium
2729 3851 2892 3920 quam
2940 3843 2996 3890 et
3046 3835 3354 3894 futurorum
3397 3840 3528 3910 quia

1946 3927 2033 3981 vi‘r
2071 3925 2395 3981 Venerabilis
2437 3923 2790 3990 Thcodult‘us,
2821 3921 3228 3984 Aurelianensis
3271 3925 3527 3987 Ecclesiae
3577 3973 3590 3980 .

1949 4017 2407 4088 archiepisc0pus,
2437 4016 2631 4072 obtulit
2663 4015 2940 4072 obtutibus
2983 4019 3186 4075 nostris
3227 4021 3526 4077 auctorita-

1949 4117 2057 4167 tein
2086 4110 2288 4165 domini
2329 4119 2384 4165 et
2426 4111 2685 4182 genitoris
2721 4107 2893 4167 nostri
2937 4112 3091 4168 bona:
3119 4115 3394 4172 memoriae
3425 4117 3525 4174 Ca-
3581 4107 3590 4114 ’

1949 4199 2048 4256 roli
2098 4200 2328 4272 piissimi
2384 4199 2613 4272 Augusti
2668 4202 2722 4258 in
2768 4220 2874 4274 qua
2917 4205 3036 4258 erat
3067 4203 3344 4261 insertum
3382 4207 3526 4278 quod

1951 4289 2092 4344 idem
2137 4290 2350 4360 genitor
2392 4299 2577 4345 noster
2622 4297 2677 4346 et
2719 4293 3144 4362 praedecessores
3191 4295 3325 4368 ejus,
3371 4297 3527 4369 reges

1950 4379 2200 4435 videlicet
2228 4379 2584 4448 Francorum,
2629 4383 2914 4440 ecclesiam
2942 4395 3144 4442 sanctae
3170 4385 3380 4456 Crucis,
3414 4392 3525 4457 cui,

1952 4481 2173 4529 auctore
2209 4474 2341 4541 Deo,
2383 4475 2498 4544 ipse
2527 4474 2856 4533 Theodult‘us
2882 4477 3270 4550 praelatus'est,
3300 4481 3400 4537 sub
3424 4499 3522 4539 suo
3585 4485 3590 4492 '

1950 4567 2247 4622 munimine
2271 4577 2325 4623 et
2353 4567 2665 4624 defensione
2693 4569 2994 4628 consistere
3039 4569 3315 4641 fecissent,
3352 4583 3406 4630 et
3432 4591 3526 4632 eo—
3587 4633 3592 4640 _

1949 4661 2074 4716 rum’
2118 4661 2518 4718 imn‘tu’nitatUm
2569 4661 2982 4720 auctoritatibus
3027 4667 3290 4722 hactenus
3335 4667 3403 4723 ab
3445 4669 3528 4724 in-

1948 4751 2576 4822 quietudinejudiciarim
2603 4751 2887 4826 potestatis
2916 4759 3101 4812 eadem
3131 4761 3337 4814 munita
3361 4769 3526 4831 atque

1950 4841 2170 4900 defensa
2221 4843 2412 4901 fuisset
2461 4847 2706 4903 ecclesia.
2747 4845 2827 4904 Ob
2859 4849 2936 4903 rei
2986 4845 3164 4905 tamen
3207 4843 3530 4908 ﬁrmitatem?
3591 4907 3596 4912 .

1948 4935 2242 5009 postulavit
2277 4939 2433 4993 nobis
2467 4937 2608 4992 idem
2642 4935 2973 4995 Theodulfus
2999 4935 3284 5010 episc0pus
3332 4951 3388 4996 ut
3430 4957 3526 5012 pa—

1951 5039 2163 5086 ternum
2190 5045 2395 5086 morem
2433 5039 2742 5102 sequentes,
2773 5027 2973 5088 nostra:
3014 5027 3370 5090 immunitatis
3390 5049 3526 5106 υπε-
3585 5083 3594 5088 .

1951 5131 2166 5193 ceptum
2191 5123 2367 5178 cidem
2393 5123 2509 5177 ﬁeri
2539 5125 2882 5178 censeremus
2901 5122 3163 5179 ecclesiae.
3191 5121 3356 5194 Cujus
3388 5125 3527 5196 peti-

1951 5214 2083 5269 tioni
2118 5213 2349 5270 libenter
2392 5215 2702 5281 annuimus,
2730 5223 2786 5270 et
2811 5213 2914 5271 hcc
2935 5209 3134 5272 nostrae
3167 5205 3529 5274 immuni‘tat‘is—

1951 5315 2279 5375 praeceptum
2307 5321 2407 5378 pro
2429 5303 2596 5361 divini
2628 5304 2804 5360 cultus
2825 5303 3010 5360 amore
3031 5311 3086 5360 et
3110 5303 3312 5362 animae"
3327 5291 3538 5362 nostrai

1954 5396 2192 5452 remedio
2221 5409 2346 5466 erga
2365 5395 2534 5465 ipsam
2550 5399 2792 5450 sanctam
2813 5393 2994 5450 sedem
3016 5387 3140 5451 ﬁeri
3155 5393 3526 5465 decrevimus;
3591 5447 3594 5450 .

1951 5503 2050 5558 per
2084 5487 2225 5558 quod
2254 5485 2594 5558 praecipimus
2621 5495 2782 5558 atque
2803 5485 3054 5558 iubemus
3075 5497 3134 5543 ut
3158 5483 3336 5546 nullus
3357 5485 3534 5560 juden
3593 5541 3596 5546 .

1947 5579 2222 5650 publicus,
2263 5579 2348 5636 vel
2392 5579 2622 5650 quilibet
2671 5596 2737 5635 ex
2766 5579 3052 5650 iudiciaria
3087 5591 3380 5654 potestate,
3434 5575 3554 5636 aut”

1955 5671 2095 5726 ullus
2129 5687 2198 5725 ex
2228 5667 2473 5725 ﬁdelibus
2503 5671 2702 5726 nostris
2747 5679 2854 5725 tam
2899 5671 3258 5742 praesentibus
3285 5686 3444 5740 quam
3474 5679 3531 5727 et

1960 5760 2152 5816 futuris
2194 5762 2246 5815 in
2277 5760 2537 5816 ecclesias
2564 5769 2656 5814 aut
2697 5761 2818 5815 loca
2851 5759 2944 5815 aut
2986 5776 3144 5830 agros
3171 5777 3264 5816 seu
3293 5753 3538 5827 reliquas

1956 5852 2328 5926 possessiones
2364 5865 2499 5924 quas
2537 5849 2795 5908 moderno
2843 5857 3082 5924 tempore
3111 5851 3168 5908 in
3201 5847 3535 5923 quibuslibet
