4048 6350
473 384 612 447 ιοῦθ

1620 366 1941 427 LUDOVICI
1979 361 2000 420 l
2040 361 2514 422 COGNOMENTO
2551 363 2639 420 ΡΠ

3611 360 3756 418 ίωθ

471 504 626 579 pagis
647 497 734 556 vel
760 491 1054 552 territoriis
1086 491 1229 546 infra
1262 488 1523 545 ditionem
1550 485 1766 555 imperii
1789 483 1960 538 nostri
1977 485 2066 550 ju-

2182 478 2511 534 iuctoritatis
2540 483 2740 532 nostras
2777 471 3103 530 beneﬁcium
3130 473 3306 530 eidem
3328 473 3759 530 concederemus

473 606 558 655 ste
579 604 635 651 et
655 591 904 665 legaliter
936 593 1408 644 memorata-tenet
1429 583 1514 639 vel
1543 581 1784 653 possidet
1815 579 2060 643 ecclesia,

474 706 576 749 nec
604 689 658 743 in
698 702 792 740 eas
827 700 915 738 res
941 696 1062 752 quae
1089 681 1342 749 deinceps
1366 695 1397 732 a
1427 677 1709 733 catholicis
1735 676 1869 730 viris
1890 674 2064 730 eidem

473 779 684 836 collata:
731 773 933 829 fuerint
971 770 1234 835 ecclesiae,
1286 768 1352 822 ad
1387 783 1580 823 causas
1619 765 1936 831 audiendas,
1982 762 2066 818 vel

471 869 627 927 freda
657 876 750 922 aut
777 866 979 920 tributa
1011 861 1296 932 exigenda,
1326 869 1419 915 aut
1453 859 1764 914 mansiones
1789 859 1876 912 vel
1902 871 2067 927 para-

473 967 560 1016 tas
584 957 880 1020 faciendas,
909 963 1003 1008 aut
1021 951 1366 1020 ﬁdejussores
1388 951 1672 1016 tollendos,
1702 958 1798 1004 aut
1819 948 2067 1004 homines

474 1057 649 1128 ipsius
701 1051 945 1110 ecclesiae
986 1058 1097 1104 tam
1148 1048 1409 1117 ingenuos
1462 1062 1626 1116 quam
1671 1060 1858 1100 servos
1908 1057 2069 1114 super

475 1156 656 1203 terras
683 1144 851 1216 ipsius
891 1147 1298 1198 eommanentes
1341 1139 1758 1210 distringendos,
1797 1151 1898 1192 nec
1929 1135 2069 1190 ullas

475 1238 870 1297 redhibitioncs
915 1244 1008 1289 aut
1049 1233 1266 1289 illicitas
1319 1232 1636 1288 occasiones
1685 1230 2066 1300 requirendas,

476 1329 682 1387 nostris
707 1335 760 1383 et
794 1326 988 1381 futuris
1019 1325 1352 1394 temporibus
1378 1323 1587 1394 ingredi
1622 1322 1851 1388 audeat,
1870 1337 1972 1377 nec
2004 1337 2070 1377 ea

479 1437 604 1494 qua:
633 1436 795 1492 supra
841 1426 1144 1474 memorata
1173 1426 1298 1472 sunt
1344 1417 1561 1488 exigere
1606 1415 1822 1486 penitus
1867 1430 2073 1484 praesu-

479 1523 616 1572 mat.
649 1513 756 1568 Sed
782 1513 943 1568 liceat
975 1510 1201 1582 praefato
1224 1510 1442 1582 prtesuli
1482 1510 1702 1580 suisque
1744 1509 2073 1565 successori-

478 1603 584 1660 bus
605 1619 692 1659 res
721 1601 992 1672 praedictae
1035 1600 1302 1666 ecclesiae,
1346 1616 1468 1654 cum
1511 1600 1719 1656 cellulis
1750 1601 1856 1654 sibi
1895 1598 2072 1668 subje-

478 1695 585 1751 ctis
609 1703 664 1750 et
692 1694 854 1749 rebus
881 1693 966 1747 vel
1008 1693 1318 1748 hominibus
1349 1694 1417 1747 ad
1456 1708 1513 1748 se
1557 1693 1945 1762 aspicientibus
1987 1692 2074 1748 vel

476 1786 902 1858 pertinentibus,
935 1785 1035 1840 sub
1087 1784 1331 1839 tuitionis
1360 1792 1521 1854 atque
1566 1785 1927 1839 immunitatis
1975 1799 2073 1840 no-

2168 571 2254 627 vel
2283 570 2730 627 conﬁrmaremus
2749 567 3102 623 monasterio.
3125 565 3291 642 Cujus
3319 566 3574 639 precibus
3597 566 3765 621 nobis

2169 668 2238 721 ob
2290 680 2528 721 amorem
2568 663 2664 718 Dei
2703 671 2760 718 et
2813 663 3219 717 venerationem
3269 662 3446 716 sancti
3495 657 3767 716 Germani

2168 755 2440 828 pontiﬁcis
2491 762 2545 810 et
2590 755 2694 809 hoc
2736 761 3068 824 praeceptum
3120 752 3500 808 muniﬁcentiae
3555 759 3770 808 nostra:

2170 847 2446 903 ﬁrmitatis
2476 847 2651 918 gratia
2702 847 2851 901 circa
2893 845 3073 915 ipsum
3117 846 3508 901 monasterium
3541 845 3668 900 ﬁeri
3708 844 3775 898 ii-

2169 939 2319 1004 buit';
2349 953 2447 1008 per
2475 938 2620 1008 quod
2639 935 2892 1006 iubemus
2925 945 3087 1006 atque
3127 937 3467 1006 praecipimus
3491 946 3552 991 ut
3579 937 3776 993 nullus

2164 1028 2331 1099 judex
2356 1030 2606 1100 publicus
2644 1029 2730 1085 vel
2775 1029 3002 1099 quilibet
3045 1044 3112 1084 ex
3154 1030 3442 1099 iudiciaria
3489 1040 3778 1101 potestate

2171 1121 2457 1192 prredictas
2487 1129 2722 1192 quatuor
2746 1135 2933 1188 naves,
2975 1137 3096 1192 quae
3130 1135 3231 1192 per
3274 1120 3497 1176 ﬂuvium
3549 1122 3783 1191 Ligeris

2171 1210 2257 1266 vel
2290 1227 2389 1282 per
2415 1220 2610 1266 caetera
2636 1210 2859 1266 ﬁumina
2884 1209 3028 1266 infra
3056 1211 3318 1266 ditionem
3347 1210 3561 1280 imperii
3585 1213 3781 1267 nostri

2173 1302 2245 1357 ob
2274 1302 2566 1357 utilitatem
2593 1309 2649 1356 et
2684 1301 3064 1358 necessitatem
3111 1301 3282 1372 ipsius
3303 1304 3616 1358 monasterii
3659 1303 3786 1358 dis-

2177 1401 2425 1460 currunt,
2443 1393 2512 1450 ad
2532 1409 2882 1464 quascunque
2895 1395 3165 1460 civitates,
3181 1394 3424 1461 castella,
3439 1403 3528 1449 aut
3551 1403 3785 1465 portus,

2175 1486 2260 1541 vel
2305 1495 2501 1542 caetera
2544 1486 2662 1541 loca
2714 1500 2994 1542 accessum
3023 1487 3346 1552 habuerint,
3381 1487 3559 1542 nullus
3585 1501 3663 1541 ex
3697 1487 3788 1542 eis

2177 1587 2273 1632 aut
2298 1577 2606 1633 hominibus
2636 1578 2729 1648 qui
2775 1592 2870 1633 eas
2897 1579 3198 1648 prazvident
3244 1578 3447 1634 nullum
3490 1579 3787 1634 teloneum

2177 1676 2271 1723 aut
2304 1669 2596 1740 ripatieum
2623 1685 2689 1724 au
2717 1671 3046 1739 portaticum
3084 1678 3176 1725 aut
3203 1671 3535 1741 pontaticum
3565 1679 3669 1726 aut
3699 1687 3791 1726 sa—

2179 1761 2462 1816 lutaticum
2483 1768 2577 1814 aut
2601 1762 2962 1831 cispitaticum
2990 1769 3084 1818 aut
3108 1763 3432 1819 cwnaticum
3457 1773 3548 1819 aut
3568 1764 3790 1834 pastio-

476 1847 607 1932 ἐπὶ
633 1847 965 1938 defensiohe,
1005 1883 1215 1929 remota
1242 1875 1404 1929 muns
1436 1847 1745 1945 iudiciaria,
1785 1875 2070 1943 potestatis
2100 1847 2148 1906 B
2177 1867 2300 1906 nem
2318 1859 2414 1945 aut
2442 1850 2774 1907 laudaticum
2803 1861 2897 1908 aut
2921 1855 3250 1910 tranaticum
3267 1854 3790 1926 autpulveraticum

477 1968 876 2038 inquietudine,
915 1967 1099 2038 quieto
1144 1981 1208 2021 ac
1251 1966 1424 2022 libero
1461 1967 1651 2022 ordine
1683 1967 1982 2038 possidere,
2015 1975 2072 2022 et

477 2069 669 2116 nostro
693 2060 923 2116 ﬁdeliter
947 2073 1141 2130 parere
1183 2061 1429 2131 imperio,
1457 2068 1621 2130 atque
1661 2075 1760 2130 pro
1789 2059 2072 2114 incolumi-

483 2160 594 2208 tate
634 2161 840 2219 nostra,
869 2152 1114 2222 conjugis
1139 2167 1202 2206 ac
1241 2152 1431 2221 prolis,
1460 2168 1554 2206 seu
1583 2153 1746 2206 etiam
1775 2151 1942 2206 totius
1972 2152 2075 2205 im-

475 2244 618 2314 perii
645 2259 677 2298 a
715 2243 824 2298 Deo
853 2243 1010 2298 nobis
1042 2241 1223 2297 collati
1254 2241 1478 2312 ejusque
1514 2242 1936 2297 clementissima
1967 2241 2073 2296 mi-

479 2336 754 2393 seratione
774 2351 872 2406 per
907 2336 1231 2390 immensum
1261 2334 1613 2389 conservandi
1639 2333 1935 2389 stabilitate
1964 2347 2071 2386 una

481 2443 610 2482 cum
643 2426 789 2482 clero
841 2435 898 2481 et
924 2424 1120 2496 populo
1158 2424 1258 2479 sibi
1302 2421 1543 2492 subjecto
1593 2422 1690 2478 Dei
1750 2423 2072 2478 immensam

479 2519 821 2577 clementiam
843 2517 1048 2591 jugiter
1071 2533 1318 2574 exorare.
1349 2518 1416 2572 Et
1445 2517 1708 2588 quidquid
1734 2518 1802 2572 de
1831 2515 2072 2588 prmfatze

475 2615 644 2670 rebus
679 2613 919 2669 ecclesia:
939 2611 1030 2680 jus
1059 2612 1175 2667 ﬁsci
1199 2611 1416 2682 exigere
1448 2616 1684 2679 poterat,
1716 2609 1771 2663 in
1798 2609 2074 2680 integrum

479 2706 657 2762 eidem
710 2704 1082 2761 concessimus
1133 2703 1401 2767 ecclesiae,
1453 2701 1660 2755 scilicet
1702 2708 1763 2755 ut
1813 2708 2073 2770 perpetuo

479 2806 725 2866 tempore
754 2796 809 2850 in
839 2794 1029 2850 eodem
1076 2793 1194 2848 loco
1223 2794 1333 2848 Deo
1377 2790 1767 2846 famulantibus
1815 2789 1881 2843 ad
1909 2804 2072 2859 pera-

479 2888 712 2960 gendum
744 2886 840 2941 Dei
867 2885 1147 2941 servitium
1175 2889 1526 2954 augmentum
1554 2890 1610 2936 et
1639 2879 2074 2950 supplementum

476 2979 574 3036 sit.
608 2977 760 3033 lianc
799 2993 928 3032 vero
960 2975 1364 3040 auctoritatem,
1418 2981 1479 3028 ut
1527 2973 1826 3042 pleniorem
1876 2972 1932 3026 in
1976 2971 2074 3027 Dei

480 3070 703 3126 nomine
732 3068 977 3124 obtineat
1003 3067 1270 3137 vigorem,
1302 3073 1356 3121 et
1383 3081 1414 3119 a
1452 3065 1702 3121 ﬁdelibus
1748 3071 1949 3119 sanctae
1977 3062 2074 3119 Dei

479 3161 739 3220 Ecclesize
770 3169 825 3216 et
861 3158 1064 3215 nostris
1084 3174 1182 3229 per
1213 3158 1464 3212 diuturna
1486 3164 1734 3226 tempora
1761 3155 2074 3226 diligentius

2175 1950 2269 1998 aut
2289 1943 2458 1998 ullum
2481 1959 2771 2000 occursum
2791 1945 2878 2001 vel
2901 1945 3073 2001 ullum
3095 1962 3318 2002 censum
3345 1957 3436 2004 aut
3457 1949 3622 2003 ullam
3651 1949 3792 2004 red-

2175 2033 2493 2089 hibitionem
2536 2034 2787 2105 accipere
2808 2035 2892 2091 vel
2919 2036 3136 2106 exigere
3161 2039 3391 2106 audeat;
3437 2039 3532 2095 sed
3560 2039 3793 2096 licitum

2175 2125 2267 2191 sit,
2298 2125 2502 2195 absque
2529 2125 2758 2195 alicujus
2801 2127 2990 2183 illicita
3025 2130 3414 2186 contrarietate
3451 2132 3538 2186 vel
3582 2131 3793 2188 deten—

2175 2214 2344 2281 tione,
2375 2230 2474 2286 per
2511 2216 2654 2273 hanc
2684 2215 2929 2274 nostram
2954 2221 3335 2278 auctoritatem
3371 2237 3536 2278 naves
3575 2232 3630 2278 et
3675 2225 3792 2280 bo-

2174 2306 2352 2363 mines
2378 2308 2471 2377 qui
2499 2324 2592 2364 eas
2619 2310 2919 2380 praevidere
2959 2312 3181 2380 debent,
3209 2329 3333 2369 cum
3374 2316 3442 2370 iis
3476 2332 3600 2386 qua:
3623 2317 3794 2374 defe-

2175 2407 2326 2466 runt,
2370 2400 2543 2456 libere
2568 2413 2731 2471 atque
2761 2417 2954 2458 secure
2979 2403 3058 2458 ire
3083 2413 3136 2459 et
3168 2405 3365 2462 redire.
3394 2406 3460 2460 Et
3482 2407 3528 2461 si
3561 2407 3794 2477 aliquas

2177 2506 2361 2547 moras
2405 2493 2460 2548 in
2500 2493 2743 2564 quolibet
2769 2493 2889 2550 loco
2912 2493 3165 2562 fecerint,
3191 2506 3285 2552 aut
3314 2499 3517 2569 aliquid
3542 2503 3794 2556 mercati

2176 2581 2379 2637 fuerint
2406 2592 2500 2638 aut
2526 2587 2908 2654 vendiderint,
2938 2589 3072 2643 nihil
3103 2591 3171 2647 ab
3201 2591 3284 2646 eis
3316 2606 3541 2661 prorsus
3565 2634 3580 2658 ,
3609 2601 3676 2647 ut
3711 2594 3798 2649 di—

2178 2682 2323 2730 ctum
2348 2686 2454 2742 est,
2486 2678 2751 2749 exigatur.
2766 2680 2894 2738 Haec
2912 2697 3044 2738 vero
3061 2683 3362 2739 auctoritas
3380 2692 3440 2738 ut
3469 2683 3794 2754 pleniorem

2178 2766 2235 2822 in
2259 2767 2355 2823 Dei
2383 2771 2604 2828 nomine
2625 2773 2870 2830 obtineat
2894 2777 3133 2848 vigorem
3158 2788 3213 2835 et
3241 2796 3272 2835 a
3300 2779 3546 2837 ﬁdelibus
3571 2792 3796 2838 sanctas

2179 2855 2277 2911 Dei
2303 2857 2562 2916 Ecclesia:
2590 2873 2644 2918 et
2673 2866 2877 2922 nostris
2898 2869 3081 2924 verius
3103 2871 3362 2927 credatur
3381 2882 3436 2927 et
3458 2872 3798 2944 diligentius

2179 2960 2550 3017 conservetur,
2585 2969 2752 3010 manu
2776 2959 2995 3030 propria
3022 2961 3210 3018 subter
3244 2963 3579 3020 ﬁrmavimus
3606 2973 3664 3021 et
3688 2982 3797 3022 an-

2179 3040 2295 3096 nuli
2323 3045 2497 3100 nostri
2538 3046 2900 3118 impressione
2925 3052 3129 3124 signari
3145 3053 3429 3124 jussimus.

2250 3133 2445 3191 Datum
2470 3153 2522 3193 vi
2547 3138 2671 3196 ldus
2694 3140 2895 3210 Martii,
2911 3160 3076 3212 anno,
3112 3145 3329 3204 Christo
3351 3149 3587 3221 pmpitio
3615 3152 3793 3206 tertio

479 3264 855 3320 conservetur,
907 3270 1073 3309 manu
1117 3253 1336 3323 propria
1385 3252 1570 3307 subter
1614 3249 1971 3318 ﬁrmavimus,
2023 3257 2078 3306 ει
2105 3221 2150 3287 C
2181 3225 2392 3323 imperii
2418 3231 2619 3286 domini
2648 3232 2907 3292 Ludovici
2935 3238 3164 3308 piissimi
3191 3239 3440 3312 Augusti,
3475 3243 3791 3299 indictione

479 3347 668 3404 annuli
691 3346 865 3402 nostri
892 3345 1251 3416 impressione
1278 3343 1483 3416 signari
1505 3342 1792 3415 jussimus.

1179 3455 1384 3510 XLVII.

589 3565 691 3607 PRO
729 3561 1068 3605 »ιοΝΑςι-Εῐιιο
1097 3562 1143 3602 8-
1179 3561 1414 3601 GERIANI
1454 3560 1972 3602 ANTISSIODORENSIS.

1102 3634 1274 3708 (Anno
1321 3635 1446 3691 816.

485 3731 666 3809 [Apud
679 3731 884 3796 Baluz.,
910 3729 1064 3795 wid.,
1090 3744 1215 3811 pag.
1234 3728 1394 3811 lilii,
1415 3730 1841 3811 exchartulario
1859 3729 1916 3787 S.
1941 3729 2075 3788 Ger-

1035 3801 1182 3856 mani
1223 3800 1546 3874 Antissiod.]

553 3901 613 3958 In
638 3901 857 3958 nomine
883 3899 978 3954 Dei
1011 3906 1066 3953 et
1113 3894 1412 3953 Salvatoris
1461 3897 1635 3952 nostri
1665 3895 1795 3954 Jesu
1835 3896 2076 3966 Christi,

482 3995 814 4061 Ludovicus,
846 3994 1028 4049 divina
1062 3991 1350 4046 ordinante
1375 3991 1748 4060 providentia,
1782 3993 2079 4064 imperator

482 4089 780 4159 Augustus,
810 4086 1060 4141 omnibus
1099 4083 1368 4153 episcopis
1394 4124 1408 4150 ,
1444 4084 1732 4139 abbatibus
1757 4126 1771 4151 ,
1803 4085 2030 4141 ducibus
2061 4127 2075 4152 ,

484 4182 795 4246 comitibus,
827 4178 1066 4242 vicariis,
1098 4177 1449 4241 centenariis,
1473 4175 1805 4242 teloneariis,
1831 4178 2080 4232 actiona-

484 4274 606 4339 riis,
636 4273 720 4328 vel
745 4271 998 4327 omnibus
1026 4267 1414 4339 rempublicam
1445 4267 1949 4326 administrantibus
1980 4286 2078 4326 seu

484 4367 697 4421 caneris
721 4365 967 4420 ﬁdelibus
994 4371 1195 4418 sancta:
1222 4361 1318 4416 Dei
1364 4360 1619 4418 Ecclesia:
1648 4370 1704 4418 et
1731 4363 1935 4418 nostris
1967 4371 2079 4417 tam

481 4454 844 4526 prtesentibus
875 4469 1036 4524 quam
1062 4451 1280 4507 futuris.

559 4543 757 4599 Notum
808 4545 878 4599 sit
909 4544 1036 4615 quia
1069 4543 1397 4598 venerabilis
1432 4543 1742 4614 Alegrerus,
1793 4546 1962 4601 abbas
2008 4562 2076 4602 ex

482 4635 818 4691 monasterio
849 4634 1025 4689 sancti
1057 4634 1313 4689 Germani
1349 4674 1362 4699 ,
1412 4635 1555 4703 quod
1585 4644 1671 4689 est
1698 4645 2074 4692 constructum

484 4727 541 4782 in
568 4727 828 4782 suburbio
867 4725 1357 4780 Antissiodorensis
1394 4725 1663 4791 civitatis,
1691 4726 1780 4780 ubi
1810 4728 1923 4797 ipse
1953 4745 2076 4784 san-

483 4827 606 4877 ctus
641 4836 868 4892 corpore
920 4820 1227 4889 requiescit,
1278 4820 1466 4876 detulit
1509 4822 1665 4876 nobis
1692 4824 2075 4877 auctoritatem

485 4911 572 4966 avi
620 4911 792 4967 nostri
842 4910 1055 4981 Pippini
1106 4911 1251 4982 regis
1294 4919 1347 4964 et
1391 4909 1569 4966 Caroli
1604 4913 1761 4967 bona:
1799 4913 2075 4968 memori-.13

485 5001 748 5072 genitoris
778 4985 946 5056 nostri
961 5001 1190 5070 piissimi
1217 5000 1446 5077 Augusti
1477 5017 1570 5057 seu
1592 5011 1646 5058 et
1668 5013 2073 5060 antecesserunt

485 5100 822 5159 nostrorum,
868 5108 1055 5164 regum
1104 5091 1358 5148 videlicet
1410 5093 1765 5162 Francorum,
1797 5096 1850 5150 in
1881 5097 2075 5166 quibus

487 5184 862 5240 continebatur
897 5186 1132 5256 qualiter
1175 5186 1276 5256 ipsi
1321 5186 1391 5242 ob
1437 5195 1652 5242 mterna:
1705 5188 2074 5245 retributionis

484 5275 726 5331 fructum
765 5278 1160 5331 concessissent
1194 5275 1372 5330 eidem
1413 5279 1745 5333 monasterio
1805 5279 2072 5335 teloneum

485 5366 556 5423 de
580 5373 810 5437 quatuor
835 5369 1062 5424 navibus
1093 5384 1214 5440 quae
1241 5384 1338 5438 per
1364 5369 1573 5441 Ligeris
1601 5369 1799 5426 ﬁumen
1837 5387 1931 5427 seu
1972 5389 2075 5428 cre-

486 5467 609 5517 tera
635 5457 857 5513 ﬁumina
879 5471 1097 5530 propter
1121 5463 1201 5517 sal
1221 5470 1274 5517 et
1302 5471 1497 5518 caetera
1517 5465 1845 5520 commercia
1869 5466 2076 5522 discur-

485 5551 698 5614 rebant,
729 5552 1085 5623 undecunque
1114 5554 1275 5610 ﬁscus
1305 5545 1570 5612 teloneum
1595 5557 1810 5628 exigere
1835 5567 2069 5628 poterat.

485 5641 596 5718 Pro
624 5641 896 5699 ﬁrmitatis
926 5659 1158 5715 namque
1186 5647 1364 5702 studio
1389 5647 1684 5718 postulavit
1724 5649 1882 5702 nobis
1927 5664 2069 5718 prae-

486 5733 633 5793 fatus
671 5737 964 5809 Alegrerus
995 5737 1159 5792 abbas
1188 5747 1247 5791 ut
1271 5749 1552 5806 paternum
1587 5756 1682 5794 seu
1713 5741 2073 5809 prmdecesso—

488 5842 610 5895 rum
639 5838 948 5891 nostrorum
981 5844 1164 5902 regum
1195 5845 1396 5886 morem
1424 5841 1727 5903 sequentes,
1761 5833 2071 5915 bujusmodi

2103 4597 2156 4657 D

2079 5913 2138 5933 κ...

2182 3321 2237 3376 9.
2269 3321 2467 3378 Actum
2494 3323 2820 3397 Aquisgrani
2856 3329 3059 3400 palatio
3109 3333 3259 3403 regio
3306 3335 3362 3391 in
3411 3333 3505 3392 Dei
3553 3336 3796 3394 nomine

2181 3409 2432 3469 feliciter.
2455 3414 2650 3473 Amen.

2867 3513 3099 3571 XLVIII.

2523 3623 2623 3663 PRO
2651 3622 2994 3668 κοΝΑδτειιιο
3023 3629 3436 3672 CORMARICENSI.

2800 3701 2972 3775 (Anno
2999 3705 3148 3780 816.)

2185 3810 2383 3885 [Apud
2439 3812 2650 3884 Baluz.,
2689 3819 3369 3946 ibid.,Tel:onchartulario
3434 3825 3494 3883 S.
3557 3826 3788 3886 Martini

2909 3908 3060 3948 lll'OIl.

2861 3893 3060 3948 Turon.

2254 3975 2312 4030 In
2348 3963 2581 4034 nomine.
2609 3978 2820 4036 Domini
2851 3981 2947 4038 Dei
2981 3993 3036 4039 et
3078 3893 3387 4044 ]Salvatoris
3428 3992 3602 4047 nostri
3646 3991 3784 4049 Jcsn

2184 4066 2405 4134 Christi,
2434 4069 2758 4139 Ludovicus,
2793 4073 2974 4129 divina
3014 4076 3303 4134 ordinante
3333 4079 3648 4150 clementia,
3676 4083 3785 4139 im-

2184 4170 2402 4230 perator
2424 4162 2722 4235 Augustus.

2259 4251 2315 4307 Si
2346 4255 2701 4324 petitionibus
2732 4275 3012 4318 servorum
3044 4264 3142 4321 Dei
3185 4281 3284 4335 pro
3312 4268 3636 4339 quibuslibet
3675 4285 3782 4326 ec-

2184 4343 2506 4401 clesiasticis
2535 4351 2952 4409 necessitatibus
2981 4370 3142 4410 aures
3180 4367 3398 4415 nostras
3443 4360 3783 4430 pulsantium

2185 4435 2416 4493 libenter
2443 4441 2731 4498 annuimus
2759 4452 2814 4499 et
2848 4445 2915 4501 ad
2945 4447 3137 4502 divinae
3167 4453 3423 4520 potentiae
3448 4453 3504 4507 in
3546 4453 3784 4510 Domino

2185 4528 2381 4586 dicatis
2427 4523 2562 4588 locis
2603 4534 2824 4592 uberius
2867 4537 3237 4598 famulandum
3289 4546 3554 4602 auxilium
3601 4551 3788 4620 porri-

2183 4624 2380 4694 gimus,
2416 4625 2468 4680 id
2495 4627 2652 4682 nobis
2676 4630 2865 4699 procul
2908 4633 3071 4689 dubio
3101 4644 3157 4690 et
3182 4637 3250 4692 ad
3291 4641 3580 4697 mortalem
3606 4644 3782 4700 vitam

2185 4717 2536 4788 temporalem
2557 4721 2926 4780 deducendam
2949 4737 3005 4780 et
3026 4728 3093 4783 ad
3124 4729 3357 4787 futuram
3382 4733 3620 4792 feliciter
3640 4737 3784 4792 obti-

2184 4811 2417 4866 nendam
2461 4814 2803 4870 commodum
2848 4821 3134 4888 pervenire
3179 4824 3524 4882 conﬁdimus.
3576 4827 3780 4884 Notum

2184 4906 2350 4977 igitur
2375 4924 2495 4964 esse
2521 4910 2768 4969 volumus
2798 4917 3006 4971 cunctis
3045 4917 3291 4974 ﬁdelibus
3315 4921 3543 4988 nostris,
3565 4924 3781 4993 episco—

2184 4999 2268 5070 pis
2296 5001 2566 5067 videlicet,
2596 5003 2903 5072 abbatibus,
2928 5007 3168 5078 virisque
3199 4997 3499 5067 illustribus
3523 5013 3779 5080 ducibus,

2181 5093 2489 5158 comitibus,
2534 5096 2866 5166 domesticis,
2919 5100 3270 5170 graﬁonibus,
3303 5104 3545 5171 vicariis,
3591 5116 3782 5161 cente-

2180 5187 2370 5253 nariis,
2402 5203 2699 5259 eorumque
2731 5191 3061 5261 junioribus,
3109 5210 3320 5250 necnon
3351 5197 3540 5252 missis
3567 5199 3778 5253 nostris

2180 5295 2278 5350 per
2324 5282 2635 5337 universum
2694 5284 2978 5355 imperium
3017 5295 3267 5343 nostrum
3314 5288 3777 5353 discurrentibus,

2181 5387 2277 5428 seu
2303 5374 2468 5429 etiam
2515 5376 2728 5431 caeteris
2771 5376 3016 5433 ﬁdelibus
3066 5389 3268 5435 sancta:
3305 5380 3402 5436 Dei
3434 5382 3693 5438 Ecclesia:
3723 5392 3782 5437 et

2182 5467 2385 5521 nostris
2406 5470 2764 5538 przesentibus
2790 5469 2996 5526 scilicet
3025 5479 3080 5526 et
3121 5469 3335 5539 futuris,
3369 5475 3497 5544 quia
3525 5475 3664 5529 adiit
3692 5489 3782 5531 se-

2181 5548 2466 5613 renitatem
2494 5558 2745 5615 culminis
2767 5562 2941 5617 nostri
2967 5563 3291 5619 venerabilis
3315 5565 3401 5619 vir
3428 5564 3776 5636 Fredegisus,

2179 5648 2349 5703 abbas
2379 5664 2445 5704 ex
2471 5652 2804 5708 monasterio
2831 5654 3121 5723 peculiaris
3143 5657 3358 5726 patroni
3395 5659 3568 5713 nostri
3598 5659 3776 5711 sancti

2179 5737 2420 5805 Martini,
2468 5741 2557 5795 ubi
2599 5743 2840 5813 ejusdem
2874 5745 3279 5816 prteclarissimi
3321 5749 3424 5802 viri
3463 5745 3776 5804 venerabile

2181 5847 2381 5929 corpus
2402 5833 2713 5927 requiescit,
2760 5834 2942 5912 ferens
2969 5838 3222 5902 manibus
3250 5839 3626 5923 immunitates
3654 5835 3774 5916 pri~
