4048 6350
272 423 408 483 1041

1413 415 1806 474 DlPLOMATA
1843 411 2394 472 ECCLESIASTICA.

3395 418 3540 478 1042

271 555 492 599 scorum
520 521 710 611 regum
738 535 1093 603 Francorum,
1141 549 1350 592 necnon
1398 552 1481 592 avi
1512 537 1682 593 nostri
1731 535 1854 607 Pip-
1879 535 2140 606 Aptione
2184 536 2385 592 domini
2429 541 2480 592 et
2529 535 2789 606 genitoris
2834 537 3004 594 nostri
3053 539 3377 610 continetur,
3429 557 3540 600 non

268 635 390 705 pini
417 632 688 703 quondam
718 631 879 702 regis,
914 645 1008 685 seu
1039 630 1200 684 etiam
1226 631 1328 700 pia:
1352 630 1740 685 recordationis
1765 631 1856 686 do-

271 726 409 781 mini
450 733 504 780 et
530 722 790 795 genitoris
829 723 999 778 nostri
1049 721 1226 778 Caroli
1265 723 1596 778 serenissimi
1626 723 1855 794 impera-

270 820 432 886 toris,
461 818 656 889 quibus
706 817 849 872 idem
881 817 1272 872 monasterium
1302 817 1482 886 quiete
1512 817 1565 870 in
1613 817 1707 871 Dei
1743 831 1857 872 ser-

268 910 408 965 vitio
437 910 632 980 degere
661 917 978 974 sanxerunt,
1006 916 1061 963 et
1089 922 1276 963 omnes
1305 924 1396 964 res
1419 907 1630 979 praefati
1671 923 1857 963 monav

269 1005 427 1060 sterii
458 1004 511 1058 in
539 1003 794 1058 universo
822 1001 1039 1058 Christo
1059 1002 1319 1073 largiente
1349 1017 1515 1074 regno
1561 1010 1768 1068 nostro,
1799 1003 1854 1057 in

269 1099 494 1155 Austris
553 1096 780 1162 scilicet,
837 1096 1113 1160 Niustria,
1162 1096 1492 1168 Burgundia,
1545 1095 1851 1165 Aquitania,

268 1187 579 1253 Provincia,
602 1187 776 1252 Italia,
813 1196 868 1242 et
895 1188 950 1241 in
978 1187 1190 1242 caeteris
1215 1187 1364 1256 regni
1405 1186 1576 1241 nostri
1609 1187 1854 1256 partibus

269 1279 649 1343 consistentes,
679 1292 798 1347 qua:
827 1291 932 1332 non
955 1276 1124 1331 solum
1152 1277 1219 1332 ab
1245 1276 1563 1332 orthodoxis
1599 1276 1856 1345 principi-

266 1370 399 1445 bus,
420 1384 610 1425 verum
637 1368 801 1422 etiam
826 1383 857 1422 a
879 1368 1090 1423 caeteris
1120 1366 1367 1422 ﬁdelibus
1389 1367 1618 1433 collatte,
1650 1367 1734 1421 vel
1757 1381 1855 1436 per

269 1460 545 1532 quoslibet
565 1466 874 1515 contractus
903 1466 957 1513 et
980 1458 1276 1513 munimina
1299 1458 1633 1524 chartarum,
1666 1451 1854 1515 usibus

267 1555 513 1626 ejusdem
556 1552 801 1624 legaliter
827 1540 1038 1608 traditae
1082 1560 1208 1608 sunt
1240 1553 1577 1618 monasterii,
1619 1552 1718 1607 sub
1747 1552 1852 1606 im-

267 1645 553 1702 munitatis
583 1642 1034 1699 suae-defensione
1061 1644 1359 1700 consistere
1398 1652 1453 1698 et
1487 1643 1556 1698 ab
1583 1642 1731 1697 omni
1761 1657 1858 1711 pu-

266 1735 411 1792 blica
437 1733 713 1790 iunctione
739 1740 796 1789 et
807 1731 1092 1801 iudiciaria
1115 1733 1397 1789 exactione
1438 1733 1704 1788 immunes
1733 1733 1854 1788 red-

267 1827 554 1883 didissent.
603 1825 755 1894 Quod
801 1843 999 1882 munus
1044 1826 1222 1882 eidem
1256 1827 1606 1892 monasterio,
1644 1840 1851 1881 necnon

1956 626 2130 681 solum
2162 627 2216 682 in
2246 628 2504 683 offensam
2530 638 2775 684 nostram
2809 630 3105 701 lapsurum,
3150 648 3342 690 verum
3370 636 3537 691 etiam

1956 727 2335 775 sexcentorum
2381 720 2677 777 solidorum
2726 723 2843 778 auri
2876 724 2944 778 ad
2986 740 3184 795 purum
3227 730 3437 785 excocti
3479 745 3540 787 se

1955 811 2168 865 noverit
2210 827 2372 881 pmna
2415 813 2786 869 muletandum
2811 832 2828 882 ;
2857 829 2924 869 ex
2953 831 3060 886 qua
3085 818 3220 874 duas
3252 829 3434 888 partes
3460 835 3542 878 re-

1957 911 2137 958 ctores
2179 905 2462 959 memorati
2491 907 2827 971 monasterii,
2871 909 3084 962 tertiam
3109 908 3200 977 jus
3244 910 3360 966 ﬁsci
3400 914 3542 969 reci-

1954 994 2086 1066 piat.
2136 994 2367 1065 Dignum
2412 1011 2648 1066 namque
2689 1005 2744 1052 et
2785 997 2990 1066 justum
3016 1008 3099 1054 est
3131 1010 3190 1056 ut
3219 1010 3300 1056 tot
3323 1017 3538 1072 piorum

1957 1099 2142 1153 regum
2197 1086 2542 1141 decessorum
2591 1095 2901 1144 nostrorum
2954 1091 3232 1161 nostrique
3283 1095 3540 1163 praecepti

1955 1177 2186 1233 violator
2212 1179 2584 1250 hujuscemodi
2615 1182 2811 1237 habeat
2847 1196 3086 1252 pinnam,
3115 1192 3174 1237 ut
3197 1193 3252 1240 et
3292 1201 3350 1240 se
3376 1193 3541 1242 tanta:

1956 1273 2282 1327 temeritatis
2304 1275 2500 1328 merito
2523 1276 2674 1346 argui
2706 1286 3014 1348 cognoscat,
3046 1287 3101 1332 et
3139 1281 3366 1346 caeteris,
3396 1296 3465 1336 ne
3485 1280 3542 1336 id

1956 1378 2116 1433 agere
2137 1365 2374 1434 quolibet
2402 1381 2536 1421 ausu
2563 1376 2890 1437 pertentent,
2937 1368 3189 1424 timorem
3227 1371 3453 1441 injiciat,
3481 1377 3543 1428 ut

1955 1459 2134 1514 nullus
2163 1460 2372 1515 scilicet
2394 1459 2655 1516 beneﬁcia
2689 1462 2889 1532 regalia
2917 1462 3050 1518 locis
3092 1463 3205 1519 Deo
3230 1465 3423 1522 dicatis
3452 1483 3544 1523 ve-

1953 1561 2208 1606 neranter
2233 1551 2472 1606 exhibita
2506 1559 2772 1607 temerare
2799 1563 3042 1610 conetur.
3073 1553 3332 1612 Volumus
3355 1557 3542 1628 itaque

1955 1651 2116 1713 atque
2142 1658 2443 1707 censemus,
2478 1653 2684 1699 remota
2728 1645 2891 1701 totius
2913 1645 3214 1714 iudiciariae
3256 1649 3542 1718 potestatis

1954 1733 2348 1803 inquietudine,
2373 1736 2559 1806 quieto
2582 1735 2776 1791 ordine
2801 1746 3134 1794 memoratus
3155 1740 3323 1795 abbas
3349 1741 3542 1810 suique

1955 1838 2299 1880 successores
2344 1827 2587 1896 praedicti
2633 1830 2972 1895 monasterii,
3003 1845 3126 1885 cum
3159 1832 3411 1888 omnibus
3438 1834 3542 1888 sibi

267 1929 326 1977 et
364 1920 754 1977 Cormaricensi
803 1919 1052 1976 coenobio
1096 1919 1164 1974 ab
1210 1919 1372 1974 reb'us
1417 1919 1592 1974 sancti
1637 1918 1852 1973 Martini
1881 1913 1928 1973 B
1957 1916 2216 1986 subjectis
2245 1916 2329 1970 vel
2377 1918 2443 1972 ad
2492 1932 2549 1972 se
2577 1919 2965 1987 aspicientibus
3005 1935 3102 1976 seu
3145 1923 3544 1993 pertinentibus

267 2017 606 2077 constructo,
635 2009 959 2074 exhibitum,
994 2009 1106 2064 Deo
1133 2017 1428 2074 annuente,
1473 2008 1855 2063 inviolabiliter

265 2099 534 2155 hactenus
577 2107 788 2154 constat
821 2113 942 2154 esse
983 2110 1384 2154 conservatum.
1436 2097 1540 2152 Pro
1579 2097 1854 2153 ﬁrmitatis

266 2205 505 2260 namque
545 2191 725 2266 studio
767 2188 1137 2259 hujuscemodi
1180 2189 1502 2245 beneﬁcium
1549 2204 1676 2260 erga
1717 2205 1856 2260 prae-

267 2283 444 2338 fatum
496 2282 803 2338 venerabile
852 2283 1242 2338 monasterium
1294 2291 1482 2338 nostra
1533 2283 1854 2338 auctoritate

267 2374 552 2431 humiliter
572 2376 824 2446 precibus
853 2375 1048 2446 quibus
1071 2375 1241 2430 valuit
1261 2374 1379 2430 ﬁeri
1406 2375 1715 2446 postulavit.
1746 2375 1854 2431 Cu-

268 2465 358 2535 jus
398 2467 644 2536 petitioni
673 2468 742 2523 ob
766 2481 1007 2522 amorem
1052 2467 1149 2521 Dei
1185 2473 1242 2521 et
1281 2467 1686 2522 venerationem
1709 2467 1854 2522 beati

268 2557 490 2613 Martini
544 2557 779 2613 libenter
840 2571 1123 2613 assensum
1172 2557 1419 2628 praebere
1469 2572 1856 2628 usquequaque

515 2649 691 2706 libuit.
743 2649 1081 2721 Quapropter
1123 2649 1370 2706 volumus
1403 2657 1566 2720 atque
1610 2649 1857 2704 decerni-

267 2757 395 2798 mus
425 2749 486 2797 ut
507 2757 696 2799 omnes
736 2756 826 2799 res
862 2741 1104 2811 ejusdem
1132 2740 1467 2806 monasterii,
1511 2756 1635 2796 cum
1679 2740 1857 2795 homi-

266 2835 433 2890 nibus
477 2833 581 2889 sibi
621 2833 901 2904 subjectis,
950 2832 1051 2888 sub
1094 2840 1294 2888 nostra:
1325 2830 1656 2888 defensionis
1679 2830 1856 2886 muni-

268 2926 419 2982 mine
445 2919 641 2983 ‘modis
686 2925 938 2981 omnibus
967 2925 1286 2981 consistant.
1322 2923 1674 2993 Praecipimus
1701 2937 1853 2995 ergo,

266 3019 519 3091 iubemus
545 3027 707 3089 atque
740 3017 1084 3088 praecipimus
1123 3025 1184 3071 ut
1211 3015 1390 3071 nullus
1415 3014 1580 3084 judex
1610 3014 1856 3085 publicus

269 3119 368 3166 aut
397 3110 654 3181 quislibet
677 3109 974 3181 superioris
1015 3118 1112 3164 aut
1136 3107 1414 3164 inferioris
1439 3106 1645 3164 ordinis
1674 3105 1855 3176 reipu-

267 3201 427 3258 blicae
449 3210 772 3274 procurator
799 3201 868 3257 ad
893 3215 1087 3256 causas
1129 3199 1418 3271 judiciario
1445 3211 1598 3254 more
1637 3196 1858 3253 audien-

1963 2008 2300 2073 hominibus,
2347 2008 2446 2063 sub
2490 2009 2847 2066 immunitatis
2872 2019 3032 2080 atque
3056 2013 3413 2081 protectionis
3441 2028 3543 2068 no-

1955 2108 2082 2155 strae
2125 2099 2439 2155 defensione
2484 2101 2803 2167 consistant,
2838 2111 3132 2174 nostroque
3179 2103 3410 2159 ﬁdeliter
3448 2120 3546 2176 pa-

1953 2200 2138 2247 rentes
2171 2193 2418 2262 imperio,
2461 2208 2560 2262 pro
2605 2193 2974 2248 incolumitate
3016 2201 3202 2248 nostra
3235 2203 3546 2265 nostraeque

1955 2280 2200 2353 conjugis
2240 2290 2296 2337 et
2336 2283 2525 2353 prolis,
2571 2299 2665 2338 seu
2701 2283 2865 2337 etiam
2908 2284 3075 2338 totius
3119 2283 3332 2354 imperii
3357 2298 3388 2337 a
3432 2284 3547 2339 Deo

1953 2375 2110 2430 nobis
2130 2374 2308 2429 collati
2331 2376 2556 2446 ejusque
2574 2375 2882 2446 gratissima
2911 2375 3261 2431 miseratione
3284 2383 3547 2446 perpetuo

1956 2468 2334 2535 conservandi,
2360 2484 2466 2523 una
2508 2485 2631 2524 eum
2655 2468 2804 2524 clero
2827 2469 2931 2523 sibi
2955 2470 3272 2535 commisso,
3314 2470 3548 2524 immen-

1955 2576 2070 2616 sam
2118 2561 2456 2616 clementiam
2490 2560 2694 2632 jugiter
2726 2570 2972 2616 exorent.
3027 2561 3083 2616 Si
3134 2561 3264 2631 quid
3303 2577 3438 2617 vero
3477 2562 3548 2618 de

1953 2649 2165 2722 prtet'ati
2207 2651 2522 2706 monasterii
2567 2653 2731 2706 rebus
2774 2667 2875 2720 per
2903 2651 3241 2721 tepiditatem
3285 2659 3342 2706 et
3376 2651 3548 2723 negli-

1955 2745 2193 2816 gentiam
2224 2746 2482 2799 abbatum
2508 2756 2601 2799 aut
2625 2745 3038 2815 praeceptionem
3061 2746 3300 2816 judicum
3333 2747 3546 2802 abstra-

1955 2841 2102 2888 ctum
2131 2841 2232 2899 est,
2266 2834 2318 2889 id
2353 2849 2453 2904 per
2491 2846 2733 2891 nostram
2774 2837 3153 2891 auctoritatem
3195 2851 3421 2906 prorsus
3460 2851 3546 2892 re-

1957 2927 2306 2982 staurandum
2330 2927 2692 2997 praecipimus.
2733 2927 2801 2982 Et
2820 2935 2881 2982 ut
2905 2928 3021 2982 haec
3051 2927 3348 2982 auctoritas
3375 2927 3550 2982 invio-

1955 3019 2172 3076 labilem
2217 3023 2462 3077 obtineat
2503 3020 2754 3077 eﬁ'ectum
2779 3029 2834 3077 et
2862 3037 2893 3075 a
2922 3020 3171 3076 ﬁdelibus
3206 3029 3407 3076 sanctte
3450 3019 3548 3075 Dei

1955 3113 2210 3168 Ecclesia:
2239 3121 2294 3167 et
2319 3112 2522 3168 nostris
2571 3112 2754 3167 verius
2799 3111 3071 3175 credatur,
3117 3126 3280 3165 manu
3325 3110 3547 3180 propria

1957 3205 2145 3258 subter
2169 3203 2503 3257 ﬁrmavimus
2551 3209 2606 3256 et
2644 3202 2827 3256 annuli
2875 3201 3046 3257 nostri
3092 3199 3447 3269 impressione
3473 3200 3547 3255 si-

266 3297 370 3353 das
402 3296 457 3351 in
478 3295 736 3352 ecclesias
769 3302 862 3350 aut
900 3293 1056 3349 villas
1085 3309 1178 3348 seu
1208 3291 1446 3360 reliquas
1485 3289 1852 3360 possessiones
1881 3279 1926 3342 C
1959 3294 2112 3364 gnari
2127 3293 2405 3364 jussimus.

267 3401 410 3459 quas
431 3385 692 3443 moderno
716 3393 956 3456 tempore
982 3386 1036 3440 in
1067 3385 1387 3456 quibusdam
1428 3382 1722 3452 provinciis
1762 3390 1854 3437 aut

267 3477 566 3534 territoriis
607 3477 822 3547 imperii
859 3475 1030 3531 nostri
1052 3471 1200 3544 juste
1241 3482 1294 3530 et
1319 3472 1564 3543 legaliter
1589 3471 1851 3542 possidet,

266 3570 359 3626 vel
401 3585 525 3640 quae
571 3569 826 3641 deinceps
871 3568 927 3624 in
963 3565 1086 3636 jure
1125 3567 1297 3640 ipsius
1322 3567 1641 3622 monasterii
1669 3565 1854 3620 divina

268 3663 450 3734 pietas
478 3660 708 3716 voluerit
743 3660 949 3732 augeri,
981 3659 1189 3731 ingredi
1217 3666 1530 3731 praesumat,
1575 3672 1675 3712 nec
1701 3655 1854 3711 freda

270 3761 370 3808 aut
411 3751 624 3806 telonea
665 3759 758 3805 aut
798 3751 1109 3806 mansiones
1146 3760 1243 3805 aut
1282 3756 1468 3820 pastus
1510 3755 1606 3803 aut
1630 3747 1850 3812 tributa,

270 3842 418 3897 sicut
456 3847 726 3910 praecepto
769 3840 971 3894 domini
1015 3847 1070 3894 et
1100 3840 1361 3910 genitoris
1388 3839 1562 3895 nostri
1608 3837 1854 3892 contine-

274 3948 389 4004 tur,
437 3938 668 4008 exigere,
705 3943 798 3991 aut
842 3934 1188 4006 ﬁdeiussores
1221 3933 1426 3999 tollere,
1473 3941 1568 3987 aut
1607 3931 1856 3986 homines

271 4041 390 4087 tam
418 4031 678 4101 ingenuos
705 4044 868 4101 quam
896 4043 1084 4084 servos
1116 4042 1280 4098 super
1300 4036 1501 4082 terram
1539 4025 1706 4095 ipsius
1743 4038 1857 4078 mo-

271 4120 502 4176 nasterii
530 4117 932 4176 commanentes
977 4118 1322 4188 distringere,
1371 4131 1473 4172 nec
1512 4114 1650 4170 ullas
1674 4113 1853 4185 publi-

273 4230 370 4272 cas
393 4213 696 4268 functiones
723 4221 814 4266 aut
838 4211 1226 4267 redhibitiones
1251 4209 1338 4264 vel
1367 4208 1582 4264 illicitas
1607 4204 1853 4262 occasio-

271 4320 376 4362 nes
417 4303 716 4374 requirere,
777 4303 973 4373 quibus
1019 4302 1160 4358 idem
1213 4300 1603 4358 monasterium
1647 4297 1858 4368 sibique

270 4399 504 4470 subjecti
527 4397 743 4467 aliquod
770 4395 969 4466 injuste
1002 4396 1279 4467 patiantur
1308 4391 1730 4454 incommodum,
1760 4404 1858 4444 no-

270 4491 406 4548 stris
447 4489 747 4560 futurisque
805 4490 1138 4558 temporibus
1189 4487 1477 4558 quisquam
1527 4483 1858 4540 temerarius

271 4582 476 4638 existat
500 4582 642 4652 quod
666 4579 895 4636 faciendi
921 4579 1166 4635 illicitam
1192 4579 1296 4634 sibi
1335 4584 1659 4648 potestatem
1699 4574 1858 4629 attri-

269 4677 445 4748 bitere
485 4674 698 4728 audeat.
731 4672 1001 4742 Quidquid
1043 4672 1206 4743 igitur
1233 4671 1297 4726 de
1340 4670 1580 4741 praefatis
1611 4667 1852 4736 ejusdem

273 4765 593 4824 monasterii
621 4766 784 4820 rebus
817 4763 940 4833 jure
970 4765 1086 4820 ﬁsci
1115 4764 1411 4820 cedendum
1457 4762 1578 4828 fuit,
1625 4769 1682 4816 et
1707 4777 1738 4815 a
1770 4761 1861 4816 de—

272 4857 590 4914 cessoribus
635 4857 835 4912 nostris
880 4856 1242 4926 comperimus
1284 4852 1560 4919 collatum,
1602 4860 1659 4907 et
1701 4850 1863 4922 largi-

272 4951 444 5008 tionis
495 4959 695 5006 nostrte
745 4965 968 5004 munere
1013 4949 1245 5005 libenter
1295 4947 1545 5003 volumus
1597 4960 1718 5000 esse
1763 4958 1864 5013 per

271 5044 588 5098 universum
635 5033 810 5097 eidem
853 5041 1182 5096 monasterio
1222 5055 1563 5103 concessum,
1603 5046 1664 5092 ut
1692 5037 1745 5092 id
1771 5049 1861 5089 rc-

272 5142 426 5190 moto
465 5132 578 5187 ﬁsci
627 5133 921 5197 dominatu,
973 5133 1041 5185 ad
1091 5131 1376 5186 luminaria
1430 5130 1669 5184 basilica:
1719 5123 1862 5182 beati

273 5222 495 5279 Marti..i
521 5221 892 5277 concinnanda
921 5229 975 5276 et
998 5221 1064 5275 ad
1083 5221 1532 5275 sustentationem
1557 5234 1855 5289 pauperum

274 5330 375 5373 seu
406 5315 724 5370 clericorum
775 5315 830 5366 in
870 5311 1056 5366 eodem
1085 5311 1204 5366 loco
1253 5311 1482 5365 Domino
1508 5309 1857 5365 servientium

275 5407 899 5478 supplementum........
947 5403 1004 5459 Si
1030 5404 1150 5474 quis
1203 5411 1380 5458 autem
1412 5403 1465 5457 in
1496 5409 1701 5457 tantam
1728 5419 1856 5473 pro-

276 5511 533 5567 rumpere
563 5512 725 5552 ausus
769 5495 934 5552 fuerit
977 5494 1279 5560 audaciam,
1310 5501 1370 5548 ut
1416 5493 1575 5562 hujus
1604 5496 1856 5567 prtecepti

275 5589 452 5646 nostri
478 5587 708 5644 violator
754 5587 1043 5652 exstiterit,
1077 5586 1526 5657 quemadmodum
1558 5587 1614 5642 in
1659 5604 1858 5660 prace-

283 5778 288 5782 .
352 5736 379 5764 ει
404 5722 520 5779 Hoc
541 5728 866 5793 praeceptum
894 5734 953 5793 se
980 5718 1178 5793 vidisse
1210 5727 1436 5793 testatur
1455 5720 1856 5793 RobertusMa-

279 5789 570 5851 cloviensis
595 5789 883 5865 episcopus
903 5789 987 5865 his
1008 5791 1184 5865 verbis
1210 5809 1269 5865 :_«
1299 5791 1492 5865 Datum
1519 5789 1679 5865 hujus
1700 5792 1857 5865 visio-

282 5868 370 5924 nis
393 5867 549 5923 factae
585 5860 810 5920 a'nobis
848 5860 1085 5918 Roberto
1110 5861 1455 5919 Macloviensi
1481 5862 1735 5934 episcopo
1768 5863 1855 5918 die

2030 3386 2257 3458 Signum
2304 3386 2560 3442 Ludovici
2609 3385 2942 3442 serenissimi
2990 3385 3449 3456 imperatoris.....
3475 3384 3546 3440 ad

1956 3478 2130 3534 vicem
2160 3477 2475 3533 Helisachar
2506 3477 2794 3549 recognovi
2819 3484 2877 3532 et
2901 3476 3220 3547 subscripsi.

2030 3569 2165 3623 Data
2198 3584 2257 3622 Ill
2307 3568 2530 3624 Kalend.
2566 3567 2922 3638 Septembris,
2961 3583 3124 3634 anno,
3165 3566 3384 3624 Christo
3427 3581 3551 3637 pro-

1957 3660 2169 3730 pitio,’5
2214 3660 2428 3731 imperii
2475 3661 2656 3716 domui
2704 3660 2964 3715 Ludovici
3013 3659 3242 3729 piissimi
3294 3658 3546 3728 Augusti,

1959 3752 2252 3806 indictione
2283 3751 2370 3806 lt).
2393 3750 2590 3806 Actum
2614 3749 2940 3819 Aquisgrani
2963 3747 3166 3818 palatio
3195 3746 3345 3817 regio
3371 3747 3427 3801 in
3448 3746 3546 3803 Dei

1955 3842 2176 3896 nomine
2204 3840 2454 3896 feliciter.
2496 3840 2688 3894 Amen.

2030 3930 2212 4003 (Bulla
2239 3941 2314 3986 est
2342 3930 2551 4001 aurea.)

2654 4023 2836 4079 XLIX.

2228 4128 2253 4157 ⁸
2289 4131 2390 4171 PRO
2422 4131 2761 4172 MONASTEBIO
2795 4131 2983 4172 SANCTI
3021 4130 3274 4173 IEVENNI.

2569 4207 2744 4279 (Anno
2790 4207 2940 4280 816.)

1963 4297 2138 4371 [Apud
2175 4299 2240 4371 D.
2280 4299 2548 4371 Bouquet.
2583 4296 2774 4371 Script.
2818 4297 2943 4371 Re_r.
2989 4297 3215 4365 Praua,
3270 4298 3547 4371 tom._Vl,

2031 4385 2155 4440 pag.
2195 4370 2323 4436 489,
2354 4368 2651 4441 inprobat.
2684 4368 2828 4424 Hist.
2866 4368 3139 4435 Britann.,
3169 4386 3293 4442 pag.
3323 4369 3440 4444 20.]

2031 4482 2089 4538 in
2119 4483 2336 4538 nomine
2375 4482 2590 4538 Domini
2636 4483 2732 4538 Dei
2783 4489 2838 4538 et
2887 4480 3184 4538 Salvatoris
3215 4483 3386 4538 nostri
3417 4481 3546 4539 Jesu

1963 4572 2186 4639 Christi,
2238 4573 2562 4640 Ludovicus,
2615 4573 2796 4628 divina
2847 4573 3132 4629 ordinante
3184 4572 3544 4644 providentia,

1959 4668 2254 4737 imperator
2285 4667 2576 4738 Augustus.

2033 4757 2170 4813 Cum
2194 4757 2547 4827 petitionibus
2576 4771 2854 4812 servorum
2894 4756 2989 4812 Dei
3010 4755 3176 4825 justis
3216 4765 3272 4813 et
3299 4757 3546 4815 rationa-

1959 4849 2157 4904 bilibus
2203 4848 2384 4903 divino
2431 4848 2660 4902 interius
2703 4863 2888 4902 amore
2935 4849 2963 4888 ιι
3016 4849 3282 4916 favemus,
3327 4852 3546 4922 superni

1959 4943 2202 4998 muneris
2216 4941 2416 4996 donum
2440 4957 2469 4994 a
2487 4941 2714 4997 Domino
2736 4940 3004 5010 impartiri
3023 4940 3314 4995 credimus.
3337 4939 3546 4998 Idcirco

1960 5039 2149 5085 notum
2177 5031 2246 5085 sit
2265 5030 2516 5084 omnibus
2541 5029 2786 5084 ﬁdelibus
2807 5030 3025 5093 nostris,
3058 5039 3165 5084 tam
3187 5032 3546 5100 praesentibus

1960 5138 2124 5194 quam
2151 5120 2367 5187 futuris,
2398 5122 2540 5191 quod
2587 5121 2805 5191 quidam
2852 5121 2936 5176 vir
2978 5121 3209 5194 Helogar
3236 5121 3546 5184 Alethensis

1965 5214 2250 5283 episcopus
2283 5211 2477 5267 detulit
2499 5211 2776 5268 obtutibus
2811 5211 3012 5268 nostris
3040 5214 3326 5282 quamdam
3351 5223 3541 5270 aucto-

1965 5307 2204 5369 ritatem,
2245 5320 2409 5374 quam
2450 5305 2699 5359 dominus
2745 5312 2801 5359 et
2847 5305 3060 5377 genitor
3094 5314 3278 5362 noster
3315 5305 3544 5364 Carolus

1965 5398 2119 5454 bonae
2143 5395 2418 5452 memoria:
2441 5396 2820 5452 serenissimus
2837 5396 3110 5468 Augustus
3131 5397 3206 5454 ad
3225 5399 3539 5469 petitionem

1965 5493 2134 5564 ipsius
2159 5487 2420 5553 ecclesia},
2459 5488 2543 5542 cui
2589 5488 2702 5559 ipse
2745 5489 2856 5545 Deo
2902 5496 3121 5546 auctore
3168 5500 3383 5562 praem,
3421 5493 3540 5551 ﬁeri

1959 5584 2139 5658 jussit,
2170 5585 2223 5640 in
2261 5597 2366 5654 qua
2401 5581 2778 5637 continebatur
2809 5582 3073 5638 insertum
3097 5586 3261 5654 ,quod
3297 5592 3540 5656 tempore

1963 5721 2102 5777 luna:
2124 5727 2248 5775 ante
2266 5719 2464 5774 festum
2484 5714 2880 5773 Puriﬁcationis
2892 5716 3066 5772 beatae
3088 5716 3538 5792 MariaeVirginis,

1964 5808 2107 5848 anno
2130 5806 2375 5847 MCCXCIV.
2414 5809 2431 5842 ι

2033 5865 2060 5906 b
2084 5863 2247 5920 Forte
2262 5861 2546 5934 tegendum
2571 5858 2732 5914 divini
2754 5857 2924 5914 cultus
2955 5873 3152 5914 amore.
