4048 6350
665 377 686 435 1
700 377 802 434 047

1793 378 2114 439 LUDOVICI
2153 379 2172 442 i
2215 377 2686 440 COGNOMENTO
2725 379 2808 439 Pii
3727 391 3815 454 illis

663 499 910 556 cellulam
961 498 1077 554 ﬁeri
1128 510 1506 564 censeremus;
1561 495 1714 569 cujus
1748 498 1998 570 petitioni
2019 497 2252 554 libenter
2275 499 2330 560 Α
2354 497 2476 553 dem
2503 495 2916 553 consistentium
2961 508 3173 566 semper
3213 494 3313 552 sub
3355 493 3635 566 plenissima
3663 504 3816 569 tuitiou

664 594 1056 664 acquievimus,
1082 599 1138 648 et
1153 593 1238 648 .ita
1279 593 1334 648 in
1377 592 1630 648 omnibus
1660 593 2048 658 concessimus,
2080 601 2246 662 atque

661 700 761 757 per
786 687 892 741 hoe
918 691 1247 754 praeceptum
1300 680 1552 738 nostrum
1598 683 2059 742 conﬁrmavimus.
2105 683 2248 751 Qua-

663 784 888 848 propter
913 775 1295 846 praecipientes
1310 773 1565 844 jubemus
1611 783 1674 829 ut
1705 774 1889 831 nullus
1926 775 2095 845 judex
2145 791 2246 845 pu-

662 870 858 935 blicus,
879 869 966 926 vel
1001 869 1255 939 quislibet
1285 884 1352 924 ex
1378 869 1668 939 judiciaria
1699 877 1970 939 potestate
1996 871 2050 925 in
2073 871 2248 926 eccle-

663 961 798 1026 sias,
835 967 928 1013 aut
957 959 1098 1025 loca,
1123 959 1207 1013 vel
1238 975 1422 1030 agros,
1459 975 1552 1015 seu
1582 958 1820 1031 reliquas
1855 962 2244 1032 possessiones,

662 1067 802 1122 quas
819 1051 1079 1105 moderno
1103 1058 1344 1119 tempore
1372 1050 1513 1105 infra
1542 1051 1800 1106 ditionem
1832 1053 2045 1122 imperii
2073 1053 2246 1108 nostri

655 1143 805 1213 juste
833 1151 889 1197 et
915 1143 1310 1198 rationabiliter
1337 1143 1599 1213 possidet,
1630 1144 1716 1198 vel
1742 1160 1806 1199 ea
1837 1161 1958 1215 quae
1993 1146 2248 1216 deinceps

553 1304 555 1306 _
659 1234 721 1289 in
741 1232 864 1302 jure
891 1233 1060 1303 ipsius
1098 1233 1271 1288 sancti
1310 1233 1414 1288 loci
1465 1233 1698 1289 voluerit
1737 1234 1918 1289 divina
1947 1235 2122 1306 pietas
2152 1251 2248 1290 au-

661 1325 805 1396 geri,
833 1324 901 1378 ad
928 1339 1122 1379 causas
1153 1323 1471 1390 audiendas,
1494 1334 1589 1379 aut
1616 1324 1768 1380 freda
1795 1326 1880 1381 vel
1910 1326 2112 1383 tributa
2139 1328 2250 1383 exi-

661 1416 858 1486 genda,
887 1425 980 1470 aut
999 1417 1311 1472 mansiones
1326 1415 1412 1470 vel
1434 1425 1654 1486 paratas
1681 1416 1977 1484 faciendas,
1995 1427 2092 1474 aut
2117 1420 2248 1476 ﬁde-

655 1507 899 1577 iussores
926 1507 1210 1572 tollendos,
1235 1516 1328 1562 aut
1351 1509 1598 1564 homines
1625 1510 1867 1580 ejusdem
1894 1510 2116 1577 cellulae,
2135 1520 2245 1568 tam

660 1603 924 1673 ingenuos
953 1617 1117 1672 quam
1153 1610 1210 1658 et
1239 1617 1446 1668 servos,
1472 1617 1634 1672 super
1671 1612 1873 1658 terram
1904 1603 2073 1676 ipsius
2100 1621 2247 1662 com-

659 1702 945 1768 mancntes
975 1691 1171 1761 injuste
1193 1693 1612 1764 distringendos,
1643 1709 1746 1749 nec
1771 1694 1908 1750 ullas
1932 1696 2247 1751 redhibitio-

659 1803 779 1852 nes,
811 1793 905 1842 aut
941 1785 1158 1840 illicitas
1195 1786 1511 1842 occasiones
1554 1787 1930 1856 requirendas,
1963 1788 2166 1844 nostris
2191 1796 2247 1844 et

655 1872 858 1933 futuris
881 1877 1214 1946 temporibus
1241 1877 1445 1948 ingredi
1478 1877 1694 1944 audeat,
1726 1878 1809 1933 vel
1835 1893 1900 1934 ea
1921 1894 2042 1948 quae
2081 1895 2245 1950 supra
2274 1857 2323 1918 Β

655 1977 961 2026 memorata
981 1979 1128 2036 sunt,
1143 1970 1358 2040 penitus
1376 1969 1594 2040 exigere
1615 1978 1935 2041 praesumat;
1969 1971 2064 2026 sed
2086 1971 2247 2027 liceat

660 2069 965 2119 memorato
991 2061 1172 2117 abbati
1197 2061 1415 2132 suisque
1431 2061 1840 2118 successoribus
1863 2077 1951 2117 res
1972 2063 2246 2132 praedicta:

658 2155 868 2210 cellulae
914 2155 1016 2210 sub
1053 2155 1414 2210 immunitatis
1460 2163 1661 2210 nostra:
1702 2153 2016 2210 defensione
2063 2155 2248 2224 quieto

659 2249 851 2303 ordine
877 2247 1175 2318 possidere.
1205 2247 1273 2302 Et
1303 2247 1564 2318 quidquid
1605 2247 1800 2302 exinde
1831 2247 1994 2303 ﬁscus
2025 2262 2247 2318 sperare

660 2341 882 2410 poterit,
922 2348 1093 2394 totum
1122 2355 1222 2395 nos
1251 2355 1348 2410 pro
1372 2349 1577 2396 aeterna
1622 2342 2065 2397 remuneratione
2109 2357 2248 2413 prte-

658 2429 786 2486 fatae
809 2430 1015 2486 cellula:
1035 2431 1400 2497 concedimus,
1423 2440 1484 2486 ut
1511 2433 1565 2486 in
1591 2433 1847 2488 alimonia
1870 2449 2168 2504 pauperum
2194 2442 2250 2490 et

660 2521 934 2592 stipendia
960 2521 1283 2577 ancillarum
1314 2523 1514 2579 ibidem
1541 2523 1652 2580 Deo
1679 2524 2058 2580 famulantium
2085 2526 2249 2596 proﬁ-

659 2612 770 2666 ciat
803 2613 1133 2682 perennibus
1160 2614 1496 2686 temporibus
1520 2616 1576 2670 in
1605 2617 1942 2688 augmentis,
1981 2626 2248 2686 quatenus

658 2703 809 2775 ipsas
835 2705 1059 2762 ancillas
1096 2704 1190 2761 Dei
1230 2722 1349 2776 quae
1392 2707 1592 2762 ibidem
1621 2707 1734 2763 Deo
1770 2708 2124 2773 famulantur,
2149 2725 2249 2779 pro

659 2795 818 2852 nobis
843 2805 897 2851 et
935 2797 1162 2869 conjuge
1178 2837 1192 2861 ,
1215 2799 1475 2870 proleque
1502 2807 1689 2855 nostra
1711 2840 1727 2865 ,
1759 2807 1924 2870 atque
1949 2800 2248 2856 stabilitate

659 2887 828 2942 totius
853 2887 1065 2958 imperii
1098 2889 1268 2942 nostri
1300 2904 1330 2943 a
1359 2889 1470 2945 Deo
1494 2891 1651 2945 nobis
1676 2891 1921 2946 concessi
1945 2901 2108 2962 atque
2127 2906 2251 2946 con-

661 2975 1141 3050 servandijugiter
1173 2977 1460 3034 Dominum
1497 2995 1727 3036 exorare
1773 2981 2023 3038 delectet.
2075 2983 2142 3039 Et
2189 2991 2249 3039 ut

659 3068 778 3124 haec
820 3069 1117 3125 auctoritas
1161 3072 1361 3126 nostris
1404 3071 1710 3144 futurisque
1756 3075 2111 3144 temporibus,
2139 3074 2250 3131 Do-

658 3163 809 3218 mino
851 3172 1194 3235 protegente,
1228 3164 1404 3220 valeat
1457 3165 1772 3222 inconvulsa
1814 3182 2054 3233 manere,
2085 3183 2249 3223 manu

657 3255 879 3325 propria
912 3257 1100 3312 subter
1122 3256 1456 3312 ﬁrmavimus
1485 3265 1541 3313 et
1567 3258 1752 3315 annuli
1799 3259 1974 3315 nostri
2023 3261 2249 3331 impres-
2278 3226 2322 3288 Ο

659 3343 814 3399 sione
845 3344 1048 3415 signari
1066 3345 1352 3414 jussimus.

733 3435 961 3507 Signum
987 3437 1246 3495 Ludovici
1273 3441 1608 3498 serenissimi
1645 3445 2008 3516 imperatoris.

738 3526 1027 3584 Durandus
1080 3529 1342 3588 diaconus
1396 3535 1465 3588 ad
1513 3535 1686 3590 vicem
1727 3536 2043 3593 Helisacbar
2096 3553 2250 3596 reco-

661 3625 842 3698 gnovi.
1231 3689 1238 3696 ,

735 3717 871 3773 Data
893 3717 1016 3776 ldus
1031 3718 1298 3786 Januarii,
1325 3737 1488 3788 anno,
1506 3723 1720 3780 Christo
1739 3724 1996 3796 propitio,
2013 3725 2250 3782 secundo

660 3811 878 3882 imperii
899 3813 1082 3868 domui
1112 3813 1370 3871 Ludovici
1396 3815 1626 3888 piissimi
1657 3816 1914 3887 Augusti,
1954 3817 2250 3874 indictione

659 3917 825 3958 nona.
848 3904 1044 3960 Actum
1081 3906 1410 3978 Aquisgrani
1440 3909 1640 3979 palatio
1665 3910 1818 3981 regio
1855 3923 1880 3951 ι
1914 3911 1966 3966 in
2011 3910 2106 3966 Dei
2151 3925 2250 3966 no-

660 3997 809 4054 mine
838 3997 1081 4056 feliciter.
1110 3999 1280 4056 Amen

1381 4093 1516 4150 LIII.

1035 4199 1136 4240 PRO
1171 4201 1510 4242 IONASTERIO
1544 4203 1863 4245 AHIIATINO.

1277 4276 1450 4348 (Anno
1489 4278 1639 4350 816.)

699 4366 955 4441 [Uglielli,
987 4365 1153 4422 Italia
1178 4385 1354 4435 sacra,
1380 4385 1502 4441 pag.
1533 4369 1659 4438 590,
1683 4370 1737 4426 in
1767 4370 1949 4443 Episc.
1978 4370 2210 4447 Clusin.]

730 4471 790 4526 In
837 4471 1054 4525 nomine
1079 4471 1293 4526 Domini
1337 4470 1434 4527 Dei
1464 4481 1519 4528 et
1569 4471 1866 4529 Salvatoris
1904 4475 2076 4530 nostri
2118 4473 2245 4530 Iesu

661 4563 888 4630 Christi,
919 4563 1227 4621 Ludovicus
1255 4565 1435 4620 divina
1457 4565 1797 4636 providentia
1823 4565 2120 4636 imperator
2136 4565 2246 4621 Au—
2272 4591 2327 4654 Β

659 4664 872 4728 gustus.

731 4748 866 4804 Cum
896 4749 1247 4820 petitionibus
1287 4764 1568 4807 servorum
1613 4749 1710 4806 Dei
1734 4750 1896 4822 justis
1923 4765 1988 4806 ac
2012 4752 2252 4808 rationa-

658 4839 859 4896 bilibus
904 4841 1071 4896 divini
1119 4841 1297 4897 cultus
1342 4858 1528 4898 amore
1573 4841 1839 4908 favemus,
1889 4857 2121 4912 superna
2152 4858 2251 4898 nos

661 4933 830 5004 gratia
863 4934 1063 4988 muniri
1091 4949 1198 4989 non
1233 4935 1567 4990 dubitamus.
1595 4933 1767 5005 igitur
1795 4941 1984 4990 notum
2035 4935 2106 4990 sit
2132 4950 2252 4990 om-

657 5024 822 5081 nibus
852 5025 1099 5083 ﬁdelibus
1127 5036 1329 5084 sanctae
1358 5028 1453 5084 Dei
1482 5027 1760 5094 Ecclesia,
1801 5029 2166 5099 praesentibus
2195 5036 2252 5084 et

659 5114 884 5184 futuris,
913 5120 1039 5188 quia
1061 5121 1146 5174 vir
1174 5120 1498 5176 venerabilis
1519 5119 1830 5177 Audoaldus
1852 5120 2020 5177 abbas
2047 5136 2114 5176 ex
2135 5136 2252 5176 mo-

660 5209 904 5264 nasterio
961 5213 1130 5268 sancti
1191 5213 1487 5269 Salvatoris
1533 5214 1751 5284 quidem
1800 5214 1906 5270 sito
1962 5215 2016 5268 in
2067 5223 2251 5270 monte

659 5297 878 5354 Amiato
902 5299 954 5354 in
986 5302 1260 5358 territorio
1280 5301 1500 5359 Clusino
1530 5302 1723 5358 detulit
1747 5303 2023 5358 obtutibus
2049 5304 2250 5361 nostris

663 5388 1040 5446 auctoritatem
1070 5392 1426 5448 immunitatis
1473 5393 1676 5450 domini
1704 5401 1760 5449 et
1787 5393 2051 5465 genitoris
2076 5397 2248 5452 nostri

661 5475 840 5533 Caroli
866 5479 1018 5536 bona:
1042 5483 1317 5538 memoriae
1341 5485 1568 5553 piissimi
1592 5483 1847 5555 Augusti,
1871 5484 1923 5540 in
1947 5500 2052 5556 qua
2075 5487 2249 5543 conti-

660 5569 892 5625 nebatur
934 5573 1198 5628 insertum
1224 5572 1459 5642 qualiter
1487 5575 1807 5646 praedictum
1854 5579 2247 5636 monasterium

661 5663 733 5716 ob
759 5679 1000 5720 amorem
1029 5663 1126 5716 Dei
1150 5664 1704 5738 tranquillitatemque
1736 5669 2128 5726 monachorum
2151 5671 2248 5726 ibi-

802 5779 958 5834 Circa
1019 5778 1456 5849 Aquisgranense
1509 5781 1767 5849 palatium
1827 5782 1997 5837 multa
2039 5785 2243 5840 habent

666 5848 991 5914 Germanus,
1018 5848 1159 5917 apud
1180 5847 1543 5923 Mabilloneni,
1575 5851 1650 5904 De
1671 5867 1732 5906 re
1757 5852 2004 5923 diplom.,
2041 5855 2134 5910 lib.
2165 5870 2242 5920 iv,

635 5943 738 6009 ‘Is.

2348 597 2406 644 et
2430 588 2790 644 immunitatis
2813 585 3125 643 defensione
3153 587 3448 655 habuisset,
3475 590 3702 652 ﬁrmitatis
3719 615 3817 657 naui-

2350 697 2456 753 que
2478 683 2656 738 studio
2676 698 2708 737 a
2731 682 2888 738 nobis
2907 682 3243 753 procuravit,
3264 690 3325 737 ut
3353 695 3574 754 paterna:
3597 694 3817 753 auctoritati

2350 777 2492 859 hanc
2544 787 2788 835 nostram
2819 777 3168 851 jungeremus
3216 782 3595 838 auctoritatem.
3625 786 3702 843 Cui
3731 791 3817 859 peti-

2350 856 2485 923 tioni
2514 867 2745 924 libenter
2788 883 2978 924 aurem
3009 873 3418 928 accommodare
3441 873 3636 943 placuit,
3668 887 3711 931 et
3729 856 3818 937 lianc

2350 968 2550 1016 nostrae
2599 961 2941 1016 auctoritatis
2989 963 3404 1033 praeceptionem
3450 964 3679 1036 ﬁeri,per
3716 985 3817 1040 quam

2349 1051 2692 1122 praecipimus
2721 1061 2882 1123 atque
2902 1053 3157 1124 jubemus
3181 1062 3242 1108 ut
3265 1056 3439 1112 nullus
3462 1057 3609 1127 judex
3632 1061 3816 1128 publicus,

2349 1143 2434 1198 vel
2455 1143 2702 1214 quilibet,
2731 1153 2788 1200 et
2824 1143 3113 1214 judiciaria
3142 1149 3482 1218 potestatein
3521 1151 3742 1219 ecclesias,
3763 1167 3818 1210 aut

2351 1234 2490 1301 loca,
2516 1236 2600 1290 vel
2635 1251 2814 1308 agros,
2865 1252 2960 1293 seu
3013 1238 3253 1309 reliquas
3300 1242 3638 1310 possessiones
3656 1247 3817 1314 pradicii

2349 1327 2688 1393 monasterii,
2719 1342 2854 1398 quas
2882 1329 3146 1385 moderno
3175 1338 3417 1402 tempore
3438 1332 3571 1403 juste
3590 1343 3636 1388 et
3656 1335 3818 1406 legaliter

2349 1420 2610 1490 possidet,
2640 1420 2725 1476 vel
2766 1437 2887 1492 qua:
2913 1423 3168 1494 deinceps
3193 1424 3245 1478 in
3271 1424 3392 1495 jura
3428 1425 3581 1495 ipsius
3603 1425 3683 1480 loci
3713 1427 3819 1482 voluit

2351 1509 2534 1564 divina
2561 1510 2735 1580 pietas
2761 1512 2968 1583 augeri,
2995 1513 3064 1567 ad
3111 1527 3306 1568 causas
3333 1513 3619 1578 audiendas,
3641 1514 3705 1570 vel
3720 1514 3815 1571 feud:

2350 1601 2635 1674 exigenda,
2663 1611 2756 1658 aut
2783 1605 3096 1660 mansiones
3137 1604 3223 1660 vel
3258 1614 3469 1675 paratas
3511 1606 3742 1673 faciendas,
3763 1617 3818 1662 aut

2351 1694 2697 1766 ﬁdejussores
2745 1697 3034 1763 tollendos,
3065 1705 3159 1752 aut
3187 1697 3434 1753 homines
3457 1699 3728 1760 monasterii,
3751 1708 3814 1754 tam

2351 1787 2612 1859 ingenuos
2655 1805 2818 1860 quam
2864 1789 3030 1845 etiam
3079 1805 3294 1856 servos,
3323 1805 3478 1862 super
3510 1800 3676 1845 terram
3710 1791 3816 1860 ipsius

2351 1888 2780 1947 commanentes,
2811 1895 2913 1936 nec
2942 1882 3010 1936 ad
3035 1882 3228 1938 hostes
3271 1882 3738 1954 distringendos,nec
3768 1881 3815 1936 ul-

2351 1971 2432 2027 las
2463 1973 2871 2042 redhibitiones,
2911 1983 3004 2029 aut
3049 1975 3268 2032 illicitas
3315 1976 3600 2032 occasiones
3627 1975 3815 2044 requiren-

2351 2063 2450 2120 das
2478 2063 2586 2120 ullo
2615 2080 2854 2136 unquam
2881 2075 3127 2137 tempore
3151 2066 3360 2138 ingredi
3391 2065 3583 2131 audeat,
3606 2063 3812 2132 valeatque,

2351 2170 2512 2226 supra
2547 2165 2846 2212 memorata
2895 2157 3114 2226 penitus
3144 2158 3361 2230 exigere
3410 2163 3676 2228 praesumat.
3697 2154 3814 2210 Conti-

2351 2247 2516 2303 nebat
2541 2248 2708 2304 etiam
2738 2249 2793 2304 in
2813 2249 3003 2304 eadem
3025 2250 3350 2305 auctoritate
3370 2249 3581 2320 qualiter
3600 2245 3814 2304 oonﬁm

2352 2349 2435 2395 set
2477 2341 2620 2397 idem
2651 2341 2715 2396 D.
2757 2341 3055 2412 imperator
3106 2342 3178 2397 ad
3225 2341 3397 2413 ipsum
3434 2339 3814 2396 monasteriorum-

2352 2449 2496 2499 rum,
2533 2433 2677 2488 idem
2698 2432 2985 2488 ecclesiam
3015 2433 3194 2488 sancti
3235 2431 3381 2488 Petri
3418 2431 3470 2487 in
3496 2428 3814 2490 Carmen-itaut-

2351 2539 2458 2595 quc
2482 2524 2730 2579 cellulam
2763 2525 2937 2580 sancti
2961 2523 3176 2591 Savini,
3210 2534 3264 2581 et
3289 2533 3480 2580 sanctae
3511 2515 3812 2584 Restituund

2353 2617 2528 2672 sancti
2555 2615 2721 2681 Petri,
2750 2624 2806 2672 et
2847 2615 3020 2672 sancti
3066 2615 3330 2688 Stephani
3374 2617 3429 2671 in
3471 2613 3707 2684 Tarquinio
3735 2621 3812 2664 cum

2354 2720 2543 2763 eorum
2573 2707 2935 2778 pertinentiis.
2961 2707 3108 2775 Quas
3136 2723 3227 2764 res
3249 2707 3602 2764 conﬁrmamus
3618 2710 3810 2774 perpetua-

2353 2799 2478 2854 liter
2501 2799 2763 2869 praedicto
2790 2799 3124 2855 monasterio
3161 2800 3230 2855 ad
3248 2799 3551 2864 habendum,
3577 2796 3686 2850 sicut
3705 2791 3812 2848 domi-

2353 2907 2457 2947 nus
2479 2900 2532 2948 ct
2565 2893 2776 2962 genitor
2798 2899 2984 2948 noster
3005 2907 3104 2962 per
3127 2907 3286 2948 suum
3307 2897 3600 2964 princeptum
3617 2886 3810 2940 continu:-

2352 2985 2448 3040 vit.
2500 2984 2880 3042 Coucessimus
2925 2985 3090 3041 etiam
3132 2986 3308 3043 eidem
3355 2992 3527 3041 sancto
3563 2975 3807 3037 monasterio.

2354 3079 2808 3148 quemadmodum
2847 3079 3099 3135 dominus
3128 3088 3187 3135 et
3209 3079 3414 3151 genitor
3435 3086 3594 3132 noster
3615 3068 3806 3129 concessit.

2354 3179 2415 3226 ut
2441 3169 2877 3242 quandoquidem
2909 3170 3092 3226 divina
3130 3170 3411 3228 vocatione
3437 3161 3806 3239 praedictusabblsi

2353 3264 2436 3320 vel
2461 3278 2806 3320 successores
2829 3261 2948 3332 ejus
2981 3264 3048 3320 de
3069 3264 3178 3320 hac
3205 3264 3322 3319 luce
3364 3257 3676 3332 migraveriut,
3701 3267 3807 3324 quan-

2351 3357 2444 3412 diu
2475 3357 2724 3414 monachi
2766 3355 2908 3411 inter
2953 3372 3011 3413 se
3061 3356 3201 3412 tales
3238 3355 3468 3412 invenire
3504 3349 3731 3424 potuerint,
3751 3343 3804 3413 qui

2351 3448 2526 3519 ipsam
2550 3448 3025 3519 congregationem
3055 3463 3248 3520 regere
3269 3447 3469 3503 valeant
3503 3458 3585 3514 per
3603 3432 3804 3532 δυὶαξωῗέξ

2349 3550 2593 3598 nostram
2633 3541 3013 3597 auctoritatem
3042 3549 3099 3595 et
3128 3555 3465 3602 consensum,
3491 3534 3565 3592 vel
3587 3527 3719 3588 dilecti
3749 3523 3804 3578 lilii

2351 3633 2524 3690 nostri
2546 3633 2810 3690 Bernardi
2840 3633 2986 3704 regis
3007 3632 3289 3688 licentiam
3316 3632 3530 3687 habeant
3547 3619 3719 3718 eligendi

2350 3728 2526 3792 batcs,
2557 3735 2828 3797 quatenus
2851 3727 2998 3796 ipsos
3023 3727 3324 3783 monachos
3362 3723 3449 3795 qui
3475 3719 3637 3777 ibidem
3658 3714 3805 3768 Domino

2351 3818 2605 3874 famulari
2632 3818 2904 3884 videntur,
2952 3833 3052 3888 pro
3096 3819 3258 3875 nobis
3300 3825 3355 3873 et
3399 3800 3803 3882 conjuge,p|’01‘9(lue

2349 3918 2557 3975 nostra,
2589 3916 2752 3980 atque
2777 3908 3069 3965 stabilitate
3094 3909 3264 3966 totius
3285 3905 3484 3978 imperii
3511 3919 3537 3958 a
3557 3897 3722 3992 Domino

2348 4001 2436 4057 bis
2456 4000 2733 4057 commissi
2755 4007 2918 4071 atque
2944 4000 3305 4058 conservandi
3323 4000 3493 4070 iugem
3515 3987 3678 4050 Domini
3698 3987 3802 4040 mise-

2351 4091 2643 4148 ricordiam
2677 4104 2908 4146 exorare
2929 4089 3266 4157 delectet,et
3289 4097 3349 4144 ut
3372 4089 3481 4145 haec
3505 4077 3727 4140 auctoritas
3741 4080 3802 4122 no-

2351 4182 2504 4248 stris,
2531 4179 2836 4252 futurisque
2857 4183 3218 4253 temporibus,
3239 4179 3457 4237 Domino
3481 4171 3804 4248 protegenten'l‘

2349 4275 2460 4331 leat
2491 4273 2806 4331 inconvulsa
2833 4290 3076 4342 manere,
3105 4291 3272 4332 manu
3296 4271 3500 4345 propria
3523 4264 3659 4360 subter

2349 4368 2548 4434 vimus,
2570 4375 2627 4424 et
2671 4367 2858 4424 annuli
2907 4368 3082 4425 nostri
3125 4365 3472 4440 impressione
3509 4351 3664 4430 signari
3689 4351 3800 4418 ill-'5"

2350 4475 2491 4516 mus.

2426 4553 2653 4626 Signum
2675 4552 2934 4609 Ludovici
2954 4550 3288 4608 serenissimi
3317 4537 3653 4634 imperatoris...
3704 4614 3749 4634 ,Β

2425 4616 2548 4702 Βθῖ.
2570 4659 2641 4700 xv
2659 4643 2778 4699 Kal.
2801 4643 3082 4709 Decemb.,
3098 4657 3259 4708 anno,
3275 4616 3477 4697 Christo
3498 4616 3800 4724 propitioii’ii‘ﬂ‘l'

2351 4737 2488 4810 perii
2539 4734 2744 4792 domini
2769 4733 3026 4792 Ludovici
3068 4704 3300 4808 piissimi
3329 4723 3550 4801 Augusti,
3576 4713 3714 4773 indict.
3741 4704 3797 4759 de-

2354 4830 2516 4886 cima.
3631 4895 3646 4904 _
3667 4893 3691 4904 η
3720 4889 3728 4900 ,

2423 4921 2620 4975 Actum
2641 4918 2972 4992 Compendio
2998 4919 3198 4992 palatio
3227 4918 3281 4974 in
3306 4913 3396 4973 Dei
3425 4903 3608 4967 nomine
3627 4894 3796 4952 feliciter.

2353 5010 2547 5066 Amen.

3076 5080 3207 5138 LW.

2353 5189 2676 5233 nonounun
2700 5189 2912 5229 rsc'ruu
2940 5189 3102 5229 INTER
3139 5180 3414 5228 nrrscoruu
3447 5141 3795 5217 coxsmrmw

2636 5260 2702 5300 AC
2740 5260 3124 5302 κοΝΑδνι-ειιιωι
3161 5260 3208 5300 5.
3243 5255 3386 5300 GALLI
3422 5241 3599 5289 IMTUI.

2946 5335 3122 5408 (Anno
3156 5333 3300 5404 διδ.)

2355 5428 2684 5508 [Nemus
2704 5427 2880 5508 Gem
2901 5384 3296 5508 Αὶὲῐὲἐέἐῖιηξὲιέέὶ
3305 5384 3796 5508 reﬁnxit;

2426 5476 3415 5555 In’éi'iZli'beInFnMensaenitier,
3443 5476 3636 5556 preteeti
3652 5476 3722 5538 ρτο

2425 5553 2582 5626 cialis
2603 5553 3027 5626 Newidunensis’
3041 5553 3181 5641 apud
3205 5553 3486 5626 Bernatesli

2427 5667 2488 5722 ln
2529 5664 2751 5720 nomine
2778 5662 2992 5719 Domini
3046 5617 3144 5719 Dei
3199 5666 3255 5716 et
3278 5644 3544 5712 Salvatoris
3566 5625 3697 5693 nostri
3716 5617 3796 5673 365“

2347 5799 2473 5856 pag'
2511 5779 2639 5856 246’
2685 5786 2741 5834 ⁸⁸
2770 5779 3064 5856 ,ἓὲδωιωε
3123 5778 3179 5835 in
3241 5764 3488 5830 Chronico
3528 5744 3794 5812 Gottwlwlsli

2353 5847 2485 5911 ἱοιῖι.
2513 5851 2578 5920 ll,
2604 5865 2728 5922 pag.
2759 5847 2864 5905 λεδ
