4048 6350
264 383 436 463 acts

1426 389 1822 452 DlPLOMATA
1857 391 2406 456 ECCLESIASTICA.

3419 405 3557 467 1050

284 507 1055 583 Christi,Ludovicus,'divina
1074 508 1363 568 ordinante
1382 509 1744 584 providentia,
1766 510 1870 567 im-
1893 517 1947 578 Α
1969 515 2073 570 bus
2095 529 2211 570 rem
2238 515 2507 586 publicam
2540 513 3069 587 administrantibus,
3092 533 3188 579 seu
3229 523 3442 581 caeteris
3489 527 3559 581 ﬁ-

282 620 514 685 perator
535 608 830 680 Augustus.

361 703 420 760 Si
450 699 802 773 petitionibus
833 713 1114 755 servorum
1145 696 1244 754 Dei
1266 696 1431 770 iustis
1477 703 1534 754 et
1569 695 1870 754 rationabi-

281 799 433 855 libus
456 797 623 854 divini
643 796 822 853 cultus
847 811 1033 852 amore
1053 795 1321 862 favemus,
1361 810 1594 866 superna
1613 811 1715 852 nos
1743 811 1871 868 gra-

280 892 364 946 tia
418 889 614 944 muniri
659 903 769 944 non
806 887 1139 945 dubitamus.
1183 887 1392 943 Idcirco
1420 896 1609 943 notum
1658 887 1729 943 sit
1754 902 1871 943 om-

279 982 439 1037 nium
465 980 703 1036 ﬁdelium
728 987 1061 1046 nostrorum,
1099 988 1207 1035 tam
1235 980 1580 1051 praesentium
1627 994 1788 1050 quam
1815 987 1872 1036 et

278 1075 615 1140 futurorum,
650 1073 902 1138 solertiae,
931 1073 1058 1144 quia
1087 1074 1329 1130 adientes
1357 1073 1707 1130 serenitatem
1757 1072 1871 1128 cul-

278 1167 448 1222 minis
475 1165 648 1220 nostri
675 1165 924 1220 monachi
950 1181 1017 1220 ex
1053 1165 1385 1222 monasterio
1431 1165 1604 1221 sancti
1633 1163 1866 1232 Galloni,

277 1257 429 1327 quod
479 1264 562 1312 est
607 1257 770 1311 situm
822 1256 877 1310 in
923 1271 1062 1328 pago
1108 1256 1392 1327 Durgouve
1437 1271 1600 1328 super
1624 1254 1866 1322 fluvium,

279 1345 430 1416 quod
464 1345 663 1400 dicitur
689 1344 911 1401 Petrosa
939 1357 991 1411 ι,
1019 1345 1326 1401 detulerunt
1353 1346 1510 1402 nobis
1537 1353 1867 1416 praeceptum

278 1439 468 1495 domui
512 1447 567 1494 et
616 1440 879 1510 genitoris
931 1439 1102 1495 nostri
1152 1438 1328 1495 Caroli
1381 1439 1538 1495 boum
1589 1439 1868 1494 memoriae

273 1535 512 1606 piissimi
541 1535 791 1608 Augusti,
814 1536 870 1590 in
912 1551 1019 1606 quo
1040 1535 1421 1592 continebatur
1441 1535 1702 1591 insertum
1732 1549 1867 1605 qua-

273 1623 406 1682 liter
435 1626 689 1684 Sidonius
716 1628 1046 1685 Constantia
1087 1630 1240 1685 urbis
1285 1630 1590 1701 episcopus,
1623 1644 1725 1685 nec
1754 1645 1865 1684 non

272 1717 514 1776 Joannes
541 1722 783 1790 prtedicti
817 1721 1129 1778 monasterii
1159 1723 1343 1788 abbas,
1372 1731 1595 1794 propter
1627 1720 1864 1778 futuram

274 1812 669 1870 dissensionem
695 1815 778 1870 vel
803 1815 1043 1885 quietem
1083 1815 1473 1872 monachorum
1519 1815 1718 1870 ibidem
1749 1815 1861 1870 Deo

1972 607 2185 664 delibus
2201 618 2401 666 sancta:
2425 609 2522 666 Dei
2543 609 2800 669 Ecclesiae
2825 619 2881 669 et
2907 613 3110 670 nostris
3143 623 3256 671 tam
3277 618 3559 687 pmsenti-

1971 698 2074 755 bus
2102 715 2267 770 quam
2297 709 2351 757 et
2371 701 2569 760 futuris
2598 711 2785 760 notum
2812 705 2886 761 sit
2912 722 2925 760 :
2956 705 3084 777 quia
3109 707 3195 762 vir
3230 709 3558 766 venerabilis

1972 791 2358 852 Cuntrammus
2395 796 2566 853 abbas
2585 812 2653 852 ex
2675 800 3008 856 monasterio
3029 801 3174 871 quod
3215 813 3558 873 nuncupatur

1971 885 2250 941 Vivarium
2292 889 2726 960 peregrinorum,
2775 894 2921 963 quod
2949 901 3032 949 est
3060 894 3223 949 situm
3268 895 3324 950 in
3353 896 3553 952 ducatu

1969 978 2283 1047 Alsacense,
2333 996 2495 1052 super
2520 981 2744 1039 fluvium
2792 983 3066 1051 Morbach,
3100 993 3468 1042 constructum
3497 988 3554 1044 in

1970 1072 2176 1130 honore
2205 1073 2380 1130 sancti
2432 1075 2752 1147 Deodegarii
2795 1086 2852 1132 ct
2883 1078 3058 1133 sancti
3101 1077 3251 1134 Petri
3293 1077 3556 1150 principis

1971 1165 2358 1238 apostolorum,
2395 1167 2481 1222 vel
2531 1176 2732 1224 sanctae
2779 1167 2876 1224 Dei
2920 1168 3198 1240 genitricis
3231 1184 3555 1240 semperque

1968 1257 2196 1330 virginis
2247 1258 2452 1326 Mariae,
2483 1258 2674 1316 detulit
2701 1258 2858 1314 nobis
2888 1259 3267 1315 auctoritatem
3314 1274 3555 1331 przecep-

1967 1351 2134 1408 tionis
2181 1350 2365 1408 domui
2413 1358 2470 1407 et
2496 1350 2758 1422 genitoris
2806 1351 2978 1406 nostri
3007 1350 3186 1407 Caroli
3238 1351 3394 1407 bonae
3441 1365 3556 1406 me-

1969 1441 2154 1498 moriae
2175 1439 2404 1511 piissimi
2426 1440 2674 1512 Augusti,
2707 1440 2762 1494 in
2795 1457 2902 1512 qua
2949 1441 3348 1506 continebatur,
3380 1439 3556 1512 quali-

1967 1543 2054 1592 ter
2079 1536 2440 1592 concessisset
2458 1536 2634 1591 eidem
2655 1535 2988 1592 monasterio
3022 1534 3105 1592 vel
3140 1534 3420 1590 monachis
3451 1533 3552 1590 ibi-

1965 1627 2090 1684 dem
2118 1628 2434 1700 degentibus
2457 1627 2728 1684 teloneum
2757 1630 2823 1683 de
2843 1628 3092 1694 navibus,
3124 1641 3244 1697 quae
3281 1641 3379 1697 per
3400 1640 3552 1696 quae-

1965 1720 2098 1777 libet
2119 1719 2340 1776 ﬁumina
2369 1720 2702 1783 discurrunt,
2730 1736 2943 1777 necnon
2969 1727 3026 1776 et
3053 1718 3120 1774 de
3159 1719 3331 1774 carris
3356 1726 3411 1774 et
3431 1733 3556 1790 sag-

1966 1815 2178 1879 mariis,
2221 1815 2530 1870 necessaria
2554 1815 2724 1884 ipsius
2749 1811 3065 1870 monasterii
3093 1820 3150 1868 et
3175 1813 3553 1883 congregatio-

272 1903 653 1962 famulautium
681 1907 783 1964 hoc
818 1907 962 1963 inter
1007 1924 1066 1964 se
1111 1909 1450 1974 statuissent,
1476 1916 1638 1980 atque
1667 1909 1863 1964 litteris
1890 1897 1938 1959 B
1965 1907 2051 1962 nis
2102 1906 2302 1962 ibidem
2353 1906 2464 1962 Deo
2507 1904 2821 1961 famulantis
2881 1903 3284 1968 deferentibus,
3331 1903 3446 1958 sive
3494 1902 3550 1958 in

270 1998 654 2066 aﬂlrmassent,
681 2017 819 2071 quas
846 2002 1011 2057 etiam
1044 2002 1300 2073 praedicto
1329 2003 1525 2058 domno
1553 2011 1607 2057 et
1629 2001 1860 2074 genitori

270 2098 463 2145 nostro
509 2091 847 2159 detulissent,
894 2093 1034 2149 sicut
1071 2093 1262 2149 eadem
1310 2093 1608 2149 auctoritas
1636 2101 1860 2164 paterna

266 2182 432 2238 nobis
455 2185 844 2250 manifestavit,
873 2194 933 2240 ut
954 2185 1110 2242 annis
1154 2185 1380 2257 singulis
1405 2185 1473 2240 ad
1499 2193 1860 2240 memoratum

266 2273 607 2346 episcopum,
631 2277 713 2330 vel
739 2277 806 2332 ad
837 2293 1178 2334 successores
1207 2277 1500 2347 praedictus
1529 2277 1697 2333 abbas
1719 2276 1861 2346 eius-

267 2380 378 2435 que
396 2381 738 2424 successores
768 2369 986 2426 unciam
1017 2368 1133 2424 auri
1162 2376 1218 2424 et
1241 2367 1526 2424 'caballum
1546 2383 1736 2435 unum,
1760 2384 1855 2423 va-

263 2455 469 2514 lentem
502 2459 695 2516 libram
723 2478 887 2516 unam
935 2461 1244 2532 persolvere
1291 2461 1576 2528 deberent,
1618 2460 1693 2516 ita
1721 2461 1858 2516 duu-

263 2557 424 2605 taxat
461 2560 522 2608 ut
547 2554 799 2609 monachi
824 2554 1026 2610 ibidem
1066 2555 1178 2610 Deo
1223 2553 1546 2610 famulantes
1575 2551 1757 2624 quiete
1776 2555 1857 2610 vi-

262 2655 396 2696 vere
418 2657 483 2698 ac
507 2643 748 2700 residere
771 2645 1036 2711 valerent,
1069 2653 1123 2700 et
1144 2644 1279 2700 nihil
1301 2644 1532 2716 amplius
1557 2660 1587 2699 a
1616 2644 1855 2716 praefatae

261 2731 510 2787 ecclesiae
544 2734 816 2804 episcopis
851 2735 918 2790 de
943 2736 1107 2791 rebus
1135 2735 1348 2806 prmfati
1397 2735 1715 2791 monasterii
1741 2735 1856 2790 exi-

258 2831 506 2894 geretur,
537 2826 634 2881 sed
658 2827 764 2881 hoc
790 2827 916 2882 dato
964 2841 1146 2891 censo,
1185 2827 1377 2882 liceret
1404 2826 1624 2882 eosdem
1665 2841 1855 2882 mona-

257 2923 398 2978 chos
428 2937 618 2978 secure
646 2922 832 2976 vivere
879 2921 1083 2990 absque
1131 2919 1358 2990 alicujus
1395 2919 1740 2976 infestatione
1764 2920 1851 2976 vel

258 3029 448 3070 rerum
489 3028 710 3070 suarum
741 3011 1179 3068 diminoratione.
1208 3011 1314 3067 Pro
1356 3010 1632 3066 ﬁrmitatis
1666 3018 1850 3068 tamen

257 3105 458 3177 gratia,
487 3104 574 3159 vel
598 3119 697 3176 pro
722 3105 1114 3160 monachorum
1145 3104 1344 3160 ibidem
1365 3103 1477 3158 Deo
1499 3102 1849 3159 militantium

258 3193 446 3250 futura
483 3194 687 3266 quiete,
720 3193 877 3249 libuit
924 3193 1081 3249 nobis
1130 3201 1415 3264 paternam
1467 3191 1847 3248 auctoritatem

259 3293 450 3340 nostra
496 3285 692 3340 iterum
741 3299 840 3356 per
888 3285 988 3340 hos
1042 3291 1261 3340 nostros
1308 3283 1489 3355 apices
1543 3283 1851 3354 imperiales

259 3377 609 3436 canﬁrmare.
639 3377 874 3448 Ideoque
921 3377 1176 3448 iubemus
1227 3384 1390 3446 atque
1419 3376 1764 3432 decernimus
1791 3387 1852 3433 ut

255 3469 406 3527 sicut
424 3469 478 3524 in
507 3469 680 3525 nostri
709 3469 973 3541 genitoris
1001 3467 1197 3523 litteris
1229 3467 1452 3522 insitum
1481 3473 1588 3533 est,
1619 3481 1755 3537 quas
1781 3466 1852 3523 ad

257 3561 698 3633 deprecationem
723 3569 1041 3618 memoratae
1061 3560 1212 3615 urbis
1231 3559 1484 3630 episcopo
1505 3559 1850 3616 conscribere

259 3659 423 3722 atque
445 3651 769 3708 continuare
790 3651 977 3723 jussit,
992 3651 1085 3717 ita,
1105 3651 1334 3707 Domino
1354 3651 1672 3717 auxiliante,
1698 3651 1850 3708 dein-

253 3758 389 3814 ceps
433 3743 633 3801 futuris
679 3744 1014 3815 temporibus
1057 3760 1088 3798 a
1117 3743 1274 3800 nobis
1315 3752 1369 3800 et
1399 3759 1429 3799 a
1464 3743 1733 3811 ﬁdelibus,
1763 3745 1850 3802 vel

259 3837 672 3893 successoribus
697 3835 899 3892 nostris
937 3844 1201 3907 perpetuo
1253 3845 1663 3892 conserventur.
1696 3837 1766 3892 Et
1790 3844 1852 3892 ut

257 3931 380 3988 haec
425 3931 723 3986 auctoritas
763 3927 1146 4000 praeceptionis
1192 3936 1395 3983 nostrae
1449 3927 1746 3984 ﬁrmiorem
1793 3928 1848 3984 in

259 4018 360 4078 Dei
401 4021 622 4077 nomine
669 4021 914 4078 obtineat
935 4019 1198 4091 vigorem,
1229 4027 1286 4075 et
1313 4033 1345 4072 a
1370 4017 1618 4074 ﬁdelibus
1646 4019 1850 4075 nostris

257 4111 456 4170 melius
480 4119 853 4178 conservetur,
873 4108 942 4166 de
961 4109 1160 4166 annulo
1178 4117 1368 4166 nostro
1389 4109 1577 4166 subter
1585 4108 1850 4181 iussimus

257 4203 504 4274 sigillari.

331 4294 616 4350 Durandus
637 4293 898 4350 diaconus
913 4291 983 4349 ad
1009 4291 1184 4349 vicem
1210 4289 1534 4348 Helisachar
1555 4291 1847 4365 recognovi

257 4393 316 4442 et
344 4384 662 4456 subscripsi.

330 4475 466 4533 Data
487 4493 542 4532 vi
563 4477 832 4534 Kalendas
853 4475 1181 4534 Februarias
1205 4476 1258 4544 ιν,
1291 4490 1455 4543 anno,
1479 4476 1698 4534 Christo
1723 4493 1849 4550 pro-

254 4571 418 4643 pitio,
443 4569 684 4626 secundo
710 4569 925 4641 imperii
951 4569 1135 4625 domui
1163 4568 1425 4626 Ludovici
1475 4569 1707 4640 piissimi
1737 4569 1848 4624 Au-

256 4661 424 4734 gusti,
458 4660 752 4717 indictione
773 4660 808 4716 9
839 4672 888 4716 ο.
908 4662 1104 4716 Actum
1131 4659 1459 4734 Aquisgrani
1475 4660 1677 4734 palatio
1697 4661 1846 4734 regio

256 4753 318 4812 in
342 4751 440 4809 Dei
465 4753 685 4809 nomine
717 4751 970 4808 feliciter.
992 4751 1187 4807 Amen.

994 4842 1106 4899 LV.

617 4950 717 4991 PRO
753 4951 1095 4992 IONASTERIO
1131 4949 1483 4992 IOBBACENSI.

877 5029 1050 5102 (Anno
1082 5029 1234 5103 8l6.)

254 5119 444 5202 [Apud
465 5120 720 5189 Martem,
756 5121 910 5202 Thes:
943 5121 1320 5202 A_necd.,_p‘ag.
1347 5121 1437 5189 l8,
1469 5135 1539 5178 ex
1571 5123 1846 5180 chartario

861 5191 1242 5264 Morbacensi.]

329 5284 392 5342 ιη
417 5284 638 5342 nomine
669 5281 883 5339 Domini
912 5281 1009 5337 Dei
1050 5289 1107 5336 et
1155 5280 1455 5338 Salvatoris
1502 5283 1673 5339 nostri
1719 5281 1848 5341 Jesu

256 5378 485 5446 Christi,
500 5377 830 5442 Ludovicus,
861 5374 1041 5430 divina
1059 5372 1348 5430 ordinante
1366 5374 1722 5445 providentia,
1747 5376 1848 5432 im-

257 5478 482 5544 perator
501 5469 796 5540 Augustus,
823 5465 1075 5522 omnibus
1103 5463 1389 5537 episcopis,
1418 5465 1723 5535 abbatibus,
1749 5469 1846 5525 du-

257 5565 437 5632 cibus,
488 5565 799 5628 comitibus,
846 5560 1090 5627 vicariis,
1123 5559 1472 5628 centenariis,
1514 5560 1844 5632 teloneariis,

259 5658 600 5724 actionariis,
628 5655 810 5712 missis
831 5652 1060 5720 nostris,
1085 5651 1518 5725 discurrentibus
1545 5653 1631 5711 vel
1674 5655 1849 5714 omni-

335 5826 364 5927 ;
688 5879 915 5955 septima
940 5879 1205 5954 Januarii,
1235 5897 1356 5958 qua:
1376 5883 1490 5945 dies
1509 5856 1698 5942 ultima
1724 5893 1842 5942 erat

1964 1997 2162 2054 Marsal
2185 2006 2240 2054 et
2262 1998 2318 2052 iu
2345 1997 2469 2063 Iris,
2499 1997 2584 2053 vel
2602 1997 2912 2066 ubicunque
2946 1995 3128 2060 ierint,
3152 1994 3553 2066 uegotiaverint

1962 2097 2057 2144 aut
2083 2089 2444 2155 vendiderint,
2475 2088 2656 2144 nullus
2684 2088 2945 2144 telonium
2973 2095 3228 2143 exactare
3255 2095 3349 2142 aut
3368 2087 3551 2157 requi-

1961 2196 2084 2237 rere
2123 2189 2498 2251 praesumeret.
2526 2181 2632 2236 Pro
2661 2179 2936 2235 ﬁrmitatis
2968 2193 3202 2248 namque
3248 2177 3428 2234 studio
3450 2191 3550 2248 po-

1960 2271 2182 2327 stulavit
2209 2272 2366 2327 nobis
2393 2271 2684 2342 praedictus
2719 2271 2907 2336 abbas,
2933 2278 2993 2326 ut
3011 2277 3299 2342 paternum
3339 2285 3547 2325 morem

1959 2372 2269 2435 sequentes,
2317 2364 2692 2433 hujuscemodi
2723 2363 3066 2420 auctoritatis
3094 2369 3295 2418 nostra:
3339 2362 3545 2418 benefi-

1959 2454 2103 2510 cium
2127 2454 2302 2510 eidem
2348 2454 2772 2511 concederemus
2811 2454 2894 2510 vel
2935 2453 3386 2510 conﬁrmaremus
3432 2469 3549 2511 mo-

1957 2548 2234 2603 nasterio:
2269 2547 2424 2620 cuius
2451 2549 2705 2620 precibus
2755 2549 2914 2604 nobis
2957 2549 3028 2605 ob
3057 2561 3298 2604 amorem
3348 2547 3446 2604 Dei
3493 2555 3551 2605 et

1954 2641 2359 2698 venerationem
2386 2641 2554 2714 ipsius
2575 2643 2749 2699 sancti
2777 2641 2883 2698 loci
2912 2657 3174 2707 annuere,
3201 2648 3258 2696 et
3281 2641 3386 2696 hoc
3408 2654 3548 2711 prae-

1954 2743 2172 2806 ceptum
2199 2734 2587 2792 muniﬁcentiae
2631 2743 2832 2792 nostrae
2887 2733 3162 2790 ﬁrmitatis
3205 2735 3379 2806 gratia
3426 2733 3546 2790 fieri

1953 2826 2112 2883 libuit
2145 2845 2159 2882 :
2191 2841 2291 2898 per
2341 2827 2486 2898 quod
2530 2827 2785 2900 iubemus
2822 2833 2984 2896 atque
3038 2826 3384 2898 praecipimus
3412 2866 3428 2891 ,
3481 2832 3545 2882 ut

1951 2919 2130 2977 nullus
2150 2920 2316 2992 index
2340 2918 2608 2991 publicus,
2639 2918 2724 2975 vel
2743 2917 2999 2990 quislibet
3027 2933 3095 2974 ex
3119 2917 3413 2989 iudiciaria
3438 2913 3541 2988 po?

1952 3019 2148 3068 testate
2179 3010 2248 3067 de
2289 3011 2519 3066 navibus
2564 3017 2621 3066 et
2655 3009 2851 3076 carris,
2876 3010 2962 3066 νει
2989 3010 3296 3082 sagmariis,
3323 3009 3412 3066 vel
3442 3025 3546 3066 cae-

1950 3100 2084 3157 teris
2105 3101 2389 3167 vehiculis,
2418 3101 2727 3158 necessaria
2744 3101 2913 3172 ipsius
2948 3102 3266 3158 monasterii
3291 3101 3544 3158 deferen-

1951 3191 2100 3246 tibus
2123 3189 2190 3246 de
2213 3192 2456 3262 quolibet
2477 3193 2806 3248 commercio
2838 3193 3199 3264 undecunque
3223 3193 3389 3249 ﬁscus
3410 3193 3544 3250 telo-

1877 3260 1923 3324 (ἶ
1953 3282 2107 3337 nium
2147 3260 2367 3353 exi—gere
2404 3291 2606 3354 potest,
2634 3283 2805 3339 ullum
2835 3260 3229 3340 telonium—aut
3277 3286 3547 3356 quaslibet

1953 3374 2268 3431 exactiones
2286 3375 2372 3431 vel
2401 3377 2716 3434 occasiones
2740 3392 2986 3448 qumrere
3014 3385 3110 3434 aut
3127 3387 3381 3435 exactare
3404 3394 3545 3450 pra:-

1953 3474 2134 3522 sumat
2166 3483 2180 3521 :
2213 3467 2308 3522 sed
2331 3467 2640 3538 ubicunque
2667 3467 2808 3524 infra
2845 3469 3108 3526 ditionem
3133 3469 3347 3542 imperii
3371 3471 3544 3526 nostri

1949 3557 2023 3614 ob
2064 3556 2354 3614 utilitatem
2396 3567 2452 3614 et
2481 3559 2864 3616 necessitatem
2913 3560 3085 3631 ipsius
3132 3561 3448 3618 monasterii
3477 3560 3544 3620 ad

1952 3664 2304 3721 quascunque
2331 3650 2583 3707 videlicet
2626 3651 2893 3720 civitates,
2937 3653 3161 3709 castella
3215 3663 3308 3710 aut
3331 3662 3541 3726 portus,

1951 3749 2161 3814 pontes,
2213 3741 2491 3812 traiectus,
2522 3744 2605 3800 vel
2632 3754 2827 3800 caetera
2873 3744 2993 3800 loca
3026 3761 3309 3802 accessum
3333 3747 3539 3803 habue-

1952 3831 2082 3897 rint,
2113 3832 2292 3887 uullus
2320 3848 2386 3888 ex
2407 3834 2488 3889 eis
2515 3843 2609 3889 aut
2633 3835 2943 3892 hominibus
2974 3837 3068 3906 qui
3097 3838 3201 3892 hoc
3221 3837 3540 3908 praavident,

1950 3923 2120 3980 ullum
2143 3924 2425 3992 telonium,
2457 3925 2597 3982 sicut
2621 3926 2880 3994 diximus,
2906 3935 3002 3983 aut
3036 3928 3206 3984 ullum
3229 3944 3538 3998 occursum,

1950 4018 2037 4075 vel
2063 4017 2233 4074 ullum
2253 4033 2499 4087 censum,
2523 4027 2617 4075 aut
2646 4019 2811 4077 ullam
2849 4021 3262 4079 retributionem
3292 4024 3542 4096 accipere

1951 4117 2045 4165 aut
2071 4109 2293 4183 exigere
2327 4111 2523 4166 audeat
2555 4129 2568 4165 :
2605 4112 2700 4169 sed
2739 4111 2948 4169 licitum
2984 4114 3058 4172 sit
3083 4115 3289 4186 absque
3313 4115 3542 4188 alicuius

1950 4203 2138 4261 illicita
2168 4205 2555 4263 contrarietate
2573 4207 2660 4263 vel
2679 4205 2990 4265 detentione
3012 4225 3112 4282 per
3129 4211 3272 4268 hanc
3293 4219 3536 4268 nostram

1950 4299 2331 4354 auctoritatem
2355 4314 2543 4367 naves,
2571 4314 2748 4366 carra,
2771 4302 3039 4374 sagmaria
3067 4311 3125 4358 et
3167 4312 3362 4360 ctetera
3387 4303 3540 4361 vehi-

1949 4393 2093 4460 cula,
2125 4402 2181 4450 et
2205 4391 2455 4450 homines
2480 4394 2572 4464 qui
2601 4409 2697 4450 eas
2724 4395 3023 4465 praevidere
3051 4396 3271 4464 debent,
3304 4412 3426 4453 cum
3453 4396 3540 4454 bis

1949 4500 2070 4556 quae
2099 4485 2348 4542 deferunt
2369 4486 2540 4542 libere
2559 4493 2721 4556 atque
2746 4502 2937 4544 secure
2971 4489 3051 4545 ire
3073 4496 3128 4544 et
3155 4489 3354 4555 redire,
3399 4496 3454 4545 et
3491 4489 3538 4546 si

1950 4577 2164 4649 aliquas
2192 4594 2372 4635 moras
2401 4579 2457 4634 in
2485 4579 2727 4651 quolibet
2758 4581 2877 4637 loco
2906 4580 3159 4649 fecerint,
3190 4591 3283 4638 aut
3331 4582 3537 4654 aliquid

1949 4670 2180 4726 mercati
2201 4668 2405 4726 fuerint
2423 4677 2518 4725 aut
2541 4671 2903 4739 vendiderint,
2934 4672 3066 4727 nihil
3101 4672 3170 4726 ab
3189 4673 3269 4728 eis
3287 4688 3537 4744 prorsus,

1949 4769 2012 4818 ut
2039 4761 2244 4818 dictum
2267 4770 2370 4829 est,
2393 4762 2660 4836 exigatur.
2692 4763 2819 4820 Haec
2847 4779 2977 4820 vero
3002 4765 3301 4820 auctoritas
3334 4771 3396 4818 ut
3425 4764 3540 4834 ple-

1949 4856 2160 4911 niorem
2207 4856 2264 4911 in
2288 4855 2385 4912 Dei
2411 4856 2633 4912 nomine
2666 4855 2908 4912 obtineat
2932 4856 3195 4929 vigorem,
3233 4864 3288 4913 et
3313 4872 3345 4912 a
3368 4857 3539 4912 ﬁdeli-

1948 4950 2052 5006 bus
2077 4957 2276 5005 sanctae
2303 4949 2400 5004 Dei
2436 4949 2692 5006 Ecclesiae
2729 4956 2786 5005 et
2829 4949 3030 5005 nostris
3073 4950 3256 5005 verius
3285 4951 3538 5006 credatur

1949 5049 2111 5112 atque
2133 5049 2507 5107 conservetur,
2538 5057 2700 5096 manu
2728 5041 2948 5113 propria
2969 5041 3156 5099 subter
3175 5043 3532 5112 ﬁrmavimus,

1948 5144 2003 5191 et
2025 5135 2209 5191 annuli
2234 5135 2408 5190 nostri
2433 5135 2790 5205 impressione
2811 5136 3012 5210 signari
3035 5136 3314 5208 iussimus.

2024 5243 2252 5316 Signum
2277 5243 2537 5302 Ludovici
2565 5247 2900 5304 serenissimi
2921 5247 3286 5320 imperatoris.

2023 5358 2311 5416 Durandus
2352 5359 2612 5442 diaconus
2641 5361 2709 5416 ad
2750 5362 2925 5419 vicem
2947 5362 3230 5420 Elisachar
3273 5381 3534 5440 recogno-

1952 5451 2051 5510 vit.

2023 5561 2160 5618 Data
2179 5577 2234 5617 ιι
2259 5560 2528 5618 Kalendas
2549 5560 2904 5634 Septembris,
2929 5579 3090 5633 anno,
3104 5565 3322 5624 Christo
3346 5567 3530 5639 propi-

1955 5653 2055 5722 tio,
2081 5655 2244 5712 tertio
2266 5655 2481 5728 imperii
2509 5654 2692 5713 domui
2741 5655 2999 5715 Ludovici
3026 5659 3256 5732 piissimi
3279 5661 3533 5732 Augusti,

1954 5814 2081 5873 anni
2111 5815 2171 5871 Η
2205 5813 2465 5873 Ludovici
2484 5815 2587 5872 Pii.

2023 5897 2047 5928 ο
2077 5886 2301 5946 lndictio
2322 5887 2356 5945 9
2381 5889 2637 5945 currebat
2664 5903 2751 5946 an.
2773 5890 2894 5950 816.
