4048 6350
519 403 658 463 1055

521 608 674 664 freda
721 616 814 663 aut
839 608 1078 663 teloneos
1107 605 1322 674 exigere
1351 611 1442 658 aut
1470 608 1688 672 paratas
1717 601 1770 655 in
1808 614 1997 654 eorum
2016 597 2103 652 vel

521 703 768 776 privatas
825 699 1130 755 audientias
1180 693 1431 753 exactare
1471 702 1844 768 praesumeret.
1877 692 1984 747 Pro
2022 690 2102 746 rei

521 808 656 850 vero
679 791 936 847 ﬁrmitate
963 790 1257 862 postulavit
1285 788 1441 843 nobis
1466 787 1723 858 praefatus
1748 785 1873 840 Heti
1894 783 2081 839 archie

521 888 795 959 piscopus,
849 893 912 939 ut
948 893 1234 954 paternum
1281 897 1374 936 seu
1402 881 1861 951 praedecessorum
1892 883 2106 932 nostro-

452 970 458 974 .
524 999 645 1042 rum
689 997 875 1052 regum
907 993 1113 1034 morem
1157 983 1447 1048 sequentes
1488 973 1864 1043 hujuscemodi
1904 978 2106 1026 nostra:

525 1072 879 1131 immanitatis
915 1080 1243 1142 praeceptum
1283 1070 1353 1125 ob
1380 1084 1620 1124 amorem
1648 1067 1742 1121 Dei
1766 1074 1822 1121 et
1846 1079 2104 1120 reveren-

524 1165 656 1221 tiam
696 1167 868 1221 sancti
899 1163 1045 1219 Petri
1074 1179 1201 1233 erga
1245 1164 1414 1232 ipsam
1447 1161 1734 1217 ecclesiam
1774 1158 1892 1213 ﬁeri
1925 1171 2110 1212 cense-

525 1272 709 1316 remus
729 1274 742 1322 ;
767 1255 918 1325 cujus
936 1255 1184 1325 petitioni
1206 1254 1442 1309 libenter
1455 1267 1732 1308 assensum
1754 1249 2106 1322 prtebuimus,

525 1356 582 1402 et
608 1349 726 1403 haec
772 1357 970 1402 nostra":
1012 1346 1353 1401 auctoritatis
1395 1350 1724 1416 praeceptum
1758 1357 1888 1411 erga
1934 1340 2108 1410 ipsam

526 1437 812 1493 ecclesiam
859 1437 1218 1492 immunitatis
1247 1444 1303 1491 et
1329 1435 1578 1490 tuitionis
1605 1433 1780 1504 gratia
1809 1446 1910 1501 pro
1939 1429 2107 1486 divini

524 1527 701 1582 cultus
731 1541 915 1581 amore
941 1534 995 1582 et
1021 1527 1218 1581 animae
1263 1533 1462 1582 nostra:
1494 1525 1732 1580 remedio
1773 1522 1890 1577 ﬁeri
1923 1523 2111 1578 decre-

524 1618 724 1682 vimus,
757 1633 855 1687 per
885 1619 1029 1688 quod
1063 1618 1410 1688 praecipimus
1455 1626 1510 1670 et
1544 1615 1797 1685 jubemus
1827 1622 1886 1668 ut
1931 1613 2111 1670 nullus

523 1708 685 1780 iudex
731 1709 982 1780 publicus
1023 1710 1106 1764 vel
1138 1709 1365 1779 quilibet
1390 1724 1455 1763 ex
1478 1706 1766 1777 judiciaria
1805 1716 2107 1778 potestate,

524 1799 581 1854 in
611 1801 964 1866 monasteria,
994 1801 1278 1866 ecclesias,
1311 1800 1552 1866 castella,
1587 1800 1756 1865 vicos,
1785 1799 1965 1864 villas,
1990 1799 2109 1854 loca

525 1899 582 1948 et
615 1907 775 1962 agros
819 1907 912 1946 seu
962 1892 1198 1962 reliquas
1243 1892 1617 1962 possessiones
1640 1889 1913 1959 prtedictae
1942 1889 2114 1944 eccle-
2140 1867 2189 1928 B

525 1982 640 2048 site,
683 1998 818 2053 quas
859 1984 1122 2038 moderno
1171 1990 1416 2053 tempore
1441 1983 1587 2053 juste
1635 1987 1689 2036 et
1728 1980 1973 2049 legaliter
2003 1987 2113 2034 tam

525 2075 668 2128 ultra
708 2089 870 2144 quam
910 2073 1066 2144 juxta
1127 2075 1417 2141 Rhenum,
1458 2075 1543 2130 vel
1584 2073 1731 2129 circa
1772 2072 2012 2144 Ligerim
2058 2072 2114 2126 in

529 2165 682 2237 pagis
733 2166 819 2221 vel
859 2166 1152 2221 territoriis
1196 2166 1338 2220 infra
1382 2166 1643 2220 ditionem
1686 2165 1896 2235 imperii
1941 2163 2114 2219 nostri

528 2267 829 2313 memorata
858 2266 1004 2312 tenet
1037 2266 1092 2312 et
1128 2258 1368 2328 possidet
1405 2258 1633 2313 ecclesia
1657 2298 1672 2323 ,
1700 2257 1787 2312 vel
1817 2271 1936 2326 quze
1963 2256 2115 2310 dein-

530 2363 657 2418 ceps
688 2349 742 2402 in
766 2347 889 2416 jure
919 2347 1088 2417 ipsius
1124 2349 1300 2404 sancti
1337 2348 1439 2402 loci
1470 2348 1701 2404 voluerit
1732 2348 1912 2402 divina
1941 2347 2116 2417 pietas

530 2437 738 2509 augeri,
791 2438 858 2492 ad
902 2453 1093 2494 causas
1142 2439 1438 2494 audiendas
1469 2439 1552 2494 vel
1581 2438 1735 2495 freda
1776 2447 1869 2493 aut
1910 2439 2115 2494 tributa

529 2541 623 2588 aut
679 2533 953 2603 conjectos
985 2545 1011 2575 α
1048 2534 1258 2604 aliquos
1307 2534 1605 2605 exigendos
1660 2542 1756 2588 aut
1805 2533 2116 2588 mansiones

529 2624 616 2680 vel
645 2632 865 2695 paratas
895 2625 1172 2680 faciendas
1201 2633 1293 2679 aut
1333 2623 1677 2694 ﬁdejussorcs
1706 2625 1976 2680 tollendos
2023 2632 2119 2679 aut

530 2716 780 2772 homines
802 2717 970 2789 ipsius
998 2719 1246 2773 ecclesia
1273 2718 1672 2788 distringendos
1713 2732 1815 2773 nec
1836 2718 1974 2773 ullas
1997 2718 2118 2773 red-

531 2805 827 2860 hibitiones
869 2814 961 2859 aut
1005 2806 1221 2860 illicitas
1255 2806 1576 2861 occasiones
1608 2804 1984 2874 requirendas,
2019 2820 2117 2859 no-

535 2894 666 2948 stris
719 2902 774 2948 et
818 2895 1018 2949 futuris
1062 2897 1399 2966 temporibus
1428 2896 1636 2966 ingredi
1675 2895 1890 2961 audeat,
1923 2895 2006 2949 vel
2051 2909 2116 2950 ea

539 2997 660 3053 quae
689 2999 851 3054 supra
879 2995 1182 3040 memorata
1221 2994 1367 3050 sunt,
1413 2986 1630 3057 penitus
1669 2987 1885 3056 exigere
1914 3001 2118 3057 praesu-

535 3085 668 3142 mat,
721 3093 898 3150 neque
952 3079 1220 3134 teloneum
1278 3081 1511 3150 exigere,
1563 3079 2013 3150 quemadmodum
2062 3079 2116 3134 in

530 3177 804 3242 praecepto
835 3169 1036 3226 domini
1075 3178 1131 3226 et
1159 3171 1420 3242 genitoris
1447 3170 1618 3226 nostri
1649 3171 1987 3236 continetur;
2021 3169 2116 3224 sed

529 3261 693 3318 liceat
726 3269 1028 3316 memorato
1055 3261 1273 3331 praesuli
1323 3261 1545 3331 suisque
1581 3261 1988 3316 successoribus
2028 3276 2117 3316 res

534 3353 812 3425 praedictae
859 3353 1100 3408 ecclesize
1147 3354 1320 3408 sancti
1365 3353 1513 3407 Petri
1566 3369 1687 3408 cum
1718 3353 1972 3407 omnibus
2007 3354 2120 3407 suis

532 3443 813 3511 subjectis,
864 3450 917 3496 et
946 3445 1107 3497 rebus
1154 3444 1240 3498 vel
1269 3445 1579 3499 hominibus
1605 3445 1694 3514 :ad
1726 3459 1782 3498 se
1811 3443 2121 3514 aspicienti-

531 3530 635 3587 bus
664 3532 743 3589 vel
770 3531 1190 3602 pertinentibus,
1221 3532 1320 3587 sub
1348 3534 1593 3588 tuitionis
1624 3542 1786 3602 atque
1813 3535 2124 3589 immunita-

534 3622 605 3678 tis
645 3630 848 3678 nostra:
895 3621 1250 3689 defensione,
1317 3633 1522 3678 remota
1580 3623 1746 3677 totius
1816 3623 2122 3692 judiciariae

529 3715 820 3786 potestatis
845 3715 1241 3786 inquietudine,
1276 3716 1461 3786 quieto
1501 3717 1691 3772 ordine
1734 3717 2034 3786 possidere,
2067 3727 2123 3773 et

531 3814 721 3863 nostro
754 3806 992 3861 ﬁdeliter
1037 3822 1230 3878 parere
1267 3807 1519 3879 imperio,
1549 3815 1711 3878 atque
1757 3823 1855 3880 pro
1912 3809 2123 3864 incolu-

531 3903 723 3958 mitate
755 3911 962 3968 nostra,
1005 3901 1246 3974 conjugis
1297 3917 1361 3957 ac
1417 3903 1674 3974 prolium,
1727 3918 1823 3958 seu
1853 3903 2019 3958 etiam
2043 3910 2122 3959 to-

533 3996 642 4050 tius
689 3996 902 4066 imperii
944 4011 973 4050 a
1015 3997 1124 4052 Deo
1160 3996 1315 4052 nobis
1351 3997 1534 4052 collati
1574 4004 1629 4052 et
1655 3995 1771 4065 ejus
1808 3997 2119 4054 clementis-

533 4085 676 4140 sima
720 4086 1066 4141 miseratione
1108 4102 1206 4157 per
1249 4088 1573 4144 immensum
1601 4088 1981 4153 conservandi,
2013 4104 2120 4143 una

531 4193 656 4233 cum
683 4175 828 4232 clero
850 4186 904 4232 et
924 4178 1123 4247 populo
1151 4179 1253 4234 sibi
1274 4173 1518 4248 subjecto
1538 4180 1706 4234 Deum
1738 4195 1988 4243 exorare,
2009 4188 2116 4235 etc.

533 4266 687 4322 Hanc
727 4267 910 4336 itaque
936 4269 1337 4335 auctoritatem,
1386 4279 1446 4325 ut
1472 4271 1776 4341 pleniorem
1819 4271 1872 4326 in
1900 4270 1994 4326 Dei
2023 4287 2121 4328 no-

535 4358 682 4413 mine
731 4358 974 4413 obtineat
1011 4359 1276 4429 vigorem,
1323 4369 1378 4415 et
1421 4377 1451 4415 a
1491 4361 1740 4416 ﬁdelibus
1781 4370 1982 4417 sanctae
2021 4361 2118 4416 Dei

535 4451 791 4507 Ecclesia;
837 4461 892 4508 et
933 4455 1138 4509 nostris
1179 4454 1364 4509 verius
1397 4456 1669 4520 credatur,
1711 4464 1765 4509 et
1807 4455 2120 4526 diligentius

532 4555 904 4612 conservetur,
931 4546 1099 4602 etiam
1120 4561 1284 4601 manu
1306 4548 1525 4617 propria
1553 4549 1739 4603 subter
1761 4547 2114 4612 firmavimus,
2143 4586 2199 4649 Β

531 4644 587 4692 et
610 4636 793 4692 annuli
821 4637 994 4692 nostri
1027 4637 1384 4709 impressione
1412 4639 1615 4710 signari
1643 4637 1927 4709 jussimus.

601 4729 828 4802 Signum
849 4730 1107 4787 Ludovici
1139 4733 1474 4787 serenissimi
1506 4732 1873 4802 imperatoris.

600 4821 884 4877 Durandus
913 4823 1174 4879 diaconus
1195 4823 1263 4879 ad
1303 4823 1475 4878 vicem
1508 4821 1829 4877 llelisachar
1857 4837 2120 4893 recogno-

529 4912 608 4966 vit

598 5003 792 5058 Datum
818 5019 871 5059 vr
904 5003 1130 5061 Kalend.
1152 5004 1509 5076 Septembris,
1543 5019 1708 5070 anno,
1740 5003 1958 5060 Christo
1993 5021 2121 5076 pro-

529 5091 684 5164 pitio,
717 5095 880 5150 tertio
907 5096 1121 5165 imperii
1151 5096 1412 5152 Ludovici
1440 5094 1957 5166 piissimi,Augusti,
1975 5096 2120 5152 indi-

533 5182 713 5238 ctione
773 5185 860 5242 lO.
904 5187 1100 5243 Actum
1139 5188 1470 5260 Aquisgrani
1512 5187 1714 5259 palatio
1741 5187 1894 5258 regio
1924 5189 1979 5243 iu
2025 5188 2121 5245 Dei

533 5273 749 5331 nomine
780 5275 1027 5334 feliciter.
1057 5279 1230 5336 Amen
1249 5321 1252 5334 ,

530 5605 627 5679 qui
674 5605 864 5663 malles
916 5608 1145 5679 subrdio
1191 5605 1377 5679 haberi
1455 5606 1642 5661 solitos
1669 5645 1683 5672 ,
1747 5605 2116 5679 demumﬂsub

536 5676 678 5750 tecta
739 5679 962 5750 recepit.
1011 5677 1241 5750 Capitul.
1292 5677 1396 5750 lib.
1446 5694 1529 5743 Ill,
1584 5694 1701 5750 cap.
1747 5676 1812 5730 57
1847 5696 1858 5729 :
1899 5696 1916 5725 ι
1954 5676 2024 5732 Ut
2060 5679 2114 5750 in

538 5747 674 5802 locis
703 5749 793 5804 ubi
822 5747 1014 5804 malles
1037 5747 1282 5817 publicos
1312 5748 1513 5802 habere
1541 5749 1734 5810 solent,
1777 5756 1979 5802 tectum
2012 5749 2119 5801 tale

535 5820 916 5885 constituatur,
931 5815 1093 5890 quod
1107 5815 1400 5890 inhiberno
1425 5827 1478 5870 et
1501 5819 1553 5872 in
1564 5827 1761 5890 testate
1775 5818 2117 5873 observatum

539 5901 658 5940 esse
698 5884 1115 5959 possit.i'A(ld.
1155 5884 1246 5939 lib.
1287 5900 1360 5950 ιν,
1392 5902 1508 5954 cap.
1557 5888 1646 5952 ‘28,
1694 5897 1902 5942 retenta
1932 5897 2112 5943 tamen

1658 393 1985 455 LUDOVICI
2021 390 2044 448 Ι
2077 389 2550 451 COGNOMENTO
2585 389 2671 450 ΡΠ

520 516 734 588 ingenia
757 512 999 586 ejusdem
1023 510 1266 570 ecclesia:
1289 509 1536 566 homines
1559 507 1896 572 admallaret,
1927 519 2102 575 neque
2127 505 2182 566 Α

3660 374 3806 433 ξοδδ

2631 610 2733 653 pne
2768 608 3108 653 uomsrrzmo
3142 589 3436 650 rurnaasr.‘

2830 691 3002 761 (Anno
3041 685 3191 759 816.)

2457 785 2780 858 [Sehannat,
2826 780 3156 836 Traditiones
3200 773 3532 851 Fuldenses]

2279 879 2339 933 lu
2396 877 2619 932 nomine
2674 871 2893 929 Domini
2954 881 3010 928 et
3071 869 3373 927 Salvatoris
3433 867 3610 924 nostri
3675 866 3817 925 Iesu

2209 971 2429 1036 Christi,
2466 969 2773 1026 Ludovicus
2807 967 2981 1040 gratia
3015 965 3114 1022 Dei
3154 965 3523 1021 Romanorum
3563 963 3818 1034 impera-

2208 1070 2295 1118 tor
2318 1061 2624 1133 Augustus.‘

2281 1154 2417 1222 Quia
2453 1163 2651 1210 nostrae
2692 1151 3048 1225 providentire
3072 1165 3192 1207 esse
3218 1150 3441 1215 scimus,
3479 1165 3585 1206 non
3623 1147 3819 1205 solum

2209 1246 2364 1317 regni
2424 1245 2789 1316 gubernacula
2815 1285 2830 1312 ,
2889 1242 2988 1299 sed
3043 1242 3208 1297 etiam
3275 1249 3476 1296 sancta:
3538 1239 3820 1296 Ecclesia

2211 1336 2584 1392 moderamina
2623 1350 2942 1407 procurare,
2972 1341 3028 1388 et
3059 1332 3297 1388 maxime
3321 1331 3520 1387 Christi
3557 1331 3820 1386 ﬁdelium

2213 1428 2636 1484 necessitatibus
2665 1428 2858 1482 devote
2888 1425 3177 1489 inservire,
3209 1423 3414 1478 idcirco
3441 1438 3506 1478 ea
3530 1439 3666 1495 qua:
3713 1437 3821 1494 pro

2214 1521 2310 1576 Dei
2346 1522 2552 1576 honore
2590 1528 2646 1576 et
2672 1528 2888 1575 aeterna:
2916 1519 3043 1573 vitae
3077 1531 3264 1573 amore
3283 1517 3431 1572 circa
3450 1515 3728 1572 ecclesias
3751 1528 3821 1570 ac

2214 1612 2548 1668 monasteria
2587 1626 2871 1668 servorum
2898 1609 2997 1664 Dei
3035 1609 3274 1680 agimus,
3302 1607 3516 1663 silentio
3541 1609 3824 1677 obtegere

2214 1719 2322 1760 non
2369 1703 2648 1770 audemus,
2687 1718 2759 1759 ne
2807 1702 3112 1773 ignorantia
3151 1699 3553 1757 succedentium
3581 1701 3661 1756 ab
3715 1702 3824 1757 im-

2213 1798 2462 1868 portunis
2509 1796 2841 1867 quibuslibet
2879 1792 3187 1849 inﬁdelibus
3229 1792 3402 1860 forte,
3449 1793 3589 1864 quod
3637 1793 3821 1859 absit,

2218 1890 2564 1960 infringatur.
2615 1888 2815 1944 Notum
2862 1903 2992 1960 ergo
3040 1887 3272 1944 facimus
3308 1887 3552 1942 tidelitati
3600 1897 3824 1944 vestra

2216 1982 2359 2051 quod
2391 1979 2567 2036 ﬁdelis
2608 1963 2938 2036 secretarius
2976 1987 3162 2034 noster
3188 1978 3445 2034 Rabanus
3474 1978 3825 2035 venerabilis

2218 2075 2387 2130 abbas
2434 2081 2637 2152 sancta:
2678 2072 2964 2128 Fuldensis
2991 2071 3236 2128 ecclesiae
3263 2072 3396 2127 adiit
3421 2071 3823 2128 excellentiam

2218 2165 2557 2220 celsitudinis
2585 2171 2787 2219 nostra
2809 2205 2823 2231 ,
2856 2164 3144 2219 insinuans
3181 2164 3341 2219 nobis
3374 2179 3560 2219 curam
3587 2173 3650 2218 et
3705 2163 3823 2219 sol-

2216 2253 2551 2311 licitudinem
2583 2269 2738 2310 suam
2765 2269 2946 2324 ;quam
2971 2253 3132 2324 circa
3158 2253 3556 2324 conquirendas
3581 2263 3826 2310 sancto-

2217 2363 2339 2402 rum
2374 2347 2631 2417 rcliquias
2658 2346 2844 2412 habet,
2875 2354 2984 2401 tam
3013 2362 3080 2402 ex
3104 2347 3349 2401 Romana
3371 2346 3614 2411 civitate,
3641 2361 3826 2416 quam

2217 2454 2285 2494 ex
2310 2437 2540 2493 diversis
2562 2438 2890 2501 civitatibus,
2917 2437 3008 2492 ubi
3033 2437 3252 2508 plurimi
3273 2445 3542 2508 martyres
3562 2439 3824 2494 tradide-

2219 2536 2348 2582 runt
2376 2544 2604 2599 corpora
2637 2545 2734 2583 sua
2759 2530 2827 2583 ad
2847 2528 3131 2600 supplicia,
3157 2538 3217 2583 ut
3243 2537 3582 2585 mererentur
3602 2530 3829 2587 habere

2219 2628 2508 2693 perpetuas
2554 2620 2610 2674 in
2649 2620 2858 2676 caelesti
2886 2635 3056 2689 regno
3090 2635 3322 2676 coronas
3358 2639 3371 2674 :
3402 2621 3615 2693 rogavit
3642 2622 3829 2692 igitur

2219 2711 2594 2766 excellentiam
2641 2711 2982 2767 celsitudinis
3032 2719 3235 2768 nostra:
3270 2711 3413 2768 idem
3453 2713 3540 2767 vir
3580 2729 3833 2769 venera-

2219 2805 2348 2860 bilis
2372 2804 2630 2861 Rahanus
2657 2805 2846 2872 abbas,
2879 2814 2940 2860 ut
2965 2814 3154 2862 nostra
3193 2806 3517 2861 auctoritate
3541 2805 3750 2863 liceret
3776 2809 3831 2864 ei

2219 2895 2426 2968 legatos
2469 2911 2597 2951 suos
2637 2897 2872 2969 dirigere
2911 2899 3091 2954 ubivis
3138 2907 3430 2964 terrarum,
3482 2908 3539 2954 et
3575 2903 3832 2958 maxime

2221 2999 2286 3040 ae
2322 2985 2594 3056 praecipue
2624 2987 2690 3041 ad
2732 2987 3034 3043 Romanam
3078 2989 3370 3054 civitatem,
3403 2998 3461 3045 et
3502 3006 3632 3047 cum
3666 2992 3829 3050 litte—

2221 3076 2298 3132 ris
2325 3086 2524 3133 nostra:
2550 3080 2889 3137 auctoritatis
2915 3097 3214 3152 exposcere
3239 3084 3640 3141 saeratissimos
3669 3087 3831 3142 cine-

2221 3185 2311 3224 res
2347 3179 2660 3225 sanctorum
2696 3181 3031 3244 martyrum;
3106 3174 3194 3228 cui
3222 3174 3579 3244 praestitimus
3605 3189 3673 3229 ex
3727 3192 3829 3232 no-

2225 3271 2353 3316 strze
2381 3261 2722 3320 liberalitatis
2751 3263 3123 3320 muniﬁcentia
3153 3264 3491 3332 facultatem,
3518 3275 3584 3321 ut
3614 3279 3684 3321 ex
3721 3272 3824 3323 lno-

2226 3361 2354 3408 strae
2395 3353 2778 3423 prmceptionis
2827 3355 3152 3411 auctoritate
3175 3357 3442 3412 scriberet
3471 3365 3528 3412 et
3568 3358 3828 3415 mitteret

2225 3445 2535 3516 ubicunque
2563 3457 2833 3502 terrarum
2859 3447 3020 3504 vellet
3047 3457 3268 3520 propter
3293 3449 3619 3520 praadictum
3652 3466 3831 3525 nego-

2227 3535 2362 3589 tium
2390 3551 2670 3590 sacrarum
2701 3537 3052 3607 reliquiarum
3083 3537 3655 3610 postulationemque,
3709 3548 3831 3598 tam

2227 3626 2296 3679 ab
2341 3617 2822 3697 apostolico‘quam
2861 3642 2892 3681 a
2929 3628 3144 3683 caeteris
3191 3627 3441 3684 ﬁdelibus
3474 3646 3490 3682 :
3521 3629 3668 3685 unde
3694 3645 3827 3686 cum

2227 3717 2381 3771 labor
2411 3724 2573 3771 tantae
2612 3717 2915 3773 sedulitatis
2953 3717 3072 3788 ejus
3100 3733 3208 3773 non
3239 3727 3386 3774 esset
3408 3718 3610 3785 inanis,
3643 3736 3828 3791 nuper

2228 3809 2550 3874 audivimus,
2582 3809 2709 3879 quia
2731 3824 2931 3880 corpus
2970 3811 3147 3865 sancti
3177 3809 3428 3865 Venantii
3470 3811 3735 3882 martyris
3761 3812 3828 3868 de

2227 3901 2553 3974 longinquiis
2589 3909 2863 3956 terrarum
2902 3902 3151 3972 partibus
3202 3901 3622 3973 acquisivisset,
3666 3909 3724 3956 et
3769 3903 3826 3957 in

2227 3995 2456 4052 ecclesia
2492 3994 2666 4049 sancti
2693 3991 2920 4048 Joannis
2963 3993 3221 4065 Baptista:
3267 3991 3828 4049 honoriﬁcentissime

2225 4087 2567 4152 collocasset,
2612 4085 2764 4155 cujus
2807 4086 3000 4142 merita
3045 4095 3303 4159 martyris
3345 4086 3402 4142 in
3430 4084 3690 4141 Fuldensi
3721 4101 3821 4142 ec-

2227 4179 2390 4236 clesia
2417 4194 2485 4233 ex
2514 4178 2900 4234 testiﬁcatione
2921 4178 3314 4234 miraculorum
3335 4176 3482 4234 facta
3507 4185 3631 4233 sunt
3650 4177 3822 4250 longe

2224 4271 2439 4342 lateque
2466 4271 2822 4327 celeberrima
2865 4288 2878 4323 :
2921 4278 3223 4326 accurrunt
3249 4269 3402 4324 enim
3429 4268 3623 4324 inﬁrmi
3645 4277 3703 4322 et
3734 4284 3830 4325 sa-

2225 4371 2457 4430 nantur;
2488 4363 2821 4427 daamoniosi,
2853 4370 2907 4417 et
2938 4361 3276 4428 liberantur;
3307 4360 3613 4432 paralytici,
3636 4369 3696 4415 et
3717 4376 3826 4416 cu-

2226 4464 2449 4522 rantur;
2481 4455 2632 4521 caici,
2678 4462 2734 4510 et
2761 4453 3168 4519 illuminantur;
3201 4459 3256 4508 et
3284 4467 3352 4507 ex
3389 4451 3705 4507 omnimoda
3733 4452 3820 4506 in-

2227 4549 2485 4604 ﬁrmitate
2523 4564 2694 4622 genus
2722 4548 3020 4603 humanum
3056 4561 3155 4617 per
3189 4545 3420 4618 gratiam
3472 4544 3690 4599 Domini
3722 4559 3825 4599 no-

2224 4641 2326 4696 stri
2375 4637 2504 4694 Jesu
2547 4637 2776 4706 Christi,
2807 4653 2911 4708 ope
2953 4645 3009 4693 et
3050 4637 3446 4693 intercessione
3489 4636 3670 4691 sancti
3716 4636 3823 4691 Ve-

2226 4732 2400 4789 nantii
2459 4731 2735 4796 salvatur;
2787 4727 2940 4798 cujus
2987 4729 3119 4784 facti
3169 4729 3314 4784 fama
3360 4743 3460 4783 nos
3503 4742 3571 4784 ex
3640 4727 3824 4782 divina

2225 4827 2639 4898 eompunctione
2682 4825 3020 4891 commoniti,
3077 4825 3280 4897 gratias
3337 4825 3551 4896 agimus
3612 4823 3726 4880 Deo
3771 4832 3825 4880 et

2225 4927 2417 4976 sancto
2454 4917 2572 4987 ejus
2619 4917 2850 4988 martyri
2880 4915 3174 4982 Venantio,
3208 4915 3298 4985 qui
3324 4916 3532 4970 nostris
3557 4914 3823 4986 tempori-

2225 5011 2326 5067 bus
2371 5011 2428 5065 in
2475 5009 2679 5065 nostris
2708 5016 2979 5064 terrarum
3006 5007 3258 5077 partibus
3300 5007 3528 5062 visitare
3568 5006 3823 5079 dignatus

2229 5113 2315 5162 est
2371 5104 2586 5174 plebem
2638 5117 2832 5169 suam,
2897 5109 2952 5156 et
3005 5116 3072 5156 ex
3127 5101 3358 5156 diversis
3404 5101 3820 5158 necessitatibus

2225 5203 2282 5252 et
2339 5193 2606 5266 angustiis
2657 5193 2873 5249 miseris
2931 5190 3253 5247 mortalibus
3319 5191 3576 5263 dignatur
3629 5193 3819 5247 subve-

2227 5291 2367 5357 nire,
2422 5288 2651 5360 proinde
2691 5294 2884 5359 rogatu
2934 5293 2990 5341 et
3028 5285 3290 5356 petitione
3333 5286 3584 5357 praedicti
3642 5302 3818 5342 secre-

2229 5383 2354 5440 talis
2383 5382 2560 5440 nostri
2607 5380 2819 5436 Rabani
2873 5378 3088 5435 abbatis
3136 5377 3418 5434 oﬁ'erimus
3463 5395 3566 5435 nos
3604 5378 3719 5435 Deo
3766 5389 3818 5434 ct

2232 5483 2419 5532 sancto
2467 5473 2767 5539 Bonifacio,
2823 5477 3123 5542 sanctoque
3178 5470 3407 5543 martyri
3453 5470 3726 5528 Venantio
3767 5471 3818 5526 in

2225 5611 2476 5681 malbﬁergi
2502 5607 2914 5681 signiﬁcatione.

2298 5675 2614 5752 al'Coujeclbs
2639 5678 2840 5750 aliquos
2857 5678 3158 5752 exigendos.
3182 5675 3474 5752 Conjectps
3499 5675 3818 5752 est__contri-

2226 5755 2396 5818 butio,
2421 5747 2683 5814 collecta;
2715 5747 2777 5804 ea
2801 5747 3036 5820 maxime
3060 5765 3181 5820 quae
3205 5764 3236 5804 a
3261 5747 3459 5820 populo
3482 5748 3654 5818 regiis
3689 5747 3815 5804 mis-

2229 5826 2302 5880 sis
2328 5825 2381 5878 in
2408 5824 2601 5878 itinere
2627 5819 3018 5877 exsolvebatur.
3078 5819 3095 5820 ί
3263 5819 3278 5820 ί
3801 5833 3808 5839 -
