4048 6350
278 367 416 429 [051

1421 359 1815 424 DIPLOMATA
1847 364 2405 428 ECCLESIAS'I‘ICA.

3398 381 3424 436 1
3433 376 3540 438 058

279 484 504 560 |lvi-atate
562 480 736 538 sancti
789 479 1012 538 Joannis
1070 480 1401 536 monasterio
1463 481 1728 552 quasdam
1775 496 1865 537 res
1891 485 1944 545 Α
1968 481 2144 539 Ders:
2183 499 2345 554 quam
2371 477 2645 539 abbatiam
2672 497 2794 539 cum
2820 483 3022 541 foreste
3067 495 3254 544 nostra
3304 487 3542 549 indomi-

281 576 629 652 proprietatis
675 581 878 630 nostra:
902 615 918 640 ,
966 574 1069 629 hoc
1118 580 1202 628 est
1261 571 1444 627 villam
1493 573 1864 644 Urespringen
1964 576 2146 632 nicata
2174 585 2229 632 et
2256 576 2499 633 omnium
2525 592 2705 633 rerum
2738 593 2949 634 summa
2979 579 3322 651 integritate,
3353 585 3546 641 videli-

280 682 651 746 auncupatam
692 687 817 727 cum
861 670 1113 726 omnibus
1167 667 1369 724 villulis
1415 675 1470 724 et
1495 668 1707 734 viculis,
1757 667 1865 721 imo

280 782 406 822 eum
451 763 660 820 cunctis
704 761 1038 832 appendiciis
1099 769 1153 815 et
1213 759 1558 830 pertinentiis
1600 759 1750 824 suis,
1813 759 1866 813 id

280 867 367 915 :st
424 858 604 923 terris,
648 855 817 927 agris,
863 855 1054 925 pratis,
1104 852 1289 926 sylvis,
1343 854 1571 923 campis,
1627 853 1862 924 pascuis,

279 949 586 1015 curtilibus,
639 947 809 1013 areis,
854 946 1121 1012 domibus,
1174 943 1416 1011 familiis,
1459 943 1638 1016 aquis,
1683 959 1867 1016 pome-

281 1042 414 1108 riis,
457 1041 619 1097 cultis
660 1048 715 1095 et
753 1039 992 1105 incultis,
1035 1038 1325 1094 mobilibus
1370 1045 1424 1093 et
1466 1038 1863 1102 immobilibus,

280 1133 520 1190 exitibus
562 1138 618 1186 et
661 1129 981 1194 redditibus,
1026 1128 1130 1182 viis
1174 1135 1230 1182 et
1271 1127 1457 1194 inviis,
1501 1133 1675 1182 totum
1709 1127 1869 1182 etin-

281 1237 496 1298 tegrum
545 1225 809 1281 tradimus
859 1230 1021 1294 atque
1061 1222 1357 1288 donamus,
1402 1221 1767 1291 traditumque
1814 1225 1870 1276 in

281 1325 607 1390 perpetuum
637 1330 759 1371 esse
783 1312 1032 1370 volumus
1052 1312 1275 1385 prmfato
1301 1313 1422 1368 loco
1440 1329 1540 1384 pro
1560 1315 1754 1369 anima:
1779 1328 1874 1368 no-
1911 1325 1916 1330 '

281 1418 418 1467 stne
442 1407 703 1475 remedio,
729 1407 898 1479 etpize
915 1407 1189 1462 memoriae
1211 1407 1476 1477 genitoris
1488 1408 1664 1462 nostri
1691 1406 1869 1462 Caroli

281 1502 668 1574 imperatoris;
697 1501 802 1557 hoc
849 1499 1287 1557 conditionaliter
1317 1506 1621 1555 statuentes
1645 1540 1659 1566 ,
1689 1508 1750 1554 ut
1776 1515 1868 1554 no-

279 1595 393 1653 stri
417 1591 1022 1650 commemoratiointer
1033 1589 1234 1645 fratres
1246 1587 1534 1645 Fuldensis
1557 1589 1873 1645 monasterii

281 1685 612 1742 etattentius
623 1690 678 1738 et
692 1681 1029 1754 frequentius
1044 1681 1156 1748 ﬁat,
1172 1698 1280 1754 quo
1295 1683 1495 1738 nostris
1510 1683 1875 1738 oblationibus

283 1775 456 1831 iidem
482 1773 680 1831 fratres
701 1774 997 1831 sustentari
1024 1774 1278 1829 videntur
1309 1794 1322 1828 :
1351 1775 1556 1845 placuit
1576 1790 1706 1845 ergo
1729 1774 1871 1830 idem

1967 676 2053 723 cet
2094 683 2218 723 eum
2260 669 2431 735 villis,
2469 685 2592 724 eum
2633 669 2834 724 villulis
2858 711 2873 738 ,
2920 671 3206 742 mancipiis
3263 675 3545 745 utriusque

1966 774 2148 824 sexus,
2181 757 2351 824 silvis,
2390 760 2582 829 pratis,
2619 760 2855 829 pascuis,
2888 760 3045 830 aquis
3076 776 3409 830 aquarumve
3451 765 3547 822 de-

1968 851 2222 905 cursibus
2247 892 2261 916 ,
2293 850 2567 906 farinariis
2595 891 2611 917 ,
2651 859 2708 906 et
2732 867 2857 906 cum
2885 853 3139 908 omnibus
3171 852 3427 924 legitimis
3453 872 3548 912 ex-

1968 942 2442 998 terminationibus
2468 983 2483 1008 ,
2534 943 2916 1012 perpetualiter
2941 944 3116 1000 eidem
3139 944 3432 1003 Rhemensi
3460 963 3551 1004 ec-

1971 1032 2152 1088 clesiie
2177 1034 2548 1099 concedimus,
2579 1042 2633 1088 et
2661 1037 2727 1090 ad
2751 1037 3229 1092 consummandam
3256 1038 3551 1095 honorabi-

1969 1123 2094 1180 liter
2138 1138 2354 1180 omnem
2406 1124 2576 1194 ipsius
2613 1125 2856 1181 eeclesim
2900 1135 3228 1183 structuram
3252 1169 3267 1195 ,
3305 1145 3401 1185 seu
3430 1131 3554 1186 ubi-

1971 1231 2184 1285 cunque
2216 1215 2270 1270 in
2299 1216 2643 1285 postmodum
2672 1231 2896 1272 necesse
2925 1217 3088 1274 fuerit
3112 1222 3553 1288 restaurandam,

1971 1307 2027 1362 in
2057 1307 2336 1377 proprium
2371 1306 2652 1374 tradimus,
2701 1316 2756 1363 et
2803 1307 2870 1363 de
2914 1317 3103 1378 nostro
3137 1308 3261 1380 jure
3289 1315 3345 1366 in
3373 1310 3463 1381 jus
3492 1328 3557 1368 ac

1981 1397 2408 1453 dominationem
2444 1397 2586 1454 illius
2617 1397 2842 1454 solemni
2886 1400 3276 1458 deliberatione
3325 1402 3558 1460 transfe-

1975 1489 2168 1543 rimus.
2199 1488 2406 1544 Praeter
2441 1489 2560 1544 hare
2609 1489 2790 1544 omnia
2840 1493 3185 1549 concedimus
3236 1496 3561 1564 supradicta

1977 1586 2178 1633 sanctae
2225 1577 2519 1635 Rhemensi
2575 1580 2819 1637 ecclesiae
2888 1585 3174 1653 quemdam
3223 1585 3400 1642 locum
3444 1587 3558 1644 ﬁsci

1976 1669 2148 1724 nostri
2184 1669 2342 1725 valde
2370 1672 2741 1728 necessarium
2767 1713 2782 1740 ,
2812 1683 2869 1729 et
2915 1676 2983 1731 ad
3014 1675 3321 1734 fodiendam
3355 1681 3561 1738 minam

1974 1760 2180 1830 plumbi
2209 1778 2530 1834 congruum,
2558 1766 2615 1818 in
2639 1780 2778 1836 pago
2799 1765 3104 1824 Laumense
3128 1768 3378 1840 (Lomois,
3396 1787 3564 1842 prope

284 1864 574 1921 donarium
603 1873 853 1922 nostrum
882 1879 1009 1919 cum
1033 1871 1237 1920 nostra:
1261 1864 1562 1934 imperialis
1592 1864 1876 1933 dignitatis
1902 1848 1953 1910 B
1981 1850 2354 1924 Νίιῐυυνευω),
2387 1853 2443 1908 in
2473 1855 2604 1923 iPSiS
2629 1871 2846 1927 quoque
2883 1857 3081 1914 ﬁnibus
3127 1859 3210 1914 νει
3246 1861 3565 1932 adjacenliis

283 1957 652 2030 praeceptione
698 1957 930 2023 munire,
975 1964 1031 2012 et
1079 1955 1257 2030 sigillo
1314 1963 1518 2012 nostrae
1565 1954 1873 2025 majestatis

285 2051 576 2122 insignire,
619 2064 688 2106 ex
725 2065 832 2120 qua
875 2049 1236 2120 praeceptione
1281 2056 1593 2118 nostraeque
1640 2048 1879 2107 auctori-2

286 2141 421 2198 tatis
449 2141 744 2198 indictione
773 2141 1118 2198 decernimus
1146 2148 1208 2195 ut
1232 2140 1412 2195 nullus
1439 2141 1722 2196 hominum
1769 2140 1876 2196 hoc

205 2240 208 2241 ⁷
283 2243 540 2290 nostrum
589 2241 849 2289 statutum
897 2241 1059 2304 atque
1103 2233 1390 2289 donarium
1432 2232 1648 2287 irritum
1694 2230 1879 2287 facere

282 2327 617 2388 praesumat,
661 2332 836 2388 neque
876 2317 1072 2388 aliquis
1108 2315 1278 2386 judex
1315 2331 1412 2372 seu
1463 2315 1716 2386 quaelibet
1754 2329 1877 2384 per-

283 2423 426 2464 sona
455 2407 678 2479 praefato
706 2408 826 2465 loco
853 2422 949 2464 seu
978 2407 1184 2465 colonis
1206 2405 1321 2476 ejus
1347 2405 1583 2478 aliquam
1625 2403 1876 2475 iniuriam

282 2514 388 2557 seu
408 2498 721 2555 violentiam
758 2499 960 2556 inferre
987 2508 1303 2571 pnesumat.

359 2587 500 2646 Data
520 2587 642 2646 ldus
665 2588 791 2646 Maii
811 2589 1018 2648 Fuldae.

1007 2701 1140 2757 LXI.

722 2833 824 2876 PRO
855 2835 1106 2877 ECCLESIA
1144 2833 1431 2877 RBEIENSI.

911 2931 1082 3004 (Anno
1103 2932 1252 3004 816.)
1286 3001 1294 3017 1

283 3041 548 3125 [Mabi11.,
577 3045 772 3129 Amat.
792 3046 855 3103 S.
880 3048 1250 3194 ονῦιὲέἒιὲἒέιϊ
1278 3059 1408 3107 tom.
1431 3050 1494 3120 ll,
1513 3065 1582 3107 ex
1603 3054 1882 3111 chartario

1982 1945 2356 2002 Geminiacam
2385 1957 2791 2019 nuncupantem
2816 1951 3024 2018 villam,
3052 1959 3112 2007 ut
3139 1954 3566 2026 circumquaque

1984 2042 2194 2090 tantum
2223 2037 2278 2091 in
2303 2037 2451 2092 omni
2480 2047 2636 2108 parte
2664 2039 2833 2109 ipsius
2879 2041 3037 2098 fossae
3065 2044 3256 2100 ordine
3302 2046 3567 2116 quadrato

1981 2127 2221 2195 perticas
2251 2143 2382 2193 xxx,
2415 2144 2578 2198 quam
2608 2131 2871 2199 perticam
2913 2134 3222 2191 manualem
3251 2137 3319 2192 ad
3351 2153 3568 2193 mensu-

1985 2231 2102 2271 ram
2137 2234 2246 2272 xxx
2279 2220 2477 2290 pedum
2522 2221 2920 2293 designavimus
2971 2240 2986 2279 :
3034 2235 3092 2282 ut
3145 2227 3219 2284 ibi
3267 2229 3568 2287 ﬁducialius

1983 2312 2336 2368 necessitates
2388 2314 2556 2383 ipsius
2586 2313 2701 2382 jam
2758 2317 2914 2374 dieue
2949 2328 3153 2376 sancta:
3190 2321 3286 2376 Dei
3325 2323 3569 2379 ecclesia:

1983 2415 2306 2460 exercentes
2341 2405 2397 2459 in
2446 2406 2692 2462 aediﬁciis
2727 2408 2811 2464 vel
2857 2411 3127 2466 universis
3174 2412 3569 2471 abundantibus

1983 2495 2350 2551 exterioribus
2401 2496 2742 2566 adjacentiis,
2787 2501 2841 2556 id
2871 2511 2958 2557 est
2981 2505 3200 2574 perviis,
3232 2507 3407 2577 aquis,
3444 2523 3570 2577 pas-

1985 2587 2123 2653 cuis,
2155 2588 2270 2642 sive
2306 2588 2456 2644 silvis
2497 2590 2569 2646 ibi
2595 2592 2800 2648 nostris
2827 2595 3206 2652 communibus
3233 2599 3436 2667 absque
3461 2598 3568 2654 ulla

1983 2680 2415 2736 contradictione
2442 2681 2584 2737 ultra
2629 2682 2705 2738 ibi
2745 2700 2811 2740 ex
2862 2695 3048 2742 nostra
3103 2687 3355 2760 largitate
3398 2691 3572 2762 possi-

1984 2770 2171 2826 deant.
2200 2773 2269 2828 Et
2295 2783 2354 2829 ut
2379 2775 2496 2831 hzec
2524 2785 2724 2832 nostrae
2765 2778 3195 2836 conﬁrmationis
3218 2783 3418 2852 scripta
3447 2799 3547 2854 per

1983 2861 2164 2934 petuis
2187 2865 2520 2935 temporibus
2545 2866 2662 2936 ipso
2689 2867 2744 2921 in
2774 2869 3220 2927 sanctiﬁcationis
3239 2871 3359 2927 loco
3386 2880 3572 2930 nostra

1984 2952 2042 3008 in
2072 2953 2421 3027 eleemosyna
2448 2959 2754 3027 proﬁciant,
2803 2976 2966 3015 manu
2995 2963 3214 3034 propria
3262 2963 3449 3020 subter
3472 2963 3570 3020 ﬁr-

1986 3039 2280 3113 mavimus,
2311 3055 2475 3118 atque
2502 3049 2687 3104 annuli
2728 3052 2901 3107 nostri
2939 3052 3292 3123 impressione
3319 3055 3571 3128 perenni-

1988 3144 2073 3191 ter
2097 3138 2361 3192 roborare
2388 3140 2745 3198 decrevimus.

365 3228 427 3284 In
455 3229 673 3286 nomine
725 3230 940 3287 Domini
979 3233 1073 3287 Dei
1109 3242 1164 3289 et
1197 3233 1496 3294 Salvatoris
1537 3239 1708 3293 nostri
1753 3238 1882 3295 Jesu
1910 3201 1957 3270 ο
2057 3227 2252 3283 Datum
2280 3227 2504 3286 Rhemis
2531 3230 2790 3290 Kalendis
2817 3233 3154 3304 Novembris:
3187 3245 3292 3294 θῑοο

287 3319 522 3388 Christi,
539 3321 861 3388 Ludovicus,
887 3324 1067 3379 divina
1093 3327 1381 3383 ordinante
1401 3329 1763 3399 providentia,
1783 3331 1885 3386 im-

285 3419 514 3484 perator
548 3411 846 3484 Augustus,
869 3415 1120 3471 omnibus
1151 3426 1350 3473 sancta:
1376 3419 1472 3474 Dei
1505 3421 1760 3477 Ecclesiae
1786 3439 1884 3479 no-

289 3502 531 3573 strisque
554 3503 818 3570 ﬁdelibus,
853 3505 1062 3562 scilicet
1083 3509 1443 3577 praesentibus
1467 3519 1630 3582 atque
1660 3513 1879 3570 futuris.

388 3593 446 3650 Si
501 3595 844 3654 liberalitatis
902 3607 1104 3656 nostra:
1153 3617 1376 3659 munere
1440 3604 1572 3661 locis
1635 3605 1746 3662 Deo
1800 3607 1884 3662 di-

291 3687 438 3744 catis
469 3688 722 3757 quiddam
761 3692 1193 3748 concesserimus
1238 3695 1511 3762 beneﬁcii,
1551 3697 1604 3752 id
1643 3697 1800 3754 nobis
1829 3707 1884 3753 ct

294 3777 368 3834 ad
407 3779 690 3835 mortalem
725 3781 891 3836 vitam
922 3785 1292 3854 temporaliter
1327 3788 1729 3860 transigendam
1756 3831 1770 3855 ,
1827 3798 1884 3846 et

292 3871 366 3928 ad
404 3881 662 3929 aeternam
693 3873 925 3932 feliciter
944 3876 1288 3932 obtinendam
1317 3879 1656 3949 profuturum
1678 3881 1884 3950 liquido

293 3964 591 4022 credimus.
639 3965 847 4022 Idcirco
897 3975 1081 4021 notum
1141 3967 1260 4023 ﬁeri
1315 3969 1562 4026 volumus
1631 3971 1883 4026 omnibus

294 4056 444 4128 quod
467 4064 652 4112 sancta
682 4056 1006 4112 Rhemensis
1041 4057 1268 4114 ecclesia
1302 4100 1317 4126 ,
1349 4060 1402 4114 in
1433 4077 1538 4130 qua
1578 4063 1881 4131 praedeces-

293 4164 452 4206 sores
503 4149 716 4217 nostri,
752 4163 906 4220 reges
947 4149 1202 4207 videlicet
1231 4153 1566 4209 Francorum
1591 4197 1605 4220 ,
1642 4156 1804 4211 ﬁdem
1829 4165 1884 4211 et

294 4243 443 4300 sacri
467 4243 813 4315 baptismatis
838 4244 1070 4315 gratiam
1098 4253 1488 4314 perceperunt,
1510 4246 1564 4300 in
1587 4262 1692 4316 qua
1713 4256 1766 4301 et
1786 4263 1884 4302 nos

293 4351 398 4409 per
426 4335 826 4408 impositionem
857 4351 1052 4392 manus
1086 4336 1271 4392 domui
1301 4336 1560 4408 Stephani
1601 4355 1752 4410 papae
1780 4339 1883 4394 im-

292 4425 524 4499 perialia
554 4426 890 4496 suscepimus
918 4426 1168 4498 insignia,
1221 4442 1492 4498 quamque
1521 4429 1882 4486 obhonorem

2685 3343 2844 3400 LXII.

2374 3451 2468 3491 PRO
2506 3451 2791 3494 PRUMIENSI
2830 3454 3186 3497 MONASTEBIO.

2599 3529 2772 3601 (Anno
2811 3530 2959 3607 8l6.)

1988 3619 2168 3693 [Apud
2203 3623 2456 3691 Martem,
2487 3621 2938 3700 Ampl._Co_llect.,
2973 3633 3105 3700 tom.
3133 3623 3191 3695 I,
3219 3641 3342 3700 pag.
3384 3625 3474 3698 66,
3504 3645 3574 3689 ex

2452 3695 2727 3750 chartario
2753 3694 3106 3751 Prumiensi.l

2055 3787 2115 3842 In
2142 3787 2360 3841 nomine
2389 3787 2605 3840 Domini
2650 3786 2744 3841 Dei
2786 3795 2841 3840 et
2871 3786 3172 3843 Salvatoris
3219 3791 3388 3845 nostri
3445 3792 3574 3850 Jesu

1986 3878 2212 3944 Christi,
2235 3879 2559 3945 Ludovicus,
2582 3879 2764 3933 divina
2783 3878 3071 3935 ordinante
3098 3881 3451 3952 providentia,
3475 3884 3574 3941 im-

1985 3978 2206 4041 perator
2227 3969 2524 4039 Augustus.

2012 4134 2015 4137 ~
2057 4059 2255 4115 Notum
2286 4068 2358 4115 sit
2387 4061 2638 4117 omnibus
2676 4061 2922 4118 ﬁdelibus
2951 4064 3176 4130 nostris,
3207 4073 3315 4120 tam
3340 4081 3575 4137 prtesen-

1985 4152 2133 4209 tibus
2163 4168 2324 4222 quam
2349 4161 2405 4207 et
2433 4151 2652 4219 futuris,
2681 4153 2809 4223 quia
2839 4156 3090 4210 monachi
3139 4171 3205 4212 ex
3236 4159 3569 4214 monasterio

1989 4244 2134 4316 quod
2166 4252 2394 4299 vocatur
2414 4243 2655 4310 Prumia,
2688 4245 2830 4315 quod
2864 4246 2966 4316 pia:
3003 4249 3396 4304 recordationis
3421 4249 3574 4304 dom-

1988 4353 2091 4393 nus
2133 4336 2392 4407 Pippinus
2422 4352 2554 4391 avus
2584 4346 2770 4392 noster
2811 4337 2866 4391 in
2910 4339 3116 4393 honore
3165 4339 3222 4395 S.
3277 4341 3575 4399 Salvatoris

1987 4444 2126 4485 novo
2157 4445 2320 4499 opere
2348 4431 2655 4484 construxit
2680 4471 2693 4496 ,
2731 4438 2895 4501 atque
2917 4433 3154 4503 propriis
3178 4435 3340 4489 rebus
3367 4433 3570 4489 aﬁ‘atim

293 4519 398 4576 Dei
423 4529 817 4592 parentumque
869 4531 1180 4577 nostrorum
1227 4523 1545 4578 memoriam
1567 4565 1580 4589 ,
1613 4526 1725 4581 sive
1754 4541 1882 4581 con-
1907 4560 1962 4620 Β
1986 4520 2468 4587 ditavit,adierunt
2488 4522 2835 4578 serenitatem
2868 4533 3133 4592 nostram,
3168 4529 3575 4596 retuleruntque

292 4615 623 4672 secrationis
650 4624 846 4673 nostrae
891 4617 1242 4688 dignitatem,
1279 4634 1311 4672 a
1345 4617 1714 4676 fundamentis
1765 4637 1879 4678 res-
1907 4614 1948 4620 ”
1987 4614 2256 4686 qualiter,
2291 4615 2435 4669 inter
2462 4625 2688 4672 caeteras
2715 4617 3034 4674 donationes
3062 4661 3076 4684 ,
3107 4621 3393 4690 quemdam
3437 4622 3574 4676 wal-

294 4715 518 4762 taurare
541 4707 857 4764 solemniter
875 4710 1214 4765 decrevimus
1229 4727 1243 4777 ;
1260 4711 1336 4766 ita
1365 4719 1424 4765 ut
1440 4712 1567 4767 dum
1587 4721 1730 4768 esset
1754 4723 1880 4769 ante

294 4798 358 4855 in
385 4798 589 4854 honore
617 4807 828 4855 tantum
854 4801 952 4856 Dei
981 4802 1264 4872 genitricis
1308 4802 1490 4858 Maria:
1529 4804 1750 4874 antiquo
1794 4821 1882 4862 re-

293 4889 516 4961 ligionis
539 4891 710 4959 cultu,
749 4909 851 4949 nos
897 4902 1120 4965 propter
1166 4909 1364 4950 novam
1393 4895 1740 4953 exaltationis
1765 4914 1883 4969 gra-

296 4983 437 5039 tiam
466 4983 889 5055 superaddentes
905 4987 1005 5042 sub
1018 4985 1360 5043 invocatione
1381 4989 1553 5045 sancti
1582 4987 1882 5047 Salvatoris

295 5072 400 5130 Dei
429 5082 484 5129 et
511 5074 724 5132 Domini
750 5077 925 5132 nostri
962 5077 1093 5133 Jesu
1120 5076 1324 5134 Christi
1371 5081 1680 5135 renovando
1723 5083 1886 5137 rebus

297 5168 732 5237 competentibus
780 5169 1106 5236 ditavimus;
1153 5171 1374 5241 insuper
1401 5177 1455 5225 et
1484 5170 1677 5226 devoto
1711 5171 1889 5227 inten-

297 5262 472 5318 tionis
513 5262 694 5318 studio
740 5277 838 5331 pro
892 5262 1066 5317 salute
1122 5270 1340 5327 nostra,
1398 5277 1886 5333 successorumque

298 5360 617 5410 nostrorum
667 5351 974 5409 excolentes
997 5392 1012 5418 ,
1047 5360 1102 5407 et
1132 5353 1200 5408 ad
1234 5360 1437 5408 statum
1472 5352 1748 5424 dignitatis
1796 5354 1889 5409 de-

297 5446 480 5503 bitum
524 5446 848 5501 conﬁrmare
890 5445 1132 5502 volentes
1161 5486 1177 5510 ,
1221 5445 1421 5500 addere
1480 5447 1887 5516 procuravimus

299 5537 596 5608 quamdam
633 5537 905 5593 abbatiam
934 5537 1095 5593 sitam
1127 5536 1182 5590 in
1228 5536 1491 5592 comitatu
1535 5534 1790 5592 Blesense
1819 5537 1889 5608 (le

303 5631 476 5684 comté
498 5629 562 5683 de
585 5619 786 5702 Blaise)
812 5645 973 5700 super
1009 5627 1232 5691 ﬂuvium
1263 5627 1356 5697 qui
1391 5635 1618 5683 vocatur
1647 5628 1786 5684 Vera
1814 5627 1888 5701 (la

296 5703 494 5791 ,γὸὶι-ε)
533 5741 545 5776 ;
578 5722 668 5776 ubi
695 5730 777 5776 est
800 5721 1187 5777 monasterium
1217 5721 1272 5775 in
1296 5721 1499 5776 honore
1541 5721 1714 5776 sancti
1744 5719 1891 5775 Petri

308 5814 679 5892 apostolorum
703 5813 963 5894 principis
985 5814 1223 5875 dicatum
1259 5813 1315 5868 in
1351 5811 1485 5869 silva
1515 5828 1636 5890 quae
1669 5820 1892 5872 vocatur

1990 4707 2116 4761 dum
2150 4705 2351 4761 ibidem
2387 4707 2783 4764 conﬁrmasset.
2834 4709 3097 4765 Dixerunt
3127 4713 3291 4766 etiam
3323 4714 3467 4784 quod
3509 4714 3576 4770 de

1989 4800 2179 4856 eodem
2209 4799 2382 4855 vvaldo
2415 4801 2555 4855 servi
2582 4801 2754 4857 nostri
2785 4817 2850 4855 ex
2887 4801 3018 4856 ﬁsco
3049 4812 3252 4870 nostro,
3291 4805 3381 4875 qui
3418 4821 3575 4862 voca-

1991 4901 2081 4948 tur
2100 4893 2337 4948 Tumbas
2357 4933 2370 4958 ,
2402 4893 2638 4964 aliquam
2661 4901 2871 4964 partem
2913 4905 3102 4950 contra
3123 4895 3392 4965 justitiam
3416 4914 3575 4954 occu-

1990 4995 2230 5056 passent.
2265 4983 2374 5039 Nos
2405 5000 2619 5054 quoque
2665 4985 2780 5039 haec
2828 4985 3107 5042 audientes
3132 5028 3146 5053 ,
3176 4987 3320 5043 illico
3348 4991 3574 5046 missum

1992 5087 2238 5134 nostrum
2264 5076 2484 5131 nomine
2508 5076 2860 5132 Adalbertum
2885 5118 2900 5145 ,
2949 5079 3292 5134 siniscalcum
3326 5081 3577 5138 videlicet

1991 5180 2258 5234 nostrum,
2287 5169 2378 5238 qui
2408 5169 2512 5224 hoc
2543 5183 2643 5238 per
2668 5183 2892 5225 veraces
2926 5179 2981 5225 et
3009 5171 3260 5227 meliores
3285 5173 3532 5228 homines
3557 5215 3572 5240 ,

1991 5275 2254 5333 pagenses
2304 5258 2510 5314 scilicet
2560 5259 2663 5314 loci
2707 5258 2852 5315 illius
2882 5302 2897 5326 ,
2954 5260 3239 5332 diligenter
3275 5262 3577 5334 inquireret

1991 5363 2174 5413 utrum
2202 5354 2276 5408 ita
2303 5359 2447 5409 esset
2475 5367 2541 5407 an
2588 5368 2695 5409 non
2721 5393 2736 5415 ,
2769 5353 3037 5408 misimus.
3066 5352 3137 5408 At
3163 5353 3251 5410 ille
3280 5357 3576 5412 secundum

1994 5446 2137 5518 quod
2187 5444 2262 5499 illi
2317 5441 2761 5512 injunxeramus,
2816 5443 3281 5516 diligentissimam
3312 5448 3576 5505 adhibens

1991 5537 2395 5608 inquisitionem
2421 5577 2436 5601 ,
2490 5536 2696 5605 reperit
2729 5536 2873 5605 quod
2921 5538 3093 5593 nostri
3142 5539 3285 5593 servi
3336 5540 3574 5611 aliquam

1990 5638 2202 5701 partem
2232 5627 2400 5697 ipsius
2427 5627 2589 5683 waldi
2626 5625 2820 5696 injuste
2849 5629 2916 5684 ad
2944 5638 3154 5700 partem
3201 5639 3444 5686 nostram
3488 5638 3572 5684 te-

1991 5722 2270 5800 nuissent;
2316 5720 2411 5776 sed
2459 5721 2588 5776 dum
2650 5720 2764 5775 haec
2825 5720 2981 5776 nobis
3043 5721 3212 5776 relata
3262 5721 3473 5784 forent,
3516 5729 3577 5774 ut

1992 5828 2204 5874 merces
2226 5820 2516 5890 parentum
2544 5819 2853 5884 nostrorum
2876 5812 3258 5873 inviolabiliter
3283 5826 3574 5871 conserva-
