4048 6350
549 366 687 426 ιοδθ

1650 368 1972 431 LUDOVICI
2009 369 2032 429 I
2067 363 2533 432 COGNOMEN'I‘O
2569 365 2666 432 ιηι

3657 354 3822 441 ibeo“

544 489 700 542 retur
721 519 740 548 ,
773 477 1022 538 misimus
1049 478 1214 538 alium
1241 481 1471 540 missum
1511 491 1756 540 nostrum
1790 485 2118 543 Witharium
2144 489 2197 551 Α
2289 490 2346 543 In
2379 489 2594 544 nomine
2623 484 2837 543 Domini
2866 481 2966 544 Dei
3006 493 3062 544 et
3103 467 3623 548 Salvatoris'no'stri
3671 466 3816 554 lesu-

543 573 767 639 scilicet,
816 582 877 629 ut
925 581 981 629 et
1026 574 1140 644 ipse
1181 576 1494 646 praedictum
1540 577 1774 634 waldum
1801 579 2022 650 perlatis
2046 579 2122 635 si-

542 665 768 738 gnisque
793 664 960 720 certis
988 664 1318 740 designaret,
1345 675 1400 723 et
1424 676 1635 738 partem
1662 670 1856 727 exinde
1876 672 2118 741 ιιι-πώειὶ

541 757 853 815 monasterii
897 747 1182 812 revestiret
1213 771 1228 811 ε
1259 760 1400 829 quod
1425 761 1499 816 ita
1527 767 1586 817 et
1631 761 1782 819 fecit.
1837 762 1944 818 Sed
1987 765 2117 820 dum

538 849 696 905 nobis
725 848 842 904 hinc
869 849 1050 904 omnia
1079 865 1138 905 se
1164 849 1360 907 fecisse
1388 852 1685 920 retulisset,
1725 869 1824 925 pro
1852 856 2119 911 mercedis

539 956 651 998 suae
679 950 968 1013 augmento
985 943 1250 1013 jussimus
1283 945 1425 1001 hanc
1454 948 1832 1004 auctoritatem
1873 957 2115 1006 nostram

537 1032 677 1096 ﬁeri,
706 1041 761 1088 et
787 1033 1023 1102 primum
1057 1034 1565 1093 determinationem
1592 1040 1875 1095 memorati
1909 1040 2070 1096 waldi
2099 1083 2114 1108 ,

537 1135 592 1181 et
622 1127 763 1182 sicut
801 1142 834 1181 a
875 1128 1042 1184 misso
1080 1139 1266 1184 nostro
1301 1130 1637 1202 designatum
1681 1140 1785 1198 est,
1824 1133 1989 1188 inseri
2019 1147 2117 1203 per

537 1219 657 1275 loca
695 1218 1036 1276 denominata
1062 1261 1077 1286 ,
1107 1221 1160 1276 id
1191 1229 1274 1277 est
1297 1223 1520 1278 marcha
1549 1223 1614 1279 de
1649 1223 2025 1280 Romarisvilla
2059 1226 2112 1280 in

537 1311 726 1368 dextra
761 1320 916 1382 parte
955 1312 1275 1368 monasterii
1319 1313 1373 1367 in
1424 1312 1853 1379 Lindinawinca,
1903 1315 2029 1370 inde
2058 1315 2114 1369 in

536 1404 835 1472 Folketl‘elt,
858 1415 912 1461 et
937 1421 1034 1476 per
1059 1406 1274 1476 longum
1314 1405 1656 1478 Pyrumbach
1686 1421 1859 1477 usque
1888 1407 1942 1462 in
1978 1407 2113 1462 Pru-

535 1497 663 1552 mia.
694 1495 821 1551 Inde
844 1502 1076 1565 pergunt
1108 1495 1454 1551 Marisburias
1476 1535 1490 1559 ,
1530 1497 1653 1552 inde
1682 1512 1781 1568 per
1807 1497 2112 1553 Hundines-

533 1587 694 1649 bach,
718 1602 817 1657 per
841 1587 988 1642 viam
1009 1603 1131 1657 qum
1153 1588 1330 1659 pergit
1356 1588 1424 1644 ad
1445 1587 1772 1653 Steinbuhil,
1798 1599 1851 1644 et
1880 1604 1976 1658 per
2003 1603 2116 1644 me—

535 1681 682 1738 dium
706 1681 1028 1747 Steinbuhil,
1059 1683 1184 1738 inde
1208 1683 1276 1737 ad
1308 1681 1658 1738 Sconenbach
1677 1724 1691 1748 ,
1731 1683 1854 1738 inde
1883 1683 1947 1738 ad
1977 1682 2112 1739 Sco-

533 1771 806 1834 nensceid,
835 1772 959 1828 inde
986 1773 1040 1827 in
1069 1771 1358 1827 Firnibacb
1377 1814 1392 1839 ,
1436 1774 1560 1828 inde
1589 1787 1773 1828 susum
1797 1787 1894 1843 per
1919 1772 2114 1828 Albam

2219 580 2438 646 Christi,
2455 579 2778 648 Ludovicus,
2793 576 2974 637 divina
2986 581 3268 638 ordinante
3282 584 3650 654 providentia,

2216 670 2507 742 Augustus.

2289 760 2346 815 Si
2384 775 2512 833 erga
2558 761 2674 818 loca
2697 761 2912 828 fdivinis
2949 764 3184 822 cultibus
3231 765 3541 839 mancipata
3577 773 3820 844 ιιι-ορα-

2217 865 2456 909 amorem
2493 855 2586 910 Dei
2631 856 2688 910 in
2724 857 2927 912 eisdem
2951 857 3084 913 locis
3122 858 3513 918 famulanlibus
3539 865 3812 933 quiddam

2217 943 2564 1011 conferimus,
2597 947 2879 1016 pmmium
2904 948 3058 1004 nonis
3087 949 3226 1019 apud
3255 951 3543 1008 Dominum
3578 957 3822 1012 eterna:

2216 1022 2908 1108 remunerationisrcpendi
2945 1053 3054 1094 non
3082 1039 3396 1096 difﬁdimus.
3446 1043 3687 1102 Proinde
3715 1062 3818 1102 no-

2214 1128 2353 1182 verit
2388 1129 2628 1184 omnium
2652 1127 2890 1185 ﬁdelium
2921 1120 3030 1186 tam
3070 1135 3419 1202 praesentium
3453 1153 3620 1207 quam
3661 1139 3816 1196 futu-

2217 1233 2399 1274 rorum
2423 1219 2660 1286 solertia,
2687 1223 2813 1292 quia
2840 1223 3042 1293 placuit
3061 1227 3216 1280 nobis
3237 1235 3460 1298 propter
3484 1233 3690 1287 animae
3717 1249 3814 1289 no-

2215 1319 2342 1366 strae
2387 1312 2686 1367 remedium
2723 1322 2778 1369 et
2826 1324 3044 1372 eterna:
3100 1319 3474 1376 retributionis
3518 1321 3772 1379 fructum
3799 1368 3816 1393 ,

2215 1403 2546 1458 monasterio
2591 1406 2736 1474 quod
2780 1406 2980 1461 dicitur
3028 1408 3356 1473 Suricinum,
3409 1411 3513 1466 sito
3559 1413 3614 1467 in
3670 1417 3822 1486 pago

2216 1492 2486 1548 Tolosauo
2504 1533 2520 1558 ,
2549 1495 2603 1548 in
2633 1496 2890 1551 honorem
2916 1495 3012 1552 Dei
3032 1500 3309 1567 genitricis
3338 1509 3391 1556 et
3417 1503 3656 1558 aliorum
3691 1507 3821 1563 sih-

2215 1589 2427 1638 ctorum
2452 1594 2788 1652 constructo,
2816 1587 2906 1642 ubi
2934 1593 3077 1644 nunc
3104 1591 3436 1648 Bertrattdu's
3465 1595 3638 1651 abbas
3661 1599 3816 1667 pri-

2215 1677 2396 1732 sidere
2431 1677 2780 1748 dignoscitur,
2818 1690 2965 1736 certa
2995 1683 3111 1736 loca
3146 1685 3415 1750 conferre,
3446 1691 3566 1756 qua:
3585 1688 3616 1728 Β
3643 1689 3824 1743 ιιτὶεά

2216 1781 2311 1821 cas
2352 1767 2480 1822 olim
2511 1782 2696 1824 comes
2736 1771 2894 1825 nobis
2934 1786 3032 1841 per
3057 1773 3539 1832 dinumerationem
3577 1781 3817 1836 tradidit

531 1874 704 1930 usque
726 1861 781 1916 in
805 1861 1112 1929 Hildibach,
1149 1863 1274 1918 inde
1313 1879 1484 1934 usque
1512 1862 1827 1928 Centbuzzi,
1857 1864 1982 1918 inde
2009 1863 2118 1919 Ga-
2143 1843 2194 1912 Η
2218 1859 2272 1913 in
2297 1875 2437 1930 pago
2463 1861 2768 1928 Ausciensi,
2792 1863 3044 1920 videlicet
3065 1867 3246 1921 villam
3269 1869 3336 1923 de
3363 1869 3649 1937 Bliten'tia,
3681 1889 3816 1930 cum

531 1954 794 2018 ranbach,
825 1953 919 2008 ubi
949 1953 1064 2025 ipse
1099 1955 1273 2026 surgit
1310 1969 1407 2024 per
1444 1956 1660 2026 Iungunt
1686 1967 1858 2025 usque
1885 1955 1938 2010 in
1966 1953 2116 2009 Hura

531 2052 586 2104 et
605 2058 703 2113 per
721 2043 924 2100 [Iuram
955 2047 1022 2101 ad
1043 2057 1279 2101 montem
1301 2049 1472 2117 usque
1497 2050 1566 2104 ad
1593 2048 1857 2114 Barbacb,
1885 2064 2004 2119 quae
2024 2045 2118 2106 'est'

531 2133 598 2190 de
626 2135 848 2192 sinistra
877 2143 1031 2205 parte
1071 2139 1410 2203 monasterii,
1441 2146 1496 2194 et
1525 2140 1649 2194 inde
1675 2155 1849 2211 usque
1890 2141 1945 2196 in
1976 2141 2117 2198 Buo—

530 2225 657 2291 cha,
683 2234 740 2283 et
789 2226 916 2282 inde
962 2241 1135 2297 usque
1182 2228 1235 2282 in
1265 2228 1631 2294 Huochonloe,
1665 2231 1789 2285 inde
1827 2246 1924 2302 per
1970 2232 2120 2288 viam

533 2330 707 2385 usque
752 2317 807 2371 in
834 2316 1148 2384 Sturenfelt,
1183 2320 1309 2375 inde
1356 2336 1454 2390 per
1501 2319 1870 2379 Sclusunbach
1899 2325 1951 2378 in
1981 2324 2115 2381 Ger-

529 2407 1059 2478 brchetesprunnon,
1089 2411 1214 2466 inde
1247 2413 1301 2465 in
1330 2409 1783 2470 Suindinesbrath
1803 2455 1818 2479 ,
1858 2415 1983 2471 inde
2015 2431 2125 2487 per

529 2498 882 2571 Bodilenpath
911 2517 1084 2573 usque
1121 2504 1530 2573 Bodilenbrath,
1558 2508 1682 2564 inde
1715 2509 1807 2564 ubi
1839 2512 2012 2578 surgit
2040 2512 2114 2566 ri-

525 2593 683 2649 vulus
713 2593 920 2651 Melana
946 2596 1300 2668 llurspringa,
1330 2598 1454 2652 inde
1488 2599 1542 2654 in
1569 2598 1775 2656 Melana
1810 2615 1909 2671 per
1934 2601 2114 2672 ipsum

528 2685 785 2753 rivulum,
814 2688 938 2743 inde
957 2705 1055 2760 per
1081 2689 1287 2746 Melana
1314 2690 1496 2761 josum
1532 2708 1704 2761 usque
1742 2694 1809 2748 ad
1839 2694 2126 2761 strictam,

531 2775 658 2832 inde
693 2792 790 2846 per
823 2779 1012 2835 stricta
1042 2797 1214 2852 usque
1249 2784 1318 2839 ad
1358 2783 1724 2850 Deofansleid,
1750 2785 1875 2842 inde
1914 2787 1966 2841 in
1998 2785 2110 2841 Ha-

527 2882 666 2938 gana
696 2907 710 2932 ,
746 2868 870 2923 inde
903 2870 971 2925 ad
1002 2870 1256 2928 Merhach
1285 2873 1422 2928 linit.
1452 2874 1834 2944 Praecipientes
1862 2891 1993 2947 ergo
2025 2875 2113 2946 ju-

526 2957 718 3012 bemus
749 2967 810 3013 ut
837 2959 1016 3015 nullus
1048 2961 1246 3018 abhinc
1294 2963 1533 3019 ﬁdelium
1560 2975 1763 3021 sancta:
1800 2967 1896 3021 Dei
1928 2968 2112 3022 Eccle-

526 3048 657 3116 siae,
704 3058 1123 3121 nostrorumque
1170 3053 1237 3108 de
1265 3056 1522 3124 praedicto
1549 3057 1725 3112 waldo
1752 3067 1961 3128 partem
1999 3075 2113 3116 me-

527 3140 724 3195 morati
770 3143 1088 3198 monasterii
1135 3143 1440 3215 inquietare
1467 3156 1562 3202 aut
1597 3149 1798 3218 aliquid
1834 3148 2111 3222 refraga‘re

520 3239 812 3301 praesumat
837 3271 851 3298 ,
879 3234 964 3288 vel
1003 3235 1259 3305 quiddam
1303 3239 1529 3296 moleste
1552 3241 1752 3297 inferre
1797 3249 1985 3309 tentet,
2014 3247 2110 3302 sed

524 3319 594 3372 ab
623 3320 884 3377 hodierno
935 3325 1022 3379 die
1059 3335 1115 3381 et
1169 3327 1425 3400 deinceps
1471 3342 1828 3388 memoratum
1872 3336 2110 3392 waldun

525 3409 709 3478 quiete
731 3421 786 3464 et
815 3427 1004 3469 secure
1026 3412 1179 3482 juxta
1201 3433 1353 3472 suam
1377 3420 1882 3481 determinationem
1909 3429 2110 3484 nostris

524 3495 829 3570 futurisque
853 3495 962 3558 Deo
983 3505 1216 3574 propitio
1252 3513 1584 3580 temporibus
1625 3515 1842 3572 valeant
1870 3520 2108 3588 posside-

522 3603 605 3658 re,
635 3601 690 3646 et
716 3593 900 3650 facere
925 3595 1185 3665 quidquid
1222 3614 1320 3669 pro
1358 3605 1764 3670 opportunitate
1803 3611 2106 3666 communis

523 3683 956 3754 congregationis
1001 3685 1299 3758 elegerint;
1347 3699 1619 3761 quatenus
1668 3710 1766 3765 pro
1817 3699 2000 3764 nobis,
2053 3709 2106 3757 et

521 3779 766 3850 conjuge,
797 3781 1054 3852 proleque
1089 3793 1270 3840 nostra
1300 3826 1315 3851 ,
1354 3801 1448 3842 seu
1479 3802 1578 3858 pro
1605 3792 1899 3846 stabilitate
1942 3795 2104 3852 totius

521 3866 735 3937 imperii
764 3873 934 3927 nostri
959 3888 990 3926 a
1016 3872 1129 3929 Deo
1161 3874 1319 3931 nobis
1365 3878 1547 3934 collati
1575 3888 1630 3936 et
1655 3879 1773 3950 ejus
1801 3882 2105 3942 clementis-

521 3959 658 4014 sima
696 3962 1042 4018 miseratione
1069 3975 1332 4036 perpetuo
1362 3973 1749 4038 conservandi,
1771 3974 1974 4045 iugiter
1997 3976 2104 4033 Do-

522 4051 655 4104 mini
706 4053 1134 4111 misericordiam
1188 4073 1419 4114 exorare
1479 4060 1732 4118 delectet.
1789 4064 1916 4122 Ilznc
1972 4081 2102 4125 vero

522 4140 817 4196 auctoritas
856 4143 934 4196 uti
983 4160 1013 4198 a
1053 4146 1301 4202 fidelibus
1350 4159 1550 4206 sanctae
1601 4151 1697 4207 Dei
1751 4153 2006 4211 Ecclesia:
2046 4165 2106 4212 et

521 4230 723 4286 nostris
769 4233 950 4289 verius
990 4237 1266 4304 credatur,
1311 4248 1367 4294 et
1394 4240 1705 4311 diligentius
1731 4254 2098 4314 conservetur,

520 4335 681 4375 manu
709 4324 926 4392 propria
950 4335 1136 4382 nostra
1168 4330 1592 4401 subscripsimus
1633 4342 1688 4389 et
1712 4336 1896 4391 annuli
1929 4340 2101 4394 nostri

517 4412 873 4485 impressione
899 4417 1102 4488 signari
1125 4420 1407 4490 iussimus.

589 4507 810 4579 Signum
850 4509 1032 4564 domui
1059 4511 1320 4569 Ludovici
1351 4517 1681 4574 serenissimi
1719 4519 1965 4592 Augusti.

585 4600 873 4657 Durandus
891 4602 1150 4660 diaconus
1170 4606 1238 4661 ad
1259 4606 1431 4661 vicem
1448 4607 1761 4666 Helisachar
1785 4617 2093 4686 recognovi.

585 4693 719 4749 Data
745 4710 797 4749 vl
825 4695 948 4752 ldus
970 4695 1309 4765 Novembris,
1355 4716 1496 4757 anno
1516 4702 1570 4768 5,
1601 4703 1814 4758 Christo
1842 4707 2093 4777 propitio,

515 4783 725 4855 imperii
770 4787 952 4843 domui
1006 4789 1263 4847 Ludovici
1303 4794 1636 4850 serenissimi
1687 4795 1959 4867 Augusti,
2009 4801 2093 4855 in-

513 4877 749 4935 dictione
788 4879 875 4936 10.
903 4880 1100 4937 Actum
1124 4883 1457 4954 Compendio
1480 4886 1683 4958 palatio
1719 4890 1869 4961 regio
1913 4891 1970 4948 in
1996 4893 2093 4949 Dei

513 4971 731 5028 nomine
758 4970 1007 5030 feliciter.
1035 4974 1232 5030 Amen.

1207 5071 1389 5128 LXIII.

863 5176 889 5204 ⁸
903 5179 1006 5222 ιθιιο
1016 5180 1354 5223 ιιοΝΑετειιιο
1368 5183 1734 5226 δοιιιοιιιιιιιηι.

1116 5258 1290 5330 (Anna
1331 5258 1486 5331 817.)

513 5335 692 5413 [Apud
728 5339 790 5397 Ι).
816 5341 1104 5418 Bouquet.,
1143 5348 1356 5406 Recueil
1387 5350 1479 5406 de:
1503 5351 1652 5418 ἡξει..
1683 5358 1814 5407 tom.
1847 5348 1935 5419 Vl,
1962 5367 2086 5423 pag.

581 5433 709 5502 50I,
731 5449 797 5490 ex
822 5439 972 5495 brevi
997 5443 1256 5499 chronica
1289 5444 1523 5501 abbatiae
1553 5443 1655 5500 SS.
1688 5445 1841 5501 Pauli
1861 5453 1918 5502 et
1938 5445 2086 5503 Petri

582 5529 637 5586 in
661 5545 799 5602 pago
825 5530 1132 5608 Blizentio.]

579 5656 607 5686 ι
634 5644 822 5728 Exstat
839 5645 1074 5728 diploma
1099 5648 1306 5728 Pippini
1331 5652 1473 5728 regis
1507 5653 1573 5708 de
1596 5651 1907 5728 fundatione
1928 5654 2088 5728 hujus

514 5718 1004 5798 cmuobiitdatum
1034 5718 1534 5798 Aquis’granianno
1572 5727 1802 5795 septimo
1842 5727 1959 5798 ejus
1994 5718 2088 5782 im-

514 5788 808 5860 pet'lIiﬁed
835 5788 964 5843 illud
993 5803 1100 5860 non
1127 5788 1520 5860 sat_'genuinum
1549 5788 1824 5852 existimat
1847 5788 2088 5857 Mabillo-

506 5853 640 5930 ,ιλιαδ
661 5855 754 5914 lib.
779 5863 950 5917 xxvut
975 5857 1170 5917 Annal.
1199 5853 1504 5934 B'enedicu,
1537 5880 1688 5924 num.
1712 5866 1802 5928 65.

2121 4571 2178 4634 D

2215 1952 2460 2008 ecclesiis
2487 1951 2684 2006 ibidem
2727 1952 2965 2010 fundatis
3006 1956 3059 2010 in
3091 1955 3349 2014 honorent
3381 1959 3475 2015 Dei
3519 1963 3818 2034 genitricis

2215 2050 2270 2097 et
2294 2043 2468 2098 sancti
2487 2043 2731 2106 Joannis.
2757 2060 2878 2100 cum
2893 2047 3294 2105 territoriisde.e
3322 2051 3577 2122 Peyrault
3594 2061 3658 2110 et
3685 2055 3819 2111 mdi-

2215 2132 2354 2188 ﬁciis
2384 2135 2496 2189 suis
2521 2144 2576 2189 et
2602 2137 2884 2206 mancipiis
2904 2175 2918 2203 ,
2944 2146 3002 2193 et
3041 2140 3201 2195 aliam
3226 2141 3408 2198 villam
3435 2157 3556 2214 qum
3592 2145 3820 2204 dicitur

2216 2221 2494 2290 Hontlieu,
2525 2233 2580 2281 et
2611 2227 2872 2296 quidquid
2893 2228 2948 2283 in
2985 2230 3128 2286 dicta
3155 2233 3444 2290 donatione
3467 2239 3816 2307 continetur,

2215 2331 2339 2374 cum
2368 2320 2655 2389 mancipiis
2675 2321 2814 2387 suis;
2843 2329 2900 2376 et
2917 2323 3098 2377 villam
3125 2339 3246 2394 qua:
3267 2326 3466 2382 dicitur
3485 2329 3814 2402 Exartigas,

2214 2425 2336 2464 cum
2366 2413 2618 2467 omnibus
2647 2414 2892 2469 mdificiis
2913 2425 2966 2470 et
2988 2417 3334 2486 pertinentiis
3355 2421 3496 2488 suis;
3524 2423 3581 2477 et
3609 2421 3812 2482 villam
3833 2441 3836 2443 '

2211 2516 2333 2570 quae
2355 2503 2553 2557 dicitur
2576 2503 2880 2572 Waccaria,
2903 2521 3027 2561 cum
3050 2508 3277 2564 ecclesia
3300 2508 3356 2565 S.
3376 2507 3618 2579 Joannis,
3647 2512 3818 2570 simi-

2213 2591 2336 2646 liter
2373 2609 2496 2647 cum
2525 2594 2768 2650 aedificiis
2799 2595 3202 2666 adjacentibu's;
3235 2605 3292 2656 et
3316 2602 3494 2657 Villam
3517 2615 3638 2673 qure
3664 2605 3816 2661 dici-

2213 2690 2303 2736 tur
2336 2683 2733 2752 Marcillanum,
2774 2703 2899 2742 cum
2926 2689 3170 2745 aediﬁciis
3197 2701 3254 2746 et
3279 2693 3619 2762 pertinentiis
3663 2697 3820 2763 suis,

2211 2791 2337 2830 cum
2381 2777 2629 2832 domibus
2677 2787 2733 2858 et
2777 2781 3093 2851 mancipiis,
3137 2791 3192 2837 et
3228 2793 3718 2860 quantumcunque
3757 2805 3820 2844 ιιι

2212 2864 2332 2935 ipso
2357 2865 2475 2920 loco
2499 2868 2566 2921 ad
2590 2853 2690 2923 nos
2701 2863 2825 2935 jure
2851 2859 3197 2941 proprietatis
3223 2853 3490 2943 pertinere
3519 2853 3819 2948 dignosci-

2212 2964 2321 3022 tur,
2348 2973 2470 3012 cum
2509 2959 2739 3014 ecclesia
2765 2961 2820 3014 in
2855 2963 3042 3016 eodem
3077 2963 3196 3019 loco
3216 2974 3522 3020 constructa
3546 2967 3600 3020 in
3627 2968 3821 3024 hono-

2211 3065 2326 3104 rem
2352 3051 2525 3105 sancti
2551 3050 2795 3118 Martini;
2823 3061 2880 3107 et
2908 3055 3274 3111 molendinum
3299 3061 3463 3128 super
3481 3041 3715 3114 fluvium
3745 3061 3820 3118 de

2214 3140 2366 3207 ϐενε,
2399 3151 2453 3197 et
2483 3143 2742 3212 quidquid
2771 3144 2825 3198 in
2862 3146 3050 3200 eodem
3073 3147 3190 3202 loco
3219 3149 3320 3204 visi
3344 3166 3528 3206 sumus
3568 3151 3812 3207 habere.

2213 3233 2438 3304 Insuper
2471 3234 2528 3288 in
2549 3249 2689 3306 pago
2717 3235 2915 3306 Dagm‘,
2949 3245 3003 3292 et
3044 3237 3099 3292 in
3139 3239 3261 3294 villa
3293 3255 3412 3310 quze
3442 3239 3642 3295 dicitur
3670 3235 3832 3314 Afa-_

2210 3328 2410 3392 manui,
2457 3335 2511 3382 et
2540 3328 2593 3382 in
2617 3328 2743 3383 villa
2771 3328 3097 3401 Modolingo,
3147 3347 3270 3386 cum
3309 3331 3555 3387 ecclesiis
3591 3333 3814 3392 ibidem

2209 3419 2539 3475 constructis
2559 3420 2612 3474 in
2642 3419 2848 3476 honore
2863 3421 2957 3476 Dei
2975 3422 3254 3493 genitricis
3274 3433 3326 3478 et
3350 3425 3523 3480 sancti
3547 3423 3809 3496 Sulpicii,

2208 3525 2333 3566 cum
2357 3512 2644 3582 mancipiis
2670 3521 2725 3568 et
2752 3513 2979 3580 colonis,
3017 3529 3140 3571 cum
3163 3517 3413 3573 domibus
3439 3525 3494 3571 et
3515 3517 3810 3574 habitato-

2206 3601 2360 3655 ribus
2397 3616 2586 3658 earum
2603 3609 2708 3670 ;'et
2735 3605 2996 3675 quidquid
3038 3605 3236 3661 ibidem
3275 3608 3343 3662 ad
3370 3623 3468 3663 nos
3496 3607 3620 3677 jure
3661 3627 3810 3680 pm-

2204 3693 2454 3765 prietatis
2473 3695 2749 3764 pertinere
2771 3697 3136 3768 dignoscitur,
3175 3715 3297 3754 cum
3332 3701 3581 3757 ecclesiis
3604 3714 3657 3758 et
3681 3717 3810 3760 ser-

2205 3785 2290 3840 vis
2320 3794 2375 3841 et
2399 3787 2610 3842 colonis
2630 3788 2912 3858 utriusque
2943 3803 3103 3844 sexus
3123 3830 3138 3856 ,
3163 3790 3286 3845 'cum
3309 3790 3583 3858 domibus,
3621 3795 3806 3850 aedid-

2206 3877 2327 3944 ciis,
2353 3878 2546 3943 terris,
2580 3878 2774 3946 vineis,
2799 3880 2986 3950 pratis,
3015 3883 3254 3951 pascuis,
3285 3884 3438 3954 aquis
3459 3899 3808 3956 aquarumve

2205 3968 2553 4035 decursibus,
2579 3971 2901 4028 molendinis
2921 4013 2935 4037 ,
2982 3973 3272 4030 mobilibus
3315 3983 3370 4030 et
3403 3974 3804 4048 immobilibus,

2204 4059 2407 4114 cultum
2422 4068 2476 4115 et
2500 4060 2790 4125 incultum.
2811 4063 3098 4132 quaesitum
3117 4073 3171 4120 et
3187 4067 3595 4136 acquirendum,
3618 4073 3804 4127 totum

2202 4160 2258 4207 et
2284 4153 2353 4207 ab
2377 4153 2587 4222 integro
2607 4161 2663 4208 et
2687 4155 2754 4208 ad
2777 4153 3044 4226 integrum
3067 4153 3331 4212 donamus
3356 4157 3468 4214 Deo
3489 4201 3502 4223 ,
3536 4168 3594 4214 et
3621 4176 3804 4232 supra

2202 4253 2504 4299 memorato
2532 4246 2868 4300 monasterio
2905 4244 3198 4312 Suricinii,
3238 4263 3338 4318 pro
3381 4250 3548 4305 salute
3587 4251 3838 4308 anima"

2202 4343 2403 4389 nostrae
2426 4334 2495 4389 ad
2519 4335 2788 4406 stipendia
2808 4335 3036 4391 fratrum
3057 4337 3255 4394 ibidem
3275 4341 3387 4396 Deo
3411 4341 3800 4410 servientium,

2202 4434 2259 4480 et
2280 4426 2349 4480 ad
2376 4426 2750 4498 eleemosynas
2775 4426 3048 4484 faciendas
3083 4437 3140 4484 et
3178 4431 3245 4486 ad
3271 4431 3408 4487 alias
3437 4432 3647 4502 praefati
3676 4450 3801 4492 cce-

2201 4519 2350 4574 nobii
2400 4519 2658 4576 utilitates
2711 4522 2813 4577 hac
2861 4523 3150 4581 donatione
3200 4528 3543 4584 auctoritatis
3591 4540 3836 4586 nostra:-

2203 4613 2591 4686 perpetualiter
2627 4614 2968 4686 delegamus;
3001 4625 3057 4672 et
3089 4625 3149 4672 ut
3188 4617 3256 4674 de
3303 4620 3435 4689 ipsis
3467 4622 3692 4676 abbates
3739 4629 3800 4678 et
3829 4643 3840 4652 ⁶

2204 4706 2456 4762 monachi
2499 4705 2667 4762 libere
2693 4717 2748 4763 et
2789 4709 2974 4778 quiete
3015 4711 3298 4779 providere
3346 4713 3586 4768 valeant.
3641 4711 3708 4769 Et
3732 4719 3802 4771 ut

2202 4799 2320 4855 haec
2338 4801 2524 4855 charta
2547 4801 2852 4856 donationis
2878 4811 3077 4858 nostra}
3099 4803 3292 4861 futuris
3315 4809 3654 4876 temporibus
3672 4824 3796 4879 per-

2198 4899 2416 4962 petuam
2455 4894 2696 4946 obtineat
2739 4892 3084 4961 ﬁrmitatem,
3121 4902 3178 4950 et
3217 4909 3248 4951 a
3297 4896 3548 4953 ﬁdelibus
3587 4899 3796 4955 nostris

2197 4982 2394 5038 melius
2425 4983 2771 5050 observetur,
2816 5000 2980 5040 manu
3011 4995 3197 5042 nostra
3230 4989 3675 5048 subtlrmavimus
3732 4999 3795 5048 et
3829 5057 3832 5060 ,

2196 5073 2382 5128 annuli
2414 5075 2769 5145 impressione
2795 5075 2997 5147 signari
3023 5078 3303 5148 jussimus.

2269 5163 2494 5236 Signum
2519 5165 2778 5222 Ludovici
2805 5167 3137 5226 serenissimi
3165 5172 3530 5242 imperatoris.

2265 5256 2551 5314 Durandus
2563 5258 2822 5314 diaconus
2833 5261 2902 5315 ad
2918 5261 3091 5318 vicem
3110 5262 3430 5320 Holisachar
3443 5266 3779 5336 recognovit.

2262 5347 2399 5401 Data
2415 5362 2474 5403 ιιι
2486 5347 2666 5404 Nonas
2680 5348 2826 5416 Maii,
2839 5365 3001 5418 anno,
3017 5351 3232 5408 Christo
3242 5355 3499 5426 propitio,
3513 5355 3548 5409 4
3565 5355 3782 5426 imperii

2195 5438 2398 5494 domini
2419 5439 2649 5508 piissimi
2672 5440 3260 5508 Ludovici,indictione
3279 5445 3360 5499 to.
3373 5446 3570 5501 Actum
3580 5446 3786 5516 Aquis-

2192 5532 2347 5603 grani
2372 5532 2570 5601 palatio
2592 5533 2738 5604 regio
2765 5533 2818 5588 in
2845 5533 2941 5590 Dei
2971 5535 3188 5591 nomine
3213 5535 3461 5593 feliciter.
3491 5538 3688 5595 Amen.

2267 5650 2296 5691 ι’
2327 5647 2482 5704 Hunc
2515 5648 2804 5703 Arccatum
2833 5657 2989 5704 vocat
3025 5647 3362 5707 Mabillonius
3388 5651 3508 5707 loco
3538 5668 3667 5708 mox
3702 5651 3779 5709 ci-

2193 5729 2326 5781 tato,
2351 5730 2406 5774 et
2427 5729 2616 5774 auctor
2645 5721 2824 5774 brevis
2849 5720 3120 5776 Chmnici.

2265 5805 2286 5831 ο
2315 5791 2747 5868 V'erba_Gallica,
2771 5807 2889 5868 quae
2916 5793 3117 5868 passim
3149 5791 3204 5846 iu
3229 5793 3334 5848 hoc
3347 5792 3650 5868 diplomate
3674 5808 3773 5850 oc-

2192 5872 2444 5936 currunt,
2465 5863 2532 5920 ab
2553 5872 2772 5919 auctore
2793 5860 3042 5919 Chrdnici
3064 5863 3282 5935 Linserta
3310 5860 3579 5920 videntur.
