4048 6350
335 296 473 366 1061

415 419 418 422 ’
1036 413 1213 478 LXIV.

397 533 504 589 eno
519 512 798 602 disasters
810 529 1072 588 secessus
1083 531 1137 586 ‘s.
1161 533 1418 587 srzrmm
1439 531 1832 588 scaevitessts.
1917 525 1928 538 ’

928 627 1109 714 (Anno
1151 641 1309 716 8-17.)

563 739 740 826 [Apud
773 745 834 808 D.
864 741 1150 826 Bouquet.,
1177 755 1330 824 ibid.,
1364 741 1484 830 pag.
1513 743 1664 831 502.]

391 869 448 936 In
491 868 708 924 nomine
742 867 834 924 Dei
868 875 924 924 et
957 867 1258 928 Salvator-is
1301 874 1473 928 nostri
1512 873 1638 932 Jesu
1673 875 1895 948 Christi,

271 995 288 1020 ,-
309 958 642 1028 Ludovicus,
667 959 850 1016 divina
875 961 1160 1018 ordinante
1185 965 1550 1036 providentia,
1601 968 1899 1040 imperator

307 1039 608 1123 Augustus.

1477 299 1870 363 DIPLOMATA
1905 301 2455 367 ECCLESIASTICA.

1859 407 1994 484 ,ἕ
2109 411 2142 459 .__
2724 427 2886 486 [λῃ.

3421 405 3428 410 _
3450 321 3590 412 loss

2221 519 2323 593 rso
2355 551 2703 597 Lsttovtcsnsr
2731 557 2775 598 s.
2803 551 3062 600 STEPHANI
3099 531 3367 610 stateem.

2612 633 2794 709 (Auno
2821 637 2980 712 817.)

2417 725 2592 799 [Apud
2619 729 2681 783 D.
2711 729 3000 802 Bouquet.,
3031 733 3184 810 ibid]

1977 815 1984 824 '
2073 810 2132 866 In
2171 817 2388 871 nomine
2433 819 2644 876 Domini
2687 821 2780 878 Dei
2819 833 2873 880 et
2904 815 3200 884 salvatoris
3241 821 3413 890 nostri
3449 833 3579 900 Jestt

2003 893 2225 970 Christi,
2249 905 2570 982 Ludovicus,
2593 913 2772 970 divina
2789 917 3072 976 ordinante
3089 921 3446 996 providentia,
3469 929 3576 988 im.-

1999 1005 2220 1066 p‘erator
2257 999 2550 1072 Augusuts.

2073 1086 2131 1142 Si
2181 1087 2522 1149 liberalitatis
2566 1105 2767 1152 nostra:
2811 1113 3034 1158 munere
3071 1091 3203 1160 locis
3241 1105 3350 1162 Deo
3383 1109 3575 1169 dicatis

387 1144 446 1202 Si
477 1145 828 1224 petitionibus
849 1148 1194 1206 sacerdotum
1215 1150 1380 1220 justis
1404 1158 1457 1208 et
1481 1153 1873 1210 rationabilibtn

2377 1144 2519 1149 ,c_-__-
2566 1144 2766 1152 ..-ν---νυ
2811 1144 3032 1158 ...ιιι-νιν
3071 1144 3203 1160 ινυιο
3242 1144 3350 1162 υιυ
3383 1144 3574 1169 {Ill/IIIIa

1998 1177 2252 1247 quiddam
2275 1179 2602 1241 conferimus
2630 1185 2909 1258 beneﬁcii,
2937 1197 2991 1248 et
3028 1197 3378 1256 necessitates
3402 1203 3574 1258 cccle-

275 1209 280 1302 ξ
305 1209 680 1292 divini-cultus
701 1251 888 1300 amore
899 1236 1164 1312 favemus,-
1189 1242 1408 1312 superni
1427 1246 1670 1300 muneris
1691 1245 1892 1301 donum

275 1325 467 1396 (nobis
494 1342 524 1380 a
565 1326 792 1384 Domino
831 1311 1096 1398 impertiri
1138 1311 1426 1392 credimus.
1465 1335 1674 1392 Idcirco
1702 1341 1890 1394 notum
1980 1349 1986 1358 '

273 1473 282 1482 ,
301 1418 382 1474 sit
405 1421 658 1486 omnibus
675 1419 926 1492 ﬁdelibus
945 1435 1150 1482 sanctae
1169 1425 1265 1482 Dei
1302 1428 1560 1486 Ecclesia:
1579 1441 1636 1486 et
1659 1435 1882 1504 nostris,

271 1556 276 1560 .
301 1521 420 1570 tam
457 1513 816 1582 praesentibus
841 1529 1001 1584 quam
1042 1517 1270 1585 futuris,
1306 1522 1432 1590 Quia
1457 1524 1541 1578 vir
1566 1527 1886 1584 venerabilis

269 1655 274 1664 ,
299 1597 690 1672 Regimpcrtus
713 1604 1016 1666 Lemovicze
1039 1610 1189 1666 urbis
1223 1611 1506 1682 episcopus
1529 1617 1718 1672 adiens
1738 1633 1883 1674 sere.

265 1743 272 1746 _
295 1693 528 1750 nitatem
552 1696 804 1754 culminis
825 1702 1020 1766 nostri,
1054 1703 1290 1760 innotuit
1311 1707 1468 1762 nobis
1499 1723 1566 1764 eo
1594 1713 1736 1781 quod
1762 1713 1880 1782 qui—

297 1781 426 1838 dant
478 1783 759 1854 diaconus,
799 1791 1018 1846 nomine
1069 1791 1462 1862 Mathusalam,
1507 1813 1576 1852 ex
1623 1781 1883 1857 cambies
1917 1812 1962 1872 Β

237 1937 240 1940 _
271 1876 576 1950 praedictas
597 1879 768 1948 urbis,
797 1897 917 1951 qua:
943 1892 1028 1940 est
1052 1895 1368 1964 constructa
1397 1889 1452 1944 in
1479 1889 1684 1946 honore
1707 1896 1882 1949 sancti

269 1969 564 2042 .Stephani
583 2011 600 2040 ,
633 1971 952 2044 jamdudum
976 1977 1026 2031 ei
1075 1980 1336 2047 quasdam
1363 1997 1451 2036 res
1475 1980 1617 2050 juris
1641 1987 1884 2058 proprie:-

293 2062 428 2117 tatis
453 2078 562 2120 sua:
589 2065 916 2134 tradidisset,
943 2083 1064 2138 quae
1085 2079 1214 2150 sunt
1235 2072 1290 2126 in
1317 2074 1506 2132 eodem
1528 2083 1666 2144 pago
1687 2077 1881 2135 Lento:-

269 2155 498 2224 vicino,
521 2157 576 2214 in
609 2158 728 2216 loco
747 2171 1090 2232 nuncupante
1111 2163 1508 2238 Carenteuago,
1534 2168 1586 2222 id
1608 2179 1692 2225 est
1715 2171 1880 2228 cella.-

270 2247 404 2318 .latn
433 2265 597 2319 quam
625 2250 737 2320 ipse
761 2263 1168 2321 construxerat,
1194 2264 1248 2312 et
1275 2257 1338 2312 in‘
1364 2259 1568 2314 honore
1592 2260 1804 2316 Domini
1823 2271 1879 2318 et

275 2337 597 2412 ‘Salvatoris
629 2345 802 2400 nostri
831 2345 1108 2424 dicaverat
1135 2365 1150 2408 ε
1174 2349 1268 2406 sed
1297 2349 1468 2420 ipsam
1490 2351 1735 2408 cellulam
1767 2363 1874 2410 tam

283 2431 409 2506 ipse
449 2451 610 2506 quam
656 2437 912 2519 priel'atus
955 2441 1238 2513 episcopus
1279 2445 1346 2500 de
1395 2448 1556 2502 rebus
1597 2451 1875 2519 acquisitis

281 2535 500 2608 postea,
532 2515 794 2601 largiente
829 2533 962 2599 Deo,
994 2534 1205 2604 plenius
1232 2535 1562 2606 ditat/erunt,
1597 2551 1654 2596 et
1680 2515 1874 2601 balnea

281 2621 392 2678 has
425 2639 518 2679 res
540 2624 608 2680 ad
637 2626 902 2696 stipendia
927 2629 1312 2686 eanonicorum
1347 2632 1408 2687 in
1427 2635 1682 2702 praedicta
1711 2653 1874 2694 caum

277 2715 410 2772 nica
453 2716 760 2788 degentium
793 2720 850 2774 in
880 2729 1062 2778 nostra
1093 2729 1150 2778 et
1177 2738 1366 2780 eorum
1400 2724 1744 2798 eleemosyna
1769 2745 1867 2799 per

281 2820 478 2862 eorum
505 2816 884 2890 testamentum
911 2813 1311 2884 delegaverant.
1344 2815 1424 2872 0b
1455 2833 1622 2888 quam
1646 2835 1869 2876 causam

281 2899 444 2970 petiit
487 2899 826 2960 clementiam
871 2905 1184 2966 serenitatis
1209 2917 1411 2966 nostrze
1445 2917 1504 2964 ut
1533 2925 1698 2981 super
1721 2929 1785 2967 ea
1811 2926 1871 2968 re

275 3001 536 3050 nostrum
561 3005 888 3066 praeceptum
921 3000 992 3054 ob
1021 2999 1296 3059 firmitatis
1320 3007 1546 3074 gratiam
1578 3008 1694 3064 ﬁeri
1714 3011 1872 3082 jube-a

271 3099 492 3153 remus,
519 3102 616 3156 per
645 3089 788 3158 quod
811 3091 1014 3150 nostris
1046 3102 1102 3149 et
1127 3095 1326 3152 futuris
1360 3102 1692 3170 temporibus
1730 3117 1870 3173 prae-

277 3174 436 3262 glieta'
472 3178 664 3234 cellula
691 3195 818 3236 cum
862 3185 1113 3242 erunibus
1145 3189 1214 3244 ad
1255 3205 1318 3245 se
1355 3193 1742 3262 aspicientibus
1781 3197 1868 3252 vel
1893 3177 1939 3242 (ἶ

279 3271 682 3341 pertinentibus
709 3313 726 3338 ,
771 3275 852 3336 ad
901 3278 1166 3347 stipendia
1213 3290 1270 3337 et
1315 3299 1446 3340 usus
1483 3288 1866 3344 eanonicorum
1904 3291 1906 3294 ’

279 3363 556 3432 praedicta)
587 3365 730 3421 sedis
751 3367 1056 3438 degentium
1087 3373 1390 3442 proﬁceret.
1421 3376 1586 3446 Cujus
1615 3381 1863 3450 petitioni

269 3467 562 3510 assensum
577 3457 902 3526 praebentes,
927 3477 992 3516 ac
1011 3473 1209 3521 nostrae
1225 3469 1565 3526 auctoritatis
1593 3481 1860 3545 pratccpto

273 3543 688 3612 conﬁrmantes,
729 3550 1070 3628 praecipimus
1105 3563 1267 3626 atque
1296 3556 1549 3627 jubemus
1587 3569 1648 3616 ut
1685 3543 1864 3622 nullus

273 3647 352 3715 ex
379 3633 626 3718 fidelibus
654 3639 887 3706 nostris,
922 3651 1028 3698 tam
1060 3647 1416 3713 praesentibus
1447 3667 1607 3721 quam
1636 3662 1694 3709 et
1717 3655 1856 3710 futu-

269 3705 382 3788 ris,
407 3725 470 3779 de
489 3711 757 3796 praedictis
781 3733 940 3788 rebus
969 3751 1065 3806 per
1082 3739 1386 3809 cupidinem
1405 3744 1492 3798 vel
1517 3749 1864 3804 occasionem

277 3817 520 3888 aliquam
536 3821 778 3878 minuere
793 3836 1080 3893 prmsmnat
1104 3845 1118 3886 :
1143 3833 1232 3886 scd
1254 3835 1506 3902 praedicta
1527 3838 1717 3893 cellula
1735 3857 1856 3896 cum

275 3910 530 3967 onmibus
555 3913 630 3986 ad;
643 3929 699 3970 se
720 3915 960 3986 legalrter
973 3929 1030 3974 et
1043 3922 1428 3980 rationabiliter
1449 3929 1854 4000 aspicientibus,

275 4006 424 4060 sicut
441 4007 507 4061 ab
529 4007 718 4062 eodem
741 4011 994 4081 episcopo
1021 4013 1340 4083 dispositum
1365 4025 1526 4087 atque
1551 4023 1854 4081 ordinatum

271 4105 388 4174 est,
413 4099 486 4166 ita
513 4099 766 4178 deinceps
787 4104 990 4160 nostris
1017 4113 1178 4175 atque
1199 4105 1398 4164 futuris"
1419 4113 1746 4182 temporibus
1775 4117 1868 4170 in;

275 4169 608 4246 violabiliter
643 4204 1028 4262 conservetur;
1069 4207 1126 4254 et
1157 4200 1334 4256 nullus
1375 4203 1602 4272 quilibet
1639 4224 1707 4263 ex
1739 4225 1857 4267 suc-

269 4285 590 4360 cessoribus
614 4287 726 4357 jam
749 4290 1124 4358 praenominati
1149 4292 1384 4364 episcOpi
1419 4295 1664 4354 eamdem
1692 4295 1855 4356 cellu-

271 4355 384 4462 lam
419 4379 472 4433 in
503 4355 819 4436 beneﬁcium
847 4381 1006 4438 alicui
1036 4384 1164 4440 dare
1197 4387 1417 4450 audeat,
1451 4397 1548 4443 aut
1571 4391 1622 4444 in
1653 4392 1854 4450 alteros

271 4485 409 4524 usus
443 4477 756 4540 retorquere
795 4481 1085 4541 przesumat
1118 4489 1132 4528 :
1160 4475 1418 4534 sedsicut
1449 4480 1518 4534 ab
1551 4481 1642 4536 illo
1675 4493 1729 4538 et
1755 4499 1854 4556 per

267 4561 426 4618 illum
447 4562 816 4630 constitutum,
844 4575 898 4620 et
925 4581 1020 4635 per
1035 4566 1174 4624 banc
1200 4577 1442 4626 nostram
1471 4575 1850 4634 auctoritatem

273 4651 656 4726 conﬁrmatum
689 4661 790 4720 est,
823 4655 896 4710 ita
919 4666 1182 4726 perpetuo
1210 4671 1427 4716 maneat
1453 4663 1847 4724 inconvulsum.

273 4721 402 4820 lianc
427 4760 558 4800 vero
582 4721 994 4820 confirmatio—ut
1019 4721 1088 4804 ab
1111 4749 1362 4806 omnibus
1383 4751 1630 4811 ﬁdelibus
1653 4767 1854 4816 sanctae

270 4809 373 4896 Dei
405 4835 658 4892 Ecclesiae
696 4817 750 4890 et
779 4837 980 4892 nostris
1007 4839 1186 4896 verius
1215 4841 1488 4910 credatur,
1539 4853 1595 4901 et
1628 4847 1853 4920 diligente

271 4909 384 5002 tius
414 4939 800 5000 conservetur,
826 4931 894 4987 de
929 4921 1126 4990 annulo
1161 4943 1350 4992 nostro
1388 4938 1574 4995 subter
1591 4938 1856 5010 iussimus

273 5019 518 5098 sigillari.

275 5099 280 5144 ἶ
350 5111 572 5184 Signum
595 5113 854 5186 Ludovici
885 5118 1218 5174 serenissimi
1243 5121 1608 5190 imperatoris.

273 5275 276 5278 _
347 5205 632 5262 Durandus
653 5207 912 5265 diaconus
925 5211 990 5266 ad
1005 5212 1178 5268 vicem
1205 5213 1522 5272 llelisach-ar
1541 5219 1852 5289 recognovi.

345 5297 477 5353 Data
499 5315 613 5370 twn
640 5299 908 5356 Kalendas
929 5301 1180 5372 Augusti,
1194 5319 1354 5372 anno,
1371 5306 1586 5364 Christo
1597 5311 1852 5380 propitio,
1870 5345 1884 5354 ι

267 5387 310 5468 ᾧ
335 5389 546 5462 imperii
573 5393 776 5448 domini
791 5392 1039 5452 Ludovici
1057 5397 1280 5468 piissimi
1296 5399 1538 5472 Augusti,
1559 5402 1864 5460 indictione:-

272 5465 368 5568 μ).
403 5482 598 5539 Actum
633 5486 956 5560 Aquisgrani
991 5465 1192 5560 palatio
1217 5492 1366 5564 regio
1380 5465 1460 5548 vin
1507 5492 1601 5549 Dei
1631 5495 1856 5552 nomine.

268 5569 522 5636 feliciter.
553 5579 746 5637 Amen.

1997 1270 2242 1328 siasticas
2269 1273 2336 1330 ad
2361 1277 2648 1345 petitiones
2679 1285 3019 1343 sacerdotum
3053 1299 3239 1348 nostro
3270 1295 3574 1356 relevatnus

1987 1361 2282 1434 jnvamine',
2307 1376 2469 1440 atque
2497 1371 2762 1446 imperiali
2799 1385 3012 1436 tuemur
3038 1386 3352 1456 munimine,
3391 1391 3443 1446 id
3471 1409 3572 1449 no-

1977 1453 2076 1508 ?bis
2098 1457 2150 1510 et
2177 1457 2244 1513 a'tl
2267 1459 2549 1517 mortalem
2577 1465 2741 1521 vitam
2767 1474 3130 1542 temporalitcr
3151 1479 3570 1552 transigendam,

1985 1547 2042 1601 et
2073 1547 2140 1604 ad
2171 1557 2429 1607 teter‘nam
2461 1551 2694 1613 feliciter
2719 1561 3097 1633 obtinendam,
3137 1547 3476 1639 profuturum
3508 1575 3571 1632 li-

1988 1639 2151 1708 quido
2173 1641 2460 1699 credimus.
2486 1645 2704 1704 Noverit
2725 1651 2929 1710 interea
2959 1657 3223 1729 sagacitas
3243 1679 3335 1718 seu
3362 1645 3563 1722 utilitas

1986 1735 2230 1808 omnium
2251 1727 2486 1794 fidelium
2518 1749 2825 1802 nostrorum
2852 1791 2867 1818 ,
2897 1759 3005 1806 tam
3029 1753 3373 1822 praesentium
3405 1775 3567 1831 quam

1983 1833 2045 1879 et
2085 1823 2409 1897 futurorum,
2446 1835 2567 1902 quia
2596 1839 2680 1891 vir
2708 1843 3030 1900 venerabilis
3062 1823 3438 1918 Regitnpcrtus
3465 1852 3570 1908 Lc-

1981 1921 2211 1975 ‘movicze
2242 1923 2390 1980 urbis
2411 1929 2608 1996 pnesul
2637 1931 2831 1988 obtulit
2853 1921 3128 1996 obtutibus
3151 1933 3356 2000 nostris
3383 1957 3569 2006 auctoa

1975 2012 2202 2069 'ritatem
2232 2015 2600 2077 immunitatis'
2631 2017 2812 2081 domui
2843 2035 2897 2083 et
2923 2031 3182 2102 genitoris
3211 2023 3384 2094 nostri
3413 2039 3568 2104 bona

1983 2109 2258 2164 memorize
2293 2110 2470 2168 Caroli
2505 2109 2680 2188 Magni
2713 2117 3088 2192 imperatoris,
3118 2128 3172 2182 in
3204 2145 3309 2199 qua
3337 2115 3456 2188 erat
3479 2135 3566 2206 in-g

1981 2209 2186 2255 sertum
2219 2204 2360 2272 quod
2383 2222 2487 2262 non
2519 2209 2692 2263 solum
2717 2212 2858 2268 idem
2891 2218 3103 2284 genitor
3131 2205 3347 2288 noster,
3374 2205 3564 2282 verum

1980 2291 2144 2346 etiam
2164 2296 2739 2370 przedeccssorescjt‘ls,
2767 2319 2922 2376 reges
2939 2307 3184 2364 videlicet
3208 2309 3563 2385 Francorum,

1979 2384 2162 2439 sedem
2189 2387 2430 2456 ejusdem
2455 2391 2604 2448 urbis
2627 2434 2640 2458 ,
2669 2411 2790 2464 quze
2814 2405 2898 2452 est
2929 2401 3240 2457 constructa
3267 2403 3322 2459 in
3355 2406 3566 2465 honore

1978 2477 2153 2532 sancti
2197 2477 2456 2548 Stephani
2481 2487 2741 2558 martyris
2771 2489 2854 2544 vel
2882 2501 3199 2551 canteturqu
3222 2509 3564 2569 sanctorum.

1975 2567 2063 2623 nui
2091 2579 2314 2626 auctore
2343 2572 2452 2628 Deo
2485 2576 2598 2646 ipse
2629 2581 2913 2652 cpis'cOpus
2941 2595 3136 2655 praeest
3157 2628 3172 2652 ,
3211 2589 3309 2646 sub
3335 2581 3434 2646 suo
3463 2575 3562 2648 tio-i

1976 2660 2121 2716 mitte
2149 2669 2204 2730 et
2237 2663 2554 2723 defensione
2585 2681 2706 2724 cum
2737 2664 3114 2746 moﬁasteriis,
3150 2681 3356 2739 cellulis
3376 2725 3398 2762 ,ι
3423 2685 3560 2744 vicis

1976 2745 2077 2807 Sibi
2107 2754 2384 2825 subjectis,
2410 2768 2465 2814 et
2489 2762 2649 2818 rebus
2677 2763 2760 2818 vel
2789 2767 3094 2826 bominibns
3116 2773 3181 2828 ad
3208 2789 3266 2829 se
3287 2757 3557 2850 aspiciens

1973 2843 2137 2910 tibus,
2186 2849 2485 2907 consistere
2509 2851 2782 2922 fecerant,
2811 2865 2864 2913 et
2910 2861 3097 2915 eorum
3151 2855 3556 2926 innntmitatunt

1973 2939 2390 3006 auctoritatibus
2431 2945 2694 3003 hactenus
2733 2951 2802 3006 ab
2843 2952 3214 3024 inquietudine
3244 2949 3552 3028 judiciarié

1970 3033 2257 3098 potestatis
2279 3035 2464 3091 eadem
2495 3041 2701 3095 munita
2730 3051 2890 3114 atque
2920 3045 3138 3104 defensa
3173 3047 3361 3107 fuisset
3381 3055 3566 3112 eccle-

1972 3123 2070 3178 'sia.
2103 3123 2210 3181 Sed
2246 3143 2344 3198 pro
2383 3133 2458 3185 rei
2490 3131 2745 3191 firmitate
2783 3139 3075 3208 postulavit
3113 3135 3270 3199 nobis
3295 3145 3560 3214 praefatus

1971 3213 2346 3290 Regimpertus
2367 3225 2668 3296 cpiscopus,
2701 3237 2758 3282 ιιι
2787 3239 3068 3300 paternum
3098 3233 3203 3306 [ΑΙ.
3239 3225 3562 3316 parentum}.

1971 3323 2062 3363 seu
2095 3314 2552 3382 praedecessorum
2584 3335 2770 3391 regum
2797 3339 3000 3380 morem
3027 3339 3334 3398 sequentes,
3363 3314 3564 3403 hujus;~

1968 3403 2176 3457 cetnodi
2217 3415 2413 3461 nostrae
2445 3408 2803 3469 immanitatis
2831 3428 3181 3488 praeceptum,
3213 3415 3281 3476 ob
3310 3437 3562 3490 amorem,

1966 3493 2060 3548 Dei
2081 3503 2133 3550 et
2163 3501 2518 3556 reverentiam
2553 3501 2721 3574 ipsius
2749 3499 2918 3562 sancti
2943 3508 3068 3576 loci,
3104 3527 3232 3586 erga
3266 3515 3436 3585 ipsam
3461 3533 3552 3590 ec:-

1963 3573 2181 3642 clcsiam
2207 3587 2320 3644 neri
2358 3573 2722 3652 censeremus.
2753 3595 2915 3672 Cujus
2941 3603 3186 3671 petitioni
3214 3595 3443 3664 libenter
3463 3625 3554 3665 as-

1963 3673 2180 3734 sensum
2207 3685 2553 3754 prtebuimus,
2582 3693 2636 3742 ct
2678 3689 2782 3744 hoc
2823 3703 3024 3748 nostra:
3050 3689 3388 3758 auctoritatis
3409 3715 3549 3770 prte-

1961 3779 2176 3839 ceptum
2215 3787 2341 3845 erga
2387 3777 2556 3846 ipsam
2605 3779 2890 3836 ecclesiam
2917 3823 2932 3848 ,
2985 3785 3341 3844 immunitatis
3383 3801 3548 3860 atque

1961 3860 2208 3916 tuilitmis
2256 3866 2448 3934 gratia,
2485 3883 2580 3937 pro
2627 3869 2792 3924 divini
2833 3874 3009 3930 cultus
3050 3894 3233 3935 amore
3269 3888 3324 3938 et
3350 3871 3546 3940 anima:

1958 3957 2157 4024 nostra:
2191 3957 2428 4010 remedio
2455 3958 2572 4012 ﬁeri
2601 3959 2958 4028 decrevimus.
2993 3983 3091 4038 per
3125 3969 3268 4042 quod
3296 3977 3544 4047 praeeipi-

1959 4057 2079 4098 mus
2106 4045 2266 4114 atque
2287 4045 2538 4117 jubemns
2564 4061 2620 4107 u‘t
2639 4055 2816 4111 nullus
2831 4055 2998 4128 judex
3025 4063 3290 4132 publicus,
3316 4067 3398 4122 vel
3423 4070 3540 4138 qui-

1957 4131 2086 4189 libet
2112 4145 2178 4190 cx
2215 4137 2505 4206 judicia‘ria
2537 4155 2799 4214 potestate
2829 4147 2879 4203 in
2913 4131 3173 4212 ecclesias
3201 4168 3294 4212 aut
3319 4159 3434 4216 loca
3457 4161 3544 4218 vel

1957 4241 2116 4296 agros
2145 4243 2240 4284 seu
2267 4229 2500 4303 reliquas
2525 4239 2922 4310 possessiones,
2957 4260 3092 4313 quas
3117 4249 3376 4306 moderuo
3412 4261 3542 4307 tem-

1955 4335 2085 4391 pore
2111 4323 2503 4394 inquibuslibet
2525 4332 2674 4402 pagis
2703 4333 2784 4388 vel
2808 4337 3091 4395 territoriis
3117 4339 3256 4397 inl‘ra’
3281 4345 3540 4404 ditionem

1955 4413 2167 4485 imperii
2200 4420 2368 4472 nostri
2403 4419 2550 4490 juste
2577 4431 2632 4478 et
2671 4425 2912 4496 legaliter
2940 4445 3236 4490 memorata
3270 4447 3416 4494 tenet
3451 4441 3538 4498 vel

1877 4547 1931 4608 Β
1957 4507 2191 4580 possidet
2221 4515 2466 4582 ecclesia,
2507 4519 2590 4574 vel
2630 4537 2694 4575 ea
2725 4540 2843 4593 qua:
2871 4525 3121 4600 deinceps
3147 4529 3198 4584 in
3215 4531 3342 4600 jure
3368 4535 3538 4616 ipsius

1958 4601 2197 4658 ecclesiae
2221 4605 2450 4662 voluerit
2475 4609 2654 4665 divina
2687 4613 2862 4684 pietas
2895 4621 3100 4690 augeri,
3131 4623 3197 4676 ad
3225 4639 3416 4681 causas
3446 4613 3538 4682 au-

1958 4699 2212 4772 diendas,
2266 4707 2350 4762 vel
2404 4705 2554 4765 freda
2615 4713 2908 4783 exigenda,
2945 4727 3036 4772 aut
3087 4721 3396 4780 mansiones
3449 4722 3538 4782 vel

1955 4801 2175 4868 paratas
2225 4797 2520 4880 faciendas,
2577 4813 2670 4860 aut
2717 4807 3057 4877 tidejnssorcs
3099 4812 3384 4880 tollendos,
3440 4824 3536 4874 aut

1955 4892 2202 4950 homines
2264 4893 2431 4966 ipsius
2488 4897 2732 4956 ecclesiae
2780 4895 3194 4974 distringendos,
3251 4923 3348 4963 nec
3395 4909 3554 4976 ullas,

1953 4985 2344 5041 redliibitioues
2390 4997 2482 5042 aut
2527 4989 2740 5046 illicitas
2776 4996 3092 5050 occasiones
3135 4999 3532 5070 requirendos,

1954 5067 2156 5132 nostris
2183 5093 2286 5133 nec
2321 5077 2518 5136 futuris
2561 5084 2889 5152 temporibus
2931 5086 3139 5160 ingredi
3174 5067 3396 5160 audeat,
3430 5109 3532 5152 nec

1953 5169 2018 5221 e'a
2057 5183 2175 5240 quae
2199 5183 2360 5240 supra
2403 5184 2700 5229 memorata
2731 5183 2876 5242 sunt,
2912 5179 3128 5248 penitus
3157 5173 3372 5254 exigere
3390 5199 3532 5254 prte-

1953 5265 2158 5328 sumat;
2191 5264 2286 5319 Sed
2318 5261 2479 5320 liceat
2513 5277 2812 5326 memorato
2832 5255 3050 5340 pratsuli
3074 5274 3293 5346 suisque
3315 5291 3558 5334 succes--

1955 5349 2168 5410 sbribu's
2207 5373 2295 5414 res
2335 5357 2604 5428 praedictae
2650 5361 2914 5430 ecclesias,
2961 5380 3084 5420 eum
3127 5369 3376 5424 onmibus
3421 5371 3528 5428 sibi

1952 5445 2229 5516 subjectis,
2256 5457 2311 5502 et
2339 5449 2499 5505 rebus
2520 5449 2602 5508 vel
2626 5451 2936 5510 hominibus
2963 5457 3032 5512 ad
3053 5472 3113 5514 se
3137 5459 3526 5530 aspicientibus

1947 5537 2032 5592 vel
2065 5539 2473 5609 pertinentibus,
2525 5543 2626 5598 sub
2675 5544 2918 5602 tuitionis
2965 5557 3128 5618 atque
3171 5550 3528 5608 immunitatis

1947 5635 2145 5686 nostra:
2166 5631 2476 5690 defensione
2496 5675 2512 5702 ,
2542 5645 2747 5692 remota
2775 5638 2942 5696 totius
2967 5631 3268 5712 judiciarian
3295 5651 3550 5716 potesta-i

1847 5729 1850 5732 ‘
1947 5719 2018 5776 tis
2045 5722 2444 5793 inquietudine,
2472 5723 2656 5797 quieto
2689 5729 2877 5786 ordine
2902 5734 3179 5802 possidere
3199 5775 3212 5799 ,
3243 5743 3297 5788 et
3335 5729 3520 5790 uestro

1933 5815 2181 5880 ﬁdeliter
2198 5831 2392 5888 parere
2417 5815 2645 5891 imperio
2661 5857 2678 5890 ,
2707 5827 2872 5895 aulae
2905 5833 3008 5896 pro
3031 5823 3402 5881 incolumitate
3425 5821 3534 5920 uo.
