4048 6350
522 385 663 450 1065

1654 386 1975 450 LUDOVICI
2012 387 2034 445 I
2070 378 2541 448 COGNOMENTO
2576 373 2662 439 PII

3668 371 3802 432 1064

516 512 655 569 stra,
702 497 948 573 conjugis
995 513 1061 555 ac
1086 496 1278 572 prolis,
1306 515 1404 558 seu
1433 500 1600 558 etiam
1619 501 1786 558 totius
1827 502 2044 574 imperii
2070 517 2102 556 a
2128 505 2382 568 Aneque
2431 495 2629 551 missus
2688 491 3020 559 discurrens,
3092 499 3190 546 aut
3246 488 3446 562 aliquis
3509 489 3805 544 mundana!

515 593 630 649 Deo
652 592 807 647 nobis
827 593 1072 649 concessi
1093 600 1148 649 et
1170 591 1288 662 ejus
1308 587 1728 651 clementissima
1750 595 2101 652 miseratione

515 701 615 758 per
653 685 980 741 immensum
1016 687 1406 755 conservandi,
1434 687 1556 760 [una
1578 704 1702 745 cum
1739 690 1886 747 clero
1911 697 1966 746 et
2002 705 2102 761 po-

513 776 642 848 pulo
661 775 765 832 sibi
791 776 1055 848 subjecto,
1075 777 1171 833 Dei
1187 777 1513 835 immensam
1535 780 1880 837 clementiam
1900 779 2104 852 jugiter

515 884 764 924 exorare.
791 868 859 923 Et
886 869 1147 940 quidquid
1169 869 1236 926 de
1257 870 1497 942 praefatae
1524 871 1689 928 rebus
1714 873 1986 938 ecclesiae,
2012 871 2105 942 jus

517 962 632 1017 ﬁsci
660 963 878 1035 exigere
910 963 1142 1032 poterit,
1171 965 1227 1018 in
1251 963 1524 1036 integrum
1544 966 1718 1022 eidem
1741 966 2106 1023 concessimus

517 1053 782 1121 ecclesiae,
812 1054 1018 1110 scilicet
1037 1063 1096 1110 ut
1113 1065 1372 1127 perpetuo
1402 1065 1647 1129 tempore
1673 1058 1725 1113 ei
1752 1058 1821 1114 ad
1840 1073 2104 1130 peragen-

519 1145 645 1201 dum
695 1144 791 1198 Dei
836 1145 1117 1200 servitium
1163 1156 1512 1219 augmentum
1564 1158 1620 1204 et
1671 1147 2106 1219 supplementum

518 1236 634 1291 ﬁat.
669 1235 818 1292 Hanc
849 1237 1030 1307 itaque
1064 1239 1461 1306 auctoritatem,
1502 1247 1563 1294 ut
1588 1239 1890 1310 pleniorem
1927 1240 1983 1295 in
2009 1240 2107 1295 Dei

516 1328 738 1383 nomine
774 1327 1016 1384 obtineat
1044 1329 1307 1400 vigorem,
1347 1338 1403 1386 et
1437 1346 1469 1386 a
1495 1330 1744 1387 ﬁdelibus
1771 1339 1972 1387 sanctae
2009 1330 2107 1387 Dei

517 1415 778 1473 Ecclesiae
823 1425 876 1473 et
918 1418 1122 1474 nostris
1157 1420 1343 1475 verius
1385 1420 1660 1488 credatur,
1700 1429 1757 1476 et
1796 1421 2110 1494 diligentius

519 1499 892 1576 conservetur,
917 1523 1040 1564 eam
1068 1525 1232 1564 manu
1271 1511 1489 1582 pr0pria
1534 1511 1722 1567 subter
1750 1510 2106 1579 ﬁrmavimus,

518 1607 574 1654 et
593 1600 776 1656 annuli
803 1601 976 1656 nostri
1000 1601 1359 1672 impressione
1385 1603 1591 1675 signari
1611 1603 1894 1674 jussimus.

591 1693 816 1764 Signum
844 1692 1104 1749 Ludovici
1126 1694 1460 1750 serenissimi
1491 1694 1858 1764 imperatoris.

587 1783 876 1840 Durandus
901 1785 1161 1841 diaconus
1172 1785 1240 1840 ad
1253 1785 1429 1841 vicem
1445 1785 1764 1840 i—Ielisachar
1793 1784 2105 1857 recognovi.

2203 587 2432 644 actionis
2461 584 2764 643 ministerio
2793 582 3043 655 fungens,
3082 583 3372 655 praedictos
3397 582 3708 639 monachos
3739 583 3808 638 de

2203 679 2464 751 praedicto
2489 678 2609 734 loco
2654 676 2957 748 inquietare
2983 683 3300 746 praesumat,
3333 685 3430 732 aut
3470 677 3691 746 aliquid
3727 676 3808 734 eis

2205 770 2420 827 auferre
2469 771 2556 826 vel
2584 770 2830 826 minuere
2883 769 2948 825 de
3005 767 3170 824 rebus
3208 769 3278 825 ad
3326 769 3589 825 eumdem
3627 768 3811 827 locum

2200 861 2347 933 juste
2369 863 2770 936 pertinentibus
2788 869 3088 933 pertentet,
3117 869 3212 917 aut
3231 861 3470 932 aliquam
3494 861 3812 918 insultatio-

2205 971 2332 1011 nem
2375 954 2590 1010 inferat.
2629 953 2738 1010 Sed
2782 953 2942 1008 liceat
2970 952 3050 1008 eis
3077 967 3176 1023 per
3222 953 3323 1008 hos
3351 960 3581 1009 nostros
3631 955 3813 1023 apices

2208 1043 2519 1115 imperiales
2545 1043 2644 1099 sub
2670 1050 2857 1098 nostra
2881 1042 3199 1113 plenissima
3223 1043 3455 1099 tuitione
3476 1044 3812 1111 consistere,

2207 1145 2263 1194 et
2287 1152 2386 1208 pro
2409 1135 2564 1192 nobis
2588 1135 2673 1191 vel
2705 1151 2805 1208 pro
2840 1135 3136 1191 stabilitate
3165 1135 3332 1192 totius
3379 1136 3606 1208 imperii
3640 1136 3815 1192 nostri

2208 1229 2497 1286 Dominum
2549 1228 2732 1299 quiete
2773 1227 3020 1283 viventes
3059 1227 3206 1298 jugis
3247 1227 3507 1297 precibus
3557 1239 3813 1282 exorare.

2209 1319 2558 1391 Praecipimus
2605 1319 2773 1374 etiam
2818 1327 2979 1389 atque
2999 1318 3253 1388 jubemus
3302 1325 3364 1372 ut
3412 1317 3600 1372 nullus
3645 1316 3816 1386 jndex

2208 1413 2474 1486 publicus.
2505 1412 2574 1468 ad
2603 1427 2795 1469 causas
2848 1412 3166 1478 audiendas,
3199 1409 3284 1465 vel
3318 1409 3475 1466 freda
3521 1410 3817 1481 exigenda,

2211 1512 2306 1559 aut
2332 1490 2640 1559 mansiones
2672 1502 2759 1558 vel
2807 1510 3027 1574 paratas
3063 1501 3364 1569 faciendas,
3399 1509 3492 1556 aut
3536 1499 3820 1569 ﬁdejusso-

2211 1613 2303 1654 res
2348 1596 2632 1663 tollendos,
2685 1604 2779 1651 aut
2837 1595 3085 1650 homines
3137 1610 3329 1650 eorum
3385 1602 3496 1649 tam
3546 1594 3821 1665 ingenuos

2211 1705 2378 1762 quam
2407 1698 2463 1744 et
2499 1704 2687 1745 servos
2731 1687 3158 1760 distringendos,
3182 1704 3284 1744 nec
3313 1687 3451 1742 ullas
3499 1685 3824 1742 redhibitio-

2213 1799 2311 1840 nes
2338 1791 2432 1839 aut
2459 1782 2678 1838 illicitas
2705 1782 3022 1838 occasiones
3051 1781 3409 1852 requirendas
3436 1780 3548 1836 ullo
3573 1794 3824 1848 unquam

519 1878 522 1881 ’
586 1875 723 1930 Data
754 1889 870 1930 xvn
895 1875 1014 1931 Kal.
1043 1877 1294 1949 Augusti,
1321 1893 1486 1943 anno,
1524 1874 1743 1932 Christo
1770 1877 2027 1948 propitio,
2071 1877 2106 1931 4
2135 1885 2184 1946 Β
2211 1886 2458 1949 tempore
2481 1878 2536 1932 in
2561 1892 2749 1932 eorum
2778 1876 2940 1932 rebus
2965 1891 3101 1946 quas
3120 1873 3266 1944 juste
3290 1874 3547 1947 praesenti
3569 1882 3826 1944 tempore

516 1966 732 2038 Mperii
761 1967 946 2024 domni
973 1968 1232 2024 Ludovici
1270 1969 1499 2040 piissimi
1530 1968 1782 2040 Augusti,
1818 1968 2114 2024 indictione

517 2058 608 2116 10.
635 2059 832 2116 Actum
853 2060 1179 2132 Aquisgrani
1194 2062 1396 2132 palatio
1420 2062 1570 2134 regio
1596 2061 1654 2118 in
1677 2062 1772 2118 Dei
1795 2060 2018 2118 nomine
2035 2059 2114 2119 fc-

516 2151 721 2212 liciter.
764 2154 959 2211 Amen.

1232 2249 1415 2306 LXVI.

873 2355 976 2398 PRO
1013 2356 1347 2398 CRUDA’I'ENSI
1388 2354 1749 2396 HONASTERIO.

1145 2433 1317 2506 (Anno
1347 2432 1497 2504 817.)

524 2519 704 2597 [Apud
758 2523 826 2579 D.
864 2525 1156 2596 Bouquet.,
1200 2525 1352 2591 ibid.,
1410 2540 1534 2595 pag.
1597 2522 1726 2589 503,
1785 2537 1853 2578 ex
1900 2521 2114 2594 probat.

699 2634 817 2672 nov.
868 2616 1013 2673 Hist.
1072 2617 1390 2683 Occitaniw,
1422 2625 1556 2672 tom.
1588 2615 1634 2683 I,
1664 2631 1789 2688 pag.
1827 2614 1944 2688 50.]

597 2709 660 2766 In
685 2710 907 2767 nomine
944 2711 1158 2766 Domini
1193 2710 1291 2766 Dei
1334 2717 1390 2766 et
1433 2708 1733 2764 Salvatoris
1769 2707 1946 2764 nostri
1985 2705 2115 2764 Iesu

530 2801 772 2868 Christi,
811 2803 1141 2870 Ludovicus,
1188 2803 1373 2859 divina
1424 2803 1709 2859 ordinante
1754 2800 2119 2873 providentia,

531 2897 830 2968 imperator
863 2899 1160 2970 Augustus.

545 3037 548 3039 .
597 2987 656 3042 Si
679 3003 806 3058 erga
828 2987 948 3043 loca
979 2987 1178 3044 divinis
1206 2987 1440 3044 cultibus
1463 2987 1643 3044 dicata
1676 2986 1942 3059 imperiali
1969 3001 2124 3042 more

521 3078 786 3135 beneﬁcia
815 3087 1119 3151 opportuna
1147 3078 1431 3148 largimur,
1483 3079 1624 3134 idem
1658 3078 1814 3134 nobis
1837 3086 1895 3134 et
1917 3075 1984 3132 ad
2012 3085 2126 3133 sta-

519 3169 785 3228 bilitatem
816 3169 1031 3240 imperii
1061 3154 1257 3236 nostri,
1287 3177 1344 3226 et
1388 3169 1458 3224 ad
1494 3169 1690 3225 anima:
1739 3169 1969 3224 salutem
1996 3182 2124 3239 pro-

2214 1973 2516 2044 possident,
2539 1986 2635 2026 seu
2655 1985 2791 2041 quas
2830 1970 3085 2040 deinceps
3111 1968 3372 2023 Dominus
3393 1967 3629 2022 voluerit
3654 1981 3827 2036 auge-

2215 2063 2281 2129 ri,
2314 2063 2546 2135 ingredi,
2577 2071 2671 2117 aut
2697 2077 2762 2117 ea
2791 2076 2912 2133 quae
2945 2060 3230 2132 praemissa
3273 2067 3396 2114 sunt
3417 2059 3636 2129 penitus
3663 2072 3828 2112 exac-

2215 2163 2335 2210 tare
2361 2162 2674 2225 praesumat.
2703 2151 2810 2208 Sed
2856 2150 3017 2207 liceat
3039 2159 3341 2207 memorato
3369 2150 3554 2206 abbati
3587 2148 3830 2219 ejusque

2215 2244 2627 2302 successoribus
2669 2259 2757 2301 res
2782 2243 3029 2315 praedicti
3073 2243 3391 2300 monasterii
3421 2243 3521 2298 sub
3554 2242 3830 2297 immuni-

2219 2339 2346 2394 tatis
2391 2347 2593 2394 nostra:
2639 2336 2953 2394 defensione
3023 2335 3207 2407 quieto
3260 2335 3452 2390 ordine
3503 2334 3827 2404 possidere.

2217 2431 2670 2503 Quandoquidem
2697 2446 2765 2486 ex
2789 2431 2973 2486 divina
3001 2430 3286 2486 vocatione
3329 2427 3683 2499 supradictus
3731 2428 3829 2484 ab-

2217 2522 2317 2579 bas
2344 2521 2430 2578 vel
2471 2537 2818 2577 successores
2863 2519 2982 2591 ejus
3026 2520 3092 2576 de
3121 2521 3224 2575 hac
3259 2518 3378 2574 luce
3429 2519 3828 2591 migraret-int,

2220 2615 2459 2688 quandiu
2491 2615 2595 2686 ipsi
2639 2615 2891 2670 monachi
2920 2615 3063 2670 inter
3102 2628 3160 2669 se
3182 2612 3321 2668 tales
3352 2612 3598 2667 invenire
3623 2623 3834 2682 potue-

2220 2708 2352 2776 rint,
2378 2709 2469 2779 qui
2504 2709 2676 2780 ipsam
2715 2707 3190 2779 congregationem
3233 2705 3528 2762 secundum
3568 2705 3832 2777 regulam

2221 2802 2396 2856 sancti
2441 2800 2719 2857 Benedicti
2750 2815 2940 2874 regere
2971 2800 3210 2867 valeant,
3258 2815 3357 2870 per
3382 2800 3522 2856 hanc
3566 2809 3835 2856 nostram

2221 2893 2602 2950 auctoritatem
2645 2903 2701 2950 et
2743 2909 3069 2949 consensum
3114 2892 3393 2949 licentiam
3437 2893 3686 2948 habeant
3733 2892 3838 2948 eli-

2221 2984 2383 3054 gendi
2433 2985 2677 3041 abbates.
2727 2984 2798 3039 Et
2832 2993 2892 3039 ut
2934 2985 3053 3040 haec
3083 2985 3376 3041 auctoritas
3414 2985 3621 3041 nostris
3672 2983 3831 3039 futu-

2222 3079 2410 3149 risque
2466 3078 2829 3150 temporibus,
2875 3078 3103 3134 Domino
3140 3086 3479 3151 protegente,
3510 3078 3704 3134 valeat
3744 3079 3831 3134 in-

2223 3169 2482 3226 convnlsa
2535 3183 2777 3236 manere,
2807 3183 2972 3224 manu
3014 3170 3234 3240 propria
3265 3169 3829 3241 subterﬁrmavimus,

521 3261 765 3318 futurum
787 3262 1012 3318 minime
1041 3261 1370 3318 dubitamus.
1405 3260 1614 3317 Idcirco
1638 3269 1826 3317 notum
1857 3260 1928 3316 sit
1944 3258 2117 3314 omni-~
2148 3265 2192 3329 C
2225 3271 2280 3320 et
2302 3263 2487 3318 annuli
2514 3262 2687 3318 nostri
2718 3261 3076 3333 impressione
3122 3263 3324 3335 signari
3347 3264 3635 3335 jussimus.

523 3354 628 3410 bus
665 3354 935 3420 ﬁdelibus,
977 3362 1089 3409 tam
1117 3355 1481 3426 praesentibus
1529 3371 1690 3426 quam
1737 3354 1954 3420 futuris,
1987 3353 2118 3425 quia

523 3443 849 3513 Elpodorius
925 3459 1110 3500 comes
1174 3445 1362 3501 adiens
1433 3449 1786 3502 serenitatem
1845 3454 2118 3513 nostram,

524 3533 756 3604 subjecit
799 3535 1035 3605 qualiter
1071 3544 1229 3608 pater
1269 3552 1402 3592 suus
1444 3537 1728 3594 Eribertus
1781 3537 1912 3593 olim
1954 3552 2121 3608 super

525 3626 725 3684 ﬂumen
774 3628 1102 3685 Rhodanum
1153 3629 1207 3684 in
1253 3629 1517 3686 comitatu
1564 3631 1886 3696 Vivariensi,
1920 3631 2121 3688 inloco

525 3722 618 3793 qui
667 3721 866 3778 dicitur
894 3721 1187 3791 Crudatus,
1216 3723 1311 3794 qui
1343 3731 1464 3778 erat
1497 3738 1566 3779 ex
1602 3721 1726 3792 jure
1755 3723 1873 3780 ﬁsci
1924 3725 2120 3792 nostri,

526 3813 805 3871 desertum
849 3813 1152 3881 inveniens,
1209 3814 1391 3870 studio
1438 3823 1718 3886 assumpto
1759 3815 1830 3872 ob
1879 3816 2121 3874 divinum

528 3923 771 3965 amorem
797 3909 1098 3964 monachos
1120 3908 1323 3964 ibidem
1353 3909 1724 3980 congregavit,
1746 3909 1838 3980 qui
1869 3909 2122 3966 eumdem

526 3999 707 4057 locum
761 4001 878 4072 ejus
911 4007 966 4056 et
1017 4009 1328 4056 exterorum
1384 4001 1627 4058 ﬁdelium
1682 4000 1952 4071 adjutorio
2002 4001 2125 4059 fulti

527 4099 936 4158 restaurarunt;
994 4100 1264 4163 quatenus
1331 4093 1432 4149 sub
1486 4094 1766 4165 proposito
1817 4093 2124 4152 monastico

529 4185 914 4249 consisterent,
937 4183 1078 4239 sicut
1113 4185 1378 4241 hactenus
1406 4186 1518 4240 Deo
1554 4193 1828 4240 annuente
1856 4183 2126 4243 fecerunt.

531 4275 639 4333 Sed
667 4291 978 4348 quanquam
1000 4275 1090 4331 ille
1117 4291 1206 4331 res
1229 4275 1442 4346 quietas
1462 4277 1529 4333 de
1553 4285 1709 4348 parte
1729 4292 1827 4332 sua
1852 4277 2123 4344 redderet,

531 4377 587 4424 et
610 4367 871 4422 auxilium
897 4375 1263 4438 opportunum
1290 4368 1370 4422 eis
1391 4366 1550 4438 juxta
1577 4369 1726 4424 vires
1747 4369 2032 4439 praeberet,
2062 4385 2127 4424 ac

532 4459 889 4532 eleemosynze
915 4460 1088 4531 patris
1134 4459 1220 4514 sui
1249 4459 1503 4515 allectum
1547 4461 1792 4527 haberet,
1828 4461 1986 4531 petiit
2017 4461 2127 4516 cel-

533 4553 756 4611 situdini
796 4561 999 4609 nostrae
1039 4561 1099 4608 ut
1125 4553 1270 4624 ipsos
1307 4554 1604 4610 monachos
1637 4569 1744 4609 una
1779 4569 1904 4610 cum
1930 4555 2126 4611 abbate

2293 3358 2521 3431 Signum
2553 3355 2815 3413 Ludovici
2854 3357 3189 3413 serenissimi
3229 3358 3601 3428 imperatoris.

2293 3461 2321 3490 ε
2375 3449 2510 3504 Data
2561 3465 2673 3503 xvn
2723 3448 2842 3504 Kal.
2877 3448 3130 3521 Augusti,
3171 3465 3333 3514 anno,
3365 3447 3589 3504 Christo
3636 3448 3832 3520 propi-

2223 3539 2321 3606 tio,
2348 3539 2384 3593 4
2409 3539 2625 3611 imperii
2656 3537 2840 3596 ἀοιηηί
2879 3539 3139 3597 Ludovici
3181 3541 3415 3612 piissimi
3446 3540 3708 3612 Augusti,
3743 3541 3832 3597 in-

2224 3629 2461 3685 dictione
2511 3630 2598 3684 lO.
2648 3629 2844 3686 Actum
2869 3631 3200 3705 Aquisgrani
3228 3631 3430 3704 palatio
3457 3632 3613 3706 regio
3642 3631 3701 3687 in
3729 3630 3834 3690 Dei

2224 3722 2444 3777 nomine
2465 3718 2717 3778 feliciter.
2746 3720 2943 3776 Arnen.

2923 3813 3130 3872 LXVII.

2547 3924 2650 3965 PRO
2688 3925 3028 3966 NONASTERIO
3057 3923 3261 3966 SOLEIN
3271 3924 3498 3967 IACENSI.

2850 4001 3023 4074 (Anno
3052 3999 3202 4073 817.)

2226 4092 2405 4167 [Apud
2424 4092 2639 4162 Baluz.,
2661 4092 2918 4166 Capitul.,
2944 4102 3076 4150 tom.
3101 4093 3167 4161 II,
3189 4109 3313 4166 pag.
3341 4093 3502 4162 HM,
3525 4107 3593 4149 ex
3613 4091 3842 4152 schedia

2815 4183 2842 4239 J
2853 4225 2867 4239 .
2901 4183 3229 4258 Sirmuudi.]

2297 4279 2356 4334 In
2383 4277 2601 4335 nomine
2639 4277 2856 4334 Domini
2904 4277 3000 4333 Dei
3039 4286 3094 4334 et
3141 4277 3442 4334 Salvatoris
3486 4277 3651 4333 nostri
3689 4275 3843 4337 Iesu

2227 4369 2450 4434 Christi,
2499 4369 2829 4437 Ludovicus,
2882 4369 3066 4426 divina
3118 4370 3406 4427 ordinante
3456 4369 3838 4443 providentia,

2228 4460 2524 4531 imperator
2544 4461 2841 4533 Augustus.

2299 4551 2436 4608 Cum
2464 4552 2596 4609 locis
2627 4553 2808 4609 divino
2836 4553 3006 4610 cultui
3045 4555 3374 4626 mancipatis
3400 4557 3470 4612 ob
3497 4556 3698 4612 divina
3721 4572 3839 4614 ser-

533 4644 749 4700 illorum
779 4644 1042 4710 Bonaldo,
1071 4659 1196 4700 cum
1226 4644 1295 4700 iis
1336 4645 1499 4700 rebus
1527 4661 1648 4715 qua:
1677 4646 1743 4701 ad
1779 4645 2028 4702 eumdem
2052 4646 2129 4702 Io-
2149 4624 2205 4688 Ῑ)
2229 4645 2418 4701 vitutis
2443 4661 2686 4702 amorem
2715 4663 2873 4718 opem
2915 4663 3212 4722 congruam
3230 4624 3494 4715 ferimus,
3526 4660 3583 4708 et
3619 4651 3838 4723 regium

532 4752 658 4794 cum
685 4753 753 4793 ex
771 4735 896 4808 jure
922 4736 1038 4793 ﬁsci
1069 4738 1437 4809 pertinebant,
1465 4738 1780 4810 plenissime
1814 4741 1914 4796 sub
1938 4749 2127 4797 nostra

534 4829 852 4886 defensione
883 4829 1288 4899 acciperemus;
1321 4837 1590 4901 quatenus
1627 4831 1680 4886 in
1719 4839 1904 4888 nostra
1933 4833 2019 4889 vel
2045 4833 2131 4889 il-

535 4918 640 4976 lius
659 4919 1003 4993 eleemosyna
1028 4921 1283 4992 deinceps
1304 4921 1487 4992 quiete
1510 4921 1776 4989 ‘viverent,
1802 4931 1858 4979 et
1882 4925 2131 4995 proposi-

538 5019 652 5066 tum
677 5028 834 5068 suum
861 5012 1270 5085 infatigabiliter
1310 5014 1682 5070 observarent.
1715 5015 1881 5086 Cujus
1907 5018 2130 5089 petitio-

538 5117 685 5170 nem,
707 5106 832 5174 quia
852 5103 1057 5175 justam
1085 5114 1141 5162 et
1161 5107 1273 5162 Deo
1295 5105 1586 5162 amabilem
1606 5121 1727 5163 esse
1749 5109 2122 5180 cognovimus,

541 5194 774 5250 libenter
833 5197 1141 5264 annuimus,
1190 5205 1245 5253 et
1285 5198 1433 5270 ipsos
1468 5200 1786 5267 monachos,
1833 5216 1956 5257 cum
2006 5202 2126 5259 loco

539 5287 800 5361 praedicto
842 5299 897 5345 et
931 5293 1093 5348 rebus
1136 5291 1314 5348 eidem
1359 5291 1506 5362 juste
1559 5294 1971 5365 aspicientibus,
2027 5296 2130 5352 sub

541 5388 730 5437 nostra
757 5381 1070 5452 plenissima
1092 5384 1406 5442 defensione
1430 5385 1753 5458 recepimus,
1781 5396 1835 5444 et
1860 5396 1919 5443 ut
1937 5389 2129 5446 eodem

543 5471 602 5528 in
631 5469 751 5527 loco
771 5472 938 5541 quieti
958 5474 1155 5532 abhinc
1181 5477 1562 5546 consisterent,
1586 5494 1654 5534 ex
1674 5487 1860 5535 nostra
1880 5480 2133 5553 largitate

544 5579 644 5638 per
662 5573 904 5621 nostram
933 5567 1312 5626 auctoritatem
1340 5568 1726 5625 concessimus.
1751 5569 2135 5641 Praecipientes

545 5673 680 5731 ergo
700 5657 957 5730 jubemus
986 5665 1049 5713 ut
1064 5658 1243 5716 nullus
1264 5660 1492 5732 quilibet
1523 5658 1765 5716 ﬁdelium
1794 5670 2132 5732 nostrorum,

2230 4751 2439 4794 morem
2465 4737 2725 4796 decenter
2767 4739 3078 4811 implemus,
3106 4737 3160 4798 id
3187 4741 3345 4799 nobis
3368 4740 3720 4813 profuturum
3763 4741 3837 4797 ad

2229 4838 2450 4887 aeternae
2499 4833 2959 4890 remunerationis
3007 4834 3231 4906 praemia
3289 4835 3626 4906 capessenda
3676 4850 3839 4890 vera-

2231 4921 2372 4978 citer
2395 4923 2687 4980 credimus.
2736 4923 2940 4981 Notum
2982 4925 3149 4997 igitur
3186 4939 3308 4982 esse
3335 4925 3592 4982 volumus
3620 4927 3839 4982 cunctis

2233 5015 2483 5073 ﬁdelibus
2510 5017 2711 5074 nostris
2761 5026 2873 5074 tam
2917 5020 3277 5091 prasentibus
3322 5035 3490 5091 quam
3518 5028 3574 5076 et
3609 5019 3836 5086 futuris,

2236 5125 2333 5167 seu
2358 5110 2522 5166 etiam
2550 5113 2954 5169 successoribus
2979 5113 3181 5170 nostris
3204 5111 3457 5168 fidelibus
3499 5121 3708 5168 sancta:
3733 5111 3838 5166 Dei

2236 5201 2512 5270 Ecclesiae,
2560 5203 2685 5275 quia
2729 5205 2916 5260 adiens
2964 5205 3314 5262 serenitatem
3353 5203 3610 5260 culminis
3658 5202 3840 5258 nostri

2237 5293 2565 5350 venerabilis
2596 5293 2683 5350 vir
2710 5293 2976 5364 Agiulfus,
3006 5296 3174 5352 abbas
3208 5310 3276 5350 ex
3305 5295 3646 5352 monasterio
3688 5294 3840 5365 quod

2237 5386 2439 5444 dicitur
2467 5388 2863 5456 Solemniacus,
2895 5391 3041 5462 quod
3069 5399 3294 5446 sanctus
3317 5389 3524 5459 Eligius
3550 5389 3603 5444 in
3625 5388 3842 5444 honore

2241 5481 2414 5537 sancti
2464 5481 2611 5539 Petri
2656 5491 2709 5539 et
2760 5493 3083 5540 cmterorum
3129 5494 3443 5540 sanctorum
3499 5482 3838 5545 construxit,

2240 5581 2459 5644 gestans
2488 5575 2544 5630 in
2581 5576 2832 5633 manibus
2870 5577 3270 5633 immunitatem
3292 5577 3379 5632 avi
3413 5576 3584 5631 nostri
3615 5572 3838 5645 Pippini

2242 5666 2406 5738 regis,
2435 5681 2648 5724 necnon
2673 5667 2857 5724 domui
2881 5677 2937 5725 et
2961 5669 3224 5741 genitoris
3249 5668 3420 5724 nostri
3453 5665 3639 5725 Caroli
3676 5666 3840 5723 bona

621 5790 727 5875 ιλιι
758 5793 974 5875 schedis
1014 5793 1197 5875 domni
1217 5792 1522 5864 Estiennot,
1551 5792 1642 5852 ubi
1668 5794 1773 5854 hoc
1798 5804 2132 5874 praeceptum
2165 5798 2452 5875 recitatur,
2484 5801 2572 5863 hic
2614 5801 2832 5864 additur
2860 5817 2878 5866 :
2908 5800 3196 5862 Durandus
3223 5803 3480 5863 diaconus
3541 5802 3612 5860 ad
3672 5801 3838 5863 vim

552 5850 870 5927 Helisachar
895 5863 1206 5936 rccoqnoril.
