4048 6350
204 375 349 432 1065

1336 370 1731 431 DIPLOMATA
1773 368 2324 431 ECCLESIASTICA.

3337 373 3471 429 1066

203 487 488 546 memoriae
523 485 724 557 magni
747 484 1112 556 imperatoris,
1166 485 1224 542 in
1261 501 1369 558 qua
1414 489 1796 544 continebatur
1822 483 1876 545 A
1900 483 2101 542 Christi
2129 488 2454 553 Ludovicus,
2479 487 2658 543 divina
2677 487 2962 545 ordinante
2988 490 3342 561 providentia,
3377 492 3477 546 im-

205 585 474 661 insertum
503 581 738 652 qualiter
777 580 881 650 ipsi
914 579 1198 651 praafatum
1242 583 1635 637 monasterium
1675 595 1801 650 pro-

205 684 334 744 pter
357 673 598 730 divinum
642 687 880 727 amorem
908 679 967 728 et
1007 673 1366 728 reverentiam
1411 673 1578 727 divini
1623 672 1800 728 cultus

206 778 430 835 semper
459 763 562 819 sub
613 761 926 834 plenissima
969 761 1284 818 defensione
1312 763 1612 818 consistere
1649 771 1705 817 et
1733 763 1802 817 ab

207 852 620 925 omni-publica
660 851 936 908 functione
959 859 1014 908 et
1052 853 1339 924 judiciaria
1380 853 1662 907 exactione
1703 853 1804 906 im-

206 961 436 1002 munem
465 945 805 1016 liberumque
829 945 1206 1001 reddidissent.
1232 945 1386 1013 Quod
1410 962 1607 1002 munus
1626 947 1804 1002 eidem

208 1037 550 1094 monasterio
578 1039 900 1105 exhibitum,
949 1037 1060 1094 Deo
1089 1048 1381 1105 annuente,
1420 1039 1806 1095 inviolabiliter

209 1129 484 1186 hactenus
512 1138 727 1185 constat
770 1145 891 1185 esse
934 1140 1335 1187 conservatum.
1375 1131 1483 1187 Pro
1533 1132 1808 1187 ﬁrmitatis

211 1236 455 1291 namque
500 1222 680 1278 studio
716 1221 1086 1292 hujuscemodi
1131 1225 1458 1281 beneﬁcium
1502 1240 1632 1297 erga
1676 1240 1809 1296 prae-

215 1312 391 1368 fatum
448 1314 757 1369 venerabile
810 1317 1197 1371 monasterium
1253 1324 1438 1372 nostra
1487 1315 1809 1371 auctoritate

212 1404 499 1460 humiliter
524 1405 776 1476 precibus
798 1407 994 1477 quibus
1018 1408 1186 1462 valuit
1215 1407 1334 1462 ﬁeri
1358 1407 1670 1476 postulavit.
1711 1405 1813 1460 Cu-

209 1492 307 1566 jus
333 1495 577 1565 petitioni
607 1495 678 1551 ob
705 1511 944 1553 amorem
993 1497 1089 1552 Dei
1136 1504 1192 1552 et
1236 1498 1596 1552 reverentiam
1642 1496 1811 1551 divini

216 1586 401 1642 cultus
433 1586 666 1642 libenter
695 1603 976 1644 assensum
1025 1590 1268 1659 prtebere
1315 1591 1473 1646 nobis
1511 1603 1816 1659 usquequa-

216 1695 330 1751 que
352 1679 524 1735 libuit.
551 1680 897 1752 Quapropter
919 1681 1170 1737 volumus
1195 1691 1359 1752 atque
1384 1683 1729 1737 decernimus
1754 1688 1816 1734 ut

217 1788 414 1830 oumes
439 1789 530 1829 res
570 1773 812 1844 ejusdem
849 1776 1167 1830 monasterii
1207 1791 1332 1831 cum
1372 1775 1682 1830 hominibus
1712 1772 1816 1828 sibi

1899 590 2120 648 perator
2145 580 2432 652 Augustus.

1971 669 2242 741 Quidquid
2269 671 2337 726 ob
2363 686 2604 727 amorem
2651 671 2747 726 Dei
2788 687 2890 742 pro
2927 674 3330 743 opportunitate
3368 690 3484 731 ser-

1902 777 2094 816 vorum
2136 761 2231 816 Dei
2263 765 2492 834 agimus,
2531 765 2634 818 hoc
2666 764 2823 818 nobis
2858 765 2925 820 ad
2953 774 3210 822 :cternam
3249 769 3483 824 beatitu-

1905 853 2086 907 dinem
2113 851 2458 908 obtinendam
2497 855 2774 924 pertinere
2821 855 3161 911 confidimus.
3189 855 3362 928 Igitur
3388 874 3487 915 no-

1905 952 2020 1000 tum
2070 945 2142 1000 sit
2165 946 2416 1002 omnibus
2445 945 2694 1002 ﬁdelibus
2736 947 2957 1012 nostris,
2985 948 3349 1017 praesentibus
3386 955 3490 1003 scl-

1905 1035 2034 1090 licet
2093 1042 2150 1090 et
2209 1034 2425 1102 futuris,
2486 1037 2611 1106 quia
2675 1037 2744 1092 ob
2813 1036 3236 1092 emolumentum
3297 1038 3492 1092 animae

1908 1134 2110 1181 nostra:
2169 1127 2461 1196 quamdam
2509 1128 2820 1196 piscariam,
2861 1143 3023 1197 quam
3077 1127 3206 1184 olim
3258 1144 3494 1199 proavus

1907 1225 2096 1272 noster
2128 1219 2283 1274 bonae
2319 1219 2596 1274 memoriae
2635 1217 2860 1274 Carolus
2885 1220 2936 1273 in
2968 1234 3105 1290 pago
3126 1219 3492 1279 Pinciacense.

1912 1309 1966 1363 in
1993 1309 2122 1365 villa
2150 1327 2271 1380 quae
2293 1319 2521 1366 vocatur
2567 1311 2793 1376 Rioilus,
2830 1312 2882 1364 in
2915 1312 3076 1366 ﬁuvio
3106 1311 3356 1368 videlicet
3401 1312 3499 1367 Se-

1914 1415 2109 1470 quanae
2134 1399 2252 1456 ﬁeri
2281 1402 2466 1473 jussit,
2496 1387 2982 1472 ad'monasterium
3013 1403 3186 1457 sancti
3218 1401 3498 1468 Germani,

1914 1491 2009 1546 ubi
2032 1501 2277 1548 sanctum
2305 1503 2359 1549 et
2386 1495 2695 1550 venerabile
2732 1495 2848 1564 ejus
2872 1512 3069 1567 corpus
3098 1497 3408 1566 requiescit,
3447 1505 3504 1552 et

1916 1583 2010 1637 ubi
2051 1583 2300 1640 Hirmino
2334 1585 2419 1640 vir
2449 1588 2776 1642 venerabilis
2801 1587 3057 1658 pastorali
3089 1587 3332 1658 fungitur
3383 1588 3505 1644 ofﬁ‘

1919 1673 2025 1739 cio,
2049 1674 2114 1727 ad
2138 1676 2438 1732 subsidium
2455 1679 2844 1732 monachorum
2875 1680 2928 1732 in
2953 1679 3142 1733 eodem
3172 1688 3359 1734 sancto
3381 1679 3502 1733 loco

1920 1763 2036 1819 Deo
2063 1764 2439 1823 famulantium
2483 1769 2839 1824 libentissime
2887 1771 3282 1837 concessimus,
3329 1778 3383 1826 et
3408 1787 3508 1840 per

217 1868 502 1940 subjectis,
531 1843 641 1923 rain
684 1869 930 1939 ingenuis
960 1884 1122 1938 quam
1163 1878 1218 1924 et
1265 1869 1458 1932 servis,
1487 1868 1588 1924 sub
1617 1874 1816 1922 nostra;
1842 1843 1892 1905 Β
1923 1855 2028 1911 hos
2059 1858 2241 1929 apices
2281 1860 2744 1926 conﬁrmavimus,
2777 1876 2839 1915 ea
2867 1861 3076 1916 scilicet
3102 1861 3412 1916 conditione
3451 1869 3514 1914 ut

220 1958 559 2014 defensionis
616 1961 918 2016 munimine
970 1961 1145 2017 modis
1193 1962 1444 2016 omnibus
1493 1961 1812 2016 consistant.

218 2052 612 2123 Praecipientes
631 2069 764 2124 ergo
780 2052 1036 2122 jubemus
1063 2061 1224 2125 atque
1251 2053 1594 2125 prmcipimus
1626 2061 1686 2107 ut
1707 2052 1820 2107 nul-

219 2143 309 2199 Ius
324 2142 490 2212 judcx
512 2145 758 2215 publicus
785 2153 878 2199 aut
903 2145 1131 2214 quilibet
1159 2145 1452 2215 superioris
1481 2152 1574 2198 aut
1599 2143 1819 2198 inferio-

218 2237 304 2292 ris
326 2237 534 2292 ordinis
562 2237 872 2307 reipublicae
900 2246 1226 2307 procurator
1251 2237 1320 2292 ad
1360 2251 1558 2291 causas
1594 2236 1822 2306 judicia-

224 2329 315 2383 rio
343 2345 494 2384 more
520 2329 818 2384 audiendas
863 2331 918 2384 in
961 2330 1220 2386 ecclesias
1260 2338 1354 2384 aut
1377 2329 1534 2384 villas
1561 2345 1657 2384 seu
1701 2329 1824 2384 reli-

223 2437 370 2492 quas
387 2421 760 2492 possessiones
781 2438 919 2492 quas
958 2423 1216 2478 moderno
1245 2430 1486 2491 tempore
1525 2421 1580 2475 in
1607 2420 1826 2490 quibus-

221 2516 364 2572 libet
410 2515 564 2587 pagis
609 2514 696 2570 vel
748 2517 1041 2571 territoriis
1099 2515 1308 2585 imperii
1363 2514 1536 2570 nostri
1581 2514 1728 2584 juste
1772 2521 1828 2568 et

226 2610 478 2682 Iegaliter
505 2617 670 2674 tenet,
696 2610 786 2666 vel
815 2611 1072 2680 deinceps
1101 2610 1156 2664 in
1171 2608 1296 2678 jure
1319 2610 1488 2680 ipsius
1510 2608 1826 2662 monasterii

227 2703 416 2760 divina
441 2703 617 2774 pietas
644 2703 878 2759 voluerit
905 2704 1111 2775 augeri,
1145 2701 1354 2773 ingredi
1380 2709 1691 2773 praesumat,
1724 2716 1826 2756 nec

228 2795 412 2863 freda,
448 2805 544 2852 aut
584 2797 808 2861 tributa,
839 2805 930 2850 aut
974 2796 1307 2860 mansiones,
1341 2804 1436 2849 aut
1459 2803 1701 2865 paratas,
1732 2802 1828 2849 aut

230 2886 580 2956 ﬁdejussores
615 2887 822 2952 tollere,
849 2896 943 2942 aut
968 2888 1215 2942 homines
1239 2896 1348 2942 tam
1374 2887 1636 2958 ingenuos
1664 2903 1829 2957 quam

229 2989 292 3035 et
319 2994 505 3036 servos
532 2979 703 3050 ipsius
728 2980 1047 3034 monasterii
1079 2979 1421 3051 distringere,
1451 2995 1553 3034 nec
1572 2979 1710 3034 ullas
1738 2995 1832 3050 pu-

229 3075 406 3133 blicas
431 3077 759 3141 functiones,
777 3086 872 3132 aut
889 3077 1305 3143 redhibitiones,
1327 3077 1412 3133 vel
1440 3078 1656 3133 illicitas
1677 3093 1832 3134 occa-

232 3168 418 3223 siones
442 3168 742 3237 requirerc,
765 3169 962 3238 quibus
989 3168 1042 3222 in
1068 3169 1249 3238 aliquo
1274 3169 1415 3223 idem
1442 3169 1829 3224 monasterium

233 3261 449 3329 sibique
471 3260 701 3330 subjecti
733 3260 933 3328 aliquid
980 3260 1260 3330 patiantur
1287 3261 1713 3324 incommodum,
1739 3276 1833 3316 no-

235 3353 368 3408 stris
415 3351 720 3422 futurisque
771 3352 1108 3423 temporibus
1157 3353 1444 3421 quisquam
1498 3360 1606 3406 tam
1665 3331 1890 3408 teme-3‘

235 3445 421 3500 rarius
444 3444 642 3499 existat
662 3443 754 3514 qui
781 3444 834 3499 id
857 3443 1087 3499 faciendi
1113 3444 1355 3499 illicitam
1385 3445 1486 3500 sibi
1511 3453 1836 3515 potestatem

238 3535 541 3592 attribuere
571 3535 787 3592 audeat.
823 3535 1092 3606 Quidquid
1116 3553 1248 3609 ergo
1283 3539 1556 3608 smpefatis
1592 3538 1836 3608 ejusdem

240 3627 559 3682 monasterii
606 3626 771 3683 rebus
822 3628 879 3683 in
914 3627 1005 3697 jus
1052 3629 1169 3684 ﬁsci
1218 3631 1433 3702 exigere
1478 3632 1682 3697 debuit,
1713 3640 1768 3688 et
1806 3649 1838 3687 a

239 3718 736 3790 prmdecessoribus
759 3720 962 3776 nostris
983 3721 1237 3778 collatum
1259 3738 1385 3778 esse
1426 3732 1656 3789 constat,
1681 3724 1841 3794 largi-

244 3809 411 3864 tionis
437 3818 637 3866 nostrae
658 3826 882 3866 munere
924 3812 1157 3868 libenter
1188 3827 1310 3868 esse
1337 3814 1586 3870 volumus
1609 3830 1708 3885 per
1746 3816 1842 3869 im-
1877 3829 1890 3835 “

245 3916 498 3957 mensum
527 3903 704 3959 eidem
743 3907 1078 3960 monasterio
1118 3922 1437 3962 concessum
1466 3925 1480 3972 ;
1512 3917 1590 3972 ut,
1629 3916 1840 3963 remoto

248 3993 372 4048 ﬁsci
395 3995 694 4061 dominatu,
720 3998 786 4053 ad
811 3997 1104 4052 luminaria
1122 3998 1360 4054 basilicae
1382 3999 1626 4068 praedicti
1655 4014 1846 4054 mona-

247 4088 407 4144 sterii
436 4088 814 4144 concinnanda
839 4097 895 4144 ct
933 4091 998 4144 ad
1044 4090 1496 4145 sustentationem
1542 4103 1844 4160 pauperum

246 4194 349 4236 seu
373 4179 696 4235 clericorum
720 4179 776 4234 in
804 4180 996 4235 eodem
1025 4180 1144 4235 loco
1172 4180 1400 4234 Domino
1423 4179 1844 4235 deservientium

249 4271 326 4327 sit
352 4270 807 4342 supplementum.
837 4272 906 4327 Et
930 4281 990 4326 ut
1019 4272 1135 4328 haec
1176 4275 1475 4328 auctoritas
1520 4271 1730 4327 ﬁrmior
1756 4273 1847 4327 ha-

249 4361 469 4427 beatur,
516 4370 570 4416 et
621 4369 883 4433 perpetuo
931 4371 1176 4433 tempore
1225 4362 1420 4418 melius
1466 4371 1845 4430 conservetur,

251 4470 422 4510 manu
466 4457 685 4526 propria
729 4457 915 4511 subter
964 4456 1321 4522 ﬁrmavimus,
1350 4465 1407 4511 et
1443 4456 1630 4512 annuli
1674 4457 1846 4511 nostri

249 4547 614 4618 impressione
639 4548 842 4619 signari
864 4548 1148 4619 jussimus.

330 4637 555 4708 Signum
591 4637 849 4694 Ludovici
879 4640 1212 4696 serenissimi
1247 4640 1612 4711 imperatoris.

328 4728 618 4785 Durandus
673 4731 931 4787 diaconus
982 4731 1051 4786 ad
1096 4733 1273 4788 vicem
1323 4733 1642 4789 Helisachar
1697 4748 1852 4789 reco-

253 4823 440 4893 gnovL

333 4913 471 4968 Data
498 4931 618 4971 vnn
645 4915 764 4971 Kal.
784 4917 1080 4989 Augustas,
1107 4935 1270 4986 anno,
1295 4919 1514 4976 Christo
1539 4921 1798 4992 propitio,
1819 4920 1853 4975 4

260 5006 482 5076 imperii
509 5008 691 5064 domui
726 5010 983 5067 Ludovici
1019 5013 1251 5083 piissimi
1287 5014 1534 5085 Augusti,
1565 5015 1857 5071 indictione

263 5100 358 5155 10.
385 5099 582 5156 Actum
609 5102 932 5176 Aquisgrani
977 5107 1180 5178 palatio
1222 5110 1371 5180 regio
1398 5110 1452 5165 in
1505 5109 1599 5165 Dei
1642 5111 1862 5166 nomine

264 5193 525 5251 feliciter.
554 5195 748 5252 Amen.

936 5332 1164 5390 LXVIII.

495 5464 596 5506 Ριιο
631 5461 968 5507 κοπιετειιιο
1005 5464 1052 5506 S.
1093 5465 1327 5508 GEIHIANI
1368 5467 1401 5506 Δ
1438 5467 1649 5510 PRATIS.

902 5584 1075 5660 (Anno
1109 5585 1258 5658 817.)

282 5716 556 5793 [Mabill.,’
589 5718 707 5774 Act.
777 5721 896 5775 0rd.
928 5721 988 5778 S.
1021 5720 1243 5788 Bened.,
1278 5731 1419 5793 part.
1455 5738 1518 5790 11,
1549 5737 1674 5796 pag.
1711 5722 1860 5796 II8.]

358 5813 416 5868 In
451 5813 668 5868 nomine
715 5814 927 5869 Domini
959 5814 1054 5871 Dei
1085 5827 1142 5873 et
1187 5816 1484 5874 Salvatoris
1519 5817 1692 5874 nostri
1735 5813 1864 5873 Jesu

689 5923 966 5988 PnaOL.
1013 5924 1168 5988 CIV.

1873 4576 1929 4637 D

1921 1949 2014 2006 illa
2073 1959 2332 2004 nocturna
2388 1951 2496 2023 (Id
2538 1961 2647 2019 est,
2700 1951 2790 2020 jus
2838 1951 3081 2022 piscandi
3141 1969 3247 2007 una
3306 1953 3511 2024 nocte)

1924 2057 2087 2113 quam
2114 2044 2506 2098 monasterium
2537 2044 2711 2099 sancti
2739 2043 2982 2114 Dionysii
3004 2045 3196 2098 exinde
3226 2045 3424 2115 accipit
3458 2051 3517 2099 et

1923 2135 2098 2189 sancti
2153 2135 2301 2190 Petri
2349 2136 2764 2201 monasterium,
2813 2135 3123 2190 nullatenus
3181 2137 3260 2192 eis
3317 2151 3348 2190 a
3381 2152 3516 2206 quo-

1925 2247 2089 2302 quam
2127 2233 2480 2288 subtrahatur
2537 2252 2549 2287 :
2604 2235 2700 2289 sed
2747 2235 2934 2290 eadem
2984 2235 3314 2291 monasteria
3369 2237 3518 2291 omni

1925 2330 2171 2394 tempore
2195 2340 2295 2394 pro
2324 2341 2420 2379 sua
2445 2326 2692 2396 portione
2730 2327 3111 2382 restaurationi
3141 2343 3330 2382 venna:
3353 2336 3521 2398 atque

1925 2415 2291 2470 emendationi
2335 2417 2726 2472 adminiculum
2765 2427 3048 2488 praestent,
3078 2427 3243 2489 prout
3293 2434 3524 2474 necesse

1928 2505 2114 2560 fuerit.
2147 2505 2437 2576 Reliquum
2470 2524 2601 2563 vero
2634 2509 2686 2562 in
2718 2509 2989 2579 integrum
3021 2510 3197 2564 eidem
3223 2509 3523 2565 venerabili

1927 2597 2099 2650 sancti
2129 2596 2346 2666 quidem
2383 2595 2641 2652 Germani
2677 2598 2942 2653 cessimus
2971 2600 3319 2654 monasterio.
3353 2598 3520 2654 Jube-

1927 2704 2051 2744 mus
2097 2703 2310 2758 quoque
2371 2697 2534 2758 atque
2587 2689 2950 2754 decernimus,
2990 2698 3051 2744 ut
3096 2690 3162 2745 de
3221 2697 3521 2744 memorata

1926 2782 2163 2852 piscaria
2213 2780 2396 2836 nullus
2462 2783 2782 2851 prtedictum
2849 2784 3242 2838 monasterium
3294 2784 3524 2854 ejusque

1928 2880 2315 2944 procuratores
2351 2872 2657 2943 inquietare
2703 2874 2904 2928 nostris
2931 2874 3236 2942 futurisque
3260 2874 3520 2943 tempori-

1929 2965 2034 3021 bus
2072 2973 2386 3036 prtesumat,
2439 2979 2615 3034 neque
2650 2964 2889 3034 aliquam
2951 2966 3395 3020 contrarietatem
3454 2980 3522 3019 ex

1929 3056 2048 3126 ipsa
2117 3055 2292 3110 cidem
2355 3056 2687 3111 monasterio
2748 3055 2951 3122 facere,
3003 3065 3096 3110 aut
3137 3057 3341 3126 aliquid
3397 3057 3524 3112 inde

1935 3147 2255 3202 abstrahere
2290 3156 2565 3217 pertentet
2609 3168 2620 3202 :
2668 3149 2762 3203 sed
2809 3148 3002 3202 amodo
3043 3160 3098 3203 et
3144 3149 3397 3218 deinceps
3450 3149 3525 3202 ita

1938 3240 2106 3295 libere
2154 3250 2375 3296 teneant
2429 3242 2530 3312 ipsi
2569 3242 2821 3297 monachi
2876 3242 3020 3296 hanc
3053 3241 3522 3308 Caroli-vennam,

1938 3335 2392 3404 quemadmodum
2417 3335 2630 3406 genitor
2668 3344 2855 3390 noster
2886 3333 3527 3391 Carolus-serenissimus

1939 3427 2236 3496 imperator
2277 3435 2332 3482 et
2355 3426 2655 3498 Augustus,
2678 3443 2812 3482 avus
2837 3428 3002 3482 etiam
3031 3435 3216 3482 noster
3242 3427 3524 3498 Pippiuus,

1940 3523 2104 3586 atque
2144 3529 2380 3584 proavus
2430 3515 2657 3572 Carolus
2685 3559 2700 3584 ,
2753 3517 2845 3586 qui
2905 3517 3150 3572 eamdem
3211 3527 3531 3574 construere

1885 3619 1890 3623 ·
1935 3603 2097 3674 jussit
2146 3611 2460 3674 capturam;
2517 3620 2618 3659 nos
2669 3620 2886 3675 quoque
2957 3605 3206 3659 eamdem
3261 3605 3532 3660 tenuimus

1942 3695 2254 3750 hactenus:
2287 3695 2498 3751 scilicet
2537 3697 2617 3750 uti
2658 3697 2804 3749 omni
2846 3705 3089 3766 tempore
3121 3696 3192 3750 sit
3238 3696 3384 3750 salva
3427 3713 3530 3750 un-

1944 3786 2110 3856 dique
2151 3787 2221 3840 ab
2260 3787 2515 3842 omnibus
2562 3787 2862 3842 obstaculis
2891 3802 3050 3857 aqua,
3081 3787 3238 3840 sicuti
3268 3787 3408 3856 apud
3432 3804 3532 3843 nos

1943 3877 2120 3933 adhuc
2157 3887 2358 3933 exstat.
2406 3877 2519 3933 Nec
2561 3877 2695 3932 ﬁant
2751 3893 2990 3948 unquam
3035 3877 3143 3932 ulla
3182 3894 3348 3948 opera
3398 3881 3526 3935 huic

1942 3985 2134 4025 vennae
2168 3971 2414 4026 nocitura
2468 3985 2569 4025 nec
2618 3978 2744 4024 ante
2777 3970 2862 4023 vel
2913 3977 3088 4035 retro;
3132 3971 3398 4040 siquidem
3441 3988 3531 4027 cu-

1938 4059 2244 4130 juscunque
2290 4059 2576 4132 potestatis
2615 4061 2724 4114 sint
2754 4059 2935 4115 littora
2979 4069 3190 4125 nostra,
3233 4070 3413 4116 tamen
3449 4072 3535 4117 est

1945 4152 2144 4224 regalis
2174 4168 2335 4223 aqua.
2383 4153 2528 4224 Ergo
2572 4168 2734 4222 super
2758 4154 2899 4208 hanc
2949 4154 3211 4209 cessionis
3240 4155 3534 4211 auctorita-

1947 4254 2056 4300 tem
2088 4245 2192 4300 hoc
2231 4253 2474 4300 nostrum
2524 4245 2703 4317 regale
2729 4255 3060 4316 prteceptum
3105 4246 3222 4300 ﬁeri
3245 4247 3530 4317 jussimus,

1946 4352 2045 4408 per
2083 4337 2226 4406 quod
2250 4338 2592 4392 decernimus
2622 4347 2784 4408 atque
2801 4338 3056 4408 jubemus
3085 4348 3146 4394 ut
3171 4339 3350 4394 nullus
3377 4340 3538 4410 quili-

1947 4427 2041 4481 bet
2100 4427 2528 4483 Christianitatis
2600 4428 2777 4484 cultor
2832 4431 3030 4485 audcat
3089 4429 3174 4485 vel
3239 4439 3536 4502 praesumat

1955 4531 2158 4578 nostra:
2185 4523 2376 4578 salutis
2405 4524 2717 4579 donativum
2761 4524 3076 4597 infringere,
3108 4541 3284 4596 neque
3310 4539 3407 4596 per
3429 4526 3544 4579 vio-

1954 4617 2196 4683 lentiam,
2247 4632 2426 4687 neque
2469 4633 2565 4687 per
2602 4619 2774 4672 ullum
2813 4620 3121 4675 calliditatis
3165 4618 3538 4689 prmjttdicium

1954 4710 2345 4768 Caroli-vennaa
2370 4712 2678 4766 nociturum
2729 4729 2740 4763 :
2790 4711 2882 4766 sed
2935 4712 3114 4782 potius
3153 4711 3268 4765 sine
3290 4710 3396 4764 ulla
3418 4711 3545 4764 sub-

1955 4802 2224 4857 tractione
2269 4803 2354 4856 vel
2385 4803 2743 4858 diminutione
2771 4811 2932 4872 atque
2985 4803 3332 4858 damnatione
3375 4800 3539 4856 liceat

1956 4892 2238 4948 monachis
2275 4893 2448 4946 sancti
2505 4893 2773 4947 Vincentii
2813 4893 3092 4962 sanctique
3130 4892 3386 4947 Germani
3417 4907 3541 4947 cum

1959 4983 2108 5038 omni
2131 4983 2442 5054 integritate
2462 4984 2567 5038 hoc
2590 4998 2786 5038 munus
2808 4984 2952 5052 quod
2978 4984 3059 5039 eis
3088 4983 3436 5048 conferimus,
3473 4982 3543 5038 ad

1963 5086 2204 5133 nostram
2235 5077 2478 5146 requiem
2509 5077 2898 5146 sempiternam
2942 5076 3330 5148 perpetualiter
3371 5076 3545 5146 possi-

1965 5170 2094 5225 dere
2121 5176 2177 5222 et
2203 5167 2330 5222 frui.
2360 5167 2504 5238 Ergo
2532 5169 2647 5222 haec
2676 5176 2872 5222 nostrae
2892 5168 3232 5222 auctoritatis
3251 5167 3545 5238 przeceptio

1965 5272 2026 5317 ut
2051 5261 2279 5316 ﬁrmiter
2307 5249 2732 5315 continuationis
2759 5260 3001 5328 vigorem
3024 5259 3264 5314 obtineat
3289 5274 3387 5330 per
3423 5273 3546 5313 suc-

1967 5355 2217 5412 cedentia
2247 5370 2515 5410 annorum
2563 5353 2854 5419 curricula,
2890 5368 3054 5407 manu
3089 5352 3306 5424 propria
3359 5352 3547 5407 subter

1969 5447 2290 5503 roberantes
2315 5445 2515 5500 annulo
2550 5452 2736 5500 nostro
2771 5460 2892 5500 eam
2913 5443 3176 5513 jussimus
3205 5443 3472 5515 insigniri.

2040 5543 2267 5612 Signum
2296 5541 2556 5595 Ludovici
2588 5539 2921 5595 serenissimi
2963 5539 3306 5610 inperatoris

2040 5633 2328 5687 Durandus
2383 5632 2643 5687 diaconus
2688 5633 2754 5688 ad
2805 5632 2981 5688 vicem
3037 5631 3354 5688 Helisachar
3400 5633 3549 5686 reco-

1969 5727 2148 5800 gnovi.

2039 5817 2173 5874 Data
2196 5818 2358 5874 tertio
2380 5816 2495 5874 Kal.
2523 5817 2820 5888 Septemb.,
2843 5805 2985 5878 anno
3005 5819 3221 5876 Christo
3239 5813 3469 5886 propitio
3511 5813 3548 5869 5

3077 5925 3165 5991 35
