4048 6350
523 442 659 502 1967

516 606 747 707 decima.
803 642 1000 699 Actum
1047 627 1376 704 Aquisgrani
1446 619 1647 697 palatio
1694 616 1844 689 regio
1890 614 1945 669 in
2000 606 2101 665 Dei

517 704 740 819 nomine
766 726 1016 790 feliciter.
1054 727 1247 781 Amen.
1280 717 1437 794 (Cum
1462 711 1634 787 sigilla
1662 704 1852 781 cerea.)

1216 808 1407 868 LXIX.

761 938 863 982 ιδιω
901 926 1197 978 T-UBONENSI
1236 927 1284 968 S.
1325 921 1553 964 IIAR'I‘INI
1590 913 1864 965 ECCLESIA.

1126 1002 1310 1077 (Anno
1354 999 1506 1069 817.)

526 1111 706 1189 [Apud
751 1107 1000 1169 Martem,
1031 1069 1281 1170 Ampliss.
1323 1088 1569 1175 Collect.,
1622 1093 1753 1189 tom.
1784 1076 1834 1145 l,
1860 1091 1987 1151 pag.
2020 1069 2110 1138 65,

936 1212 1003 1252 ex
1030 1188 1305 1250 chartario
1353 1184 1412 1239 S.
1444 1174 1711 1248 Martini.]

598 1298 660 1354 In
696 1293 918 1352 nomine
944 1283 1161 1343 Domini
1192 1279 1288 1336 Dei
1336 1284 1392 1333 et
1416 1268 1723 1330 Salvatoris
1768 1270 1943 1347 nostri
1985 1274 2117 1316 .esu

457 1387 461 1390 ’
528 1391 754 1456 Christi,
780 1385 1086 1443 Ludovicus
1111 1376 1296 1436 divina
1324 1371 1615 1428 ordinante
1640 1344 1984 1436 providentia
2013 1355 2117 1409 im-

528 1492 747 1560 peratur
781 1481 1083 1550 Augustus.

605 1579 663 1636 Si
704 1541 1055 1648 petitionibus
1089 1574 1372 1621 servorum
1401 1555 1497 1611 Dei
1520 1553 1643 1624 jpro
1673 1541 2125 1648 quibuslibetee-

533 1620 856 1731 clesiasticis
890 1653 1312 1717 necessitatibus
1340 1661 1502 1704 aures
1546 1647 1763 1697 nostras
1790 1630 2124 1706 pulsantium
2229 1620 2576 1691 distringere,

2230 1716 2498 1779 bitiones,
2538 1708 2624 1766 vel
2662 1706 2878 1763 illicitas
2910 1701 3230 1760 occasiones
3276 1694 3597 1766 requirere,
3649 1688 3855 1760 quibus

2234 1810 2378 1873 idem
2414 1801 2809 1862 monasterium
2852 1795 3064 1866 sibique
3105 1788 3335 1860 subjecti
3373 1785 3601 1856 aliquod
3648 1782 3857 1851 injuste

533 1764 766 1821 libenter
810 1754 1121 1813 annuimus,
1151 1754 1208 1802 et
1252 1742 1323 1798 ad
1350 1738 1548 1795 divinae
1586 1730 1847 1804 potentiae
1884 1727 1944 1781 in
1990 1721 2128 1777 locis

534 1858 647 1912 Deo
675 1849 871 1910 dicatis
907 1812 1132 1902 uberius
1162 1830 1536 1893 famulandum
1583 1824 1844 1881 auxilium
1887 1812 2127 1893 porrigi-
2166 1870 2187 1883 ι,

535 1891 647 1912 νῦν
675 1891 871 1910 “Iw-mg
909 1891 1129 1902 ..ριν--..-
1163 1891 1198 1893 ,Ἵ
1223 1891 1227 1892 γ
1891 1891 1896 1893 1

535 1961 681 2012 mus,
721 1944 778 1999 id
812 1939 972 1998 nobis
1008 1931 1201 2006 procul
1239 1926 1405 1983 dubio
1447 1930 1504 1978 et
1542 1919 1612 1975 ad
1640 1913 1928 1972 mortalem
1958 1910 2130 1971 vitam
2157 1913 2206 1973 B
2234 1904 2512 1976 patiantur
2553 1891 2978 1955 incommodum,

1552 2010 1560 2012 μ
1622 2007 1638 2012 Α
1906 2000 1927 2012 n
1955 1999 1989 2012 ι.
2030 1998 2063 2012 ._
2246 1986 2332 2012 ’.επ
2370 2009 2386 2012 Α
2446 1989 2728 2012 ___:A___hm
2783 1994 2890 2012 ,ἠῶ
2936 1991 2978 2012 Η.

541 1998 914 2108 temperanter
953 1998 1347 2082 deducendam,
1394 2022 1450 2070 et
1498 2010 1568 2065 ad
1614 2007 1853 2062 futuram
1901 1998 2133 2057 feliciter

538 2127 912 2188 obtinendam,
943 2115 1290 2175 commodum
1318 2106 1611 2182 provenire
1641 2099 1985 2158 conﬁdimus.
2018 2093 2132 2148 Νο-

544 2231 658 2279 tum
704 2218 869 2289 igitur
912 2226 1033 2268 esse
1071 2207 1321 2262 volumus
1368 2198 1580 2256 cunctis
1622 2194 1868 2250 ﬁdelibus
1914 2186 2133 2253 nostris,

542 2279 814 2383 episcopis
861 2301 1135 2362 videlicet,
1186 2293 1475 2350 abbatibus
1523 2286 1765 2355 virisque
1812 2279 2134 2342 illustribus,

544 2384 794 2466 ducibus,
816 2394 1127 2458 comitibus,
1150 2384 1484 2446 domesticis,
1516 2376 1871 2453 graﬁonibus,
1895 2368 2138 2434 vicariis,

545 2491 880 2553 eentenariis
922 2498 1220 2552 eorumque
1263 2475 1593 2551 junioribus,
1643 2484 1745 2524 nec
1801 2480 1911 2521 non
1958 2460 2141 2516 missis

546 2583 752 2642 nostris
795 2594 894 2652 per
942 2550 1588 2637 universumimperium
1634 2566 1881 2614 nostrum
1934 2550 2143 2606 discur-

546 2642 817 2740 rentibus,
852 2687 948 2728 seu
974 2669 1139 2725 etiam
1169 2661 1381 2720 caeteris
1406 2655 1655 2715 ﬁdelibus
1684 2657 1885 2706 sanctae
1908 2644 2006 2699 Dei
2039 2642 2142 2697 Ec-

549 2771 735 2829 clesia:
779 2765 1089 2833 nostrisque
1134 2753 1494 2831 praesentibus
1557 2747 1769 2803 scilicet
1814 2749 1870 2797 et
1923 2736 2142 2800 futuris,

554 2862 685 2934 quia
723 2860 860 2915 adiit
901 2855 1252 2913 serenitatem
1296 2845 1548 2904 culminis
1602 2839 1773 2896 nostri
1818 2830 2147 2890 venerabilis

557 2953 645 3010 vir
673 2948 986 3020 Fridegisus
1016 2944 1155 3000 abba
1188 2958 1256 2997 ex
1282 2937 1622 2995 monasterio
1651 2930 1942 3004 peculiaris
1971 2920 2146 2980 nostri

562 3043 776 3108 patroni
812 3019 987 3098 sancti
1016 3035 1258 3103 Martini,
1314 3033 1410 3088 ubi
1456 3029 1695 3099 ejusdem
1744 3019 2147 3096 prmelarissimi

555 3137 663 3194 viri
706 3131 1019 3191 venerabile
1068 3143 1267 3199 corpus
1306 3121 1622 3194 requiescit,
1672 3118 1852 3173 ferens
1902 3112 2151 3169 manibus

558 3226 931 3284 immunitates
957 3222 1264 3293 priscorum
1300 3230 1489 3288 regum
1520 3212 1877 3272 Francorum,
1919 3220 2019 3261 nec
2044 3218 2181 3275 non-

562 3320 652 3376 avi
698 3315 869 3375 nostri
911 3312 1125 3385 Pippini
1174 3308 1447 3380 quondam
1487 3303 1655 3375 regis,
1702 3316 1798 3356 seu
1843 3298 2008 3353 etiam
2052 3294 2155 3366 pia)

562 3405 958 3467 recordationis
1000 3403 1183 3459 domui
1238 3409 1293 3457 et
1334 3397 1595 3469 genitoris
1643 3393 1812 3450 nostri
1840 3390 2023 3447 Caroli
2072 3404 2158 3444 se-

565 3499 837 3558 renissimi
885 3494 1268 3568 imperatoris,
1322 3491 1524 3562 quibus
1571 3472 1716 3544 idem
1764 3481 2159 3541 monasterium

566 3594 749 3666 quiete
774 3593 830 3647 in
857 3591 955 3646 Dei
984 3589 1209 3646 servitio
1256 3599 1481 3642 manere
1531 3586 1853 3643 sanxerunt,
1880 3568 1939 3632 et
1968 3589 2159 3632 omnes

566 3701 658 3744 res
706 3682 919 3757 praefati
965 3678 1282 3738 monasterii
1324 3678 1388 3731 in
1434 3674 1719 3737 universo,
1772 3669 1992 3727 Christo
2054 3666 2165 3720 lar-

567 3779 787 3852 giente,
849 3790 1019 3847 regno
1073 3788 1193 3839 suo,
1244 3771 1301 3826 in
1346 3766 1566 3823 Austria
1621 3762 1851 3827 scilicet,
1887 3757 2161 3822 Neustria,

567 3867 905 3941 Burgundia,
934 3864 1252 3936 Aquitania,
1282 3857 1593 3922 Provincia,
1620 3854 1799 3920 Italia,
1832 3860 1890 3908 et
1916 3852 1969 3907 in
1992 3858 2164 3904 ecete—

573 3962 651 4018 ris
687 3961 840 4032 regni
868 3958 954 4015 sui
987 3958 1234 4028 partibus
1277 3954 1661 4015 consistentes,
1698 3963 1821 4019 quae
1853 3962 1960 4002 non
1986 3945 2166 4000 solum

576 4054 646 4109 ab
680 4052 996 4111 orthodoxis
1032 4050 1392 4121 principibus,
1432 4061 1625 4102 verum
1664 4045 1829 4100 etiam
1875 4059 1905 4096 a
1951 4040 2167 4097 caeteris

578 4145 827 4201 ﬁdelibus
846 4144 1074 4208 collata,
1097 4143 1181 4197 vel
1206 4157 1304 4213 per
1322 4140 1597 4211 quoslibet
1622 4144 1939 4192 contractus
1968 4141 2025 4188 et
2050 4148 2169 4187 tnu-

583 4234 791 4291 nimina
822 4235 1140 4289 chartarum
1171 4233 1226 4287 in
1259 4230 1350 4301 jus
1387 4229 1631 4299 ejusdem
1673 4226 1919 4296 legaliter
1958 4222 2170 4278 traditae

582 4335 710 4383 sunt
750 4324 1099 4390 monasterii,
1149 4322 1249 4378 sub
1296 4320 1655 4377 immunitatis
1699 4333 1810 4373 suae
1858 4314 2171 4369 defensione

583 4418 905 4483 consistere,
936 4423 994 4471 et
1024 4415 1092 4470 ab
1120 4414 1267 4469 omni
1299 4411 1513 4484 publica
1544 4409 1820 4465 functione
1859 4415 1909 4462 et
1935 4404 2170 4476 judicia-

582 4512 666 4569 ria
688 4510 973 4567 exactione
1002 4508 1272 4563 immunes
1296 4505 1606 4573 liberasque
1634 4499 2004 4562 tradidissent,
2028 4492 2175 4565 quod

585 4617 783 4659 munus
810 4600 987 4658 eidem
1013 4598 1346 4655 monasterio
1383 4595 1707 4659 exhibitum,
1738 4592 1847 4646 Deo
1877 4596 2171 4653 annuente,

583 4688 968 4773 inviolabiliter
1018 4692 1281 4746 hactenus
1327 4694 1545 4743 constat
1592 4700 1713 4741 esse
1766 4688 2169 4738 conservatum.

583 4786 691 4843 Pro
718 4784 994 4840 ﬁrmitatis
1039 4793 1243 4839 nostrae
1292 4795 1529 4849 namque
1579 4778 1819 4833 studium
1865 4774 2175 4845 hujusmodi

586 4878 911 4933 beneﬁcium
950 4891 1081 4946 erga
1108 4873 1393 4945 prmfatum
1437 4868 1747 4927 venerabile
1785 4867 2175 4925 monasterium

592 4978 780 5025 nostra
823 4967 1149 5024 auctoritate
1182 4963 1462 5019 humiliter
1497 4960 1751 5031 precibus
1790 4957 1987 5028 quibus
2012 4956 2183 5011 valuit

591 5058 711 5117 ﬁeri
747 5058 1061 5130 postulavit.
1096 5055 1262 5125 Cujus
1304 5053 1577 5126 petitioni,
1614 5052 1684 5107 ob
1715 5064 1958 5105 amorem
1998 5047 2095 5103 Dei
2126 5053 2183 5103 et

593 5148 993 5204 venerationem
1036 5144 1336 5202 beatissimi
1366 5142 1605 5205 Martini,
1634 5141 1869 5197 libenter
1898 5152 2182 5194 assensum

595 5238 840 5310 prmbere
876 5240 1034 5295 nobis
1071 5251 1460 5309 usquequaque
1498 5233 1675 5289 libuit.
1713 5234 2053 5303 Quapropter
2087 5244 2180 5285 vo-

597 5332 777 5387 lumus
807 5342 967 5405 atque
996 5334 1339 5391 decernimus
1375 5339 1435 5387 ut
1466 5344 1657 5385 omnes
1685 5342 1774 5382 res
1799 5324 2038 5395 eiusdem
2069 5340 2185 5385 mo-

598 5425 843 5499 nasterii,
877 5442 999 5481 cum
1035 5426 1349 5483 hominibus
1384 5424 1490 5480 sibi
1531 5421 1814 5492 subjectis,
1856 5419 1957 5474 sub
1985 5427 2187 5473 nostra:

600 5513 933 5575 defensionis
978 5518 1275 5575 munimine
1331 5516 1508 5572 modis
1551 5513 1809 5581 omnibus
1861 5508 2185 5565 consistant.

600 5608 988 5683 Praecipieutes
1032 5625 1163 5683 ergo
1211 5611 1465 5683 iubemus
1514 5616 1682 5679 atque
1735 5603 2082 5675 prmcipimus
2129 5609 2191 5656 ut

607 5800 620 5812 .
678 5741 705 5769 ει
743 5727 823 5784 Ex
850 5728 955 5809 hoc
982 5726 1103 5782 loco
1126 5734 1275 5793 patet
1299 5725 1593 5812 monachos
1620 5719 1915 5812 Sulliartini
1934 5716 2192 5812 jamltum

604 5800 662 5853 in
691 5798 982 5855 canonicos
1008 5787 1303 5852 conversos
1326 5794 1492 5849 fuisse
1518 5808 1640 5848 cum
1670 5792 1902 5862 diploma
1934 5789 2078 5862 istud
2099 5787 2193 5841 da-

611 5879 724 5923 tum
764 5877 866 5923 est.
918 5868 992 5938 Et
1018 5865 1234 5938 quidem
1276 5873 1450 5938 togam
1501 5859 2195 5938 monasti'cainuretinuisse

612 5948 727 5993 toto
754 5939 934 5994 Caroli
962 5931 1138 6009 Magni
1169 5934 1476 6006 principatu
1501 5942 1684 5988 censet
1711 5931 2084 5997 Mabillonius;
2132 5943 2199 5985 eo

1653 400 1980 466 LUDOVICI
2015 396 2038 456 ι
2074 382 2549 457 COGNOMENTO
2584 354 2679 445 'Ptt

1732 523 1771 579 i.
1801 518 2097 576 indictione
2123 515 2178 579 Α
2201 510 2382 567 nullus
2420 506 2590 577 judex
2637 498 2910 575 publidus,
2950 460 3048 549 aut
3086 486 3318 563 quilibet
3362 479 3668 556 superioris
3716 486 3823 536 aut

2207 600 2480 661 inferioris
2515 594 2723 653 ordinis
2768 584 3108 671 reipublicae
3137 588 3482 655 pro‘curator,
3518 575 3586 630 ad
3617 586 3826 629 causas

2202 693 2491 766 judiciario
2532 703 2685 746 more
2724 667 3043 747 audiendas,
3085 677 3140 733 in
3170 672 3452 737 ecclesias,
3496 668 3595 725 aut
3629 667 3826 731 villas,

2209 804 2307 846 seu
2352 785 2591 856 reliquas
2634 776 3033 855 possessiones,
3079 787 3216 845 quas
3257 762 3525 829 moderno
3566 766 3831 834 tempore

2211 880 2267 937 in
2298 875 2630 950 quibuslibet
2670 869 2967 945 provinciis
2999 874 3094 925 aut
3129 860 3429 920 tcrritoriis
3468 856 3695 929 imperii
3728 870 3837 909 no-

2213 946 2496 1039 stri—juste
2545 970 2601 1022 et
2650 962 2901 1034 legaliter
2951 960 3117 1039 tenet,
3165 953 3251 1010 vel
3298 948 3564 1022 deinceps
3603 948 3665 1002 in
3703 946 3833 1018 jure

2215 1062 2387 1136 ipsius
2426 1054 2745 1115 monasterii
2776 1053 2960 1109 divina
2996 1038 3173 1122 pietas
3200 1044 3437 1102 voluerit
3477 1040 3704 1114 augeri,
3747 1038 3838 1093 in-

2218 1155 2370 1229 gredi
2410 1158 2742 1226 praesumat,
2782 1154 2883 1204 nec
2923 1144 3095 1212 freda,
3139 1146 3234 1197 aut
3270 1139 3504 1205 tributa,
3544 1144 3646 1192 aut
3683 1150 3843 1190 man-

2222 1252 2429 1316 siones,
2462 1254 2557 1302 aut
2593 1250 2800 1316 pastus,
2836 1248 2931 1297 aut
2958 1234 3244 1302 telonium,
3275 1233 3419 1289 sicut
3461 1228 3519 1286 in
3556 1236 3846 1301 pmcepto

2223 1345 2407 1402 domui
2438 1338 2702 1415 genitoris
2735 1335 2907 1392 nostri
2937 1331 3267 1394 continetur,
3299 1327 3549 1398 exigere,
3582 1330 3690 1377 aut
3712 1318 3849 1375 ﬁde-

2213 1436 2465 1511 jussores
2504 1431 2732 1497 tollere,
2772 1435 2866 1483 aut
2900 1424 3155 1481 homines
3194 1430 3308 1476 tam
3351 1418 3632 1491 ingenuos
3680 1425 3850 1484 quam

2229 1545 2419 1587 servos
2449 1541 2609 1597 super
2634 1532 2838 1578 terram
2865 1517 3039 1589 ipsius
3064 1510 3387 1569 monasterii
3416 1514 3851 1573 commanentes

3662 350 3813 418 1068

2612 1630 2715 1669 nec
2742 1611 2879 1667 ullas
2902 1604 3150 1681 publicas
3184 1601 3496 1659 functiones
3522 1606 3624 1652 aut
3658 1590 3851 1653 redhi-

3024 1884 3227 1943 nostris
3278 1880 3593 1951 futurisque
3638 1888 3856 1948 tempo-

2238 1964 2391 2071 ribus
2438 1989 2732 2061 quisquam
2783 1994 2894 2040 tam
2936 1976 3261 2035 temerarius
3298 1974 3524 2038 existat,
3569 1970 3728 2041 quod
3771 1964 3851 2023 fa-

2242 2068 2424 2163 ciendi
2455 2056 2709 2136 illici—tam
2750 2072 2853 2131 sibi
2892 2068 3220 2145 potestatem
3272 2064 3585 2121 'attribuere
3631 2056 3856 2116 audeat.

2240 2159 2513 2258 Quidquid
2542 2187 2672 2240 ergo
2699 2168 2767 2224 de
2788 2164 3032 2239 prmfatis
3061 2160 3304 2234 ejusdem
3330 2155 3664 2233 monasterii
3696 2154 3860 2208 rebus

2244 2250 2297 2325 in
2325 2266 2415 2338 jus
2444 2264 2561 2320 ﬁsci
2592 2256 2894 2318 cedendum
2924 2256 3041 2318 fuit,
3077 2264 3132 2309 et
3167 2268 3199 2307 a
3229 2244 3626 2307 decessoribus
3656 2245 3861 2301 nostris

2244 2335 2610 2428 comperimus
2636 2350 2912 2413 collatum,
2943 2355 2997 2401 et
3020 2341 3326 2417 largitionis
3351 2354 3591 2395 munere
3621 2335 3864 2393 libenter

2245 2449 2499 2506 volumus
2528 2458 2648 2500 esse
2677 2456 2775 2514 per
2796 2440 3111 2495 universum
3143 2428 3321 2490 eidem
3346 2428 3705 2486 monasterio
3741 2442 3865 2481 con-

2248 2555 2486 2604 cessum,
2528 2545 2588 2591 ut
2624 2534 2677 2589 id
2715 2538 2926 2587 remoto
2966 2527 3083 2583 ﬁsci
3126 2524 3409 2583 dominatu
3452 2514 3523 2577 ad
3571 2519 3865 2575 luminaria

2246 2620 2488 2688 basilicae
2530 2625 2588 2681 S.
2617 2622 2835 2679 Martini
2870 2614 3270 2681 concinnanda,
3306 2616 3363 2668 et
3400 2611 3468 2667 ad
3494 2610 3865 2666 sustentatio-

2252 2734 2376 2779 nem
2404 2728 2704 2794 pauperum
2734 2729 2830 2771 seu
2859 2725 2887 2756 ιι
2915 2711 3240 2769 clericorum
3278 2706 3334 2761 ln
3365 2702 3568 2761 eodem
3602 2701 3732 2757 loco
3761 2699 3865 2755 Do-

2252 2823 2402 2878 mino
2428 2814 2870 2876 descrvieu‘tium,
2906 2810 2979 2865 sit
3003 2805 3461 2879 supplementum.
3522 2797 3585 2853 Si
3621 2798 3754 2871 quis
3782 2814 3869 2853 au-

2256 2922 2367 2969 tem
2402 2912 2457 2967 in
2494 2906 2703 2965 tantam
2734 2916 3089 2978 prorumpere
3129 2911 3293 2953 ausus
3333 2892 3503 2949 fuerit
3551 2892 3864 2953 audaciam,

2257 3015 2319 3061 ut
2351 3003 2511 3072 hujus
2549 2998 2807 3072 praecepti
2851 2994 3025 3051 nostri
3056 2987 3294 3047 violator
3332 2984 3647 3051 exstiterit,
3685 3001 3872 3054 quem-

2262 3098 2556 3155 admodum
2596 3094 2651 3148 in
2684 3089 3049 3163 praeceptione
3090 3083 3273 3141 domui
3311 3088 3367 3138 et
3392 3078 3673 3153 genitoris
3706 3076 3871 3131 nostri

2260 3191 2591 3252 continetur,
2630 3200 2739 3240 non
2780 3180 2956 3238 solum
3001 3180 3056 3233 in
3095 3174 3361 3232 oll‘ensam
3400 3174 3656 3225 'nostram
3696 3167 3873 3236 lapsu-

2183 3286 2228 3348 C
2262 3290 2403 3349 ru'm,
2447 3295 2635 3336 verum
2676 3277 2843 3331 etiam
2884 3272 3271 3328 sexcentorum
3311 3262 3622 3321 solidorum
3655 3260 3780 3315 auri
3813 3257 3873 3312 ad

2260 3392 2458 3451 purum
2496 3370 2707 3429 excocti
2751 3383 2811 3425 se
2845 3364 3062 3425 noverit
3095 3368 3261 3435 poena
3295 3352 3707 3418 ‘mulctandum,
3741 3350 3873 3407 unde

2263 3474 2394 3529 duas
2429 3475 2615 3542 partes
2655 3464 2897 3520 rectores
2937 3455 3223 3517 memorati
3262 3450 3612 3511 monasterii,
3653 3448 3867 3503 tertiam

2262 3576 2392 3618 vero
2426 3539 2515 3629 jus
2552 3556 2670 3612 ﬁsci
2711 3552 2958 3622 recipiat.
3000 3550 3235 3621 Dignum
3272 3557 3512 3617 namque
3548 3539 3869 3610 iustumque

2264 3660 2347 3711 est
2390 3658 2451 3707 ut
2500 3658 2580 3705 tot
2622 3647 2838 3720 piorum
2883 3648 3072 3715 regem
3121 3639 3468 3695 deceSsorum
3526 3640 3865 3693 nostrorum,

2266 3744 2548 3814 nostrique
2589 3736 2846 3810 praecepti
2888 3728 3124 3789 violator
3160 3723 3476 3798 hujusmodi
3528 3723 3729 3778 subeat
3768 3734 3875 3791 pm-

2268 3854 2417 3902 nam,
2443 3843 2504 3889 ut
2531 3836 2585 3889 et
2616 3847 2674 3887 se
2705 3836 2871 3885 tanta:
2905 3822 3233 3882 temeritatis
3261 3818 3461 3875 merito
3489 3814 3649 3886 argui
3680 3828 3877 3883 cogno-

2270 3938 2408 3994 scat,
2431 3936 2488 3981 et
2509 3924 2722 3982 caeteris
2749 3937 2817 3976 ne
2842 3919 2896 3975 id
2920 3924 3082 3989 agere
3107 3910 3348 3985 quolibet
3370 3923 3506 3963 ausu
3533 3908 3875 3976 pertentcnt,

2270 4026 2521 4080 timorem
2550 4016 2816 4084 incutiat;
2846 4016 2905 4071 ut
2926 4011 3106 4068 nullus
3133 4008 3342 4065 scilicet
3368 4001 3645 4059 beneﬁcia
3672 3996 3875 4071 regalia

2269 4110 2408 4173 locis
2438 4116 2547 4170 Deo
2583 4112 2779 4169 dicatis
2821 4113 3148 4165 veneranter
3188 4098 3431 4157 exhibita
3476 4096 3756 4151 temerare
3796 4107 3878 4146 co-

2274 4217 2452 4264 netur.
2494 4202 2757 4262 Volumus
2795 4202 2978 4271 itaque
3022 4204 3185 4265 atque
3223 4204 3514 4249 censemus
3549 4186 3636 4251 ut,
3672 4186 3879 4239 r'emota

2274 4296 2441 4355 totius
2478 4294 2784 4368 judiciaria}
2824 4289 3109 4362 potestatis
3148 4280 3548 4357 inquietudine,
3577 4272 3771 4349 quieto
3800 4292 3881 4331 or-

2276 4393 2402 4448 dine
2432 4397 2766 4447 memoratus
2797 4382 2933 4440 abba
2967 4382 3161 4452 suique
3190 4390 3539 4435 successores
3568 4388 3659 4427 res
3687 4368 3879 4441 pra-di-

2278 4487 2352 4543 cti
2380 4480 2720 4546 monasterii,
2752 4493 2874 4533 cum
2906 4474 3159 4530 omnibus
3190 4464 3290 4526 sibi
3324 4462 3585 4533 subjectis
3614 4459 3701 4515 rel
3732 4458 3801 4512 ad
3831 4471 3880 4511 se

2282 4576 2671 4648 aspicientibus
2710 4586 2803 4626 seu
2843 4563 3245 4641 pertinentibus
3284 4556 3602 4615 hominibus
3643 4550 3749 4606 sub
3787 4549 3879 4603 im-

2199 4651 2254 4709 Ῑ)
2283 4664 2566 4727 munitatis
2601 4672 2761 4735 atque
2790 4656 3146 4732 protectionis
3175 4659 3379 4707 nostra:
3405 4642 3730 4703 defensione
3762 4657 3880 4696 con-

2283 4770 2501 4832 sistant,
2534 4770 2829 4829 nostroque
2852 4750 3087 4811 ﬁdeliter
3114 4756 3371 4821 parentes
3410 4739 3647 4812 imperio
3676 4753 3779 4809 pro
3809 4737 3880 4789 in-

2284 4860 2598 4918 columitate
2632 4863 2836 4913 nostrae
2873 4847 3122 4919 conjugis
3150 4852 3207 4898 et
3243 4839 3433 4914 prolis,
3463 4850 3559 4890 seu
3599 4832 3771 4887 etimn
3804 4840 3877 4883 to-

2284 4956 2394 5010 tius
2425 4948 2638 5021 imperii
2674 4964 2703 5001 a
2724 4940 2848 5001 .Deo
2880 4938 3037 4999 nobis
3065 4935 3270 5000 collati,
3303 4930 3530 5001 ejusque
3570 4923 3878 4997 gratissima

2288 5042 2639 5101 miseratione
2681 5043 2945 5110 perpetuo
2984 5020 3364 5089 conservandi,
3410 5018 3523 5075 una
3567 5034 3697 5073 cum
3744 5013 3880 5069 clem

2288 5137 2392 5194 sibi
2440 5131 2755 5195 commisso,
2787 5127 2883 5182 Dei
2930 5125 3253 5179 immensam
3301 5110 3651 5172 clementiam
3690 5104 3881 5180 jugiter

2291 5232 2537 5283 exorent.
2582 5220 2642 5276 Si
2684 5220 2818 5292 quid
2853 5232 2983 5273 vero
3019 5216 3085 5270 de
3122 5210 3334 5283 prmfati
3366 5202 3689 5263 monasterii
3728 5198 3881 5253 rebus

2289 5336 2388 5394 per
2425 5315 2766 5388 tepiditatem
2805 5318 2860 5363 et
2896 5304 3279 5378 negligentiam
3324 5301 3584 5356 abbatum
3628 5302 3721 5349 aut
3754 5304 3881 5361 pra-

2292 5383 2655 5484 stimptiouern
2678 5405 2922 5476 judicum
2960 5401 3160 5471 injuste
3194 5397 3536 5455 abstractum
3564 5396 3671 5451 est,
3705 5383 3761 5437 id
3795 5393 3881 5451 per

2292 5507 2441 5561 hanc
2482 5512 2724 5559 nostram
2766 5494 3148 5552 auctoritatem
3188 5501 3412 5560 prorsus
3468 5476 3880 5537 restaurandum

2292 5597 2656 5670 praecipimus.
2693 5590 2761 5646 Et
2790 5595 2851 5642 ut
2872 5588 2996 5642 ihmc
3029 5582 3330 5637 auctoritas
3373 5571 3770 5631 inviolabiliter
3799 5566 3883 5621 ob-

2296 5725 2428 5767 vero
2456 5709 2731 5770 defuncto,
2770 5701 2959 5759 statim
2985 5708 3105 5770 eam
3135 5692 3423 5770 abiecisse,
3452 5684 3763 5770 faventein
3783 5678 3883 5770 pri:

2297 5758 2939 5851 niistridugisoLabbate
2956 5811 2971 5834 ,
3007 5767 3099 5838 qui
3136 5758 3404 5851 latiorem.
3434 5760 3602 5815 etiam
3642 5758 3882 5851 vitam

2300 5825 3292 5910 geitliiensiongertinimonasterio,
3320 5832 3409 5891 cui
3436 5838 3680 5905 prmerat
3705 5825 3879 5887 abbas,

2306 5926 2566 5983 inducere
2594 5913 2852 5999 tentavit:

3089 5941 3167 5952 -_.~
