4048 6350
1487 346 1882 407 ηἸιΟΜΑΤΑ
1920 349 2474 413 ECCLESIAS'I‘ICA.

3468 371 3613 429 ΔΜ

344 457 523 513 tinent
545 453 796 512 electum
822 460 883 511 et
910 468 945 509 ο
972 453 1217 512 eam
1244 464 1447 541 sanctte
1466 458 1562 515 Dei
1591 460 1848 517 Ecclesiae
1868 469 1927 518 et
1952 464 2005 529 Α
2028 472 2192 535 atque
2233 481 2423 527 secum
2464 467 2548 525 ire
2591 474 2648 525 et
2686 467 2884 537 redire.
2926 483 3088 543 prout
3132 478 3238 536 sibi
3262 483 3607 545 commodum

344 548 552 605 nostris
586 546 771 602 verius
809 547 1064 602 credatur
1098 563 1165 603 ne
1196 536 1513 620 diligentius
1552 561 1921 617 conservetur,

2028 567 2459 626 prospexerant,
2518 561 2672 615 etab
2704 561 2791 617 his
2829 563 2922 632 qui
2966 580 3084 621 rem
3126 569 3397 637 publicam
3438 576 3611 632 admi-

340 654 512 696 manu
537 639 756 710 propria
783 641 971 695 subter
992 640 1328 697 ﬁrmavimus
1345 649 1402 697 et
1429 642 1613 698 annuli
1632 644 1803 699 nostri
1832 645 1928 700 im-
2026 648 2287 717 nistrant.
2320 667 2618 724 eorumque
2643 652 2953 722 junioribus
2986 659 3188 716 nullam
3222 666 3503 734 patiantur
3531 669 3605 726 in-

338 732 630 803 pressione
660 732 863 803 signari
892 732 1174 801 iussimus.

414 821 647 893 Signum
673 822 929 879 Ludovici
957 825 1295 881 serenissimi
1324 826 1687 897 imperatoris.

2026 742 2484 799 commoditatem.
2517 744 2809 801 Teloneum
2837 761 2967 804 vero
3012 752 3157 819 quod
3183 754 3252 810 de
3295 761 3608 818 memoratis

2023 830 2287 889 vehiculis
2327 844 2383 890 et
2406 837 2694 893 homnibus
2716 837 2841 909 jure
2867 838 2984 896 ﬁsci
3004 842 3146 913 exigi
3170 853 3403 915 poterat,
3430 852 3606 907 eidem

418 912 737 969 lietisachar
777 916 1111 987 recognovit.
1142 917 1281 973 Data
1317 934 1378 973 ru
1416 920 1534 975 Kal.
1566 920 1922 991 Septembris,
2023 933 2214 980 sancto
2243 925 2362 982 loco
2400 927 2759 986 libentissime
2784 970 2800 993 .
2843 912 3299 1002 quemadmodum
3345 912 3400 995 et
3440 942 3495 997 in
3521 959 3602 1014 ge-

334 1016 507 1072 ωηο,
548 1005 771 1062 Christo
812 1010 1067 1079 propitio,
1117 1011 1152 1065 5
1179 1011 1391 1082 imperii
1428 1013 1612 1068 domui
1666 1013 1923 1071 Ludovici
2026 1016 2221 1073 nitoris
2258 1020 2430 1075 nostri
2473 1023 2784 1079 continetur
2821 1034 3113 1097 praecepto,
3143 1029 3202 1084 in
3250 1039 3439 1089 nostra
3480 1005 3607 1091 con-

336 1096 573 1167 piissimi
597 1095 848 1169 Augusti,
876 1099 1170 1155 indictione
1193 1100 1281 1156 10.

408 1187 609 1242 Actum
631 1187 962 1260 Aquisgnni
982 1190 1189 1261 palatio
1217 1193 1365 1264 regio
1391 1194 1447 1249 iu
1476 1192 1574 1250 Dei
1598 1196 1819 1251 nomine
1842 1194 1915 1250 fe-

337 1277 538 1335 liciter.
564 1277 759 1337 Amen.

1046 1373 1212 1430 LXX.

567 1479 677 1523 ιιιο
710 1480 763 1523 Β.
803 1481 1031 1523 IARI'I!“
1072 1484 1365 1526 TUBONENN
1402 1478 1677 1527 Ὲοαεειλ.

938 1558 1117 1632 (Anno
1149 1560 1299 1634 817.)

961 1673 1261 1753 Ιησοίὶεᾳί,
1291 1675 1516 1753 tum._l,
1561 1692 1685 1753 pag.
1726 1677 1817 1746 65,
1851 1690 1918 1737 ex

787 1747 1063 1802 chartario
1091 1747 1150 1803 S.
1182 1748 1443 1822 Martini.]

330 1670 517 1745 {Apud
540 1670 792 1741 Martem,
823 1674 866 1729 Α

2022 1108 2290 1165 cessimus
2334 1110 2676 1184 eleemosyua
2704 1152 2722 1181 ,
2750 1124 3024 1184 quatenus
3053 1130 3415 1179 memoratum
3443 1126 3609 1182 abba-

2024 1204 2134 1253 tem
2182 1215 2421 1272 suosquc
2464 1218 2810 1262 successores
2857 1222 2981 1264 cum
3017 1210 3164 1267 clero
3188 1214 3293 1271 sibi
3317 1209 3612 1275 commisso

2018 1302 2123 1358 pro
2150 1290 2307 1347 nobis
2330 1333 2345 1358 ,
2376 1293 2728 1366 conjugcque,
2764 1298 3021 1371 proleque
3043 1341 3059 1368 ,
3089 1302 3413 1377 imperiique
3446 1312 3612 1367 stabi-

2018 1379 2196 1446 litate,
2226 1380 2427 1453 jugiter
2474 1383 2762 1441 Dominum
2801 1388 3083 1458 deprecari
3127 1393 3378 1452 delectet.
3432 1398 3500 1454 Et
3553 1409 3614 1456 ut

2023 1470 2139 1529 haec
2164 1475 2461 1530 auctoritas
2487 1475 2852 1535 inviolabilem
2891 1482 3139 1539 obtineat
3172 1486 3423 1547 eﬁ'ectum
3448 1531 3465 1558 ,
3494 1502 3551 1549 et
3581 1509 3613 1549 a

2023 1562 2272 1621 ﬁdelibus
2317 1575 2519 1624 sancta:
2542 1567 2637 1625 Dei
2665 1570 2921 1630 Ecclesia:
2948 1583 3003 1630 et
3032 1577 3237 1635 nostris
3279 1582 3462 1638 verius
3492 1601 3613 1643 cre-

2020 1652 2183 1710 datur
2208 1696 2224 1722 ,
2262 1667 2333 1748 Aet
2379 1659 2694 1729 diligentius
2742 1679 3117 1737 conservetur,
3173 1688 3339 1731 manu
3387 1680 3612 1748 propria

2020 1746 2211 1802 subter
2248 1746 2602 1818 ﬁrmavimus,
2657 1760 2715 1809 et
2777 1757 2963 1814 annuli
3019 1763 3193 1817 nostri
3256 1746 3612 1836 impressione

403 1856 462 1911 In
490 1856 707 1913 nomine
733 1854 949 1914 Domini
996 1856 1095 1914 Dei
1132 1868 1187 1914 et
1233 1858 1533 1919 Salvatoris
1562 1864 1735 1919 nostri
1789 1860 1917 1921 Jesu
1944 1826 1994 1887 Β
2022 1837 2223 1909 Signa“
2260 1838 2536 1908 Ῑυδδίωυε·

331 1946 576 2016 Christi,
626 1946 952 2016 Ludovicus,
996 1951 1177 2006 divina
1216 1953 1504 2010 ordinante
1548 1957 1916 2038 providentia,

328 2040 631 2111 imperator
651 2040 946 2114 Augustus.

403 2129 461 2185 Si
505 2146 633 2203 erga
672 2132 791 2187 loca
832 2133 1029 2189 divinis
1052 2132 1287 2192 cultibus
1312 2139 1622 2210 mancipata
1640 2138 1919 2210 imperiali

324 2230 483 2277 more
509 2222 771 2279 beneﬁcia
801 2234 1103 2296 opportuna
1132 2226 1412 2301 largimur,
1438 2230 1497 2285 id
1529 2231 1685 2287 nobis
1714 2232 1782 2286 ad
1806 2241 1920 2287 sta-

320 2313 595 2371 bilitatem
626 2315 840 2388 imperii
867 2320 1063 2385 nostri,
1092 2322 1147 2375 et
1182 2320 1249 2377 ad
1274 2321 1471 2377 animas
1519 2322 1750 2378 salutem
1782 2323 1920 2380 obti-

324 2407 603 2474 nendam,
643 2408 991 2479 profuturum
1040 2411 1269 2468 minime
1325 2413 1659 2470 dubitamus.
1716 2414 1916 2472 Notum

329 2502 402 2557 sit
430 2501 598 2573 igitur
624 2503 876 2559 omnibus
912 2505 1186 2576 epiSCOpis
1210 2548 1224 2573 ,
1261 2506 1546 2564 abbatibus
1570 2549 1585 2575 ,
1645 2509 1872 2565 ducibus
1897 2551 1913 2577 ,

327 2594 643 2662 comitibus,
668 2594 912 2663 vicariis,
958 2598 1306 2665 centenariis,
1358 2599 1696 2667 toloneariis,
1749 2602 1918 2657 actio-

322 2687 519 2753 narii-s,
556 2686 740 2743 missis
766 2687 966 2745 nostris
990 2704 1092 2760 per
1115 2690 1401 2762 imperium
1427 2694 1677 2747 nostrum
1705 2691 1917 2748 discur-

324 2783 593 2850 rentibus,
607 2783 694 2839 vel
706 2782 959 2840 omnibus
978 2784 1365 2856 rempublicam
1385 2786 1913 2855 administrantibus,

316 2886 423 2931 seu
471 2877 636 2931 etiam
682 2877 895 2933 caeteris
940 2876 1189 2935 ﬁdelibus
1238 2888 1439 2935 sanctae
1482 2879 1578 2935 Dei
1612 2878 1869 2936 Ecclesia:
1897 2922 1912 2948 ,

325 2969 639 3040 nostrisque
675 2968 1035 3041 praesentibus
1087 2972 1295 3028 scilicet
1329 2980 1493 3042 atque
1539 2971 1759 3037 tuturis,
1786 2972 1915 3042 quia

325 3061 523 3117 detulit
556 3062 714 3118 nobis
743 3063 1065 3119 venerabilis
1105 3065 1191 3120 vir
1232 3064 1549 3137 Fridugisus
1577 3108 1591 3132 ,
1642 3064 1812 3120 abbas
1842 3068 1915 3121 ex

2093 1949 2317 2023 Signum
2358 1953 2617 2014 Ludovici
2647 1962 2980 2021 serenissimi
3008 1966 3373 2037 imperatoris.

2091 2042 2377 2101 Durandus
2429 2046 2692 2107 diaconus
2752 2054 2820 2109 ad
2882 2055 3058 2112 vicem
3114 2058 3392 2119 llelisacar
3455 2078 3609 2124 reco-

2008 2138 2220 2207 gnovit.
3058 2146 3061 2149 ⁷

2090 2229 2226 2285 Data
2270 2247 2335 2288 tu
2391 2233 2659 2294 Kalendas
2721 2238 3099 2312 Septembris,
3160 2248 3452 2307 indictione
3495 2255 3564 2310 to
3592 2298 3606 2319 ,

2016 2335 2162 2415 anno
2184 2324 2218 2379 5
2241 2325 2454 2415 imperii
2476 2328 2663 2386 domui
2692 2332 2951 2390 Ludovici
2983 2337 3325 2407 imperatoris
3356 2342 3603 2415 Augusti.

1977 2472 1983 2479 ,
2016 2413 2208 2469 Actum
2249 2413 2579 2492 Aquisgrani
2617 2422 2817 2492 palatio
2844 2426 2995 2498 regio
3021 2428 3077 2483 in
3100 2428 3195 2486 Dei
3226 2413 3461 2489 nomine:
3484 2434 3606 2491 τεῆ-

2017 2504 2173 2561 citer.
2201 2505 2399 2565 Amen.

2712 2626 2901 2685 LXXI.

2385 2754 2488 2798 PRO
2524 2756 2866 2800 ιιοΝΑετειιιο
2907 2761 3252 2804 TORNACENSI.

2626 2833 2803 2906 (Anno
2847 2832 3001 2907 817.)

2016 2920 2197 2995 [Apud
2255 2924 2653 3004 DlABouquetu
2706 2928 2919 3004 Recueil
2960 2930 3055 3004 ges
3108 2932 3273 3004 Hist"
3328 2943 3458 2999 tom.
3512 2936 3603 3002 Vl,

2126 3011 2208 3081 ag.
2241 2993 2381 3081 ξος),
2412 2993 2832 3071 εχἘορρειηείο,
2858 3002 2913 3055 in
2948 3000 3217 3073 Supplem.
3248 2993 3317 3058 aa
3366 2993 3598 3081 Diplom.

2118 3065 2301 3139 lirzei.]

322 3154 661 3257 monasterio
712 3152 771 3210 S.
832 3152 1050 3257 biartini
1094 3158 1281 3212 eximii
1328 3158 1653 3257 confessoris
1699 3156 1909 3215 Christi
1932 3192 1981 3257 bc
2019 3156 2143 3257 mln
2193 3160 2412 3257 nomine
2452 3162 2664 3257 Domini
2700 3163 2806 3257 Dei
2856 3175 2912 3222 et
2940 3165 3239 3225 Salvatoris
3259 3166 3436 3226 nostri
3473 3170 3606 3229 tlesu

314 3245 611 3319 nostrique
656 3248 895 3319 patroni,
943 3250 1035 3305 ubi
1079 3251 1388 3308 venerabile
1428 3245 1550 3321 ‘ejus
1592 3264 1791 3324 corpus
1824 3267 1911 3309 rc-

323 3339 579 3421 quiescit,
628 3349 956 3413 praeceptum
997 3345 1337 3399 auctoritatis
1364 3344 1545 3400 domui
1568 3340 1626 3401 ‘e't
1652 3346 1912 3417 genitoris

320 3434 501 3489 nostri
528 3434 634 3503 piae
660 3434 1051 3491 recordationis
1085 3433 1265 3492 Caroli
1296 3434 1630 3493 serenissimi
1656 3439 1907 3510 Augusti,

320 3523 380 3579 in
406 3536 520 3594 quo
542 3524 924 3581 continebatur
946 3522 1090 3596 quod
1123 3527 1191 3582 ad
1232 3538 1451 3599 precem
1483 3530 1784 3586 decesstiris
1826 3532 1910 3586 sui

321 3610 558 3672 Wlfardi
585 3617 858 3687 quondam
897 3618 1131 3685 abbatis,
1160 3620 1305 3675 idem
1355 3622 1567 3692 genitor
1612 3631 1807 3679 noster
1840 3624 1909 3679 ob

318 3718 569 3765 amorem
614 3707 711 3764 Dei
748 3716 804 3765 et
841 3711 1245 3768 venerationem
1288 3711 1350 3768 Β.
1405 3712 1641 3781 Martini,
1670 3730 1826 3771 carra
1855 3723 1911 3771 et

321 3799 684 3856 samnaticum
720 3801 1035 3859 hominibus
1087 3804 1176 3860 his
1216 3804 1487 3875 prmlatis,
1536 3822 1655 3875 qua:
1687 3815 1909 3877 propter

320 3892 616 3948 utilitatem
645 3904 698 3949 et
741 3895 1120 3950 necessitatem
1150 3898 1438 3951 memorati
1469 3899 1783 3952 monasterii
1808 3913 1909 3968 per

324 3986 570 4043 diversos
598 3987 749 4059 regni
774 3988 857 4042 sui
892 3996 1167 4043 mercatus
1207 3988 1560 4044 mittebantur
1588 4030 1601 4053 ,
1653 3990 1721 4044 ab
1758 3991 1907 4045 omni

322 4078 528 4135 telonio
558 4080 819 4134 immunia
848 4088 903 4135 et
938 4094 1128 4136 secura
1172 4094 1291 4137 esse
1343 4081 1631 4137 sanxisset.
1684 4080 1788 4137 Pro
1828 4083 1907 4137 rei

323 4186 540 4241 quoque
570 4170 828 4227 ﬁrmitate
858 4180 1102 4227 nostram
1124 4172 1416 4245 postulavit
1444 4174 1817 4239 serenitatem,
1846 4180 1908 4227 ut

319 4277 532 4317 morem
572 4273 856 4333 paternum
887 4274 1193 4333 sequentes,
1234 4263 1542 4333 hujusmodi
1584 4265 1907 4320 beneﬁcium

2008 3246 2238 3316 Christi,
2275 3249 2603 3321 Ludovicus,
2656 3256 2841 3313 divina
2897 3258 3185 3316 ordinante
3232 3263 3598 3333 providentia,

2010 3338 2308 3411 imperator
2336 3341 2629 3415 Augustus.

2082 3431 2279 3488 Notum
2313 3435 2384 3490 sit
2422 3437 2663 3491 omnium
2702 3436 2943 3494 ﬁdelium
2978 3444 3291 3497 nostrorum
3318 3446 3433 3500 tam
3459 3450 3602 3517 prte-

2000 3525 2245 3579 sentium
2290 3540 2452 3596 quam
2492 3526 2804 3585 futurorum
2838 3529 3095 3598 solertiae,
3133 3533 3259 3603 quia
3304 3536 3601 3605 postulavit

2008 3616 2168 3671 nobis
2209 3616 2297 3671 vir
2324 3620 2649 3676 venerabilis
2679 3619 3085 3679 chdilmarus
3122 3625 3482 3684 'Domacensis
3508 3645 3603 3685 ur-

2006 3707 2094 3763 bis
2135 3709 2442 3781 episcopus,
2478 3721 2541 3767 ut
2586 3722 2766 3769 terras
2829 3717 3089 3786 quasdam
3137 3717 3254 3773 ﬁsci
3315 3721 3491 3775 nostri
3540 3723 3599 3778 in

2008 3799 2199 3855 eadem
2225 3804 2362 3857 urbe
2389 3804 2439 3857 ei
2466 3804 2522 3858 in
2563 3805 2943 3875 ampliﬁcanda
2982 3817 3037 3862 et
3064 3802 3337 3864 dilatanda
3360 3812 3602 3869 claustra

2009 3894 2394 3949 canonicorum
2436 3897 2489 3949 in
2534 3908 2723 3952 nostra
2767 3898 3109 3969 eleemosyna
3147 3904 3596 3962 concederemus.

2008 3982 2120 4038 Nos
2158 3984 2345 4055 itaque
2374 3984 2440 4040 ad
2467 3987 2568 4042 hoc
2613 3988 3018 4057 prmvidcndum
3070 3999 3125 4046 et
3164 3993 3599 4064 inspiciendum,

2006 4071 2295 4130 Irmionem
2343 4072 2705 4134 venerabilem
2753 4081 3005 4136 abbatem
3052 4090 3107 4138 et
3152 4083 3502 4153 lngobertum
3545 4096 3603 4143 et

2007 4164 2401 4223 Hartmannum
2424 4171 2619 4226 missos
2640 4178 2855 4227 nostros
2879 4173 3195 4235 direximus,
3218 4176 3309 4247 qui
3335 4176 3439 4232 hoc
3462 4190 3599 4248 prte-

2005 4259 2275 4327 viderent,
2315 4270 2369 4318 et
2386 4262 2541 4333 juxta
2572 4264 2715 4332 quod
2744 4264 3043 4320 necessitas
3081 4265 3146 4319 ad
3176 4267 3421 4321 eamdem
3451 4267 3600 4321 clau-

322 4353 501 4409 eidem
550 4362 737 4409 sancto
788 4353 910 4411 ioco
959 4358 1398 4412 concederemus.
1448 4355 1615 4425 Cujus
1657 4358 1905 4427 petitioni
2007 4358 2213 4407 sturam
2244 4352 2545 4409 faciendam
2569 4356 2839 4427 exigebat,
2875 4358 2938 4412 de
2964 4356 3094 4412 ﬁsco
3116 4366 3300 4412 nostro
3322 4372 3386 4412 ex
3406 4367 3598 4413 nostra

321 4445 559 4503 libenter
581 4464 766 4505 aurem
794 4450 1336 4514 accommodavimus,
1373 4459 1429 4505 ct
1452 4452 1555 4506 hoc
1573 4461 1905 4523 pmceptum
2007 4446 2333 4502 auctoritate
2378 4448 2427 4502 ei
2457 4449 2858 4519 consignarent.
2915 4450 3066 4518 Quod
3098 4451 3170 4505 ita
3211 4456 3268 4505 c‘t
3301 4451 3547 4508 fecerunt
3579 4466 3595 4506 :

323 4540 442 4597 ﬁeri
481 4543 821 4608 censuimus,
851 4557 951 4612 per
992 4540 1135 4612 quod
1163 4541 1506 4613 prmcipimus
1537 4552 1697 4613 atque
1747 4543 1904 4613 jube-
1930 4562 1987 4623 υ
2009 4537 2065 4592 id
2091 4546 2192 4604 est,
2220 4539 2285 4593 de
2310 4539 2531 4609 proprio
2554 4540 2690 4596 ﬁsco
2722 4551 2908 4596 nostro
2940 4542 2994 4595 in
3018 4542 3208 4596 eodem
3241 4541 3360 4597 loco
3392 4542 3457 4596 de
3488 4550 3598 4598 ter-

321 4651 448 4690 mus
482 4643 544 4689 ut
578 4636 1006 4705 quotiescunque
1040 4634 1298 4704 praefatus
1348 4636 1517 4690 abbas
1555 4636 1743 4705 suique
1780 4651 1903 4691 suc-

323 4742 573 4782 cessores
600 4735 655 4781 et
682 4726 864 4783 clerici
888 4726 942 4781 in
968 4725 1157 4781 eodem
1180 4725 1300 4781 loco
1315 4724 1532 4783 Christo
1554 4726 1898 4794 famulantes,

320 4834 424 4890 pro
447 4818 677 4874 utilitate
718 4827 772 4875 et
812 4818 1134 4873 necessitate
1162 4834 1256 4872 sua
1287 4818 1637 4885 sublevanda,
1667 4836 1822 4876 carra
1850 4830 1905 4876 et

323 4912 625 4967 samnatica
673 4911 980 4982 negotiandi
1024 4910 1196 4981 gratia
1231 4910 1285 4964 in
1324 4910 1591 4979 quoslibet
1633 4921 1905 4969 mercatus

318 5003 543 5075 imperii
562 5003 759 5071 nostri,
774 5014 864 5060 aut
890 5005 942 5060 in
963 5012 1148 5075 partes
1174 5003 1409 5059 'Austria:
1434 5014 1596 5076 atque
1618 5002 1901 5073 Neustrize,

320 5094 420 5157 aut
449 5094 770 5165 Burgundite
792 5136 807 5160 ,
858 5103 952 5150 aut
978 5080 1302 5166 Aquitania},
1329 5105 1422 5151 aut
1458 5095 1779 5164 Provinciae,
1814 5106 1906 5153 aut

322 5172 526 5254 italis,
555 5194 650 5242 aut
674 5195 995 5242 eaeterarum
1022 5190 1257 5256 partium
1295 5187 1412 5243 loca
1468 5188 1680 5257 imperii
1732 5189 1905 5243 nostri

323 5279 627 5335 direxerint
649 5322 662 5344 ,
693 5278 897 5333 nullum
926 5278 1186 5333 telonium
1216 5282 1283 5336 ab
1323 5281 1411 5335 his
1439 5321 1454 5346 ,
1501 5296 1675 5350 neque
1713 5281 1778 5335 ab
1809 5282 1906 5336 ho-

324 5370 565 5426 minibus
608 5369 699 5440 qui
738 5370 816 5425 eis
858 5376 1097 5439 prresunt
1126 5410 1140 5433 ,
1213 5385 1313 5425 nec
1373 5371 1749 5438 pontaticum,
1805 5387 1906 5427 nec

321 5462 655 5533 portaticum
677 5502 691 5527 ,
719 5477 820 5517 nec
842 5462 1158 5526 rotaticum,
1194 5476 1294 5516 nec
1322 5462 1715 5531 pulveraticum
1744 5502 1758 5529 ,
1802 5479 1906 5520 nec

325 5554 722 5625 eespitaticum,
748 5569 852 5609 nec
878 5555 1011 5609 alias
1034 5554 1446 5619 redhibitiones,
1478 5555 1761 5625 quisquam
1790 5555 1906 5611 exi-

327 5662 476 5721 gere,
491 5656 585 5705 aut
609 5648 843 5720 aliquam
866 5649 943 5705 eis
961 5650 1399 5705 contrarietatem
1423 5660 1517 5705 aut
1539 5638 1903 5706 detentionem

294 5724 576 5814 ingerere
623 5754 934 5813 praesumat,
962 5745 1056 5801 sed
1080 5745 1353 5823 iiceateis
1381 5758 1475 5814 per
1500 5745 1636 5799 hanc
1660 5751 1903 5799 nostrum

329 5838 709 5894 auctoritatem
735 5852 829 5909 per
856 5840 1105 5895 universa
1130 5840 1339 5910 imperii
1360 5840 1536 5895 nostri
1573 5840 1712 5902 loca,
1736 5838 1903 5893 libere

2010 4644 2070 4684 ra
2094 4629 2336 4686 habente
2385 4633 2439 4687 in
2483 4634 2713 4688 circuitu
2746 4634 2984 4703 perticas
3012 4649 3231 4697 Lxxxw,
3263 4648 3363 4687 nec
3404 4649 3509 4687 non
3541 4644 3598 4688 et

2006 4723 2062 4776 in
2088 4722 2277 4778 eodem
2306 4723 2425 4779 loco
2465 4726 2531 4779 de
2571 4725 2702 4781 ﬁsco
2735 4735 2944 4791 nostro,
2983 4740 3141 4793 quem
3194 4722 3593 4779 Werimi‘rcdus

2004 4814 2061 4873 in
2092 4814 2415 4871 beneﬁcium
2464 4816 2648 4882 habet,
2690 4817 2927 4886 perticas
2970 4830 3134 4879 xcrx;
3171 4814 3423 4869 similiter
3449 4822 3503 4868 ct
3531 4815 3597 4869 de

2006 4905 2139 4960 ﬁsco
2160 4914 2369 4971 nostro,
2400 4921 2560 4976 quem
2584 4906 2911 4961 Hruoculi‘us
2937 4920 3122 4959 comes
3148 4906 3200 4958 in
3227 4905 3589 4960 ministerium

2006 4995 2194 5060 habet,
2239 4996 2477 5066 perticas
2508 5012 2678 5051 xxxxt.
2713 4997 2819 5052 Sed
2849 5006 2910 5052 ut
2932 4997 3165 5053 firmiter
3195 4997 3385 5053 eadem
3415 4998 3590 5054 eccle-

2006 5089 2087 5143 sia
2135 5098 2189 5143 et
2216 5088 2333 5159 ejus
2379 5099 2620 5144 rectores
2662 5087 3057 5159 praedictalom
3089 5098 3142 5145 et
3186 5090 3421 5145 claustra
3453 5090 3591 5145 dila-

2008 5181 2169 5236 tanda
2212 5190 2268 5245 et
2293 5182 2671 5252 ampliﬁcanda
2700 5184 2968 5253 perpetim
3002 5185 3264 5238 haberent
3311 5183 3394 5238 vel
3422 5184 3597 5254 possi-

2008 5272 2218 5339 derent,
2272 5283 2514 5327 nostram
2544 5276 2925 5329 auctoritatem
2964 5282 3130 5346 super
3176 5274 3283 5329 bac
3315 5290 3375 5330 re
3408 5282 3596 5345 postu-

2004 5364 2158 5432 lavit,
2191 5382 2287 5437 pcr
2310 5382 2472 5436 quam
2521 5365 2751 5421 ﬁrmiter
2786 5377 2948 5437 atque
2979 5364 3594 5423 inviclabileruostris
3630 5425 3639 5434 ,

2005 5467 2062 5513 et
2088 5458 2285 5513 futuris
2314 5459 2651 5529 temporibus
2681 5460 2730 5513 in
2754 5460 2843 5529 jus
2891 5460 3163 5529 przcdicta:
3190 5461 3436 5516 ecclesiae
3464 5474 3592 5529 per-

2006 5558 2309 5603 manerent.
2360 5549 2529 5619 Cujus
2582 5550 2874 5619 precibus,
2927 5565 3027 5620 pro
3079 5551 3347 5606 mercedis
3392 5558 3592 5605 nostrae

2007 5656 2296 5719 augmento
2323 5657 2377 5705 et
2407 5649 2706 5705 reverentia
2736 5648 2904 5720 ipsius
2960 5650 3132 5705 sancti
3161 5649 3288 5715 loci,
3317 5648 3471 5703 nobis
3496 5663 3588 5702 ac-

2003 5744 2288 5812 quiescere
2329 5743 2505 5809 libuit,
2535 5752 2591 5799 et
2617 5742 2868 5813 prtel'atas
2902 5752 3086 5801 teme
3118 5743 3301 5798 eidem
3342 5740 3588 5795 eet‘iesize

2006 5836 2302 5892 secundum
2351 5834 2738 5892 dimensionem
2799 5828 2857 5891 cit
2919 5830 3381 5892 collate'r'ationc'm
3433 5836 3585 5888 suam
