4048 6350
502 357 634 414 1071

493 466 911 545 praesentialiter
951 464 1164 525 tradere
1211 462 1385 517 libuit.
1439 459 1775 531 Quapropter
1827 457 2075 513 volumus
2101 458 2156 519 Α

498 574 661 637 atque
696 562 949 631 jubemus
987 565 1047 613 ut
1088 572 1186 627 per
1230 557 1369 611 hanc
1399 563 1641 609 nostram
1672 552 2073 615 auctoritatem,

497 656 700 717 nostris
740 653 992 710 videlicet
1038 659 1092 705 ct
1144 648 1340 703 futuris
1390 646 1746 717 temporibus,
1794 645 2080 715 praedictas

497 760 675 807 terras
713 746 1009 804 secundum
1057 742 1448 798 dimensionem
1472 749 1529 797 et
1563 739 2023 796 collaterationem
2047 752 2080 791 a

497 830 680 895 missis
731 836 932 892 nostris
984 833 1297 908 dispositam
1352 831 1647 902 prmdictus
1677 829 2080 884 Wendilmarus

498 937 784 1006 episcopus
806 931 1030 1002 ejusque
1047 942 1408 991 successores,
1432 925 1520 981 vel
1543 924 1893 995 congregatio
1915 921 2083 991 ipsius

500 1024 676 1082 sancti
701 1022 805 1077 loci
840 1021 895 1075 in
926 1028 1115 1075 nostra
1135 1018 1476 1088 eleemosyna
1499 1031 1791 1072 concessas
1822 1014 2080 1077 habeant,

500 1123 665 1183 atque
688 1110 811 1182 jure
840 1117 1102 1180 perpetuo
1132 1107 1187 1161 in
1223 1107 1429 1161 ditione
1457 1106 1627 1175 ipsius
1673 1103 1923 1159 ecclesia:
1949 1117 2079 1157 con-

499 1209 721 1272 sistant;
746 1206 821 1259 ita
842 1204 1105 1259 duntaxat
1128 1210 1188 1255 ut
1214 1200 1472 1271 quidquid
1503 1199 1569 1255 de
1592 1199 1709 1268 ipsa
1737 1197 1823 1251 vel
1859 1196 1915 1250 in
1946 1195 2083 1264 ipsa,

499 1301 569 1355 ob
617 1298 907 1353 utilitatem
952 1302 1007 1349 et
1033 1292 1335 1364 profectum
1362 1290 1530 1361 ipsius
1572 1289 1832 1353 ecclesim,
1857 1286 1980 1356 jure
2005 1301 2090 1341 ec-

501 1390 806 1448 clesiastico
843 1386 1025 1442 facere
1057 1384 1346 1448 voluerint,
1396 1381 1565 1436 libero
1603 1381 1659 1435 in
1688 1379 1939 1434 omnibus
1967 1391 2088 1446 per-

500 1483 756 1538 fruantur
789 1477 1016 1533 arbitrio
1065 1473 1317 1530 faciendi.
1368 1471 1519 1527 Hanc
1560 1470 1758 1540 quippe
1799 1467 2091 1522 auctorita-

502 1582 633 1638 tem,
677 1579 737 1627 ut
766 1569 1065 1641 pleniorem
1094 1566 1151 1621 in
1189 1565 1283 1621 Dei
1310 1562 1529 1617 nomine
1557 1560 1801 1615 obtineat
1828 1557 2088 1628 vigorem,

502 1671 558 1718 et
586 1677 619 1716 a
645 1659 890 1715 ﬁdelibus
926 1662 1129 1712 sanctae
1178 1654 1276 1709 Dei
1306 1650 1566 1707 Ecclesia:
1594 1664 1661 1703 ac
1686 1647 1887 1702 nostris
1911 1646 2093 1701 verius

501 1751 779 1817 credatur,
825 1756 881 1804 et
921 1745 1233 1816 diligentius
1268 1750 1633 1807 conservetur,
1665 1740 1734 1795 de
1762 1738 1961 1794 annulo
1999 1752 2094 1792 no-

502 1853 617 1900 stro
647 1843 837 1900 subter
859 1840 1124 1913 jussimus
1159 1837 1405 1910 sigillari.

570 1933 908 1991 Roimundus
929 1928 1347 2005 [Faramuudus]
1379 1928 1447 1983 ad
1466 1928 1640 1984 vicem
1655 1924 1974 1985 Helisach'ar
2001 1936 2090 1977 re-

504 2027 778 2099 cognovit.

575 2120 711 2174 Data
754 2134 832 2174 xu
879 2117 1000 2173 Kal.
1033 2114 1368 2182 Decembris,
1397 2129 1558 2178 anno,
1596 2112 1811 2169 Christo
1834 2109 2092 2181 propitio,

507 2211 724 2281 imperii
771 2208 976 2265 domini
1028 2207 1203 2262 nostri
1252 2205 1307 2271 li,
1359 2218 1386 2246 ιι
1439 2204 1731 2260 indictione
1774 2203 1861 2256 ll.
1901 2200 2096 2256 Actum

505 2299 837 2371 Aquisgrani
888 2296 1092 2369 palatio
1142 2295 1287 2366 regio
1339 2295 1395 2349 in
1449 2295 1545 2350 Dei
1575 2294 1793 2350 nomine
1842 2292 2093 2348 feliciter.

511 2389 689 2446 Amen
718 2390 768 2444 ιι.
1450 2421 1455 2425 ς

1203 2476 1413 2534 LXXII.

979 2586 1078 2628 PRO
1104 2587 1356 2628 ECCLESIA
1384 2583 1647 2625 RBEIIENSI
1659 2606 1671 2623 ι

1125 2661 1297 2735 (Αηηο
1342 2662 1405 2717 8i
1418 2659 1495 2734 7.)

543 2753 724 2831 [Apud
745 2756 815 2831 D.
840 2757 1126 2831 Bouq_uet.,
1138 2754 1312 2831 λιγείῃ,
1332 2768 1455 2831 pag.
1483 2750 1610 2816 510,
1638 2764 1706 2806 ex
1729 2748 2065 2831 Elodoardo,

759 2828 857 2882 lib.
886 2843 924 2882 ιι
951 2818 1094 2880 Hist.
1114 2818 1538 2887 ‘Eccleszomn
1568 2835 1689 2891 cap.
1721 2818 1853 2892 19.]

579 2941 640 2996 In
680 2940 898 2995 nomine
932 2915 1145 2992 Domini
1190 2936 1288 2991 Dei
1328 2943 1383 2990 et
1426 2933 1725 2988 Salvatoris
1766 2934 1937 2988 nostri
1976 2931 2103 2988 Jesu

510 3032 737 3097 Christi,
758 3029 1085 3094 Ludovicus,
1109 3027 1291 3083 divina
1312 3025 1597 3081 ordinante
1617 3024 1979 3095 providentia,
2007 3024 2105 3078 im-

511 3129 734 3194 perator
755 3119 1050 3192 Augustus.

1608 339 1935 400 LUDOVICI
1972 338 1992 393 Ι
2027 326 2494 394 COGNOMENTO
2529 325 2616 382 PII

3622 310 3767 368 ωτι

2177 447 2233 502 in
2273 460 2383 517 quo
2409 455 2595 499 sumus
2632 442 2853 513 auctore
2891 429 3125 488 Domino
3146 427 3447 494 constituti,
3477 426 3550 482 ab
3578 426 3769 482 eodem

2182 536 2526 592 dominorum
2571 528 2803 585 Domino
2854 523 3110 594 deinceps
3163 518 3594 584 constituendis,
3645 517 3777 586 quia

2181 629 2296 684 Ebo
2324 622 2648 683 venerabilis
2670 617 3112 687 archiepiscopus
3142 611 3463 669 Rhemensis
3492 610 3774 673 Ecclesiae,

2181 731 2238 777 et
2268 715 2721 775 reverentissime:
2750 712 2896 768 sedis
2926 709 3101 766 sancti
3129 706 3361 776 Remigii
3392 703 3779 776 gloriosissimi

2179 811 2457 884 pontiﬁcis
2484 817 2539 864 et
2566 805 2815 879 specialis
2840 802 3051 875 patroni
3078 800 3251 856 nostri
3278 797 3512 869 prmsul,
3540 796 3782 852 clemen-

2186 907 2272 960 tiae
2297 910 2495 959 nostra:
2538 898 2803 962 innotuit,
2852 895 2977 965 quia
3028 892 3309 948 vetustatis
3350 890 3506 945 senio
3546 888 3783 944 contrita

2179 992 2291 1061 jam
2319 994 2474 1048 dictae
2515 988 2831 1059 metropolis
2855 986 3007 1041 urbis
3034 990 3221 1040 sancta
3259 989 3434 1037 mater
3460 988 3653 1036 nostra
3681 979 3787 1034 Ec-

2187 1086 2371 1151 clesia,
2398 1087 2453 1139 in
2482 1085 2685 1139 honore
2709 1087 2911 1137 sanctte
2933 1091 3255 1146 semperque
3278 1074 3507 1145 virginis
3537 1088 3605 1127 ac
3633 1071 3788 1143 geni-

2189 1178 2341 1233 tricis
2371 1176 2551 1230 Mariae
2579 1181 2896 1230 consecrata
2916 1213 2931 1237 ,
2981 1170 3258 1224 existeret.
3300 1168 3360 1222 In
3387 1182 3494 1237 qua
3512 1208 3529 1232 ,
3561 1174 3790 1221 auctore

2190 1267 2332 1332 Deo,
2384 1271 2438 1320 et
2482 1270 2835 1334 c00peratore
2878 1267 3068 1315 sancto
3112 1256 3393 1328 Remigio,
3427 1272 3565 1327 gens
3601 1264 3790 1310 nostra

2190 1355 2547 1418 Francorum,
2576 1369 2699 1407 cum
2725 1351 3001 1421 :equivoco
3028 1356 3214 1403 nostro
3238 1362 3364 1419 rege
3389 1347 3641 1415 ejusdem
3667 1362 3793 1417 gen-

2192 1451 2282 1516 tis,
2319 1449 2459 1504 sacri
2488 1447 2653 1501 fontis
2684 1446 3014 1516 baptismate
3043 1442 3187 1497 ablui
3223 1456 3289 1495 ac
3325 1439 3636 1511 septiformi
3671 1439 3794 1511 Spi-

2193 1541 2331 1594 ritus
2357 1537 2529 1593 sancti
2560 1535 2736 1607 gratia
2781 1533 3041 1589 illustrari
3081 1532 3403 1602 promeruit.
3450 1529 3561 1586 Sed
3592 1540 3648 1586 et
3678 1532 3796 1602 ipse

2195 1649 2291 1689 rex
2316 1617 2686 1687 nobilissimus
2727 1631 2795 1684 ad
2828 1628 3029 1699 regiam
3074 1634 3396 1697 potestatem
3429 1625 3665 1696 perungi
3699 1624 3798 1681 Dei

2196 1726 2481 1783 clementia
2512 1724 2708 1795 dignus
2738 1722 2988 1776 inventus
3018 1719 3136 1774 fuit.
3163 1719 3264 1774 Ubi
3296 1719 3461 1773 etiam
3490 1726 3550 1771 et
3578 1733 3683 1772 nos
3716 1717 3800 1773 di-

2120 1830 2170 1890 Β
2196 1818 2321 1872 vina
2350 1815 2662 1889 dignatione
2689 1828 2788 1884 per
2815 1827 3009 1866 manus
3039 1809 3223 1866 domui
3255 1808 3515 1878 Stephani
3554 1806 3793 1862 Romani

2196 1909 2394 1966 summi
2418 1906 2694 1979 pontificis
2713 1904 2782 1959 ad
2807 1919 3000 1960 nomen
3027 1911 3082 1958 et
3103 1910 3430 1972 potestatem
3455 1902 3799 1972 imperialem

2196 2000 2445 2058 coronari
2473 1998 2787 2054 meruimus.
2817 1996 2987 2064 Quam
3009 2010 3106 2066 pro
3130 1994 3296 2049 tantis
3318 1992 3608 2048 beneﬁciis
3634 1993 3801 2050 nobis

2198 2092 2401 2149 ibidem
2428 2107 2460 2146 a
2495 2090 2607 2146 Deo
2645 2087 2856 2144 collatis
2897 2100 3159 2141 renovare
3199 2084 3514 2155 cupientes,
3547 2092 3607 2138 et
3643 2084 3720 2139 ad
3750 2085 3804 2140 id

2199 2184 2607 2255 exsequendum
2635 2181 2740 2237 loci
2767 2178 3263 2236 incommoditatem
3302 2184 3620 2241 cernentes,
3672 2191 3805 2230 con-

2200 2280 2443 2337 cedimus
2466 2277 2534 2332 ad
2560 2277 2663 2332 hoc
2690 2289 2826 2345 Opus
2855 2283 2912 2328 et
2939 2271 3007 2326 ad
3039 2278 3234 2326 caetera
3264 2284 3493 2340 quaeque
3532 2284 3640 2340 pro
3681 2283 3803 2323 ser-

2201 2388 2391 2428 vorum
2433 2369 2527 2425 Dei
2572 2368 2772 2424 ibidem
2821 2365 3131 2438 degentium
3164 2364 3592 2420 necessitatibus
3630 2362 3805 2418 aediﬁ-

2201 2463 2396 2527 canda,
2427 2473 2646 2516 murum
2673 2472 2891 2513 omnem
2920 2471 3042 2511 cum
3065 2456 3241 2526 portis
3268 2454 3440 2525 ipsius
3458 2454 3735 2521 civitatis,
3753 2463 3808 2510 et

2199 2570 2416 2610 omnem
2444 2540 2688 2624 operam,
2722 2566 2844 2606 cum
2871 2549 3082 2605 cunctis
3118 2547 3405 2619 impendiis
3424 2588 3440 2615 ,
3473 2563 3602 2618 qua:
3630 2562 3703 2602 ex
3724 2562 3809 2603 re-

2200 2647 2304 2700 bus
2354 2651 2411 2698 et
2447 2641 2796 2698 facultatibus
2847 2640 3017 2711 ipsius
3064 2638 3306 2696 ecclesia:
3349 2646 3405 2693 et
3450 2638 3807 2708 episcopatus

2202 2737 2528 2792 Rhemensis
2551 2735 2723 2806 Aquis
2750 2734 2952 2805 palatio
2978 2740 3166 2789 nostro
3198 2731 3350 2805 regio
3390 2732 3585 2804 peragi
3618 2741 3677 2786 et
3713 2748 3810 2787 ex-

2203 2828 2339 2884 solvi
2368 2826 2588 2884 solitum
2617 2826 2814 2892 fuerat,
2839 2826 2893 2880 in
2924 2825 3269 2897 eleemosyna
3305 2823 3565 2879 videlicet
3594 2831 3807 2888 nostra,

2203 2931 2259 2978 et
2291 2937 2392 2995 pro
2420 2921 2664 2978 remedio
2693 2922 2887 2976 anima:
2910 2919 3093 2975 domui
3129 2935 3193 2975 ac
3220 2920 3484 2991 genitoris
3512 2920 3697 2975 nostri
3720 2926 3808 2973 at-

2204 3030 2311 3088 que
2335 3021 2659 3071 caeterorum
2684 3013 3147 3085 praedecessorum
3168 3021 3499 3075 nostrorum,
3536 3013 3637 3083 qui
3661 3028 3810 3068 eum-

2206 3109 2330 3164 dem
2369 3107 2741 3179 episcopatum
2785 3115 2976 3162 contra
3018 3105 3248 3161 salutem
3289 3121 3443 3161 suam
3483 3106 3808 3177 aliquandiu

586 3211 646 3268 Si
693 3210 826 3266 locis
853 3206 1254 3265 venerabilibus
1282 3220 1347 3260 ea
1373 3220 1493 3277 qua:
1518 3204 1716 3261 exinde
1752 3221 1784 3259 a
1809 3204 2105 3276 praedeces-
2130 3200 2175 3263 C
2209 3208 2513 3266 tenuerant,
2539 3208 2595 3254 et
2618 3200 2675 3254 in
2705 3214 2832 3255 suos
2852 3215 2985 3255 usus
3011 3206 3201 3254 contra
3221 3198 3632 3257 ecclesiasticas
3653 3216 3811 3274 regu-

514 3305 730 3361 soribus
758 3304 961 3359 nostris
1001 3303 1221 3373 regibus
1249 3300 1336 3355 vel
1364 3297 1783 3369 imperatoribus
1814 3298 1882 3352 ad
1924 3298 2102 3369 reipu-

511 3397 670 3453 blicae
698 3411 830 3451 usus
858 3395 1236 3465 exigebantur,
1273 3392 1524 3463 religiosa
1554 3390 1881 3447 liberalitate
1916 3390 1970 3445 in
1999 3390 2106 3444 uti-

513 3486 762 3541 litatibus
783 3494 839 3541 et
862 3485 1280 3541 necessitatibus
1300 3485 1613 3539 eorumdem
1629 3492 1940 3539 sanctorum
1966 3483 2105 3538 loco-

514 3590 637 3630 rum
659 3576 1028 3646 expendendis
1065 3574 1416 3639 remittimus,
1449 3582 1503 3628 et
1529 3573 1769 3628 ﬁdelium
1796 3582 2105 3628 nostrorum

517 3665 894 3721 saluberrimis
934 3680 1034 3735 pro
1079 3666 1181 3719 hac
1221 3664 1411 3719 eadem
1458 3679 1519 3718 re
1567 3662 1999 3734 suggestionibus
2042 3678 2108 3717 ac

517 3756 1188 3828 petitionibus’bcnignum
1229 3754 1634 3809 commodamus
1661 3769 1961 3819 assensum,
1992 3768 2109 3807 ma-

516 3849 729 3902 ximum
756 3856 813 3903 et
835 3848 1031 3903 animae
1058 3854 1283 3912 nostrze,
1314 3853 1370 3900 et
1394 3846 1554 3916 regim
1581 3860 1646 3900 ac
1669 3859 1836 3914 regno
1863 3844 2110 3914 provide-

516 3954 639 3994 mus
658 3938 1004 3995 consultum:
1045 3940 1173 4009 quia
1209 3940 1345 3994 nihil
1380 3940 1622 3995 cernitur
1662 3939 1969 4010 reipublicae
2009 3939 2110 3993 im-

516 4028 807 4095 minutum,
839 4029 1102 4099 quidquid
1127 4043 1196 4083 ex
1220 4027 1410 4084 eadem
1442 4028 1718 4099 republica
1747 4030 1852 4099 piis
1877 4029 2106 4092 actibus,

410 4112 414 4116 “
517 4125 574 4171 et
596 4117 730 4173 locis
750 4118 1037 4189 religiosis,
1068 4134 1132 4174 ac
1152 4118 1509 4175 ecclesiarum
1534 4119 1629 4174 Dei
1650 4121 1995 4184 utilitatibus,
2015 4133 2110 4174 seu

517 4224 796 4265 servorum
827 4209 923 4264 Dei
949 4209 1117 4264 fuerit
1147 4211 1517 4266 commoditati
1545 4212 1830 4267 indultum.
1862 4212 2109 4283 Quapro-

436 4298 449 4310 ⁸
516 4310 641 4372 pter
687 4309 875 4356 notum
918 4315 1039 4357 esse
1073 4301 1324 4357 volumus
1372 4302 1626 4357 omnibus
1671 4302 1970 4374 [Ecclesiae]
2014 4303 2111 4358 Dei

520 4393 799 4458 ﬁdelibus,
843 4393 1202 4464 praesentibus
1247 4392 1456 4449 scilicet
1482 4402 1537 4448 et
1574 4393 1803 4461 futuris,
1843 4395 2113 4466 praecipue

521 4499 735 4554 quoque
775 4484 1183 4538 successoribus
1214 4483 1417 4538 nostris
1445 4482 1501 4537 in
1530 4484 1813 4553 potestatis
1843 4484 2107 4551 culmine,

592 4596 900 4722 ;‘blrudictio
957 4597 1242 4653 undecima
1304 4597 1605 4655 inchoanda
1663 4616 1695 4654 a
1748 4615 1932 4656 mense
1985 4600 2110 4671 Sep-

710 4685 745 4721 I.

523 4668 745 4722 tembri.

596 4738 623 4777 b
662 4737 744 4792 Ad
773 4740 1103 4811 annu_mg8l7
1153 4738 1390 4811 refertur
1417 4739 1653 4811 diploma
1681 4755 1712 4793 a
1741 4740 1961 4795 Baluzio
2000 4741 2112 4795 vul-

523 4815 711 4889 gatum
741 4816 885 4862 tomo
914 4809 932 4862 l
958 4808 1372 4890 Capitularium,
1402 4808 1525 4931 pal'g.
1567 4810 1690 4874 591,
1720 4826 1828 4880 quo
1874 4811 2111 4866 Ludovi-

524 4894 622 4931 cus
652 4877 781 4931 Pius
807 4877 1126 4931 donationes
1166 4880 1421 4931 Ecclesiae
1504 4896 1713 4931 omanm
1741 4882 1808 4931 ab
1844 4897 1944 4931 avo
1988 4882 2111 4931 Pin-

524 4877 622 4952 cus
652 4877 781 4933 Pius
807 4877 1126 4952 donationes
1166 4877 1421 4952 Ecclesiae
1458 4877 1713 4952 Romana:
1739 4877 1808 4935 ab
1844 4897 1944 4935 avo
1988 4882 2113 4952 Pip-

524 4949 653 5072 plino
685 4958 740 5005 et
788 4965 819 5003 a
846 4948 1040 5004 Carolo
1084 4957 1237 5020 patre
1284 4950 1456 5005 factas
1517 4950 1842 5007 conﬁrmare
1890 4948 2108 5007 dicitur.

578 5034 677 5072 are
722 5019 982 5072 Ludovici
1035 5020 1381 5072 donationem
1429 5037 1536 5072 non
1575 5022 1755 5072 minus
1789 5024 2108 5072 commenti-

578 5034 677 5075 arc
722 5019 982 5075 Ludovici
1035 5019 1381 5075 denationem
1429 5037 1537 5076 non
1575 5022 1755 5078 minus
1789 5024 2111 5078 commenti-

526 5089 671 5175 tiaui
702 5105 865 5175 quam
896 5105 1015 5175 qua:
1028 5088 1397 5175 Constantina
1418 5092 1609 5175 Magno
1632 5090 1924 5175 afﬁngitur,
1961 5102 2115 5175 putat

528 5157 929 5239 Dagiusadan.
954 5159 1080 5239 8l7,
1102 5176 1250 5239 num.
1277 5160 1327 5214 7.
1357 5157 1540 5239 Esto}.
1558 5165 1740 5239 enim,_
1758 5157 2117 5239 ﬁ|q_uit_,_'Pon-

530 5227 767 5303 tiﬁcibus
788 5230 1046 5285 Romanis
1071 5231 1162 5301 qui
1187 5232 1324 5303 dona
1346 5247 1374 5285 a
1392 5232 1619 5302 Pippino
1633 5242 1689 5287 et
1702 5227 1896 5288 Carolo
1921 5234 2114 5303 Magno

531 5297 711 5371 facta_
725 5297 1113 5371 memoramnt,
1155 5300 1333 5356 nullus
1359 5311 1442 5355 est
1457 5297 1561 5371 qui
1594 5304 1902 5358 donationis
1944 5297 2117 5360 Lu'do-

530 5365 759 5442 vici_Pi_i
789 5371 1123 5435 meminerit;
1156 5365 1508 5442 quiainempé
1530 5373 1888 5442 justissimum
1918 5376 2119 5430 haben-

531 5447 617 5494 tes
634 5436 847 5491 titulum
879 5454 1058 5512 rerpm
1088 5442 1156 5495 ab
1177 5436 1423 5512 Ecclesia
1441 5436 1833 5512 possessarum,
1865 5445 2114 5499 ﬁctilium

530 5516 923 5585 contempsere.
957 5509 1223 5565 Praeterea
1255 5511 1380 5567 Otto
1406 5509 1803 5585 l'etﬁenricus
1831 5514 1851 5568 l
1881 5516 2114 5585 impera-

532 5589 685 5654 tores
706 5579 1332 5654 sigillatim‘enumerant
1355 5599 1474 5652 qua:
1510 5583 1768 5654 Pippinus
1792 5593 1849 5641 et
1886 5579 2114 5641 Ca'rolus

532 5649 1055 5727 Magnus'Ecclesia:
1090 5650 1347 5709 Romanae
1373 5649 1686 5727 :donarunt,
1735 5670 1907 5727 eaque
1944 5657 2116 5727 diplo-

534 5721 774 5777 matibus
792 5721 907 5776 suis
919 5720 1271 5789 conﬁrmant;
1298 5724 1393 5779 sed
1412 5724 1725 5780 donationis
1741 5720 2115 5783 Ludoviciante

536 5791 866 5847 mentionem
896 5805 1003 5847 non
1027 5791 1226 5849 fecere.
1254 5792 1366 5849 Leo
1387 5793 1670 5862 Ostiensis,
1702 5797 1883 5853 saeculi
1908 5798 2112 5854 duode-

2136 4561 2189 4621 D

2208 3295 2289 3349 las
2316 3308 2405 3349 res
2432 3309 2498 3349 ac
2524 3291 2812 3348 facultates
2836 3290 3094 3347 Ecclesize
3120 3291 3290 3362 ipsius
3317 3294 3732 3362 expenderent;
3756 3306 3809 3352 et

2206 3386 2277 3441 ob
2302 3386 2407 3440 hoc
2432 3384 2631 3451 minus,
2664 3397 2829 3453 quam
2854 3382 3147 3449 debuerat,
3179 3382 3425 3438 utilitatis
3468 3385 3651 3439 sacris
3673 3385 3811 3442 locis

2207 3477 2264 3532 in
2289 3477 2479 3531 eodem
2506 3475 2817 3546 episcopatu
2858 3475 3168 3529 constitutis
3212 3474 3408 3531 exinde
3448 3486 3807 3546 provenerat.

2210 3557 2470 3624 Voluufhs
2497 3567 2662 3623 etiam
2688 3574 2747 3622 ut
2767 3567 2984 3623 vassalli
3007 3575 3061 3622 et
3085 3568 3396 3639 quicunque
3421 3567 3618 3625 ﬁdeles
3638 3570 3808 3626 nostri

2209 3674 2276 3714 ex
2305 3659 2471 3713 rebus
2491 3656 2732 3726 ejusdem
2765 3657 3109 3727 episcopatus
3135 3656 3339 3727 aliquid
3366 3657 3596 3722 habent,
3633 3660 3809 3714 eidem

2209 3750 2359 3820 operi
2387 3749 2706 3815 inserviant,
2742 3748 2882 3803 sicut
2926 3747 3279 3802 constitutum
3321 3755 3407 3802 est
3442 3762 3477 3801 a
3514 3748 3677 3803 bona:
3706 3765 3811 3805 me-

2210 3845 2399 3900 moriae
2422 3844 2620 3899 domno
2640 3850 2696 3898 et
2721 3842 2963 3913 genitore
2989 3848 3210 3907 nostro;
3251 3848 3308 3896 et
3344 3840 3487 3895 sicut
3525 3841 3809 3897 decretum

2211 3947 2291 3993 est
2322 3955 2353 3993 a
2385 3938 2490 4009 pim
2528 3936 2922 3992 recordationis
2953 3935 3170 3991 domino
3205 3942 3262 3991 et
3304 3949 3405 3989 avo
3450 3943 3645 3991 nostro
3682 3934 3811 4006 Pip-

2209 4032 2359 4101 pino,
2384 4030 2625 4085 decimas
2643 4037 2699 4084 et
2717 4044 2890 4087 nonas
2913 4028 3088 4084 eidem
3110 4028 3358 4083 ecclesiae
3377 4042 3446 4083 ex
3480 4029 3647 4083 rebus
3670 4042 3812 4097 quas

2212 4120 2336 4175 inde
2368 4119 2590 4183 habent,
2620 4118 2948 4188 persolvant.
2980 4117 3111 4174 Vias
3133 4117 3299 4172 etiam
3320 4117 3570 4187 publicas
3590 4132 3808 4185 omnes,

2213 4231 2333 4285 qua:
2351 4218 2494 4273 circa
2518 4218 2761 4273 eamdem
2787 4216 3073 4273 ecclesiam
3100 4216 3326 4282 vadunt,
3344 4223 3399 4270 et
3418 4215 3811 4285 impedimento

2212 4324 2332 4365 esse
2356 4319 2582 4381 possunt
2608 4311 2675 4366 ad
2704 4310 2941 4366 claustra
2971 4317 3027 4365 et
3053 4324 3334 4365 servorum
3364 4309 3459 4363 Dei
3496 4308 3810 4365 habitacula

2215 4402 2594 4467 construenda,
2638 4408 2699 4456 ut
2740 4401 3023 4457 transferri
3053 4409 3216 4472 atque
3257 4401 3535 4456 immutari
3568 4402 3808 4473 possint,

2215 4492 2583 4546 concedimus.
2611 4491 2746 4547 Etsi
2774 4491 2977 4561 aliquid
2998 4492 3073 4547 ibi
3100 4492 3166 4548 de
3188 4491 3320 4548 ﬁsco
3342 4501 3531 4548 nostro
3550 4491 3807 4559 habetur,

2215 4604 2341 4678 cimi
2372 4604 2526 4678 initio
2575 4605 2908 4671 demortuus,
2941 4607 3149 4678 primus
3188 4605 3289 4661 fuit
3323 4608 3415 4675 qui
3458 4607 3579 4678 ejus
3612 4608 3808 4678 memi-

2214 4676 2668 4748 nerit,_ideoque
2718 4692 2825 4731 non
2875 4677 3047 4731 multo
3087 4686 3213 4731 ante
3255 4676 3562 4748 excogitata
3603 4677 3802 4734 fuerat.

2214 4745 2521 4818 Ludovicus
2565 4762 2629 4801 ea
2676 4748 2966 4818 donatione
3019 4749 3290 4818 concedit;
3320 4745 3633 4818 apostolica:
3689 4751 3807 4805 sedi

2214 4816 2417 4871 insulas
2455 4817 2723 4872 Corsicam
2767 4826 2815 4871 et
2847 4817 3155 4872 Sardiniam
3182 4829 3233 4872 et
3262 4816 3503 4873 Siciliam
3534 4820 3632 4872 sub
3675 4822 3807 4874 inte-

2215 4887 2402 4958 gritate
2447 4905 2564 4942 cum
2613 4889 2849 4942 omnibus
2880 4888 3245 4958 adjacentilms
3287 4890 3567 4943 territorii:
3599 4906 3613 4918 ·
3643 4898 3698 4945 et
3725 4899 3806 4944 ta-

2217 4955 2338 5012 men
2367 4955 2552 5012 Sicilia
2582 4973 2858 5029 numquam
2910 4955 2964 5012 in
2996 4966 3262 5029 potestate
3286 4958 3466 5013 Caroli
3500 4958 3677 5029 Magni
3706 4975 3806 5015 nec

2216 5041 2592 5082 successorum
2623 5026 2743 5082 fuit.
2793 5026 3035 5098 Denique
3065 5028 3117 5082 in
3152 5043 3213 5082 ea
3251 5029 3543 5083 donatione
3571 5026 3806 5084 Ludovi-

2216 5114 2314 5153 cus
2371 5098 2559 5170 statnit
2601 5106 2680 5170 ut.
2722 5107 2953 5170 mortuo
2995 5098 3250 5168 pontiﬁce
3313 5099 3579 5164 Romano,
3642 5115 3802 5170 que

2216 5184 2407 5224 omnes
2428 5167 2661 5241 Romani
2688 5168 2971 5237 elegerint,
2999 5167 3119 5241 Sine
3144 5171 3325 5240 aliqua
3361 5167 3715 5241 ambiguitate
3748 5179 3805 5225 et

2218 5239 2647 5293 contradictione
2688 5254 2840 5293 more
2884 5240 3145 5295 canonico
3175 5239 3544 5295 consecretur.
3574 5241 3645 5295 Et
3684 5258 3803 5295 cum

2219 5318 2552 5364 consecratus
2600 5309 2781 5379 fuerit,
2827 5308 3024 5380 inquit,
3055 5308 3212 5380 legati
3239 5312 3307 5364 ad
3334 5328 3425 5363 nos
3451 5310 3529 5364 vel
3568 5312 3640 5364 ad
3679 5327 3803 5364 stu:-

2219 5396 2446 5450 cessores
2488 5378 2693 5434 nostros
2735 5396 2877 5450 reges
2910 5378 3263 5434 Francorum
3320 5381 3642 5450 dirigantur,
3693 5390 3799 5435 etc.

2220 5449 2371 5515 Quod
2420 5465 2628 5504 merum
2671 5458 3035 5505 commentum
3082 5458 3186 5515 est,
3215 5466 3359 5513 cum,
3388 5449 3504 5519 ipso
3535 5452 3804 5507 Ludovico

2219 5519 2315 5592 Ifio
2340 5519 2576 5592 vivente,
2619 5520 2889 5590 Eugenius
2909 5521 2952 5575 ll
2995 5536 3129 5592 papa
3157 5522 3223 5576 ad
3258 5519 3680 5590 postulationem
3706 5522 3805 5575 Lo-

2220 5589 2384 5662 tharii
2426 5590 2636 5662 imperii
2664 5593 2871 5661 paterni
2922 5589 3141 5658 collega:
3188 5589 3440 5647 statuerit
3483 5602 3541 5647 ut
3563 5592 3801 5661 pontifex

2220 5658 2636 5735 Romanus'nou
2666 5658 3014 5735 consecretur
3047 5663 3150 5735 nisi
3181 5663 3235 5718 in
3270 5658 3579 5735 praesentia
3602 5664 3805 5735 legato-

2220 5745 2344 5786 rum
2371 5732 2733 5814 imperialiurn
2762 5750 2774 5786 ε
2806 5734 2948 5814 quod
2985 5741 3101 5789 toto
3137 5734 3241 5789 hoc
3268 5732 3467 5789 seculo
3495 5743 3553 5790 et
3580 5732 3721 5788 ultra
3746 5732 3801 5786 in

2219 5817 2322 5857 usu
2346 5801 2579 5873 positum
2622 5801 2741 5858 fuit.
2825 5801 2867 5814 “’
