4048 6350
508 354 644 411 1075

1180 472 1407 527 LXXIV.

880 622 887 627 ,
963 577 1067 619 PM
1098 578 1443 619 ιοιιιθηιιιο
1461 579 1507 618 8.
1539 578 1715 621 ωιω.

1134 654 1313 726 (Διιιο
1341 654 1495 727 sn.)

570 750 748 825 [Apud
768 751 1052 823 Neugart.,
1078 748 1260 806 Codex
1288 748 1687 816 Alemannious,
1708 765 1839 822 pag.
1862 750 2013 824 l65.]

566 864 625 920 In
665 864 897 920 nomine
928 863 1138 919 Domini
1170 862 1265 918 Dei
1311 871 1367 917 et
1412 861 1709 919 Salvatoris
1745 864 1915 919 nostri
1955 863 2084 921 Jesu

494 949 721 1022 Christi,
756 953 1057 1011 Ludovicus
1086 954 1266 1009 divina
1294 953 1578 1010 ordinante
1613 954 1948 1025 providentia
1985 954 2084 1009 inv

494 1058 717 1121 perator
747 1048 1041 1119 Augustus,
1074 1048 1323 1101 munibus
1357 1047 1644 1102 comitibus
1684 1047 1928 1117 partibus
1958 1046 2084 1101 Ala-

493 1142 746 1205 mannim,
779 1155 871 1195 seu
905 1139 1308 1194 successioribus
1343 1146 1503 1207 atque
1523 1137 1829 1207 junioribus
1863 1140 2078 1205 vestris,

492 1233 579 1288 vel
607 1232 857 1287 omnibus
895 1230 1139 1286 ﬁdelibus
1166 1230 1382 1293 nostris,
1415 1238 1599 1284 notum
1619 1229 1688 1283 sit
1716 1230 1841 1298 quia
1876 1229 2083 1299 placuit

492 1324 649 1380 nobis
673 1338 773 1393 pro
799 1322 1032 1377 remedio
1061 1321 1253 1375 animae
1282 1326 1499 1385 nostrae,
1530 1328 1584 1374 et
1603 1327 1820 1375 aeterna:
1847 1320 2080 1374 retribu-

494 1416 655 1471 tionis
688 1415 940 1476 l'ructum,
971 1412 1299 1467 menasterio
1341 1410 1398 1465 S.
1434 1409 1595 1475 Galli,
1620 1410 1763 1479 quod
1788 1417 1869 1465 est
1912 1410 2078 1465 situm

490 1507 546 1562 in
566 1516 704 1577 pago
728 1500 1062 1577 Durguowai,
1094 1503 1183 1557 ubi
1207 1501 1545 1557 Gauzbertus
1566 1500 1891 1557 venerabilis
1909 1501 2078 1557 abbas

486 1606 701 1670 praeest,
760 1604 814 1653 et
835 1595 1239 1667 congregationi
1268 1593 1433 1663 ipsius
1466 1592 1779 1647 monasterii
1805 1593 2077 1661 quoddam

487 1704 708 1744 censum
730 1688 798 1744 de
816 1690 1003 1758 supter
1031 1687 1245 1758 scriptis
1266 1674 1489 1750 mansis,
1522 1684 1651 1740 illud
1670 1686 1813 1756 quod
1832 1687 2076 1755 partibus

486 1782 747 1836 comitum
780 1779 931 1836 exire
964 1778 1194 1844 solebat,
1230 1779 1377 1834 salva
1407 1786 1591 1832 tamen
1622 1776 1920 1845 functione,
1954 1793 2075 1849 quae

1637 329 1962 412 Lunensi
1998 356 2019 412 1
2056 353 2535 417 COGNOIIENTO
2563 357 2649 417 Pii

2114 484 2442 542 Aniensem
2501 473 3210 548 “amputaretpanaum
3246 477 3479 539 ueritati
3514 483 3581 541 de
3630 486 3775 544 Tan-

3631 370 3771 426 ηπ

2184 565 2517 637 niughouuin
2540 575 2564 614 1
2593 566 2697 622 :de
2730 566 3036 623 ministerio
3072 568 3304 627 Odalrici
3353 575 3573 632 comitis
3623 595 3775 636 mau-

2186 672 2308 719 sunt
2348 657 2583 711 Rihwini
2632 658 2705 712 de
2747 655 2945 713 Statim
2974 668 2999 697 ι
3023 660 3092 715 de
3142 659 3454 719 Iavacdorl‘
3474 678 3535 707 ιι
3566 674 3774 731 manu;

2184 750 2467 807 lsamberti
2495 791 2510 815 ,
2539 758 2594 804 et
2623 750 2939 817 Ruadberti,
2977 759 3033 807 et
3075 738 3383 823 Ruatbaldi,
3430 766 3487 816 et
3536 761 3770 830 Arnolti,

2184 850 2241 897 et
2264 858 2508 897 mansum
2526 841 3113 899 WalbertideFishacb
3133 844 3214 910 διδ,
3232 853 3288 901 et
3315 862 3567 905 mansum
3594 852 3776 910 Theo-

2182 935 2462 991 tramaide
2484 934 2850 991 Clilusturnou
2876 948 2957 1001 se,
2979 953 3100 1006 quas
3114 936 3250 993 ﬁunt
3274 939 3435 999 simini
3457 958 3633 1009 nvu,
3658 945 3776 1000 uul-

2183 1025 2296 1081 lum
2323 1040 2543 1081 censum
2575 1034 2668 1080 aut
2700 1027 2984 1092 tributum,
3028 1035 3123 1082 aut
3160 1044 3348 1098 opera,
3368 1030 3459 1085 vel
3491 1042 3774 1100 aratur-as,

2184 1125 2276 1173 aut
2310 1119 2446 1174 alias
2484 1119 2753 1188 quaslibet
2789 1119 3094 1177 ftmctioaes
3129 1123 3347 1193 exigere
3388 1132 3484 1178 aut
3514 1135 3777 1182 exactore

2181 1210 2546 1281 praesumatis,
2584 1210 2680 1265 sed
2699 1212 2840 1266 sicut
2869 1226 2969 1267 nos
2992 1212 3047 1266 in
3070 1221 3257 1268 nostra
3277 1215 3625 1288 eleemosyna
3649 1232 3778 1272 cort-

2182 1302 2469 1367 cessimus,
2523 1303 2598 1357 ita
2640 1312 2901 1372 perpetuo
2942 1313 3217 1360 maneant.
3265 1304 3375 1361 Has
3402 1322 3539 1363 vero
3572 1322 3778 1365 nostra

2182 1397 2524 1451 auctoritatis
2548 1396 2777 1463 litteras,
2799 1405 2858 1451 ut.
2883 1397 2951 1451 ab
2975 1397 3227 1453 omnibus
3250 1398 3444 1454 melius
3477 1401 3778 1456 credantur

2180 1497 2347 1560 atque
2384 1496 2799 1555 conserventur,
2826 1488 2894 1544 de
2930 1489 3131 1545 annulo
3162 1498 3373 1554 nostro.
3401 1492 3596 1550 subter
3607 1491 3779 1562 jussi-

2179 1595 2303 1638 mus
2326 1582 2569 1654 sigillari.

2249 1674 2537 1729 Durandus
2559 1673 2824 1730 diaconus
2850 1673 2921 1730 ad
2938 1674 3113 1730 vicem
3134 1673 3456 1732 Helisachar
3481 1678 3779 1749 recognovi

2178 1772 2236 1819 et
2253 1765 2570 1835 subscripsi.

483 1880 595 1929 tam
626 1882 691 1928 ex
716 1888 958 1939 censum,
983 1874 1145 1944 quam
1173 1886 1239 1929 ex
1273 1873 1555 1938 tributum,
1581 1872 1666 1928 vel
1699 1872 1804 1927 alia
1834 1873 2076 1943 qualibet
2102 1857 2151 1917 Β
2250 1856 2384 1910 θεία
2419 1858 2595 1927 Pridie
2621 1857 2803 1913 Nonas
2830 1855 3036 1925 Iunias:
3078 1875 3220 1915 θηηο
3255 1858 3478 1917 (διπίειο
3512 1862 3778 1933 propitio.
3854 1924 3857 1931 .

483 1970 545 2020 re
564 1962 811 2035 partibus
834 1963 1015 2036 palatii
1036 1965 1205 2018 nostri
1233 1963 1387 2019 exire
1418 1964 1635 2029 debent,
1671 1977 1773 2034 per
1804 1964 1944 2037 hanc
1978 1976 2075 2018 no-

481 2045 667 2119 stram
680 2058 1057 2113 auctoritatem
1102 2058 1420 2111 concedere.
1450 2055 1523 2109 Et
1543 2064 1829 2126 propterea
1848 2058 1947 2111 bas
1976 2070 2075 2111 no-

478 2156 607 2211 strae
653 2153 1076 2226 praescriptionis
1139 2152 1352 2207 litteras
1418 2152 1677 2223 praedicto
1737 2151 2071 2206 monasterio

478 2246 708 2321 ejusqtre
736 2246 1142 2318 congregationi
1192 2245 1311 2301 ﬁeri
1346 2243 1629 2314 iussimus,
1652 2259 1748 2314 per
1786 2257 1923 2314 quas
1950 2260 2069 2299 om-

475 2342 638 2399 nibus
673 2342 829 2398 vobis
864 2339 1206 2412 prazcipimus
1240 2345 1302 2394 ut
1340 2339 1404 2394 de
1433 2337 1637 2392 mansis
1685 2338 2065 2405 denominatis,

475 2432 582 2493 hoc
625 2443 751 2492 est:
785 2435 839 2489 in
880 2434 1183 2489 ministerio
1231 2430 1508 2487 Frumaldi
1555 2426 1770 2485 comitis
1818 2445 2066 2484 mansum

474 2524 732 2585 WeiSarii
756 2527 813 2583 in
839 2525 1176 2597 Huntingun,
1206 2537 1231 2567 ιι
1261 2534 1316 2581 et
1343 2523 1616 2579 Puadonis
1649 2524 1701 2577 in
1726 2522 2006 2593 Cbenigun
2036 2524 2064 2563 b

472 2616 529 2680 et
574 2624 629 2678 in
685 2622 989 2679 ministerio
1026 2618 1327 2676 Cunthardi
1365 2618 1580 2675 comitis
1627 2617 1695 2672 ad
1740 2615 1988 2686 Pisingas
2038 2626 2059 2653 ο

472 2714 719 2772 mansum
737 2710 960 2770 Taionis
989 2721 1045 2768 et
1064 2712 1343 2779 Cuatonis,
1367 2721 1421 2767 et
1446 2724 1697 2766 mansum
1719 2708 1977 2773 Geilonis,
2011 2716 2064 2762 et

472 2823 718 2863 mansum
748 2806 1025 2873 Gozberti,
1048 2815 1101 2861 et
1136 2822 1383 2861 mansum
1416 2804 1699 2867 Wolfonis,
1731 2810 1785 2858 et
1812 2816 2062 2857 mansum

470 2892 745 2956 Altm’anni
768 2917 782 2966 ;
807 2899 861 2954 in
891 2900 1192 2955 ministerio
1222 2897 1548 2953 Karamanui
1579 2895 1791 2952 comitis
1813 2897 1884 2950 ad
1904 2895 2063 2950 Secr-

470 2993 657 3063 zingas
678 2988 704 3032 ά
732 2992 934 3046 mansis
959 2990 1118 3045 Atolli
1146 2999 1197 3046 et
1220 2986 1524 3055 Liutboldi;
1561 2989 1628 3043 ad
1659 2986 2016 3058 Swanniugas
2036 2997 2058 3024 ο

469 3086 719 3141 mansum
765 3082 1021 3147 Liubolti,
1054 3092 1108 3142 et
1143 3084 1210 3139 ad
1240 3080 1614 3138 Wilaresbacli
1651 3082 1669 3121 ί
1706 3081 1911 3136 mansis
1952 3076 2060 3135 Ra-

469 3178 588 3235 tolti
627 3187 682 3234 et
734 3177 1017 3249 Herigeri:
1071 3178 1209 3234 etin
1269 3177 1572 3232 ministerio
1620 3172 1915 3231 Hhuadarii
1968 3188 2059 3230 co-

473 3272 623 3327 mitis
642 3273 667 3313 5
695 3266 764 3325 ad
781 3269 1073 3341 Teiningas
1094 3270 1122 3309 ιι
1154 3270 1361 3325 mansis
1387 3269 1687 3335 Amalonis,
1713 3276 1768 3324 et
1783 3267 2054 3335 Gerharti,

466 3370 523 3415 et
544 3354 835 3425 Luitharii,
863 3369 918 3416 et
938 3360 1244 3427 Wolfoerti,
1288 3370 1343 3415 et
1371 3361 1579 3416 Nilonis
1603 3380 1617 3427 ;
1671 3361 1738 3416 ad
1767 3358 2005 3431 Filingas
2034 3361 2051 3399 ί

469 3451 673 3506 mansis
702 3452 936 3506 Witonis
960 3461 1014 3507 et
1047 3452 1355 3517 Ileimonis;
1388 3453 1457 3507 ad
1498 3450 1827 3508 Nordsteum
1854 3449 1869 3501 ἰ
1905 3462 2060 3505 man-

467 3558 587 3599 sum
613 3541 804 3598 Otouis
823 3550 874 3597 et
903 3540 1221 3613 Reginkeri;
1249 3542 1315 3596 ad
1341 3540 1568 3597 Ferrum
1591 3543 1618 3582 ιι
1650 3554 1897 3597 mansum
1923 3536 2058 3596 Pru-

467 3634 611 3705 uingi
651 3642 705 3689 et
731 3632 1013 3705 Waningi;
1040 3636 1108 3690 ad
1136 3630 1488 3705 Speichingas
1515 3631 1534 3672 ι
1564 3650 1810 3689 mansum
1842 3633 2057 3690 Ottonis

463 3737 519 3786 et.
565 3729 936 3795 Waramanui,
977 3741 1032 3785 et
1080 3728 1393 3795 Adalmari;
1429 3728 1496 3784 ad
1542 3728 1809 3784 Tanheim
1834 3738 1875 3767 ω
1903 3736 2055 3782 man-

467 3841 588 3884 sum
640 3826 899 3882 Tuatonis
937 3845 949 3880 :
981 3827 1038 3881 in
1079 3820 1384 3880 ministerio
1443 3820 1799 3895 Erchangarii
1837 3821 2054 3878 comitis‘

464 3935 714 3976 mansum
750 3919 1076 3975 Ruadleozzi
1102 3919 1168 3975 de
1197 3917 1460 3974 lleimbak
1492 3929 1542 3985 ο,
1574 3926 1630 3973 et
1651 3933 1901 3974 mansum
1923 3916 2054 3971 Fre-

464 4013 596 4068 hotli
631 4014 697 4067 de
726 4013 1033 4068 Talahusun
1064 4020 1088 4047 °
1109 4020 1165 4066 et
1199 4011 1406 4083 Otgarii
1428 4012 1493 4067 de
1516 4011 1795 4076 Puahhein
1828 4021 1885 4076 P;
1915 4016 1968 4064 et
1994 4008 2049 4063 in

462 4103 766 4157 ministerio
792 4103 1026 4158 Rihwini
1048 4114 1076 4153 ει
1092 4104 1309 4159 comitis
1330 4118 1577 4158 mansum
1600 4100 1819 4157 Snizold
1836 4100 1902 4156 de
1918 4100 2053 4156 Hut—

460 4194 731 4249 tinvillare
762 4204 808 4257 ι’,
859 4209 1106 4249 mansum
1143 4193 1432 4250 Gundwini
1463 4194 1527 4249 de
1564 4191 1993 4248 Chezzinvillare
2024 4203 2045 4230 ⁸

460 4285 603 4340 inter
640 4284 924 4339 Kiselmari
954 4294 1008 4340 et
1052 4286 1285 4341 Facconi
1312 4301 1557 4341 mansum
1595 4300 1781 4350 unum,
1817 4292 1873 4339 et
1897 4299 2050 4339 man-

460 4392 580 4432 sum
610 4375 891 4447 Roatperti
931 4377 998 4433 de
1017 4375 1446 4433 Lanchasalacbi
1483 4379 1525 4443 ί,
1557 4386 1613 4433 et
1661 4377 1798 4431 duos
1826 4380 2047 4430 mansbs

459 4468 526 4523 de
548 4468 822 4524 Zilleslata
849 4482 899 4537 υ,
930 4478 986 4525 et
1013 4485 1260 4525 mansum
1288 4469 1566 4535 Amalrici,
1590 4478 1646 4524 et
1673 4468 1952 4523 Balduvini
1979 4465 2047 4523 de

2179 1957 2376 2021 quarto
2407 1950 2622 2019 imperii
2649 1950 2833 2007 domui
2856 1950 3110 2007 Ludovici
3138 1952 3371 2024 piissimi
3398 1956 3667 2025 Augusti,
3694 1956 3781 2011 in-

2174 2039 2411 2096 dictione
2445 2042 2511 2097 10
2536 2042 2616 2097 id.
2644 2043 2837 2099 Actum
2887 2043 3215 2116 Aquisgrani
3252 2048 3462 2120 palatio
3489 2050 3675 2122 regio,
3726 2050 3779 2106 in

2173 2131 2272 2188 Dei
2307 2135 2523 2191 nomine
2562 2134 2795 2191 feliciter
2834 2134 3030 2193 Amen.

2863 2252 3076 2309 LXXV.

2612 2356 2713 2398 PRO
2748 2358 2926 2398 EODEII
2965 2359 3321 2401 ιοιυετειιιο.

2790 2434 2966 2508 (Ληηο
2998 2437 3151 2509 818.)

2455 2525 2632 2600 [Apud
2660 2527 2943 2600 Nettgart.,
2966 2529 3122 2595 ibid.,
3150 2538 3273 2602 pag.
3306 2531 3459 2605 £69.]

2237 2618 2296 2674 In
2347 2620 2565 2675 nomine
2610 2619 2822 2675 Domini
2852 2620 2948 2677 Dei
2978 2630 3031 2677 et
3086 2621 3387 2679 Salvatoris
3414 2623 3595 2679 nostri
3640 2624 3774 2683 Iesu

2169 2707 2403 2777 Christi,
2452 2710 2779 2780 Ludovicus,
2824 2712 3008 2770 divina
3053 2714 3341 2771 ordinante
3389 2716 3771 2787 providentia,

2168 2800 2463 2871 imperator
2489 2802 2784 2874 Augustus.

2237 2893 2371 2947 Cum
2402 2892 2535 2950 locis
2565 2896 2748 2951 divino
2792 2895 2959 2952 cultui
3010 2898 3331 2971 mancipatis
3360 2898 3626 2974 quiddam
3658 2904 3771 2959 lar-

2166 2986 2389 3057 gitionis
2436 2996 2637 3043 nostra:
2686 2995 2912 3045 munere
2961 2991 3234 3063 quippiam
3280 2995 3663 3061 conferimus,
3715 2996 3770 3054 id

2164 3078 2320 3132 nobis
2350 3080 2401 3132 et
2426 3080 2493 3132 ad
2515 3076 2871 3136 stabilitatem
2902 3082 3110 3152 imperii
3148 3090 3343 3152 nostri,
3374 3096 3432 3142 et
3450 3084 3520 3142 ad
3541 3098 3770 3145 maternas

2163 3168 2289 3225 vita:
2310 3173 2592 3241 praemium
2621 3175 3011 3244 capessendum
3036 3176 3375 3246 profuturum
3408 3178 3624 3250 liquido
3643 3196 3765 3237 ere-

2164 3262 2363 3317 dimus.
2411 3258 2642 3320 Proinde
2672 3270 2863 3320 notum
2916 3282 3037 3323 esse
3065 3268 3310 3324 volumus
3341 3273 3591 3327 omnium
3629 3272 3765 3331 ﬁde-

2162 3353 2295 3407 lium
2325 3358 2636 3411 nostrorum
2653 3360 3003 3427 praesentium
3033 3367 3087 3415 et
3110 3359 3414 3418 futurorum
3437 3366 3757 3437 sagacitati,

2160 3444 2286 3514 quia
2328 3445 2417 3500 vir
2451 3446 2781 3505 venerabilis
2823 3449 3160 3508 Gauzbertus
3209 3448 3378 3511 abbas
3431 3460 3761 3515 monasterii

2159 3536 2333 3592 sancti
2362 3530 2524 3605 Galli,
2548 3532 2693 3612 quod
2719 3550 2805 3598 est
2829 3542 2993 3598 Situm
3023 3545 3077 3599 in
3111 3551 3248 3617 pago
3277 3540 3610 3618 Durguotve,
3630 3564 3759 3623 sug-

2157 3631 2326 3699 gessit
2367 3641 2565 3689 nostra:
2590 3635 2898 3702 serenitati,
2929 3651 2994 3692 eo
3035 3639 3175 3707 quod
3205 3632 3427 3710 quidam
3460 3641 3629 3698 homo
3658 3659 3758 3698 no-

2156 3724 2303 3779 mine
2330 3725 2646 3797 Isingrimus
2673 3724 2801 3782 olim
2856 3742 2954 3797 per
2998 3736 3297 3786 stramenta
3329 3733 3650 3788 chartarum
3680 3734 3759 3791 le-

2156 3812 2349 3886 galiter
2386 3816 2701 3873 tradidisset
2744 3816 3005 3889 quasdam
3056 3830 3144 3876 res
3171 3822 3522 3891 proprietatis
3551 3836 3665 3879 sua!
3697 3827 3753 3881 in

2153 3911 2442 3981 prtesentia
2479 3912 2739 3970 nobilium
2766 3913 3009 3970 virorum
3041 3957 3056 3983 ,
3109 3931 3230 3989 qua:
3274 3926 3403 3973 sunt
3456 3919 3512 3972 in
3555 3920 3755 3976 eodem
3854 3911 3869 3919 ’

2152 4017 2307 4072 pago,
2336 4005 2670 4060 monasterio
2694 4005 2780 4061 cui
2801 4006 2937 4076 ipse,
2961 4015 3187 4063 auctore
3200 4009 3335 4073 Deo,
3351 4009 3613 4079 prtelatus
3637 4022 3751 4077 est.

2151 4101 2205 4148 et
2232 4096 2530 4151 secundum
2555 4094 2728 4169 legem
2751 4094 3069 4153 vestituram
3099 4099 3392 4169 legitimam
3415 4102 3749 4171 praedictum

2150 4186 2432 4244 habuisset
2468 4192 2876 4247 monasterium.
2925 4190 3037 4247 Sed
3091 4193 3217 4249 dum
3256 4193 3550 4266 prtedictus
3607 4188 3747 4252 Isin-

2148 4280 2356 4351 grimus
2382 4280 2616 4338 inﬁdelis
2643 4283 2802 4339 nobis
2832 4285 3111 4351 existeret,
3143 4294 3201 4341 et
3238 4286 3293 4342 in
3322 4287 3512 4343 eadem
3542 4290 3743 4345 inﬁde.

2147 4372 2300 4429 litate
2325 4374 2663 4443 interfectus,
2693 4388 2779 4432 res
2806 4380 3074 4450 praprias,
3110 4392 3247 4449 quas
3281 4380 3553 4449 habebat,
3605 4383 3742 4440 ﬁsco

2147 4466 2385 4523 reductze
2422 4476 2577 4524 sunt:
2605 4469 2857 4527 similiter
2891 4480 2945 4528 et
3002 4473 3160 4537 istas,
3190 4482 3326 4545 quas
3368 4468 3574 4531 dudum
3605 4478 3742 4549 legi-

460 4558 759 4618 Hebinhow
785 4572 834 4628 ν,
860 4571 917 4618 et
941 4577 1189 4618 mansum
1213 4561 1468 4617 Puwonis
1495 4559 1562 4616 de
1581 4560 1891 4616 Iﬁnwiltare
1917 4573 1967 4627 κ,
1986 4571 2043 4616 et
2066 4590 2120 4650 Β
2147 4559 2279 4615 timo
2318 4561 2508 4618 ordine
2542 4563 2798 4633 przedicto
2833 4565 3129 4621 tradiderat
3182 4569 3549 4634 monasterio,
3604 4570 3741 4629 ﬁsco

528 4726 557 4789 fl
598 4714 939 4789 Eoudingen,
963 4732 1132 4788 prope
1152 4730 1335 4773 arcem
1363 4715 1770 4789 Furstenbergh.

528 4784 558 4825 δ
588 4783 886 4860 Quninge'n,
911 4783 1110 4860 iit-cap.
1143 4805 1256 4860 rur.
1289 4789 1604 4857 Wurmling.

531 4867 555 4930 ξ
596 4856 868 4930 βὲεὶηρεη,
885 4862 1025 4915 inter
1040 4856 1336 4930 Bahlingen
1353 4868 1409 4914 et
1421 4856 1601 4915 arcem
1617 4858 2033 4915 Hohenzollern.
2109 4864 2113 4875 ‘

526 4925 556 4967 δ
587 4925 959 5001 S_cher'zingen,
994 4932 1049 4985 in
1080 4944 1197 4999 cap.
1226 4925 1417 5001 Ebing.

534 5007 558 5075 ξ
603 4997 971 5075 _S_c_htoem'}zgen
990 5044 1004 5068 ,
1035 5004 1103 5058 ad
1130 4997 1276 5075 Nieri
1296 4997 1490 5069 fontes,
1517 5018 1684 5074 prope
1727 5002 2039 5075 Villingem.

533 5065 558 5145 ξ
606 5065 1148 5145 Weilgrsbéchﬂnter
1162 5073 1446 5129 Rotwilam
1462 5065 1739 5130 et'dic'tum
1760 5065 2036 5145 oppidum.

531 5138 558 5178 Β
595 5138 703 5205 AL,
729 5141 1025 5198 Ruadhart’i
1045 5161 1179 5199 com.

529 5209 556 5248 ιι
599 5208 924 5282 [coniugem
948 5230 1141 5271 versus
1180 5215 1619 5272 ani—Montem.

534 5282 556 5357 ᾗ
607 5276 828 5357 [il/iuga
862 5276 1140 5355 oppidum,
1168 5296 1223 5341 et
1253 5288 1405 5342 vicus
1430 5287 1605 5342 Haud.

529 5348 546 5429 ξ
597 5348 955 5429 demetendi,
982 5348 1150 5429 prope
1183 5359 1337 5412 liorb.

530 5421 559 5461 ιι
599 5418 901 5489 Pforheim,
930 5418 999 5480 ad
1030 5418 1329 5483 Danubium
1360 5429 1502 5482 inter
1539 5443 1720 5485 arcem
1740 5428 1986 5485 Warten.

533 5492 551 5532 ι
597 5488 963 5617 ἣρείοὴξηθεηι,
986 5500 1038 5552 in
1070 5501 1254 5553 comit.
1289 5500 1662 5571 Hochenberg.

533 5575 568 5604 II
650 5564 860 5617 anltetm
895 5568 974 5617 (Μ
1003 5568 1185 5617 Furst.

524 5575 568 5604 II
606 5564 860 5619 Tanheim
895 5568 974 5621 (lit
1002 5568 1185 5623 Furst.

525 5644 552 5672 ιι
593 5633 924 5711 -ῌεξρηὺαειι,
973 5654 1139 5711 prope
1179 5641 1428 5696 Dorhnan
1468 5641 1744 5711 oppidum.

526 5712 553 5740 ο
592 5705 913 5772 ΤΙιαΙααεεη,
938 5705 1386 5765 ἰιίΐτείῐὶοικνίιωη
1415 5714 1483 5765 ad
1504 5705 1744 5766 Nierum.

526 5786 556 5824 ι)
591 5776 857 5843 Bacchea,
893 5778 1167 5840 Bucheim,
1196 5782 1336 5847 quod
1360 5798 1480 5835 cum
1523 5785 1734 5837 caeteris
1753 5782 1885 5838 locis
1904 5784 2034 5841 hae-

456 5851 614 5902 tenus
659 5850 943 5907 recensitis
967 5848 1039 5905 ad
1073 5856 1311 5905 veterem
1344 5850 1841 5911 Bertholdesbaram
1894 5858 2033 5915 refe-

2148 4724 2340 4799 rimus,
2396 4726 2473 4780 uti
2521 4726 2854 4799 et_comi_tes
2892 4724 3267 4799 Frumoldum,
3326 4726 3733 4799 Cuntlrardum,

2147 4796 2569 4869 Kararuannum,
2587 4796 2975 4869 Rhuadatjum,
3002 4804 3058 4869 et
3086 4797 3531 4869 Erchangarimu.

2213 4878 2241 4918 (ι
2284 4867 2575 4938 Rihwinus,
2604 4876 2787 4922 cemes
2814 4867 3118 4938 Turgovite.

2220 4947 2242 4977 ι’
2284 4935 2475 4992 Uzweil
2498 4952 2570 5009 ap
2582 4938 2830 5009 Toggios.

2172 5024 2175 5027 ‘
2216 5019 2238 5048 ι
2290 5008 2569 5063 Kesweileh
2597 5009 2651 5063 in
2674 5008 2836 5077 Turg.

2217 5079 2236 5118 ί
2276 5079 2661 5150 Landsrhlucht
2687 5080 2957 5150 parochim
2995 5079 3191 5135 Altnttn
3224 5082 3295 5137 ib;

2210 5160 2239 5235 ξ
2291 5149 2593 5235 Ξὶιιεοιιίαει
2613 5149 2888 5235 parochia:
2917 5151 3211 5235 Sittcrdorl'
3240 5154 3295 5209 ib

2172 5229 2237 5347 ,ζ
2286 5220 2536 5287 Hennau,
2574 5220 2727 5279 vicus
2769 5236 2894 5279 cum
2944 5224 3175 5279 ecclesia
3214 5227 3435 5295 paroeh.
3472 5238 3561 5300 ap.
3587 5228 3723 5300 Tog-

2227 5308 2271 5347 s.

2191 5302 2271 5348 08.

2135 5308 2451 5441 glgsolfweil
2471 5365 2740 5441 parochias
2772 5364 3051 5441 Bicbelsee
3074 5369 3131 5423 tu
3165 5362 3330 5441 Turg.

2208 5440 2238 5481 γ
2276 5433 2534 5490 Βατίιϋςὸη
2584 5437 2668 5491 vel
2695 5435 3023 5492 Tennieken.

2213 5514 2234 5542 ι
2288 5505 2692 5591 Stettennprope
2726 5505 3119 5581 Marisburgum
3141 5510 3195 5565 in
3227 5511 3543 5582 Linzaovia,
3563 5511 3715 5584 cujus

2137 5591 2319 5631 comes
2343 5585 2459 5632 erat
2489 5577 2772 5633 Oolarieus.

2210 5661 2267 5722 ξιξ
2310 5649 2509 5722 ξιτψ-β
2538 5650 2745 5722 librarll
2767 5666 2868 5722 pro
2887 5644 3210 5721 Maracdot‘t‘,
3248 5653 3540 5720 Markdort,

2209 5720 2272 5759 Μ)
2313 5718 2622 5774 Fischbach.

2211 5803 2265 5829 υτ
2300 5789 2564 5861 ΚΙιιίιενη.

2207 5862 2264 5901 (ιά
2280 5860 2507 5919 lndiCtio
2525 5862 2591 5920 10
2606 5860 2861 5922 currebat
2879 5878 2966 5919 an.
2982 5862 3106 5935 817,
3124 5862 3381 5924 Ludovici
3393 5866 3475 5924 Pii
3494 5868 3705 5941 quarto.
