4048 6350
268 317 421 378 10⁸1⁸1

1414 314 1811 373 υιΡιοΜΑτΑ
1849 314 2404 379 ωοιεδιλετιοιι.

3403 333 3546 394 4078

269 434 497 493 sociare
531 438 679 488 sunt.
709 428 819 487 Nos
839 442 973 487 vero
994 430 1258 500 iussimus
1304 430 1570 487 Riclioino
1618 431 1801 487 comiti
1826 444 1851 473 ι
1880 433 1935 497 Λ
1957 432 2215 500 possidet,
2238 433 2327 489 vel
2352 448 2475 506 qua:
2522 436 2780 507 deinceps
2804 437 2858 492 in
2878 438 3003 508 jure
3030 441 3202 512 ipsius
3236 445 3410 503 sancti
3440 446 3545 507 loci

271 527 559 582 hanc‘rem
584 524 872 595 diligenter
906 524 1217 595 inquirere,
1272 532 1328 581 et
1382 525 1538 583 nobis
1578 525 1851 579 nuntiare.

270 620 380 689 Qui
408 618 475 673 ad
499 632 598 673 nos
623 617 883 683 veniens,
936 624 992 673 et
1036 633 1153 675 rem
1202 616 1489 687 diligenter
1536 616 1854 687 inquisitam

268 712 547 769 nuntiavit
575 712 652 767 ita
674 725 735 767 se
756 711 977 776 habere,
992 712 1134 771 sicut
1154 711 1270 782 ipse
1290 710 1629 781 Gauzpertus
1649 725 1856 767 assere-

266 805 387 859 bat.
426 802 577 858 Unde
606 802 807 872 placuit
841 801 1176 857 excellentiae
1218 809 1417 856 nostra:
1438 801 1508 856 ob
1544 800 1736 855 anima}
1758 815 1857 855 no-

267 902 406 951 strae
430 892 852 948 emolumentum
880 893 1224 964 praescriptas
1272 907 1381 957 res,
1414 906 1552 963 quas
1598 890 1856 961 prmfatus

263 987 588 1057 lsingrimus
616 986 875 1057 praedicto
901 984 1123 1040 tradidit
1168 985 1519 1051 monasterio,
1547 998 1659 1039 non
1680 984 1854 1039 solum

268 1079 521 1145 reddere,
553 1094 740 1134 verum
769 1079 932 1134 etiam
955 1088 1011 1134 et
1032 1094 1129 1149 per
1167 1079 1307 1133 hanc
1336 1085 1536 1133 nostra:
1562 1078 1858 1133 auctorita-

264 1172 343 1227 tis
400 1170 867 1227 conﬁrmationem
904 1172 1163 1241 prmdicto
1207 1171 1325 1225 fieri
1382 1170 1734 1235 monasterio,
1760 1174 1858 1241 per

265 1276 439 1333 quam
457 1261 731 1317 modernis
757 1260 1060 1333 futurisque
1085 1263 1417 1332 temporibus
1456 1270 1698 1317 rectores
1720 1276 1857 1333 pra:-

261 1354 539 1410 nominati
564 1352 881 1411 monasterii
913 1364 1135 1412 teneant
1180 1335 1343 1427 atque
1369 1354 1704 1429 possideant.
1759 1357 1857 1413 De-

264 1450 549 1505 cernimus
579 1450 747 1519 igitur
774 1454 939 1521 atque
978 1449 1230 1520 iubemus
1251 1492 1266 1517 ,
1297 1460 1358 1505 ut
1416 1450 1596 1506 nullus
1633 1450 1859 1521 quilibet

260 1541 473 1596 nostris
532 1548 586 1596 et
616 1539 813 1597 futuris
874 1543 1207 1613 temporibus
1242 1544 1533 1616 prtedictas
1556 1548 1645 1598 res
1666 1585 1681 1609 ,
1720 1556 1857 1613 quas

259 1630 621 1701 praescriptos
654 1632 967 1704 lsirrgrimus
1006 1632 1153 1702 juste
1208 1640 1263 1689 et
1309 1632 1555 1704 legaliter
1598 1635 1857 1706 pntdicto

259 1722 490 1778 tradidit
520 1724 871 1790 monasterio,
906 1724 972 1780 de
993 1724 1183 1779 eodem
1218 1715 1466 1781 emnobio
1505 1726 1852 1795 abStrahero,

1958 523 2189 581 voluerit
2204 524 2393 607 divina
2442 526 2615 599 pietas
2662 529 2867 601 augeri,
2895 531 2965 589 ad
2987 548 3181 592 causas
3213 536 3544 612 audiendas,

1956 614 2044 669 vel
2068 613 2221 671 {reda
2242 626 2266 656 ο
2294 617 2581 699 exigenda,
2611 629 2703 676 aut
2727 622 3038 681 mansiones
3062 624 3089 664 ἀ
3118 628 3203 684 vel
3246 628 3467 701 paratas
3494 645 3545 704 ο,

1955 704 2232 763 faciendas
2255 749 2271 775 ,
2328 717 2422 764 aut
2459 708 2805 779 ﬁdejussores
2831 714 3128 781 tollendos,
3167 728 3263 777 aut
3297 721 3549 785 homines

1956 800 2127 870 ipsius
2156 802 2495 869 monasterii,
2531 810 2642 859 tam
2668 804 2927 876 ingenuos
2950 822 3116 879 quam
3146 819 3201 865 et
3225 826 3438 882 servos,
3455 830 3548 873 su-

1956 909 2056 965 per
2091 902 2296 951 terram
2322 896 2492 966 ipsius
2515 906 2944 966 commanentes,
2990 900 3442 962 irrationabiliter
3467 908 3547 964 di-

1958 987 2321 1058 stringendos,
2352 1003 2452 1044 nec
2482 988 2619 1049 ullas
2638 989 3052 1057 redhibitiones,
3075 1002 3166 1049 aut
3200 993 3418 1052 illicitas
3455 1013 3548 1054 oc-

1957 1080 2204 1135 casiones
2235 1076 2589 1151 requirendas
2635 1083 2837 1141 nostris
2880 1091 2935 1141 et
2980 1083 3177 1143 futuris
3208 1089 3548 1160 temporibus

1957 1172 2167 1243 ingredi
2190 1173 2433 1240 auderet,
2463 1174 2548 1230 vel
2584 1189 2653 1231 ea
2687 1190 2807 1245 qua:
2845 1192 3011 1248 supra
3035 1191 3336 1237 memorata
3385 1194 3546 1256 sunt,

1955 1266 2175 1336 penitus
2220 1267 2437 1338 exigere
2493 1278 2856 1338 praesumant;
2899 1272 2993 1327 sed
3038 1272 3196 1331 liceat
3249 1288 3552 1337 memorato

1958 1355 2174 1421 abbati,
2224 1355 2443 1426 suisque
2473 1358 2901 1424 successoribus,
2951 1375 3040 1415 res
3076 1362 3318 1431 praedicti
3362 1381 3551 1423 mona-

1959 1448 2111 1504 sterii
2150 1463 2273 1505 eum
2315 1448 2567 1504 omnibus
2611 1449 2715 1506 sibi
2746 1450 3033 1519 subjectis,
3087 1463 3143 1511 et
3179 1457 3343 1512 rebus
3372 1466 3428 1513 et
3452 1459 3553 1517 ho—

1958 1540 2196 1597 minibus
2237 1540 2306 1596 ad
2358 1556 2417 1595 se
2483 1541 2628 1610 juste
2683 1542 3073 1613 aspicientibus
3122 1546 3208 1602 vel
3267 1550 3552 1618 pertinen-

1959 1632 2103 1688 tibus
2147 1631 2246 1687 sub
2294 1630 2537 1688 tuitionis
2565 1640 2728 1704 atque
2785 1634 3147 1693 immunitatis
3199 1648 3402 1698 nostrze
3453 1642 3549 1699 de‘

1961 1720 2239 1789 fensione,
2296 1731 2505 1780 remota
2564 1725 2731 1781 totius
2776 1723 3078 1795 judiciaria:
3122 1733 3409 1801 potestatis
3465 1734 3551 1788 in-

261 1823 362 1869 aut
382 1815 619 1887 aliquam
664 1815 919 1887 injustam
938 1817 1399 1885 calumniam,aut
1430 1819 1857 1888 inquietudinem
1885 1810 1933 1871 Β
1961 1814 2297 1885 quietudine,
2325 1815 2510 1885 quieto
2541 1815 2730 1871 ordine
2779 1817 3080 1888 possidere,
3117 1828 3172 1875 et
3208 1832 3395 1879 nostro
3424 1822 3555 1883 ﬁde—

260 1916 455 1960 contra
483 1904 661 1979 ipsum
703 1907 1031 1973 eoenobium,
1070 1907 1297 1979 ejusque
1352 1908 1651 1963 rectoribus
1680 1907 1857 1963 facere

262 2002 362 2052 aut
412 1997 659 2067 ingerere
689 2004 982 2068 precsumat
1021 2013 1036 2052 :
1068 1999 1165 2054 sed
1199 1998 1462 2070 quidquid
1491 1998 1557 2053 de
1594 1997 1726 2071 ipsis
1773 1998 1859 2054 vel

258 2087 322 2145 in
352 2089 483 2159 ipsis
520 2088 728 2159 prmlati
751 2090 925 2161 ipsius
943 2090 1262 2145 monasterii
1290 2131 1304 2157 ,
1354 2089 1425 2144 ob
1455 2089 1745 2145 utilitatem
1803 2099 1859 2145 et

259 2180 569 2254 proiectum
599 2180 839 2251 ejusdem
877 2183 1056 2239 facere
1086 2183 1381 2249 voluerint,
1409 2181 1581 2238 libero
1602 2183 1654 2237 in
1685 2182 1858 2239 omni-

260 2272 367 2329 bus
396 2271 748 2346 perimantur
779 2275 1035 2330 arbritrio
1056 2272 1312 2331 faciendi.
1338 2274 1407 2329 Et
1447 2283 1507 2329 ut
1530 2276 1646 2330 lucc
1674 2286 1859 2331 aucto-

261 2363 405 2418 ritas
435 2363 733 2419 ﬁrmiOrem
757 2363 1001 2419 obtineat
1049 2365 1311 2435 vigorem,
1344 2366 1409 2420 de
1441 2366 1641 2421 annulo
1673 2375 1857 2423 nostro

261 2455 453 2510 Subter
473 2464 599 2509 eam
616 2453 883 2523 jussimus
906 2456 1149 2527 sigillari.

335 2545 625 2603 mirandus
653 2546 916 2604 diaconus
930 2550 998 2604 ad
1013 2549 1191 2605 vicem
1218 2546 1535 2606 Helisachar
1566 2550 1856 2623 recognovi

263 2644 321 2695 et
355 2639 673 2710 subscripsi.

334 2733 471 2789 Data
492 2748 546 2789 tv
562 2733 749 2790 Nonas
766 2731 957 2789 Iunias
979 2748 1141 2801 anno,
1165 2732 1381 2789 Christo
1400 2734 1653 2805 propitio,
1668 2734 1857 2804 quinto

261 2827 482 2898 imperii
517 2826 704 2883 domui
753 2827 1013 2883 Ludovici
1045 2827 1378 2883 serenisslnii
1414 2827 1671 2900 Augusti,
1720 2827 1858 2882 indl-

263 2922 444 2977 ctione
474 2921 534 2976 ll
568 2921 619 2976 δ.
653 2920 848 2978 Actum
876 2916 1202 2994 Aquisgran'i
1246 2922 1445 2997 palatio
1480 2923 1630 2994 regio
1666 2921 1721 2977 in
1763 2916 1857 2977 Dei

264 3013 491 3071 nomine
521 3010 776 3070 feliciter.
808 3018 1001 3069 Amen.

934 3096 1170 3163 LXXVI.

712 3202 814 3261 imo
849 3202 1026 3258 nonan
1067 3204 1423 3258 uoussrsuio.

880 3290 1053 3368 (Anno
1093 3294 1197 3350 818
1224 3294 1243 3367 )

265 3385 459 3464 [Apud
503 3374 791 3462 Nettg'art.,
830 3376 1445 3531 igdhecﬁaﬁglaeclione
1495 3382 1855 3460 diplomatica,

334 3553 397 3609 lu
432 3551 653 3609 nomine
684 3548 899 3606 Domini
938 3550 1037 3606 Dei
1068 3556 1124 3606 et
1155 3549 1453 3606 Salvatoris
1503 3550 1677 3606 nostri
1729 3546 1858 3607 Jesu

262 3648 489 3714 Christi,
514 3646 842 3712 Ludovicus,
864 3644 1047 3700 divina
1072 3644 1360 3701 ordinante
1380 3644 1741 3714 providentia,
1757 3643 1860 3701 im-

263 3742 486 3807 perator
510 3735 803 3806 Augustus.

338 3828 476 3882 Cum
497 3826 847 3900 petitionibus
867 3836 1147 3880 servorum
1172 3823 1270 3877 Dei
1290 3822 1453 3892 justis
1477 3831 1533 3877 et
1554 3823 1858 3879 rationabi-

262 3920 409 3977 libus
436 3920 603 3977 divini
633 3919 810 3975 cultus
835 3933 1022 3973 amore
1063 3916 1328 3982 favemus,
1355 3916 1573 3985 superni
1618 3916 1859 3971 muneris

266 4014 470 4071 donum
496 4012 655 4069 nobis
700 4028 731 4066 a
766 4010 998 4067 Domino
1044 4008 1309 4080 impertiri
1355 4008 1744 4080 [conﬁdimus].
1777 4007 1860 4063 ld-

266 4108 419 4164 circo
448 4116 637 4162 notum
662 4121 782 4163 esse
810 4106 1061 4161 volumus
1101 4102 1349 4158 omnibus
1382 4101 1632 4157 ﬁdelibus
1658 4107 1859 4156 sancta:

264 4198 367 4255 Dei
413 4197 688 4263 Ecclesiae,
712 4205 767 4251 et
796 4196 1018 4262 nostris,
1055 4194 1411 4267 prmsentibus
1438 4193 1644 4248 scilicet
1673 4201 1727 4247 et
1771 4192 1857 4247 l'u-

265 4292 431 4356 turis,
464 4291 590 4362 quia
626 4290 1016 4347 monasterium
1049 4287 1106 4344 S.
1159 4287 1295 4359 Galli
1318 4329 1331 4352 ,
1385 4287 1531 4358 quod
1567 4295 1650 4342 est
1695 4286 1858 4342 situm

266 4384 326 4439 in
351 4398 490 4455 pago
517 4383 845 4454 Durguowe,
876 4381 967 4437 ubi
1027 4380 1350 4436 venerabilis
1379 4380 1465 4437 vir
1523 4378 1860 4436 Gauzbertus

269 4476 441 4532 abbas
469 4484 685 4547 praeest,
723 4474 867 4544 quod
893 4471 1196 4543 subjectum
1237 4472 1339 4528 fuit
1362 4473 1697 4544 episcopatui
1726 4488 1856 4529 san-

1960 1908 2083 1962 liter
2107 1922 2299 1977 parere
2329 1908 2559 1979 imperio
2583 1928 2597 1963 :
2624 1917 2894 1980 quatenus
2949 1913 3097 1984 ipsos
3126 1917 3429 1972 monachos
3458 1914 3554 1989 qui

1961 2000 2163 2055 ibidem
2192 2000 2302 2055 Dco
2326 1999 2575 2059 famulari
2603 2002 2877 2069 videntur,
2902 2005 3083 2074 quiete
3110 2006 3556 2077 consistentibus,

1958 2108 2059 2165 pro
2094 2091 2250 2147 nobis
2275 2100 2331 2147 et
2358 2091 2612 2163 conjuge,
2640 2094 2901 2165 proleque
2922 2104 3128 2161 nostra,
3163 2107 3325 2173 atque
3351 2099 3561 2167 stabili,-

1961 2194 2073 2241 tate
2106 2186 2272 2241 totius
2302 2185 2516 2256 imperii
2544 2202 2575 2239 a
2604 2185 2714 2241 Deo
2747 2187 2902 2242 nobis
2934 2186 3136 2254 collati,
3163 2188 3388 2261 ejusque
3441 2190 3557 2248 cle-

1961 2278 2301 2334 mentissima
2330 2277 2683 2332 miseratione
2720 2292 2816 2348 per
2851 2277 3176 2337 immensam
3201 2280 3560 2341 conservandi
3610 2278 3616 2293 '

1954 2366 2157 2439 jugitcr
2179 2367 2395 2423 Domini
2419 2367 2854 2423 misericordiam
2875 2382 3105 2424 exorare
3139 2369 3387 2425 delectet.
3407 2369 3560 2430 Hanc

1959 2461 2143 2531 itaque
2179 2459 2579 2524 auctoritatem,
2606 2468 2665 2513 ut
2688 2459 2986 2530 pleniorem
3013 2460 3067 2515 in
3100 2462 3197 2521 Dei
3223 2462 3441 2519 nomine
3463 2463 3561 2520 ha-

1960 2557 2086 2612 beat
2114 2555 2449 2621 ﬁrmitatem,
2480 2562 2536 2610 ct
2564 2570 2597 2609 a
2648 2554 2900 2611 ﬁdelibus
2929 2565 3132 2613 sanctae
3168 2557 3427 2615 Ecclesiae
3449 2598 3466 2624 ,
3506 2566 3564 2615 et

1960 2648 2165 2704 nostris
2202 2647 2383 2703 verius
2412 2648 2685 2714 credatur,
2711 2655 2765 2702 et
2801 2647 3113 2717 diligentius
3163 2656 3554 2717 conservetur,

1961 2738 2029 2795 de
2058 2738 2260 2795 annulo
2286 2747 2474 2794 nostro
2504 2739 2692 2795 subter
2708 2738 2973 2809 jussimus
3007 2738 3252 2810 sigillari.

2035 2830 2325 2887 Durandus
2354 2831 2614 2887 diaconus
2640 2828 2709 2885 ad
2735 2830 2911 2886 vicem
2935 2828 3255 2886 Helisachar
3272 2830 3561 2903 recognovi

1961 2932 2018 2979 et
2040 2923 2358 2993 subscripsi.

1964 3072 1969 3075 _
2035 3016 2173 3071 Data
2221 3033 2283 3072 ut
2320 3016 2502 3071 Nonas
2528 3013 2761 3083 Iunias,
2803 3030 2973 3083 anno,
3019 3013 3240 3071 Christo
3289 3012 3559 3089 propitio,

1964 3112 2155 3180 quinto
2192 3111 2407 3182 imperii
2432 3109 2692 3166 Ludovici
2723 3110 2955 3182 piissimi
2988 3110 3238 3182 Augusti,
3266 3107 3564 3166 indictione

1887 3172 1932 3237 θ
1965 3172 2000 3255 ί
2002 3199 2027 3253 1
2062 3198 2081 3237 ί
2094 3239 2107 3253 .
2137 3172 2332 3255 Actum
2368 3199 2694 3277 Aquisgrani
2723 3172 2936 3272 .palatio
2960 3172 3111 3274 regio
3137 3201 3193 3257 in
3218 3172 3314 3256 Dei
3343 3199 3562 3259 nomine

1960 3292 2213 3351 feliciter.
2242 3293 2436 3349 Amen.

2632 3384 2894 3442 LXXVII.

2320 3490 2421 3532 PRO
2457 3490 2796 3533 IONLSTEBIO
2833 3488 3196 3533 FLORIAGENSI.

2568 3568 2757 3643 (Anno
2795 3568 2955 3643 8l8.)

1963 3658 2155 3737 [Apud
2179 3660 2243 3716 D.
2275 3640 2752 3737 Bouquet.,'_ip_id.,
2771 3677 2904 3737 pag.
2935 3640 3052 3737 v5l_l
3076 3701 3092 3727 ,
3126 3676 3194 3717 ex
3221 3659 3466 3737 Perardo
3503 3640 3565 3721 in

2138 3728 2545 3803 instrutnfpro
2580 3728 2723 3785 Hist.
2765 3728 3065 3803 Burgum!”
3096 3748 3217 3805 pag.
3247 3729 3381 3809 46.]

2032 3822 2091 3876 ln
2123 3822 2341 3876 nomine
2388 3820 2600 3876 Domini
2646 3820 2741 3873 Dei
2771 3827 2825 3873 et
2857 3819 3159 3874 Salvatoris
3200 3819 3374 3877 nostri
3425 3810 3558 3878 Iesu

1961 3910 2187 3978 Christi,
2211 3912 2535 3978 Ludovicus,
2567 3910 2747 3966 divina
2773 3910 3060 3966 ordinante
3083 3910 3444 3983 providentia,
3464 3912 3562 3969 im-

1963 4012 2186 4077 perator
2213 4002 2508 4074 Augustus.

2031 4094 2168 4151 Cum
2201 4094 2555 4166 petitionibus
2583 4109 2865 4149 servorum
2894 4093 2990 4149 Dei
3039 4092 3201 4164 justis
3222 4092 3277 4151 et
3326 4084 3560 4153 rationa-

1959 4184 2161 4244 bilibus
2189 4188 2358 4243 divini
2388 4187 2566 4243 cultus
2620 4203 2806 4243 arnore
2834 4180 3113 4253 favemus,
3170 4204 3403 4260 superna
3457 4206 3558 4247 nos

1963 4282 2140 4355 gratia
2168 4278 2370 4337 muniri
2400 4298 2507 4338 non
2540 4281 2884 4352 ambigimus.
2916 4281 3114 4337 Notum
3144 4278 3215 4338 sit
3254 4281 3417 4354 igitur
3438 4284 3558 4339 oin-

1962 4373 2124 4429 nibus
2156 4370 2404 4427 ﬁdelibus
2438 4380 2640 4426 sanctae
2670 4370 2766 4426 Dei
2792 4370 3049 4428 Ecclesia:
3095 4380 3149 4427 et
3195 4372 3414 4441 nostris,
3444 4374 3553 4429 tam

1963 4465 2324 4537 praesentibus
2355 4481 2516 4535 quam
2558 4461 2777 4537 futuris,
2806 4465 2950 4538 quod
2991 4464 3184 4522 detulit
3212 4462 3368 4523 nobis
3394 4483 3557 4523 vene-

266 4579 373 4627 ctaa
398 4535 641 4622 ecclesia:
669 4535 1018 4631 Constantire,
1050 4564 1141 4620 ubi
1173 4564 1333 4621 modo
1376 4535 1711 4622 \‘Vollleozuo
1744 4567 1857 4637 cpi-
1882 4535 1936 4599 Β
1964 4535 2149 4616 rabilis
2174 4560 2258 4614 vir
2288 4535 2635 4630 Adalgandus
2666 4535 2838 4614 abbas
2878 4574 2946 4613 ex
2998 4559 3327 4616 monasterio
3379 4560 3554 4616 sancti

266 4675 470 4737 scapus
498 4669 713 4730 praeest,
737 4673 861 4713 cum
914 4655 1198 4743 monachis
1224 4655 1421 4712 ibidem
1462 4648 1692 4711 Domino
1724 4656 1859 4711 mili-

266 4752 535 4821 tantibus,
568 4766 691 4807 cum
726 4748 889 4806 rebus
916 4755 972 4804 et
1012 4747 1324 4803 hominibus
1351 4746 1452 4802 sibi
1481 4745 1772 4816 subjectis,
1803 4757 1859 4803 et

267 4836 515 4915 legaliter
549 4838 935 4913 aspicientibus
960 4835 1045 4893 vel
1095 4837 1492 4909 pertinentibus
1541 4836 1641 4892 sub
1672 4845 1857 4892 nostra

268 4926 610 5004 suscepimus
671 4922 1014 4997 defensione,
1074 4939 1131 4985 et
1202 4928 1559 4985 immunitatis
1607 4929 1852 4986 tuitione.

269 5026 657 5097 Praecipientes
682 5039 812 5096 ergo
846 5023 1128 5096 jubemus,
1176 5032 1235 5080 ut
1260 5022 1438 5079 nullus
1466 5016 1631 5093 judex
1686 5022 1859 5095 publi-

269 5138 392 5187 eus,
421 5119 506 5176 vel
521 5117 774 5188 quislibet
802 5133 867 5174 ex
891 5114 1179 5188 judiciaria
1204 5124 1472 5187 potestate
1517 5114 1569 5170 in
1600 5104 1860 5173 ecclesias

269 5220 369 5269 aut
396 5212 537 5279 loca,
569 5210 654 5264 vel
680 5224 861 5280 agros,
893 5224 989 5264 seu
1010 5208 1252 5278 reliquas
1305 5207 1698 5278 possessiones,
1724 5223 1859 5276 quas

272 5308 534 5363 moderno
576 5306 818 5374 tempore
845 5302 900 5357 in
947 5301 1275 5372 quibuslibet
1304 5303 1489 5374 pagis,
1528 5300 1612 5357 vel
1642 5300 1861 5357 territo-

274 5399 373 5454 riis
397 5396 541 5454 intra
565 5396 825 5455 ditionem
854 5394 1067 5465 imperii
1111 5394 1284 5455 nostri
1321 5392 1470 5464 juste
1509 5401 1566 5450 et
1616 5393 1861 5466 legaliter

345 5545 374 5575 ι
411 5531 732 5598 Ricboinus,
763 5531 835 5587 al.
870 5531 1215 5603 Ricbwinus,
1241 5546 1422 5587 comes
1450 5529 1749 5603 Turgovize.

347 5603 376 5645 ιι
412 5602 571 5660 Anno
594 5606 697 5662 8l8
726 5605 976 5659 currebat
1000 5600 1221 5659 indictio
1259 5603 1345 5657 li.

351 5686 374 5716 ε
412 5675 666 5739 Fredum,
698 5677 914 5741 mulcta,
944 5675 1027 5730 vel
1052 5678 1217 5731 etiam
1250 5673 1454 5745 quaevis
1481 5675 1713 5730 exactio.

348 5745 378 5788 (ι
419 5745 623 5803 Mansio
644 5749 747 5803 hoc
768 5746 887 5804 loco
912 5763 1010 5817 pro
1036 5747 1215 5803 debito
1242 5746 1524 5817 accipitur,
1554 5745 1749 5801 missos
1762 5759 1857 5817 seu

276 5813 490 5891 legatos
515 5817 795 5893 principis,
825 5813 1023 5878 aliusve
1072 5818 1313 5889 publicas
1337 5813 1599 5888 personas
1621 5815 1857 5885 hospitio

1962 4652 2239 4710 Benedicti
2262 4651 2643 4719 Floriacensis,
2660 4652 2802 4724 quod
2831 4650 2914 4707 est
2941 4654 3311 4708 constructum
3332 4652 3388 4706 in
3410 4668 3553 4725 pago

1963 4732 2340 4805 Aurelianensi
2364 4762 2526 4817 super
2546 4745 2767 4801 ﬂuvium
2807 4745 3037 4816 Ligeris,
3064 4746 3154 4800 ubi
3184 4744 3298 4815 ipse
3334 4753 3557 4802 sanctus

1964 4843 2289 4900 Benedictus
2317 4856 2544 4912 corpore
2572 4840 2887 4911 requiescit,
2911 4839 3264 4894 auctoritates
3292 4838 3553 4894 immuni-

1964 4943 2162 5001 talum,
2190 4933 2277 4990 avi
2314 4933 2567 4989 videlicet
2614 4929 2785 4986 nostri
2830 4928 3042 5000 Pippini
3090 4929 3358 5000 quondam
3385 4932 3550 5003 regis,

1962 5043 2059 5084 seu
2084 5025 2266 5081 domui
2299 5033 2355 5080 et
2394 5023 2656 5097 genitoris
2708 5022 2879 5077 nostri
2903 5020 3083 5077 Caroli
3116 5018 3344 5093 piissimi
3370 5010 3553 5095 Augu—

1962 5118 2053 5183 sti,
2085 5118 2140 5172 in
2164 5115 2363 5187 quibus
2399 5122 2516 5170 erat
2541 5110 3004 5183 insertum,’quod
3034 5111 3152 5167 sive
3184 5110 3309 5183 ipsi,
3332 5113 3444 5168 sive
3459 5127 3554 5168 an-

1960 5223 2262 5270 tecessores
2304 5224 2513 5274 eorum,
2543 5223 2697 5279 reges
2746 5206 2998 5263 videlicet
3026 5204 3383 5275 Francorum,
3412 5222 3553 5277 prte-

1961 5302 2132 5360 fatum
2170 5298 2559 5358 monasterium
2605 5310 2728 5353 eum
2763 5296 2927 5353 rebus
2955 5300 3009 5352 et
3055 5294 3366 5353 hominibus
3390 5292 3459 5352 ad
3489 5311 3549 5353 se

1958 5395 2360 5469 pertinentibus
2384 5400 2443 5448 et
2467 5390 2876 5463 aspicientibus,
2901 5386 3002 5451 sub
3032 5384 3260 5448 tuitione
3283 5401 3340 5448 et
3362 5391 3547 5449 defen-

1962 5525 2298 5654 excipijendi,
2352 5525 2538 5598 eisque
2598 5524 2799 5582 victum
2856 5525 3222 5583 necessarium
3284 5518 3546 5581 submini-

1962 5608 2111 5654 stran
2155 5617 2190 5654 l.

1960 5608 2310 5795 sit:
2332 5710 2349 5736 ,
2405 5682 2657 5740 expensa:
2686 5666 2738 5721 in
2767 5664 3040 5740 hospitum
3087 5665 3428 5737 susceptione
3453 5660 3540 5720 fa-

1960 5758 2097 5795 ciem
2119 5756 2183 5795 83.

1959 5756 2365 5870 cmimizl‘iinvenit
2386 5810 2609 5869 indictio
2634 5808 2695 5866 ll
2723 5826 2863 5868 anno
2891 5796 3013 5867 8l8.
