4048 6350
553 326 686 384 I079

549 541 865 596 ctoritatum
895 555 924 593 a
961 539 1262 610 judiciariae
1279 538 1563 610 potestatis
1593 536 1958 605 inquietudine
1989 551 2101 590 sem

543 651 642 705 per
663 633 946 690 defensum
973 641 1029 688 et
1060 634 1326 688 munitum
1350 631 1560 687 fuisset.
1593 631 1674 686 Ob
1712 631 1791 685 rei
1821 635 2000 684 tamen
2030 628 2124 684 fir-

540 727 786 780 mitatem
811 725 1105 796 postulavit
1130 725 1285 781 nobis
1314 725 1571 796 praefatus
1602 725 1766 780 abbas
1790 734 1852 778 ut
1885 725 1956 780 ob
1978 739 2128 779 amo-

538 834 655 873 rem
696 817 792 873 Dei
819 825 874 872 et
902 818 1262 874 reverentiam
1291 817 1466 872 sancti
1485 816 1631 872 Petri
1675 825 1731 871 et
1756 816 1928 871 sancti
1956 815 2127 871 Bene-

538 909 669 963 dicti
694 915 981 979 paternum
995 923 1092 965 seu
1105 909 1562 978 praedecessorum
1583 916 1893 962 nostrorum
1916 921 2126 962 morem

537 1008 848 1070 sequentes,
878 1000 1233 1056 immunitatis
1263 1008 1462 1055 nostrae
1501 1009 1834 1069 praeceptum
1862 999 2008 1054 circa
2044 998 2125 1068 ip-

537 1109 657 1146 sum
684 1101 930 1147 sanctum
960 1105 986 1132 ιι
1018 1092 1196 1147 locum
1252 1092 1369 1148 fieri
1395 1106 1764 1148 censeremus.
1792 1090 1956 1160 Cujus
1983 1092 2123 1161 peti-

536 1187 672 1241 tioni
703 1202 981 1242 assensum
1007 1187 1356 1256 prmbuimus,
1386 1185 1566 1240 ethoc
1599 1193 1798 1240 nostrae
1821 1185 2122 1240 auctorita-

533 1281 606 1334 tis
641 1287 968 1349 praeceptum
1003 1279 1149 1333 circa
1174 1279 1348 1348 ipsum
1379 1286 1626 1330 sanctum
1674 1276 1851 1332 locum
1889 1275 2006 1332 fieri
2031 1276 2125 1332 de-

535 1372 846 1426 crevimus:
879 1386 976 1440 per
1004 1371 1145 1440 quod
1186 1370 1529 1440 praecipimus
1555 1377 1717 1439 atque
1762 1367 2016 1437 jubemus
2066 1378 2123 1424 ut

532 1465 712 1519 nullus
739 1465 902 1535 judex
938 1464 1204 1534 publicus,
1233 1471 1287 1518 et
1325 1462 1578 1532 quislibet
1609 1478 1678 1516 ex
1713 1461 2004 1530 judiciaria
2025 1477 2121 1531 po-

531 1564 749 1621 testate,
782 1556 836 1610 in
865 1555 1121 1610 ecclesias
1148 1563 1240 1609 aut
1265 1554 1401 1621 loca,
1427 1562 1480 1608 et
1520 1569 1698 1624 agros,
1738 1568 1832 1608 seu
1883 1555 2121 1623 reliquas

529 1647 916 1716 possessiones,
945 1661 1081 1715 quas
1113 1644 1371 1700 moderno
1403 1653 1646 1712 tempore
1697 1645 1751 1698 in
1791 1645 2121 1714 quibuslibet

528 1740 682 1810 pagis
708 1746 801 1792 aut
844 1737 1134 1792 territoriis
1182 1736 1323 1790 infra
1372 1736 1629 1791 ditionem
1681 1736 1893 1806 imperii
1944 1736 2118 1792 nostri

521 1829 669 1898 juste
696 1837 751 1884 et
779 1829 1025 1899 legaliter
1052 1828 1322 1898 possidet,
1375 1836 1428 1881 et
1455 1827 1596 1896 quod
1619 1827 1874 1898 deinceps
1898 1827 1952 1882 in
1995 1827 2119 1897 jure

526 1921 700 1991 ipsius
729 1920 900 1975 sancti
934 1919 1036 1974 loci
1075 1918 1308 1974 voluerit
1354 1918 1536 1972 divina
1560 1919 1734 1987 pietas
1762 1919 1987 1988 augeri,
2049 1920 2118 1975 ad

529 2028 724 2068 causas
747 2013 1062 2078 audiendas,
1093 2021 1148 2067 et
1181 2012 1330 2067 freda
1361 2013 1645 2082 exigenda,
1677 2020 1772 2066 aut
1807 2015 2118 2070 mansiones

525 2112 583 2160 et
609 2115 828 2176 paratas
875 2104 1174 2170 faciendas,
1205 2113 1298 2159 aut
1329 2104 1674 2174 Iidejussores
1705 2104 1991 2171 tollendos,
2023 2113 2118 2160 aut

524 2199 775 2254 homines
800 2199 970 2270 ipsius
996 2198 1310 2253 monasterii
1340 2213 1502 2267 super
1541 2205 1744 2252 terram
1776 2198 1944 2267 ipsius
1968 2213 2117 2253 com-

523 2298 809 2346 manentes
837 2289 1258 2361 distringendos,
1304 2305 1407 2346 nec
1439 2289 1577 2344 ullas
1606 2289 1999 2345 redhibitiones
2024 2298 2118 2344 aut

521 2381 740 2437 illicitas
761 2381 1075 2437 occasiones
1113 2380 1502 2450 requirendas,
1559 2381 1761 2436 nostris
1815 2389 1870 2435 et
1919 2380 2117 2436 futuris

519 2472 857 2542 temporibus
883 2472 1090 2544 ingredi
1117 2473 1332 2537 audeat,
1362 2482 1419 2526 et
1440 2487 1503 2526 ea
1546 2486 1666 2542 quae
1706 2472 1954 2541 superius
1995 2487 2113 2528 me-

516 2571 730 2620 morata
780 2573 923 2626 sunt.
962 2563 1179 2634 penitus
1216 2564 1433 2635 exigere
1463 2569 1782 2633 praesumat;
1830 2563 1924 2618 sed
1953 2563 2116 2618 liceat

518 2664 821 2712 memorato
853 2658 1036 2714 abbati
1062 2658 1284 2728 suisque
1315 2656 1718 2712 successoribus
1742 2671 1830 2712 res
1868 2658 2113 2727 praedicti

516 2748 836 2804 monasterii
862 2750 963 2805 sub
987 2748 1346 2802 immunitatis
1365 2755 1563 2802 nostrae
1589 2746 1905 2802 defensione
1927 2747 2111 2816 quieto

516 2841 710 2896 ordine
737 2843 1034 2910 possidere.
1051 2841 1120 2895 Et
1146 2842 1361 2912 quando
1388 2841 1605 2910 quidem
1629 2841 1812 2895 divina
1825 2841 2110 2895 vocatione

516 2930 858 2999 supradictus
886 2931 1053 2986 abbas
1100 2938 1158 2986 et
1185 2946 1528 2986 successores
1565 2929 1683 2999 ejus
1727 2931 1794 2986 de
1837 2932 1940 2986 hac
1989 2929 2109 2986 luce

513 3026 891 3097 migraverint,
921 3025 1159 3096 quandiu
1183 3025 1282 3095 ipsi
1314 3025 1568 3080 monachi
1617 3025 1760 3079 inter
1777 3040 1836 3080 se
1867 3024 2004 3080 tales
2027 3023 2109 3078 in-

511 3117 702 3172 venire
723 3118 1027 3188 potuerint,
1066 3118 1158 3187 qui
1192 3117 1364 3187 ipsam
1396 3118 1873 3188 congregationem
1906 3130 2102 3172 secun-

515 3208 645 3264 dum
674 3187 916 3278 regulam
969 3209 1141 3264 sancti
1170 3208 1447 3264 Benedicti
1491 3187 1678 3277 regere
1707 3206 1954 3272 valeant,
2010 3222 2108 3277 per
2133 3187 2179 3251 C

514 3301 656 3354 hanc
681 3308 922 3354 nostram
970 3300 1352 3355 auctoritatem
1383 3307 1439 3355 et
1465 3314 1795 3355 consensum
1836 3298 2111 3354 licentiam

512 3391 752 3445 habeant
774 3391 1006 3462 eligendi
1038 3393 1296 3459 abbates;
1334 3401 1604 3462 quatenus
1637 3393 1784 3462 ipsos
1805 3393 2108 3448 monachos

515 3484 608 3554 qui
639 3483 840 3538 ibidem
854 3484 966 3539 Deo
996 3484 1248 3539 famulari
1273 3485 1547 3551 videntur,
1574 3501 1674 3556 pro
1705 3486 1864 3540 nobis
1890 3493 1946 3540 et
1974 3500 2111 3541 con-

508 3573 637 3644 juge
667 3573 925 3644 proleque
961 3584 1170 3640 nostra,
1207 3583 1369 3644 atque
1410 3576 1710 3631 stabilitate
1737 3577 1905 3630 totius
1932 3577 2108 3647 impe-

511 3665 581 3720 rii
606 3666 781 3721 nostri
809 3681 839 3720 a
872 3667 983 3722 Deo
1017 3667 1173 3722 nobis
1219 3669 1466 3724 concessi
1515 3676 1678 3739 atque
1707 3671 2106 3735 conservandi,

506 3757 715 3829 jugiter
736 3757 949 3815 Domini
976 3761 1404 3816 misericordiam
1444 3777 1676 3818 exorare
1697 3762 1930 3819 delectet
1953 3764 2002 3818 ιι.
2042 3764 2110 3819 Ει

513 3848 777 3920 quidquid
819 3852 981 3907 rebus
1037 3851 1245 3921 praefati
1304 3854 1621 3908 monasterii
1670 3855 1833 3909 fiscus
1891 3855 2110 3926 exigere

512 3947 748 4009 poterat,
777 3940 1001 4010 przefato
1032 3942 1363 3997 monasterio
1417 3943 1647 4013 ejusque
1696 3945 2108 4016 congregationi

511 4031 714 4087 ibidem
734 4031 844 4088 Deo
869 4033 1152 4088 famulanti
1195 4035 1566 4090 concessimus
1585 4077 1600 4100 ,
1650 4045 1708 4090 ut
1735 4037 1816 4091 eis
1843 4037 1910 4092 ad
1939 4037 2109 4091 servi-

510 4123 648 4177 tium
675 4125 1039 4194 peragendum
1062 4135 1410 4194 augmentum
1422 4127 1508 4180 vel
1534 4127 1965 4197 supplementum
1989 4130 2104 4184 fiat.

508 4214 578 4269 Et
607 4215 724 4270 haec
743 4217 1037 4272 auctoritas
1062 4225 1120 4272 ut
1145 4219 1348 4273 nostris
1389 4218 1696 4289 futurisque
1741 4221 2103 4290 temporibus,

510 4304 743 4362 Domino
780 4317 1114 4378 protegente,
1148 4309 1329 4364 valeat
1359 4310 1678 4366 incouvulsa
1709 4326 1952 4376 manere,
1982 4328 2105 4367 eam

510 4414 674 4455 manu
717 4402 939 4472 propria
980 4403 1170 4458 subter
1201 4402 1540 4460 firmavimus
1563 4447 1577 4471 ,
1610 4412 1665 4460 et
1711 4406 1895 4462 annuli
1931 4409 2103 4464 nostri

509 4493 870 4563 impressione
894 4495 1082 4549 subter
1120 4495 1340 4566 sigillari
1361 4495 1642 4564 jussimus.

583 4583 809 4656 Signum
838 4585 1098 4642 Ludovici
1128 4588 1461 4643 serenissimi
1491 4589 1857 4659 imperatoris.

581 4675 868 4732 Durandus
925 4677 1183 4734 diaconus
1239 4680 1305 4734 ad
1353 4681 1527 4736 vicem
1581 4679 1900 4738 Helisachar
1945 4699 2098 4742 reco-

511 4769 690 4839 gnovL

582 4861 714 4916 Data
748 4877 802 4917 vi
839 4861 1109 4930 Kalendas
1145 4862 1440 4934 Augustas,
1473 4880 1632 4928 anno,
1671 4865 1889 4923 Christo
1917 4870 2098 4939 propi-

509 4952 607 5018 tio,
649 4962 842 5023 quinto
867 4953 1076 5024 imperii
1103 4955 1284 5010 domui
1309 4955 1566 5011 Ludovici
1609 4959 1941 5013 serenissimi
1987 4960 2098 5015 Au-

510 5044 674 5113 gusti,
715 5045 1006 5101 indictione
1047 5047 1348 5102 undecima.
1389 5048 1582 5103 Actum
1621 5049 1928 5107 Aurelianis
1965 5053 2098 5109 civi-

511 5142 622 5189 tate
651 5135 706 5189 in
733 5134 829 5192 Dei
853 5137 1072 5194 nomine
1099 5137 1348 5195 feliciter.
1377 5139 1568 5195 Amen.

585 5258 612 5323 ξι
652 5244 915 5323 Corrupte
937 5252 1248 5323 secundum,
1277 5254 1418 5323 apud
1443 5254 1758 5309 Perardum.

583 5314 614 5354 δ
645 5315 790 5388 Male
814 5314 952 5388 apud
978 5314 1249 5383 eumdem,
1272 5314 1532 5378 deberent.

585 5396 607 5423 ο
645 5385 888 5463 Meminit
910 5391 1067 5463 hujus
1111 5393 1378 5463 privilegii
1407 5395 1743 5452 Adrevaldus
1773 5396 1828 5450 in
1859 5395 1998 5452 libro
2025 5399 2092 5454 de

513 5455 995 5547 E‘Eafﬁlléseﬂeﬁ'
1014 5455 1460 5547 Bsﬁsdicliv'cse-
1491 5467 1578 5547 l9.
1610 5469 1693 5522 ιιίε
1716 5468 1926 5547 mihi“
1953 5487 1970 5519 ε
1993 5467 2095 5547 Βεε-

511 5525 617 5608 gali
645 5527 1012 5608 munificentia
1056 5532 1184 5608 huic
1231 5525 1601 5592 sacratissimo
1646 5539 1894 5594 coenobio
1916 5555 1944 5592 a
1975 5539 2090 5608 pri-

513 5597 623 5652 scis
649 5597 1000 5680 _Fraucorum
1032 5603 1246 5680 regibus
1288 5622 1385 5675 per
1409 5609 1678 5680 Aprmcepti
1722 5609 1926 5678 proprii
1968 5597 2094 5680 syn-

512 5669 776 5746 graphum
808 5669 1123 5746 concessum
1149 5669 1324 5746 fuerat
1344 5669 1679 5746 uti-quatuor
1700 5669 1865 5734 naves
1901 5669 2094 5734 immu-

515 5752 612 5822 ries
631 5739 699 5791 ab
719 5743 875 5822 omni
889 5742 1070 5822 debito
1087 5741 1206 5822 fisci
1230 5739 1502 5822 liberrime
1533 5765 1642 5822 per_
1655 5749 1862 5822 alveum
1887 5751 2093 5822 Ligeris

515 5806 899 5868 discurrerent.
924 5831 942 5864 ›
975 5810 1170 5868 Postea
1195 5823 1383 5871 narrat
1417 5806 1748 5876 Adrevaldus
1771 5806 2093 5878 miraculum

1691 317 2010 378 LUDOVICI
2043 317 2065 373 I
2102 311 2573 374 COGNOMENTO
2611 312 2696 370 PII

547 450 699 505 sione
732 463 829 503 sua
858 446 1173 502 habuissent
1202 486 1218 512 ,
1271 452 1325 500 et
1351 459 1539 500 eorum
1581 441 2011 498 immunitatibus
2040 455 2137 494 au-
2163 438 2211 498 A

2123 4559 2180 4621 D

3681 323 3828 382 1080

2894 431 3177 488 LXXVIII.

2583 539 2682 580 PRO
2724 539 3062 581 κοΝΑετειιιο
3091 542 3456 584 Ριοιιιλεειεει.

2848 615 3022 687 (Anno
3049 615 3201 689 818.)

2231 707 2409 782 [Apud
2451 707 2516 762 D.
2563 706 3061 782 Bouquet.,_ibi‘d.,
3111 724 3194 782 ex_
3229 710 3445 767 schedis
3493 711 3561 767 D.
3617 713 3832 772 Claudii

2873 777 3196 850 Estiennot.]

2295 867 2355 922 In
2384 867 2602 923 nomine
2645 867 2744 922 Dei
2791 875 2849 922 et
2884 867 3186 926 Salvatoris
3233 873 3406 927 nostri
3440 872 3575 930 Jesu
3601 875 3830 946 Christi,

2226 956 2550 1025 Ludovicus,
2581 958 2763 1013 divina
2801 959 3086 1016 ordinante
3114 963 3478 1031 providentia,
3526 966 3832 1039 imperator

2225 1047 2521 1121 Augustus.

2296 1136 2558 1194 Omnibus
2577 1139 2867 1211 episcopis,
2895 1141 3204 1209 abbatibus,
3229 1143 3482 1212 ducibus,
3508 1149 3828 1216 comitibus,

2227 1227 2465 1294 vicariis,
2527 1230 2884 1295 centenariis,
2947 1232 3285 1301 teloneariis,
3343 1239 3696 1305 actionariis,
3753 1242 3836 1297 vel

2225 1320 2478 1374 omnibus
2500 1321 2891 1389 rempublicam
2918 1323 3449 1394 administrantibus,
3477 1345 3580 1385 seu
3604 1335 3831 1389 caneris

2224 1409 2473 1465 ﬁdelibus
2501 1420 2702 1466 sanctae.
2748 1411 2844 1467 Dei
2892 1411 3148 1470 Ecclesia:
3175 1425 3232 1472 et
3272 1421 3498 1487 nostris,
3551 1431 3670 1477 tam
3701 1440 3834 1494 pra:-

2192 1519 2194 1521 ·
2223 1501 2472 1556 sentibus
2505 1517 2667 1571 quam
2711 1502 2940 1572 futuris,
2975 1513 3164 1560 notum
3209 1508 3280 1563 sit
3331 1511 3461 1580 quia
3493 1516 3830 1571 venerabilis

2223 1591 2308 1645 vir
2355 1591 2704 1676 Adalgaudus
2751 1596 2891 1650 abba
2939 1611 3008 1650 ex
3057 1602 3396 1656 monasterio
3449 1601 3830 1673 Floriacensi,

2224 1685 2369 1752 quod
2411 1693 2495 1740 est
2541 1694 2912 1741 constructum
2950 1687 3005 1742 in
3055 1704 3196 1759 pago
3232 1692 3618 1751 Aurelianensi
3673 1713 3834 1768 super

2146 1797 2195 1857 Β
2222 1773 2445 1830 fluvium
2479 1776 2707 1847 Ligeris,
2758 1779 2815 1832 in
2842 1779 3050 1834 honore
3097 1781 3350 1838 videlicet
3392 1783 3451 1839 S.
3483 1784 3638 1841 Petri
3682 1789 3830 1858 prin-

2225 1868 2359 1938 cipis
2387 1869 2754 1939 apostolorum
2784 1878 2842 1923 et
2887 1869 2944 1924 S.
2994 1871 3273 1928 Benedicti
3324 1874 3690 1943 confessoris,
3745 1881 3831 1934 ubi

2223 1961 2338 2032 ipse
2366 1959 2425 2015 S.
2452 1960 2776 2018 Benedictus
2803 1978 3030 2032 corpore
3073 1967 3385 2035 requiescit,
3424 1969 3627 2025 detulit
3676 1973 3829 2028 nobis

2223 2051 2606 2106 auctoritatem
2632 2055 3014 2123 praeceptionis
3055 2056 3239 2112 domui
3270 2066 3326 2113 et
3348 2060 3622 2128 genitoris
3655 2065 3829 2119 nostri

2220 2141 2376 2223 bona:
2403 2143 2680 2198 memoria:
2717 2143 2896 2199 Caroli
2922 2147 3154 2216 piissimi
3179 2148 3430 2218 Augusti,
3475 2152 3533 2206 in
3560 2169 3680 2223 qua
3704 2171 3826 2210 con-

2221 2219 2498 2288 tiuebatur
2543 2235 2687 2304 quod
2723 2251 2859 2291 avus
2890 2245 3076 2292 noster
3112 2237 3373 2310 Pippinus
3407 2219 3702 2312 quondam
3737 2263 3827 2302 rex

2219 2331 2274 2378 et
2299 2324 2441 2379 idem
2465 2326 2674 2395 genitor
2698 2336 2882 2382 noster
2901 2330 3261 2386 contulissent
3280 2335 3621 2390 monasterio
3646 2338 3823 2392 eidem

2221 2413 2492 2469 teloneum
2519 2416 2587 2470 de
2615 2425 2850 2486 quatuor
2875 2419 3124 2486 navibus,
3173 2437 3292 2492 qua:
3328 2438 3428 2493 per
3465 2423 3692 2496 Ligeris
3729 2426 3824 2481 flu-

2217 2521 2340 2561 meu
2369 2523 2466 2562 seu
2504 2518 2701 2563 czetera
2745 2509 2965 2566 flumina
2994 2520 3218 2583 propter
3245 2515 3322 2568 sal
3352 2524 3409 2570 et
3435 2526 3642 2572 caetera
3667 2533 3822 2574 com-

2216 2599 2422 2653 mercia
2451 2599 2847 2667 discurrebant,
2894 2617 3102 2657 necnon
3125 2613 3180 2657 et
3207 2605 3275 2659 de
3302 2607 3478 2662 carris
3501 2617 3562 2662 et
3590 2623 3818 2679 sagma-

2217 2689 2314 2744 riis
2353 2691 2663 2746 necessaria
2691 2691 2859 2761 ipsius
2888 2695 3203 2749 monasterii
3251 2695 3333 2750 vel
3372 2699 3822 2768 congregationis

2214 2779 2417 2834 ibidem
2444 2780 2556 2837 Deo
2578 2779 2891 2838 famulantis
2921 2783 3311 2852 deferentibus,
3342 2795 3396 2841 et
3426 2788 3492 2842 de
3531 2789 3708 2854 villis,
3741 2791 3824 2847 vel

2213 2870 2280 2926 de
2325 2871 2596 2940 oumibus,
2651 2875 3010 2946 undecunque
3060 2876 3224 2933 fiscus
3270 2878 3546 2946 teloneum
3593 2884 3820 2952 exigere

2209 2972 2444 3033 poterat.
2503 2965 2609 3020 Pro
2660 2965 2934 3022 firmitatis
2983 2983 3219 3038 namque
3272 2971 3452 3025 studio
3507 2974 3818 3042 postulavit

2210 3055 2366 3111 nobis
2415 3055 2673 3125 praefatus
2709 3057 2877 3114 abbas
2927 3068 2986 3113 ut
3033 3070 3322 3131 paternum
3367 3078 3462 3118 seu
3508 3066 3818 3132 przrdeces-

2211 3161 2394 3202 serum
2439 3155 2752 3203 nostrorum
2812 3165 3021 3205 morem
3066 3161 3389 3222 sequentes,
3435 3155 3818 3226 hujuscemodi

2215 3240 2557 3295 auctoritatis
2601 3250 2803 3297 nostrae
2831 3253 2852 3282 ε
2892 3242 3218 3300 beneficium
3261 3247 3438 3302 eidem
3473 3252 3814 3308 concedere-

2209 3348 2332 3387 mus
2363 3333 2447 3389 vel
2477 3334 2947 3392 conlirmaremus.
2980 3337 3135 3406 Quod
3165 3349 3220 3395 et
3253 3340 3504 3410 fecimus,
3535 3353 3646 3400 etc.

2284 3425 2509 3499 Signum
2537 3427 2798 3485 Ludovici
2827 3433 3163 3487 serenissimi
3194 3433 3562 3505 imperatoris.

2282 3518 2572 3575 Durandus
2623 3521 2885 3578 diaconus
2936 3524 3002 3578 ad
3054 3525 3230 3581 vicem
3280 3525 3606 3584 Helisachar
3660 3545 3812 3586 reco‘

2210 3614 2412 3685 gnovit.

2280 3707 2414 3760 Data
2432 3721 2486 3760 vi
2504 3706 2621 3761 Kal.
2649 3709 2814 3780 Aug.,
2830 3725 2992 3776 anno,
3012 3709 3231 3766 Christo
3256 3712 3514 3783 pr0pitio,
3533 3713 3570 3768 5
3592 3715 3811 3786 imperii

2211 3797 2394 3853 domni
2452 3799 2711 3855 Ludovici
2763 3802 2995 3872 piissimi
3050 3803 3298 3875 Augusti,
3358 3806 3660 3862 indictione
3722 3809 3805 3861 Il.

2208 3888 2405 3943 Actum
2449 3889 2756 3948 Aureliauis
2791 3893 3014 3950 civitate
3054 3894 3110 3950 in
3139 3895 3235 3952 Dei
3280 3897 3500 3953 nomine
3550 3896 3804 3954 feliciter.

2207 3977 2402 4035 Amen.

2878 4056 3114 4113 LXXIX.

2541 4141 2644 4181 PRO
2673 4141 3011 4185 NONASTERIO
3049 4145 3459 4186 MAGNILOCENSI.

2817 4218 2992 4289 (Auno
3033 4220 3184 4290 8l8.)

2459 4308 2635 4382 [Apud
2665 4313 2727 4366 D.
2755 4313 3214 4383 Bouquet.,ibid.,
3243 4331 3368 4386 pag.
3398 4316 3549 4390 515.]

2276 4400 2336 4454 In
2365 4403 2586 4458 nomine
2631 4403 2844 4460 Domini
2893 4407 2988 4462 Dei
3031 4416 3086 4463 et
3130 4406 3430 4464 Salvatoris
3457 4412 3635 4466 nostri
3675 4410 3804 4468 Jesu

2207 4492 2429 4560 Christi,
2453 4494 2779 4564 Ludovicus,
2810 4499 2992 4555 divina
3016 4501 3301 4558 ordinante
3320 4502 3684 4573 providentia,
3713 4506 3807 4559 im-

2202 4596 2425 4658 perator
2450 4589 2743 4661 Augustus.

2275 4680 2413 4737 Cum
2458 4683 2593 4758 locis
2651 4684 2834 4740 divino
2887 4687 3054 4742 cultui
3103 4691 3428 4759 mancipatis
3483 4691 3555 4747 ob
3607 4692 3804 4749 divinae

2202 4774 2482 4832 servitutis
2523 4776 2786 4832 honorem
2815 4793 2972 4848 opem
3002 4795 3300 4851 congruam
3348 4782 3604 4848 ferimus,
3635 4795 3692 4840 et
3722 4801 3801 4839 re-

2204 4868 2350 4939 gium
2376 4883 2584 4923 morem
2608 4869 2866 4925 decenter
2910 4870 3214 4940 implemus,
3244 4881 3301 4928 et
3343 4874 3396 4928 id
3435 4874 3597 4930 nobis
3622 4874 3800 4946 profu-

2203 4967 2387 5015 turum
2414 4962 2482 5016 ad
2505 4970 2721 5019 aeternae
2743 4966 3198 5021 remunerationis
3220 4967 3439 5037 praemia
3466 4968 3798 5038 capessenda

2203 5053 2474 5107 veraciter
2505 5054 2794 5110 credimus.
2824 5054 3019 5110 Notum
3043 5057 3207 5128 igitur
3230 5072 3352 5113 esse
3391 5057 3646 5114 volumus
3675 5059 3798 5114 Iide-

2202 5141 2345 5199 libus
2391 5151 2594 5199 sanctae
2635 5143 2733 5200 Dei
2770 5142 3027 5202 Ecclesiae
3061 5155 3115 5203 et
3160 5148 3383 5212 nostris,
3433 5149 3795 5219 praesentibus

2201 5267 2446 5328 tempore
2481 5257 2720 5314 Rahouis
2767 5260 2981 5314 comitis
3023 5259 3244 5315 factum.
3295 5259 3660 5321 Mabillonius,
3697 5260 3786 5316 lib.

2201 5343 2374 5384 xxvm
2401 5328 2596 5383 Annal.
2627 5328 2850 5393 Beued.,
2885 5346 3033 5385 num.
3085 5331 3172 5396 79,
3219 5331 3381 5386 vellet
3423 5331 3787 5386 Adrevaldum

2201 5399 2406 5471 habere
2454 5400 2986 5471 vademconsimilis
3029 5401 3294 5456 miraculi.
3343 5402 3614 5457 Observat
3662 5416 3790 5471 prac-

2199 5478 2347 5542 terea
2390 5470 2532 5524 idem
2562 5469 2913 5542 Mabillonius
2957 5488 3055 5542 per
3096 5473 3147 5526 id
3196 5482 3408 5542 tempus
3453 5469 3688 5526 Floriaci
3715 5472 3789 5525 vi-

2199 5541 2381 5611 guisse
2430 5541 2607 5611 studia
2651 5541 2978 5608 litterarum,
3009 5551 3242 5597 testante
3289 5543 3588 5598 'l‘heodulfo
3622 5545 3675 5598 in
3702 5559 3786 5597 ca-

2196 5610 2433 5684 pitulari,
2477 5610 2631 5679 cujus
2660 5613 2836 5684 capite
2882 5613 2948 5666 'I9
2977 5615 3320 5684 presbyteros
3349 5625 3533 5669 mouet
3574 5623 3634 5668 ut
3663 5629 3784 5668 con-

2197 5682 2525 5749 sanguineos
2576 5698 2704 5738 suos
2757 5683 2823 5736 ad
2889 5682 3398 5740 scholam‘mittant
3448 5686 3500 5739 in
3553 5684 3779 5740 ecclesia

2199 5751 2650 5823 Sanctangrucis,
2699 5754 3178 5823 quazgcathedralis
3225 5766 3326 5823 est,
3376 5766 3470 5812 aut
3498 5756 3554 5812 in
3596 5771 3781 5813 mona-

2194 5823 2361 5880 sterio
2393 5819 2449 5880 S.
2479 5823 2675 5880 Aniani
2713 5819 2805 5880 aut
2835 5821 2892 5880 S.
2922 5822 3218 5882 Benedicti.
