4048 6350
274 326 418 386 1081

1415 325 1814 385 DIPLOMATA
1849 326 2401 388 ECCLESIASTICA.

3403 337 3544 396 1082

272 446 490 504 scilicet
516 451 572 501 et
595 441 813 511 futuris,
836 444 1066 514 qualiter
1094 458 1218 512 nos,
1254 445 1398 502 sicut
1429 446 1486 501 in
1523 446 1642 501 aliis
1685 454 1872 502 aucto-
1891 455 1946 514 Α
2039 447 2328 504 Durandus
2378 445 2637 502 diaconus
2689 446 2756 502 ad
2803 446 2978 503 vicem
3028 447 3345 506 Helisachar
3392 468 3546 509 reco-

271 537 537 594 ritutibus
563 537 762 592 nostris
786 539 1116 604 continetur,
1144 537 1459 594 Heimonem
1493 537 1862 594 venerabilem

274 629 537 685 abbatem
583 642 652 682 ex
694 629 1025 684 monasterio
1067 630 1222 700 cujus
1267 629 1588 686 vocabulum
1633 639 1718 686 est
1759 630 1865 685 Ma-

272 733 420 790 gnus
444 715 623 773 Locus
649 716 952 790 (Manlian),
991 719 1134 789 quod
1170 728 1254 776 est
1285 729 1656 776 constructum
1683 722 1738 776 in
1767 722 1865 777 ho—

271 822 414 862 nore
438 805 494 861 S.
526 804 833 863 Sebastiani
877 808 932 862 in
961 825 1099 880 pago
1142 808 1464 876 Arvernico,
1495 819 1552 866 et
1577 827 1864 884 congrega-

272 897 485 952 tionem
508 897 675 964 illius,
704 913 825 953 cum
848 900 1010 955 rebus
1037 900 1248 956 illorum
1265 900 1410 969 juste
1431 901 1533 957 sibi
1563 911 1865 974 competen-

275 988 448 1053 tibus,
480 988 580 1044 sub
610 997 794 1045 nostra
833 991 1172 1062 suscepimus
1210 991 1525 1063 plenissima
1554 993 1866 1051 defensione

271 1087 339 1134 et
375 1080 734 1136 immunitatis
774 1081 1018 1138 tuitione.
1060 1083 1129 1138 Et
1162 1083 1283 1140 ideo
1316 1083 1658 1140 decernimus
1701 1095 1866 1156 atque
1950 1123 1958 1130 -

271 1185 381 1241 per
401 1172 500 1228 hos
529 1173 710 1242 apices
754 1174 1060 1246 imperiales
1103 1185 1321 1232 nostros
1364 1178 1635 1234 sancimus
1663 1187 1724 1232 ut
1754 1193 1868 1234 om-

269 1278 378 1318 nes
427 1278 515 1318 res
560 1262 800 1331 eiusdem
857 1267 1190 1334 monasterii,
1239 1267 1380 1322 sicut
1431 1268 1686 1333 diximus,
1741 1283 1864 1322 cum

269 1352 530 1408 omnibus
553 1353 654 1408 sibi
678 1355 954 1426 subjectis,
980 1358 1080 1412 sub
1101 1366 1301 1412 nostrae
1325 1357 1652 1413 defensionis
1677 1358 1866 1412 immu-

272 1445 448 1499 nitate
508 1446 825 1501 consistant.
884 1447 1264 1519 Praecipientes
1306 1464 1435 1522 ergo
1481 1449 1735 1518 jubemus
1784 1457 1864 1504 at-

271 1549 384 1606 que
409 1538 752 1606 praecipimus
780 1546 840 1593 ut
857 1539 1034 1595 nullus
1067 1539 1231 1609 judex
1264 1541 1536 1611 publicus,
1559 1549 1652 1596 aut
1684 1539 1865 1610 cujus-

271 1629 408 1686 libet
431 1632 726 1701 superioris
751 1641 844 1687 aut
864 1633 1136 1689 inferioris
1161 1635 1367 1691 ordinis
1388 1635 1698 1705 reipublicm
1741 1649 1864 1704 pro—

269 1731 519 1790 curator,
562 1724 630 1778 ad
670 1738 862 1779 causas
899 1725 1193 1795 judiciario
1240 1740 1392 1780 more
1438 1725 1754 1790 audiendas,
1806 1726 1863 1780 in

273 1812 562 1881 ecclesias,
588 1815 765 1882 villas,

271 1905 446 1960 derno
474 1914 714 1976 tempore
735 1908 791 1962 in
825 1909 1155 1977 quibuslibet
1182 1910 1478 1980 provinciis
1507 1911 1575 1964 ad
1613 1911 1863 1965 eumdem

269 1993 451 2049 locum
480 1997 767 2064 pertinent,
790 1996 875 2051 vel
902 1995 1080 2071 [quas]
1128 2000 1382 2071 deinceps
1406 2007 1499 2054 aut
1524 2014 1623 2068 per
1647 2015 1749 2056 nos
1771 2008 1864 2055 aut

266 2102 376 2157 per
403 2086 539 2142 alios
578 2077 848 2157 quoslibet
875 2091 929 2144 in
953 2090 1076 2161 jure
1117 2090 1285 2161 ipsius
1331 2092 1648 2147 monasterii
1680 2093 1864 2148 divina

267 2179 446 2249 pietas
467 2180 702 2236 voluerit
731 2184 940 2252 augeri,
971 2183 1180 2254 ingredi
1214 2193 1528 2255 prmsumat,
1560 2199 1660 2240 nec
1683 2184 1860 2252 freda,

270 2281 370 2326 aut
395 2272 617 2340 tributa,
667 2284 761 2330 aut
804 2277 1136 2342 mansiones,
1183 2285 1274 2332 aut
1312 2286 1554 2347 paratas,
1605 2287 1698 2333 aut
1727 2278 1863 2334 telo-

271 2381 461 2432 neum,
513 2376 606 2421 aut
649 2367 994 2438 tidejussores
1047 2369 1254 2436 tollere,
1291 2379 1384 2425 aut
1432 2373 1700 2438 homines,
1749 2379 1861 2426 tam

277 2458 546 2529 ingenuos
590 2475 753 2531 quam
804 2477 1013 2528 servos,
1069 2477 1232 2532 super
1284 2471 1485 2519 terram
1534 2463 1702 2533 ipsius
1755 2463 1862 2518 loci

271 2559 676 2606 commanentes
723 2552 1064 2623 distringere,
1110 2568 1209 2608 nec
1256 2553 1397 2609 ullas
1443 2554 1687 2625 publicas
1739 2553 1862 2609 fun-

277 2627 508 2706 ctiones,
563 2648 657 2696 aut
705 2641 1116 2711 redhibitiones,
1145 2644 1234 2699 vel
1277 2643 1495 2699 illicitas
1541 2645 1858 2701 occasiones

273 2731 578 2800 requirere,
611 2733 809 2802 quibus
836 2733 889 2789 in
927 2733 1108 2806 aliquo
1136 2734 1276 2790 idem
1309 2736 1699 2792 monasterium
1724 2737 1859 2792 sibi-

272 2838 382 2892 que
402 2822 632 2892 subjecti
655 2825 871 2896 aliquod
901 2827 1098 2898 injuste
1124 2828 1401 2899 patiantur
1425 2829 1855 2898 incommodum;

271 2916 480 2972 nostris
508 2917 814 2990 futurisque
859 2920 1192 2991 temporibus
1220 2921 1508 2992 quisquam
1554 2929 1666 2976 tam
1694 2930 1863 2978 teme-

276 3009 458 3063 rarius
488 3009 711 3075 existat,
754 3011 848 3080 qui
876 3010 930 3065 id
955 3009 1190 3067 faciendi
1217 3011 1320 3067 sibi
1355 3019 1678 3083 potestatem
1708 3012 1864 3067 attri—

271 3102 441 3156 buere
466 3101 677 3157 audeat.
729 3101 796 3157 Et
837 3102 1098 3172 quidquid
1127 3103 1194 3158 de
1235 3103 1397 3158 rebus
1435 3101 1647 3173 praafati
1676 3117 1862 3156 mona-

273 3191 430 3247 sterii
457 3191 618 3248 fiscus
648 3206 867 3262 sperare
907 3200 1140 3262 poterat,
1172 3199 1344 3247 totum
1385 3207 1485 3248 nos
1526 3207 1628 3262 pro
1656 3199 1861 3246 aeterna
1889 3194 1934 3258 C
1965 3222 2167 3280 fruaris
2191 3225 2418 3280 arbitrio
2447 3225 2698 3282 faciendi.

279 3284 723 3340 remuneratione
750 3285 1012 3355 pracdicto
1039 3284 1366 3340 monasterio
1403 3285 1768 3352 concedimus,
1804 3294 1866 3340 ut

272 3377 606 3447 perennibus
677 3376 1013 3448 temporibus
1057 3378 1114 3433 in
1160 3377 1415 3433 alimonia
1463 3393 1764 3448 pauperum
1809 3385 1865 3433 et

277 3470 547 3540 stipendia
601 3470 992 3525 monachorum
1057 3470 1256 3526 ibidem
1315 3470 1426 3525 Deo
1479 3469 1864 3526 famulantium

279 3559 530 3628 proficiat
553 3559 609 3614 in
646 3568 1028 3631 augmentum:
1063 3569 1328 3632 quatenus
1366 3561 1561 3617 ibidem
1610 3562 1722 3618 Deo
1751 3579 1867 3619 ser-

276 3651 486 3707 vientes
514 3667 611 3722 pro
656 3653 831 3719 nobis,
875 3651 1103 3724 conjuge
1140 3652 1398 3722 prolequc
1441 3662 1651 3720 nostra,
1697 3662 1864 3725 atque

276 3743 570 3800 stabilitate
597 3745 761 3800 totius
791 3745 1003 3814 imperii
1029 3761 1061 3799 a
1087 3747 1195 3800 Deo
1234 3745 1389 3801 nobis
1421 3749 1666 3803 concessi
1693 3756 1860 3819 atque

277 3838 654 3903 conservandi,
681 3838 881 3909 jugiter
909 3837 1004 3892 Dei
1052 3838 1480 3894 misericordiam
1510 3855 1740 3895 exorare
1765 3841 1860 3896 de~

275 3931 463 3986 beant.
496 3928 622 3984 Haac
650 3945 780 3986 vero
819 3929 1116 3984 auctoritas
1161 3929 1516 3985 immunitatis
1542 3940 1760 3997 nostrm,
1798 3941 1860 3987 ut

276 4034 377 4091 per
423 4021 692 4077 curricula
741 4036 1005 4076 annorum
1055 4019 1417 4076 inviolabilem
1464 4029 1626 4090 atque
1672 4023 1858 4077 incon-

280 4111 499 4166 vulsam
528 4111 772 4166 obtineat
820 4109 1156 4174 firmitatem,
1206 4125 1370 4164 manu
1411 4110 1628 4180 propria
1673 4110 1859 4166 subter

279 4201 638 4269 firmavimus,
690 4209 745 4257 et
793 4200 978 4255 annuli
1030 4199 1203 4256 nostri
1250 4200 1606 4270 impressione
1659 4201 1862 4274 signari

271 4291 556 4362 jussimus.

353 4382 581 4457 Signum
615 4383 874 4440 Ludovici
901 4383 1234 4442 serenissimi
1263 4384 1628 4456 imperatoris.

1963 553 2141 609 gnovi.

2033 629 2168 684 Data
2195 646 2283 684 xvr
2313 629 2434 684 Kal.
2465 629 2636 700 Sept.,
2663 646 2828 696 anno,
2856 629 3075 688 Christo
3093 636 3347 706 propitio,
3378 636 3412 689 5
3434 637 3542 691 imo

1960 721 2098 791 perii
2121 721 2302 776 domni
2333 721 2591 776 Ludovici
2618 722 2846 791 piissimi
2867 722 3117 795 Augusti,
3141 726 3432 782 indictione
3455 727 3543 782 11.

1961 811 2156 868 Actum
2200 811 2500 869 Andecavis
2529 813 2734 884 palatio
2780 815 2838 870 in
2887 815 2983 871 Dei
3028 816 3249 873 nomine
3290 817 3542 876 feliciter.

1961 903 2155 964 Amen.

2651 977 2865 1033 LXXX.

2273 1085 2374 1126 PRO
2412 1087 2682 1128 LOTHARIO
2709 1089 2913 1128 IMPERII
2943 1089 3233 1131 CONSORTE.

2546 1162 2718 1234 (Anno
2748 1162 2850 1218 818
2889 1163 2960 1233 α.)

1965 1252 2141 1328 [Apud
2188 1253 2527 1318 Grandidier,
2578 1255 2720 1311 Hist.
2769 1257 2833 1310 de
2881 1256 3038 1327 l‘Egl.
3092 1259 3156 1312 de
3206 1257 3546 1332 Strasbourg,

2035 1335 2167 1380 tom.
2200 1326 2262 1386 ll,
2288 1341 2411 1386 pag.
2437 1327 2651 1386 167..ex
2680 1328 2800 1382 cod.
2824 1342 2928 1381 ms.
2961 1345 3017 1381 η.
3040 1327 3179 1385 2718
3201 1330 3546 1386 Bibliotheca:

2035 1340 2167 1380 tom.
2201 1340 2262 1390 It,
2288 1341 2411 1398 pag.
2437 1340 2651 1388 wuex
2680 1340 2800 1382 eoa.
2824 1342 2928 1381 ms.
2961 1345 3017 1381 η.
3040 1340 3179 1385 2718
3203 1340 3550 1388 Bibliotheca:

2034 1397 2196 1466 regiae
2222 1399 2365 1452 notis
2389 1397 2690 1468 tyronianis
2717 1407 2943 1452 exarato
2975 1398 3051 1472 ιλ]

2033 1483 2092 1539 In
2121 1486 2338 1540 nomine
2364 1485 2577 1540 Domini
2614 1493 2670 1540 et
2703 1483 3003 1541 Salvatoris
3027 1487 3197 1542 nostri
3236 1486 3362 1543 Jesu
3393 1488 3553 1545 Chri-

1964 1579 2058 1646 sti,
2085 1579 2411 1647 Ludovicus,
2437 1579 2622 1636 divina
2648 1580 2936 1636 ordinante
2979 1581 3342 1651 providentia,
3383 1585 3554 1654 impe-

1964 1681 2116 1729 rator
2141 1673 2418 1745 Augustus
2467 1684 2513 1727 ο.
2563 1671 2761 1728 Notum
2788 1673 2860 1729 sit
2894 1674 3147 1731 omnibus
3181 1675 3428 1730 fidelibus
3455 1691 3552 1731 no—

1965 1765 2116 1830 stris,
2145 1773 2255 1819 tam
2280 1765 2642 1834 praesentibus
2672 1781 2833 1836 quam
2861 1774 2918 1821 et
2940 1763 3153 1832 futuris,
3179 1767 3302 1836 quia
3343 1783 3442 1823 nos
3469 1768 3553 1822 di-

797 1817 1158 1927 δῗυξέὴξῖξηξῗ
1889 1826 1938 1887 Β
1965 1856 2106 1914 lecto
2134 1855 2244 1912 lilio
2280 1855 2538 1911 Lothario
2561 1855 2762 1912 Caesari
2784 1856 2812 1896 ἀ
2841 1864 2895 1912 et
2935 1857 3173 1912 consorti
3221 1858 3432 1927 imperii
3462 1873 3554 1914 no-

1964 1948 2064 2003 stri
2090 1947 2440 2003 concedimus
2462 1947 2531 2003 ad
2551 1949 2832 2019 proprium
2853 1965 2920 2004 ex
2950 1949 3185 2020 quadam
3215 1949 3342 2005 villa
3367 1960 3553 2007 nostra

1965 2053 2088 2109 quae
2114 2039 2220 2092 sita
2265 2047 2350 2093 est
2382 2039 2436 2093 in
2463 2054 2604 2110 pago
2631 2039 2930 2106 Alsacinse,
2971 2057 3093 2111 qua:
3141 2043 3337 2098 dicitur
3363 2043 3554 2099 Heriu-

1963 2130 2125 2194 stein,
2155 2145 2405 2184 mansum
2454 2131 2785 2186 dominicum
2832 2146 2954 2187 cum
2981 2131 3230 2189 omnibus
3279 2149 3440 2203 supra
3463 2149 3555 2205 po-

1963 2223 2081 2278 sitis
2105 2231 2159 2278 et
2183 2221 2319 2278 alios
2357 2238 2575 2279 mansos
2602 2233 2812 2280 tantum
2851 2227 3130 2297 sexaginta
3159 2227 3228 2282 ad
3271 2243 3394 2282 eum
3423 2243 3551 2298 per-

1964 2315 2283 2381 tinentibus,
2311 2331 2437 2371 cum
2468 2317 2756 2388 mancipiis
2803 2319 3035 2389 desuper
3080 2322 3553 2377 commanentibus

1960 2413 2020 2460 et
2044 2405 2110 2460 ad
2139 2407 2360 2461 eosdem
2403 2408 2686 2479 sexaginta
2735 2424 2954 2465 mansos
2992 2410 3400 2480 aspicientibus.
3446 2412 3555 2467 Has

1960 2511 2090 2552 vero
2122 2513 2232 2566 res,
2280 2498 2419 2554 sicut
2451 2501 2700 2570 superius
2740 2502 3050 2557 continetur
3094 2503 3381 2574 scriptum,
3427 2520 3554 2560 cum

1962 2588 2230 2655 domibus,
2259 2589 2524 2657 aediﬁciis,
2557 2592 2867 2663 mancipiis,
2904 2594 3088 2660 terris,
3136 2595 3332 2664 pratis,
3377 2595 3548 2664 silvis,

1958 2681 2193 2749 pascuis,
2247 2681 2404 2751 aquis
2449 2697 2786 2752 aquarumve
2826 2683 3166 2750 decursibus,
3208 2685 3550 2753 molendinis,

1962 2764 2160 2821 mobile
2182 2773 2240 2822 et
2263 2766 2560 2836 immobile,
2585 2769 2683 2824 tibi
2707 2769 2903 2825 dilecto
2947 2769 3057 2826 tilio
3082 2779 3270 2827 nostro
3293 2772 3554 2830 Lothario

1962 2857 2276 2926 imperatori
2324 2859 2391 2914 ad
2425 2860 2704 2931 proprium
2732 2875 2831 2930 per
2876 2862 3019 2917 hanc
3065 2871 3268 2918 nostrae
3315 2865 3550 2920 auctori-

1962 2947 2090 3003 tatis
2115 2947 2455 3020 largitionem
2481 2952 2748 3007 tradimus
2777 2951 2845 3007 ad
2895 2953 3285 3022 possidendum
3312 2973 3326 3022 ;
3371 2956 3446 3011 ita
3473 2957 3554 3012 vi-

1961 3040 2158 3097 delicet
2187 3051 2248 3097 ut
2271 3043 2534 3114 quidquid
2556 3045 2624 3100 de
2664 3045 2871 3101 eisdem
2899 3047 3063 3102 rebus
3086 3056 3142 3103 et
3166 3050 3450 3121 mancipiis
3476 3049 3555 3105 fa-

1964 3147 2089 3188 cere
2114 3133 2201 3188 vel
2227 3135 2504 3190 vindicare
2533 3135 2790 3199 volueris,
2826 3137 3000 3193 libero
3044 3138 3099 3191 in
3143 3139 3396 3194 omnibus
3434 3155 3555 3209 per-

2743 3227 2811 3282 Et
2838 3235 2897 3282 ut
2921 3229 3036 3284 hzec
3069 3229 3284 3301 largitio
3306 3231 3556 3288 donatio-

1965 3316 2051 3371 nis
2073 3324 2272 3372 nostrze
2290 3333 2389 3387 per
2415 3317 2595 3372 futura
2627 3326 2870 3390 tempora
2901 3320 3270 3377 inviolabilem
3309 3323 3553 3380 obtineat

1967 3408 2304 3477 firmitatem,
2333 3424 2495 3465 manu
2521 3411 2844 3480 propria...
2868 3451 2882 3466 .
2908 3419 3015 3468 etc.

2641 3503 2876 3560 LXXXI.

2258 3607 2280 3636 θ
2312 3612 2414 3652 PRO
2443 3612 2672 3652 ΔΒΒΑΊΊΑ
2701 3612 3268 3655 APRIMONASTERIENSI.

2575 3690 2746 3762 (Anno
2784 3690 2934 3763 818.)

1966 3781 2144 3855 [Apud
2173 3782 2538 3855 Grandidier.,
2569 3782 2824 3855 ibid_.,_ex
2861 3782 2982 3855 cod.
3012 3797 3120 3855 ms.
3146 3781 3551 3855 ChroniciANo-

2033 3849 2434 3995 ἓξῖηιεηεξδίᾛυί
2455 3861 2634 3906 exstat
2663 3849 2947 3906 Selestadii
2969 3853 3025 3906 in
3049 3851 3377 3909 bibliotheca
3405 3853 3551 3911 beati

2123 3938 2282 3978 cnam
2347 3961 2361 3974 .

2123 3938 2282 3978 cnam
2316 3938 2332 3960 ¹
2347 3961 2361 3974 .

2034 4015 2093 4070 In
2140 4014 2359 4069 nomine
2407 4012 2622 4068 Domini
2665 4012 2762 4067 Dei
2805 4021 2860 4069 et
2892 4011 3190 4070 Salvatoris
3227 4016 3399 4070 nostri
3422 4014 3552 4072 Jesu

1963 4106 2186 4173 Christi,
2246 4105 2551 4162 Ludovicus
2617 4105 2796 4162 divina
2860 4107 3149 4164 ordinante
3208 4109 3550 4180 providentia

1963 4200 2260 4272 imperator
2280 4199 2572 4270 Augustus.

2036 4294 2095 4349 Si
2142 4310 2268 4366 erga
2307 4294 2425 4349 loca
2464 4293 2662 4348 divinis
2702 4293 2938 4349 cultibus
2978 4295 3286 4365 mancipata
3324 4303 3552 4366 propter

1965 4401 2206 4444 amorem
2246 4387 2343 4442 Dei
2390 4386 2604 4457 ipsique
2652 4386 2708 4442 in
2749 4386 2954 4443 eisdem
2983 4385 3117 4444 locis
3163 4387 3550 4444 famulantibus

351 4590 606 4646 ICharta
648 4598 734 4646 est
759 4591 886 4646 anni
930 4591 1144 4658 incerti,
1179 4591 1274 4645 sed
1320 4589 1420 4645 fuit
1447 4590 1570 4645 data
1609 4599 1734 4661 post
1770 4593 1938 4654 an-D
1963 4592 2043 4648 cis
2089 4599 2248 4646 antea
2296 4590 2578 4645 dicebatur
2621 4597 2877 4646 exaratus
2926 4589 3144 4655 litteris,
3204 4602 3375 4659 usque
3421 4589 3549 4646 dum

277 4675 411 4731 num
439 4662 564 4726 817,
613 4677 720 4731 quo
772 4661 1062 4718 Lotharius
1093 4679 1124 4716 a
1169 4670 1324 4731 patre
1373 4661 1472 4716 fuit
1513 4662 1856 4717 renuntiatus

277 4729 595 4803 imperator.
615 4729 881 4788 Praecedit
894 4748 1021 4788 vero
1038 4729 1278 4787 mensem
1297 4730 1584 4787 Octobrem
1605 4731 1729 4800 821,
1749 4748 1855 4803 quo

276 4800 734 4876 idem_Lotbarius
763 4803 1147 4876 lriningardem
1171 4803 1324 4876 duxit
1350 4818 1592 4876 uxorem.

201 4888 219 4942 ξ
278 4939 296 4946 _
351 4871 630 4946 ECharta
656 4871 1073 4946 haecvige'sima
1113 4873 1300 4946 quinta
1345 4881 1522 4946 exstat
1566 4873 1621 4928 in
1657 4875 1859 4946 capitu-

277 4939 391 5014 lari
431 4941 688 4998 Ludovici
729 4944 809 4998 Pii
861 4939 1004 5012 quod
1038 4961 1105 4999 ex
1132 4939 1322 5000 codice
1363 4944 1511 5014 regio
1558 4939 1858 5014 tyronianis

278 5012 427 5098 notis
447 5022 673 5095 exarato
691 5015 1015 5098 vulgnajitl).
1042 5012 1446 5098 Crat'penterius,
1475 5015 1529 5098 in
1558 5012 1860 5098 Alphabeto

277 5084 587 5207 gmniano,
633 5100 755 5167 pag.
940 5087 1018 5140 Ex
1066 5084 1418 5167 Carpenterio
1458 5084 1864 5211 descripserunt

325 5165 615 5211 ouauetus.
640 5171 694 5209 In
725 5155 1141 5211 δενιοιοτ.ιῐὶθι·.
1184 5155 1428 5211 Ρνειηοιο.
1453 5164 1585 5211 tom.
1669 5156 1708 5211 Ι.
1735 5171 1858 5211 nan.

325 5165 615 5227 cuquetus,
640 5155 694 5209 in
725 5155 1141 5225 Scriptorxlter.
1184 5155 1429 5227 Francic.
1453 5164 1585 5211 tom.
1625 5155 1716 5227 Vl,
1735 5171 1858 5227 pag.

282 5224 409 5289 646,
455 5234 512 5280 et
552 5224 919 5296 Heumannus,
965 5227 1020 5280 in
1048 5228 1348 5280 Comment.
1399 5225 1464 5280 de
1505 5240 1565 5296 re
1612 5224 1859 5296 diploml,

281 5304 417 5350 tom.
464 5295 508 5361 l,
550 5295 954 5367 pag.g413._De
997 5297 1141 5351 notis
1182 5296 1482 5367 tyronianis
1532 5294 1864 5367 fuse_:agunt

280 5364 766 5436 alictores'Gallici
817 5365 977 5421 Nova:
1024 5364 1578 5436 Diplomaticaaqom.
1617 5364 1704 5436 lll,
1732 5380 1856 5436 pag.

281 5435 534 5518 562-822.
581 5437 640 5518 In
665 5436 1010 5518 bibliotheca
1055 5435 1276 5518 majoris
1323 5435 1566 5518 ecclesiae
1612 5435 1862 5518 Argenti-

282 5509 469 5562 nensis
511 5508 758 5563 exstabat
784 5508 913 5562 olim
945 5516 1210 5577 praestans
1252 5506 1572 5578 psalterium,
1597 5506 1741 5561 notis
1778 5515 1864 5578 ty-

283 5579 529 5633 ronianis
553 5589 855 5644 exaratum,
902 5579 1185 5647 aureisque
1216 5577 1478 5647 capitellis
1525 5577 1858 5632 distinctum.

283 5648 539 5704 Codicem
569 5649 718 5704 illum
762 5651 974 5706 viderat
1015 5666 1157 5704 anno
1196 5649 1332 5704 1498
1359 5647 1666 5706 Argentinaa
1702 5647 1864 5702 Joan-

285 5735 386 5774 nes
412 5719 757 5785 Trithemius,
797 5721 1052 5790 illumque
1079 5721 1312 5775 maxime
1334 5717 1569 5773 celebrat
1601 5717 1863 5790 Polygra-

285 5791 432 5852 phiae
456 5791 595 5848 libro
615 5793 822 5861 quinto.
848 5788 1258 5863 Argentinensis
1280 5791 1369 5856 ille
1391 5790 1561 5848 codex
1581 5788 1866 5847 Armenia-

1964 4662 2258 4734 prazdictus
2307 4662 2473 4715 abbas
2516 4661 2571 4734 in
2619 4661 2708 4734 illo
2756 4661 3157 4734 recognovisset
3201 4669 3358 4734 notas
3406 4666 3552 4730 tyro-

1965 4729 2187 4860 iiianags‘5
2217 4747 2448 4803 quarum
2496 4729 2942 4804 significationem
2990 4732 3211 4787 exhibet
3262 4729 3548 4799 Gruterus,

1965 4820 2088 4860 nan.
2192 4844 2206 4859 .

1965 4820 2088 4876 pag.
2118 4820 2206 4860 ou.

2039 4907 2063 4936 ο
2093 4895 2347 4951 Formula
2375 4896 2491 4951 haec
2534 4894 2757 4951 initialis
2801 4895 2953 4952 deest
2993 4895 3046 4950 in
3084 4909 3186 4950 ms.
3219 4892 3429 4962 codice,
3456 4897 3550 4952 sed

1967 4968 2187 5024 indubie
2212 4967 2528 5037 supplenda.

2036 5057 2063 5096 ιι
2098 5056 2342 5111 Notanda
2373 5058 2460 5112 hic
2495 5058 2640 5112 venit
2681 5056 2912 5112 Caesaris
2948 5056 3235 5127 appellatio
3259 5066 3387 5112 tunc
3413 5066 3550 5113 tem-

1965 5128 2133 5198 poris,
2164 5143 2246 5190 eo,
2279 5143 2386 5196 quo
2414 5128 2503 5182 hic
2523 5127 2776 5192 sumitur,
2802 5144 2962 5183 sensu
3000 5128 3234 5182 maxime
3270 5143 3412 5193 rara,
3439 5142 3545 5198 qua

1966 5197 2235 5268 nusquam
2265 5199 2349 5252 usi
2398 5207 2523 5255 sunt
2552 5198 2894 5266 Eginhardus
2925 5197 3086 5252 aliive
3115 5199 3427 5268 scriptores,
3457 5197 3546 5254 ubi

1964 5267 2283 5324 Lotharium
2326 5277 2632 5324 consortem
2679 5269 2892 5338 imperii
2939 5285 2969 5323 a
3011 5275 3164 5340 patre
3211 5267 3545 5324 nominatum

1963 5347 2287 5396 memorant.

2040 5443 2063 5472 ο
2094 5431 2208 5486 Hoc
2243 5431 2475 5501 diploma
2500 5431 2586 5502 bis
2614 5430 2782 5486 refert
2825 5429 3184 5502 Schoepllinus
3225 5433 3280 5502 in
3327 5429 3544 5502 Alsatiaa

1965 5503 2321 5574 diplomaticaa
2346 5512 2495 5574 itom.
2542 5501 2584 5567 l,
2618 5503 2758 5556 inter
2789 5500 3020 5574 sincera,
3058 5517 3180 5574 pag.
3215 5500 3312 5568 66;
3346 5500 3544 5557 rectius

1963 5589 2094 5629 vero
2124 5574 2267 5628 inter
2290 5573 2618 5640 adulterina;
2640 5589 2760 5644 pag.
2792 5573 2912 5628 105.

2040 5667 2060 5705 ε
2102 5665 2228 5749 Haec
2245 5667 2442 5749 charta
2467 5683 2575 5725 non
2600 5676 2776 5725 exstat
2799 5668 2856 5726 in
2893 5669 3113 5727 archivo
3141 5666 3371 5724 abbatis:
3390 5663 3545 5737 April

1965 5746 2328 5799 monasterien
2334 5746 2408 5796 SlS
2416 5777 2430 5794 ο
