4048 6350
264 333 415 392 1085

1415 320 1807 380 DlPLOMATA
1848 321 2402 386 EOCLESIAS‘UCA.

3388 332 3529 393 4066

257 456 500 507 vocatur
527 463 542 513 ;
585 443 640 500 in
678 442 963 499 latitudine
990 448 1120 498 vero
1148 439 1288 495 ultra
1311 439 1663 495 Vaohonnam
1694 436 1849 507 juxta
1874 441 1931 499 Α
1952 436 2214 494 tinentiis.
2247 438 2306 494 In
2332 436 2573 497 Northus
2606 441 2653 506 ί,
2702 441 2877 502 curtis
2908 442 3181 501 dominica
3210 458 3331 504 cum
3359 447 3532 503 υωηί-

256 537 627 597 Lucelwilrea
650 550 821 606 usque
842 534 1118 589 inarunem
1146 531 1240 602 qui
1254 530 1522 586 Mulibaeb
1546 530 1575 570 ιι
1604 537 1847 594 vocatur,

255 634 324 690 in
360 624 619 688 comitatu
640 626 915 695 lllichick,
961 628 1015 681 et
1046 625 1102 680 in
1127 626 1439 695 episcopatu
1469 623 1849 692 Argentinensi

255 729 395 784 sita.
447 726 505 782 In
537 721 837 780 Olleswilre
877 731 927 787 ε,
963 718 1136 775 curtis
1177 717 1449 772 dominica
1478 730 1603 771 eum
1652 714 1851 769 allodio

250 821 549 875 vinearum
596 822 652 871 et
679 818 929 885 agrorum
951 854 967 877 ,
1006 825 1226 867 mansus
1272 808 1555 865 censuales
1581 814 1641 861 et
1673 806 1848 862 servi-

250 912 372 979 les;
417 912 635 965 decima:
666 909 834 979 ipsius
856 905 1045 977 praedii
1075 904 1313 959 totaliter
1328 903 1395 957 ad
1420 910 1635 971 portam
1662 913 1850 953 mona-

249 1004 415 1059 sterii
452 1005 502 1056 in
527 1017 657 1056 usus
680 1013 973 1070 pauperum
1000 1006 1053 1051 et
1074 995 1351 1065 hospitum
1382 994 1675 1063 pertinent.
1706 990 1850 1045 Ban-

248 1111 367 1151 nos
395 1096 563 1165 ipsius
592 1092 769 1147 allodii
793 1098 915 1145 cum
930 1089 1077 1145 omni
1103 1087 1458 1143 mundiburde
1474 1101 1569 1141 sua
1598 1086 1650 1139 in
1676 1085 1848 1154 ipsam

249 1186 459 1240 curtim
507 1185 771 1254 pertinet,
822 1182 928 1236 viis
951 1180 1159 1237 scilicet
1202 1189 1255 1234 et
1288 1178 1478 1242 inviis,
1510 1176 1748 1232 exitibus
1795 1182 1853 1229 et

249 1276 599 1339 redditilius;
651 1273 953 1329 communis
968 1287 1094 1327 vero
1117 1272 1326 1326 bannus
1350 1278 1523 1341 usque
1551 1269 1605 1323 in
1634 1268 1847 1323 alveum

249 1369 583 1440 Eggenbaeh
627 1364 653 1408 ἀ
703 1376 757 1423 et
804 1367 1013 1421 alveum
1065 1365 1157 1420 llle
1214 1364 1453 1419 ﬂuminis
1481 1403 1495 1429 ,
1548 1376 1681 1416 usus
1716 1374 1848 1415 vero

246 1461 526 1533 lignorum
544 1468 595 1517 et
618 1476 818 1531 pascua
857 1461 926 1514 ad
947 1459 1273 1529 saginandos
1309 1457 1697 1527 quinquaginta
1716 1466 1851 1525 por‘

249 1568 352 1608 cos
381 1555 436 1607 in
468 1551 802 1608 Westerholz
848 1552 904 1606 in
936 1550 1109 1620 ipsam
1154 1558 1363 1604 curtem
1414 1548 1691 1618 pertinet:
1744 1545 1850 1600 sita

248 1654 341 1701 est
371 1654 551 1700 autem
586 1646 641 1700 in
692 1640 948 1700 comitatu
978 1642 1311 1697 Kirchheim.
1353 1641 1413 1695 In
1443 1639 1765 1696 Scerewilre
1793 1649 1846 1703 ο,

247 1740 432 1793 curtis
493 1736 760 1792 dominica
822 1744 945 1790 cum
1009 1733 1194 1789 vineis
1232 1743 1289 1789 et
1340 1732 1486 1802 agris
1544 1739 1598 1786 et
1654 1731 1846 1800 pratis,

1956 530 2057 588 bus
2086 530 2415 600 appendiciis
2443 533 2589 600 suis;
2628 532 2800 593 saliua
2825 541 2971 591 terra
2996 548 3119 589 cum
3149 535 3374 596 decimis
3393 536 3529 604 suis,

1953 640 2073 696 quae
2101 627 2169 681 ad
2196 635 2410 696 portam
2463 628 2753 698 pertinent.
2782 626 2842 683 ln
2872 628 2988 699 ipsa
3012 628 3164 695 villa,
3216 637 3272 688 et
3302 629 3356 685 in
3382 628 3534 685 Han-

1952 722 2264 778 denesheim
2303 721 2354 789 i,
2379 729 2435 777 et
2458 723 2513 778 in
2558 722 2963 779 Lumeresheim
2996 723 3049 790 κ,
3079 722 3340 783 medietas
3365 724 3531 782 etiam

1951 812 2117 868 banni
2146 815 2199 868 in
2230 814 2401 883 ipsam
2424 815 2621 871 curtim
2643 815 2898 884 pertinet.
2927 814 2987 873 ιιι
3018 814 3306 875 Utenheim
3340 815 3387 883 ι,
3407 833 3530 873 cur-

1952 909 2024 962 tis
2061 908 2331 963 dominica
2364 923 2488 963 cum
2516 908 2681 964 salica
2710 917 2853 964 terra
2887 915 2942 965 et
2968 908 3197 965 decimis
3221 908 3414 978 ipsius,
3441 923 3526 967 ec-

1951 1002 2115 1056 clesia
2144 1017 2266 1056 eum
2293 1000 2519 1055 decimis
2539 1001 2652 1055 suis
2683 1016 2697 1055 :
2727 1008 2920 1071 quarta
2948 1016 3076 1071 pars
3097 1000 3261 1057 banni
3284 1001 3337 1056 in
3360 1000 3530 1071 ipsam

1952 1094 2148 1149 curtim
2200 1092 2455 1163 pertinet.
2487 1092 2546 1146 In
2577 1092 2745 1147 Valva
2768 1103 2831 1158 ιιι,
2860 1092 3031 1149 curtis
3069 1091 3337 1149 dominica
3364 1100 3422 1146 et
3446 1107 3532 1151 sa-

1950 1184 2055 1239 liea
2111 1192 2254 1239 terra
2303 1198 2426 1237 cum
2451 1182 2696 1237 eurtibus
2738 1190 2794 1238 et
2830 1182 3024 1253 pratis,
3054 1190 3110 1241 et
3159 1190 3351 1252 quarta
3375 1191 3531 1254 parte

1951 1276 2135 1331 banni.
2160 1275 2216 1330 In
2248 1275 2565 1330 Hiltesheim
2598 1285 2648 1341 ιι,
2680 1275 2851 1331 curtis
2874 1275 3166 1340 dominica,
3192 1274 3363 1332 salica
3387 1282 3531 1331 terra

1951 1383 2076 1423 cum
2109 1366 2335 1421 decimis
2364 1367 2496 1431 suis,
2535 1366 2763 1422 ecclesia
2799 1381 2921 1423 cum
2968 1366 3194 1423 decimis
3234 1367 3368 1433 suis,
3397 1365 3530 1422 ban-

1950 1475 2059 1516 nus
2086 1461 2325 1516 tataliter
2354 1476 2476 1515 cum
2519 1460 2667 1516 omni
2715 1459 3088 1517 mundeburde
3109 1467 3166 1514 et
3185 1459 3332 1514 omni
3382 1455 3529 1515 utili;

1952 1562 2081 1607 tate.
2121 1553 2181 1607 in
2216 1553 2606 1608 Witenesheim
2636 1560 2684 1619 ο,
2736 1552 2908 1609 curtis
2954 1552 3223 1609 dominica
3265 1564 3392 1611 cum
3418 1566 3530 1607 omo

1952 1645 2114 1700 nibus
2160 1643 2503 1714 pertinentiis
2543 1643 2678 1709 suis,
2735 1642 2902 1699 salica
2954 1650 3099 1697 terra
3129 1657 3252 1697 cum
3308 1640 3533 1698 decimis

1954 1737 2091 1802 suis,
2120 1737 2331 1790 bannus
2391 1751 2514 1790 cum
2552 1735 2701 1791 omni
2739 1735 2997 1791 dominio.
3039 1733 3257 1804 Capella
3308 1732 3532 1790 Nivera-

244 1845 482 1886 mansos
541 1828 822 1885 censuales
868 1824 924 1881 et
976 1828 1154 1881 eurtes
1204 1826 1477 1895 ipsorum,
1539 1829 1593 1878 et
1633 1822 1844 1877 bannus
1870 1804 1919 1865 Β
1946 1827 2177 1881 tesheim
2205 1836 2252 1889 ι),
2303 1840 2426 1880 cum
2484 1825 2709 1880 decimis
2763 1825 2893 1881 suis.
2933 1824 2993 1879 In
3038 1822 3435 1885 Muotcresholz
3470 1831 3524 1889 (ι,

247 1922 429 1994 ipsius
456 1922 637 1991 prmdii
665 1929 719 1975 et
743 1918 1000 1974 villicatio
1026 1919 1078 1973 in
1105 1919 1274 1988 ipsam
1299 1917 1499 1972 curtim
1521 1915 1849 1970 dominicam
1953 1920 2123 1976 cunis
2150 1919 2442 1983 dominica,
2483 1918 2650 1974 salica
2684 1928 2830 1974 terra
2867 1934 2991 1975 cum
3020 1917 3245 1975 decimis
3282 1918 3417 1984 suis,
3443 1931 3534 1973 ec-

243 2016 530 2087 pertinet;
564 2014 787 2069 decimm
812 2014 989 2068 salicm
1013 2020 1171 2068 terra:
1198 2012 1265 2066 ad
1287 2018 1497 2081 portam
1528 2007 1847 2064 monasterii
1949 2010 2114 2065 clesia
2154 2026 2277 2065 cum
2314 2010 2537 2065 decimis
2583 2010 2733 2064 suis:
2766 2011 3031 2069 medietas
3084 2009 3247 2065 banni
3274 2009 3329 2064 iu
3359 2009 3533 2080 ipsam

248 2107 579 2176 respiciunt.
612 2100 669 2160 lu
698 2102 1063 2175 Chagenheim
1096 2101 1139 2169 τ,
1177 2103 1347 2157 curtis
1402 2101 1682 2156 Dominica
1718 2115 1845 2153 eum
1948 2103 2147 2157 curtim
2175 2102 2430 2172 pertinet.
2460 2100 2677 2172 Capella
2708 2102 2763 2157 in
2792 2101 3143 2157 Baldenlteim
3177 2111 3221 2167 ι’,
3265 2117 3387 2157 cum
3417 2115 3528 2165 me-

251 2199 427 2255 salica
478 2206 648 2265 terra,
701 2206 900 2261 curtes,
951 2196 1254 2261 curtelleia,
1295 2208 1516 2250 mansus
1542 2193 1764 2250 serviles
1792 2198 1848 2246 et
1948 2194 2155 2249 dietate
2178 2193 2512 2249 decimarum
2568 2194 2739 2265 ipsius
2772 2194 2933 2253 villze.
2966 2194 3022 2251 la
3052 2193 3453 2252 Artolvesheim
3482 2204 3529 2259 ³,

248 2290 560 2355 censuales,
598 2302 721 2345 cum
755 2288 1070 2343 molendino
1101 2296 1156 2343 et
1201 2285 1618 2359 piseationibus,
1671 2292 1726 2340 et
1758 2284 1842 2338 fa-
1945 2287 2115 2341 curtis
2141 2286 2411 2341 dominica
2437 2302 2559 2341 cum
2599 2286 2850 2343 omnibus
2882 2286 3229 2357 pertinentiis
3275 2286 3412 2352 suis,
3447 2299 3536 2341 sa-

254 2382 412 2438 milia
465 2380 692 2450 aliisque
744 2378 1079 2450 appendiciis
1114 2388 1168 2435 et
1197 2380 1346 2435 omni
1387 2378 1555 2435 libera
1586 2378 1840 2434 utilitate.
1945 2378 2051 2434 lica
2091 2387 2237 2433 terra
2272 2392 2396 2433 cum
2445 2377 2671 2434 decimis
2713 2379 2847 2445 suis,
2877 2377 3107 2435 ecclesia
3154 2392 3280 2434 eum
3308 2376 3534 2433 decimis

246 2468 311 2527 lu
369 2468 797 2526 Sarmeresbeim
848 2471 897 2537 ε,
947 2472 1119 2526 curtis
1166 2470 1437 2526 dominica
1496 2482 1619 2525 cum
1678 2470 1845 2526 salica
1945 2470 2077 2534 suis,
2110 2469 2322 2524 bannus
2356 2468 2595 2525 totaliter
2641 2484 2763 2525 eum
2814 2469 2963 2524 omni
3011 2468 3267 2527 utilitate.
3318 2466 3534 2539 Capella

256 2572 429 2629 terra,
462 2573 662 2629 curtes,
690 2570 909 2619 mansus
938 2560 1165 2619 serviles
1192 2567 1247 2619 et
1277 2562 1581 2630 censuales,
1610 2562 1842 2620 ecclesia

254 2653 431 2725 ipsius
455 2653 595 2709 villae
622 2667 745 2708 cum
775 2654 1001 2709 decimis
1049 2654 1164 2710 suis
1192 2671 1207 2721 ;
1247 2655 1472 2710 decimae
1500 2668 1633 2710 vero
1662 2654 1842 2709 salieae

250 2757 417 2805 terra:
472 2746 541 2803 ad
590 2752 803 2819 portam
856 2746 1170 2818 pertinent;
1210 2748 1422 2803 bannus
1476 2750 1533 2803 et
1580 2747 1841 2803 villieatio

249 2839 426 2910 ipsius
449 2838 641 2910 przetlii
670 2838 755 2893 vel
804 2837 1020 2895 familia:
1044 2840 1101 2895 in
1147 2839 1321 2911 ipsam
1361 2839 1558 2895 curtim
1582 2838 1836 2909 pertinet.

247 2933 310 2987 in
343 2928 675 2987 Hittenbeim
703 2931 754 2997 ιι,
806 2932 976 2987 curtis
1015 2932 1285 2987 dominica
1341 2946 1465 2987 cum
1495 2931 1661 2986 salica
1693 2938 1839 2987 terra

249 3030 307 3079 Et
332 3023 588 3079 omnibus
612 3022 957 3093 pertinentiis
985 3023 1173 3094 ipsius,
1211 3022 1541 3090 molendino,
1577 3022 1838 3092 piscatio-

248 3112 453 3184 nibus;
491 3116 721 3172 ecclesia
750 3116 1111 3172 barrochialis
1140 3128 1264 3171 cum
1316 3116 1573 3171 omnibus
1613 3115 1839 3170 decimis

249 3203 447 3279 ipsius,
476 3206 700 3263 decima
747 3207 927 3263 salicm
983 3215 1144 3261 teme
1170 3205 1237 3261 ad
1267 3213 1482 3276 portam
1513 3206 1786 3277 pertinent
1814 3223 1829 3261 :
1864 3184 1909 3247 Ο

249 3298 519 3354 medietas
540 3297 705 3353 banni
734 3297 906 3367 ipsam
936 3296 1133 3351 curtim
1166 3295 1389 3367 respicit
1417 3311 1541 3351 cum
1569 3298 1682 3351 suis
1708 3308 1832 3367 per-

326 3484 356 3522 ει
393 3476 566 3536 Hodie
598 3480 808 3537 vicnlus
834 3479 989 3537 Wihr
1014 3480 1069 3535 in
1102 3479 1436 3550 Gregorlana
1466 3477 1638 3547 Valle,
1681 3488 1837 3534 eom-

250 3552 493 3608 muniter
517 3553 693 3607 dictus
720 3551 1075 3616 KleinoWihr,
1107 3568 1228 3621 qua:
1277 3550 1467 3607 ultima
1504 3551 1842 3621 nuncupatio

250 3623 400 3696 idem
415 3631 512 3696 est
566 3639 630 3678 ac
655 3622 976 3693 Lucelwilrc.
1032 3622 1214 3696 Lutea!
1253 3623 1403 3696 enim
1434 3630 1516 3696 est
1544 3631 1699 3696 vetus
1728 3638 1837 3677 vox

252 3694 542 3758 theotisca,
573 3710 691 3763 quae
719 3684 944 3764 parvum
965 3692 1096 3765 quid
1129 3688 1416 3766 Signiﬁcat,
1438 3684 1608 3748 Alsat.
1638 3688 1833 3760 illust.,

252 3766 390 3819 tem.
425 3763 461 3819 l.
490 3772 611 3819 nae.
646 3763 768 3819 726.

276 3776 390 3820 Om.
425 3768 461 3827 l,
490 3772 611 3827 pag.
646 3768 768 3819 726.

280 3776 390 3820 Om.
425 3772 461 3827 Ι,
490 3772 611 3837 pag.
646 3772 768 3819 726.

280 3836 357 3904 qh
398 3835 565 3891 Hodie
618 3837 767 3892 rivus
821 3834 1122 3899 Mﬁhlbaen,
1179 3848 1342 3904 quem
1387 3833 1579 3887 incolae
1631 3841 1835 3904 vocant

251 3902 681 3974 Kleimhalbach,
715 3916 770 3961 et
796 3921 961 3976 prepe
997 3920 1155 3976 quem
1182 3902 1321 3959 situs
1356 3912 1441 3976 est,
1475 3904 1626 3959 vicus
1658 3903 1838 3959 Mahl-

253 3975 387 4030 bach
412 3966 690 4047 pertinens
724 3966 1067 4047 all-oppiduni
1102 3966 1541 4047 Monasteriensc.
1679 4040 1687 4047 ἡ

330 4057 351 4084 ο
395 4042 735 4103 Orsrhweiler
761 4042 1416 4114 sive—Orclnveyermrope
1448 4042 1832 4098 Selcstadium.

326 4115 355 4186 ti
392 4117 627 4174 Torrens
646 4118 970 4181 Eckenbach,
993 4116 1084 4186 qui
1116 4117 1449 4184 superiorem
1472 4115 1735 4169 Alsatiam
1765 4115 1836 4186 ab

249 4185 533 4254 inferiore,
580 4198 635 4245 et
681 4190 957 4245 dioecesim
991 4184 1439 4255 Argentinenscm
1473 4201 1503 4240 a
1542 4184 1838 4243 Basileensi

248 4258 458 4315 dividit.

332 4340 355 4368 θ
395 4328 749 4385 Scherweiler.

332 4398 353 4472 ἰ
394 4399 565 4458 Hodie
592 4403 745 4457 vicus
767 4400 1108 4472 Kogcnhcim_
1131 4408 1300 4468 prope
1344 4397 1613 4472 abbatiam
1642 4398 1838 4453 Ebers-

248 4470 610 4542 hcimensem,
638 4468 913 4542 pertinens
934 4472 1001 4526 ad
1029 4470 1340 4542 episcopum
1365 4468 1835 4540 Argentinensem,

249 4540 311 4596 in
344 4558 448 4611 quo
472 4546 558 4598 illa
589 4539 752 4599 habet
769 4543 975 4599 curiam
1005 4539 1401 4598 dominicalem.

329 4613 354 4651 ⁸
394 4614 787 4670 Sermersheim.

438 4632 787 4669 ermersuetm.

324 4681 353 4720 δ
392 4685 750 4739 Huttenlteim.

391 4755 749 4825 Northuusen,
780 4754 939 4825 vulgo
968 4751 1162 4825 Natta.

336 4824 350 4876 i
402 4825 574 4879 Hodie
610 4820 962 4888 Hindishei'm,
1008 4824 1181 4878 tribus
1226 4836 1390 4892 supra
1417 4820 1833 4892 Argentoratum

248 4897 420 4955 leucis
436 4898 659 4959 distans,
674 4896 952 4964 pertinens
963 4895 1029 4950 ad
1042 4891 1351 4965 episcopum
1362 4891 1835 4963 Argentiuensem,

252 4972 312 5025 in
346 4968 604 5022 ballivatu
634 4965 1063 5023 Duelisteinensi.

328 5042 353 5080 ι
392 5037 562 5093 Hodie
578 5035 963 5102 Leimersheim,
993 5051 1160 5105 prope
1176 5033 1476 5105 llipsheim,
1507 5042 1757 5105 spectans
1771 5028 1839 5089 ad

252 5112 502 5167 eumdem
531 5107 862 5177 episcopum,
891 5106 946 5177 in
972 5103 1228 5177 liallivatu
1253 5103 1616 5177 Benl'eldensi.

333 5180 351 5218 1
398 5171 669 5233 Utenh'eim
692 5171 841 5231 vicus
869 5175 934 5229 ad
962 5176 1288 5231 Heinachios
1323 5175 1618 5243 pertinens,
1643 5171 1697 5227 in
1732 5187 1839 5243 quo

253 5264 377 5306 cum
394 5249 630 5320 parocho
656 5247 893 5303 decimas
907 5244 1103 5320 dividit
1117 5243 1328 5320 abbatia
1355 5243 1833 5320 Ebersheimensis.

252 5321 353 5378 Jus
384 5313 698 5390 patronatus
733 5320 999 5390 integrum
1040 5315 1105 5390 ad
1131 5315 1375 5390 eamdem
1408 5313 1677 5390 abbatiam
1708 5313 1837 5390 olim

294 5383 594 5455 ertinebat;
637 5390 729 5445 sed
754 5388 806 5443 vi
838 5383 1218 5444 trtinsactiouis
1242 5396 1383 5438 anno
1414 5384 1551 5455 1749
1573 5383 1719 5437 inita)
1742 5384 1838 5455 tri.

294 5402 594 5455 ertmebat;
637 5402 729 5445 seu
754 5405 806 5443 v1
838 5402 1218 5444 transacnoms
1242 5402 1383 5438 anno
1414 5402 1437 5437 ι
1459 5402 1551 5437 us
1573 5402 1719 5437 unus
1742 5402 1834 5438 tri-

252 5402 358 5518 gus
382 5462 725 5543 vicibuslioc
740 5458 868 5543 jure
882 5459 1078 5529 gaudet
1100 5457 1385 5527 episcopus
1404 5453 1834 5526 Argentinensis,

258 5542 315 5588 et
329 5533 909 5671 mq‘llldd‘i‘evl’cfl/‘llf’
927 5598 1233 5671 Benleldam
1249 5604 1304 5654 et
1323 5594 1833 5653 Obcrehnheimium

257 5674 421 5737 situs,
464 5674 611 5727 vicus
632 5670 698 5725 ad
728 5672 949 5731 Nobiles:
970 5672 1036 5727 de
1054 5670 1261 5724 Andlau
1290 5676 1556 5738 spectans.

335 5755 363 5782 η
402 5735 571 5798 Hodie
598 5742 829 5808 Hiltzen,
849 5745 1000 5799 vicus
1032 5742 1099 5797 ad
1135 5735 1840 5811 episcopumArgentinen-

262 5829 386 5875 κω
423 5814 720 5889 Periimus.
777 5803 833 5870 iu
880 5829 987 5886 quo
1006 5803 1257 5870 omnibus
1283 5803 1523 5876 decimis,
1551 5803 1702 5865 curia
1742 5803 1840 5859 do-

1942 2562 1998 2617 in
2042 2561 2354 2617 Birenheim
2384 2562 2428 2628 ι,
2461 2576 2586 2617 cum
2639 2560 2868 2617 decimis
2913 2561 3084 2632 ipsius
3116 2560 3275 2617 villae.
3307 2561 3367 2616 ln
3392 2559 3533 2615 Gru-

1944 2655 2190 2711 zcnireim
2221 2665 2271 2720 ιι,
2302 2654 2472 2709 curtis
2501 2654 2773 2710 dominica
2799 2669 2922 2710 cum
2959 2653 3126 2711 salica
3171 2661 3319 2710 terra
3352 2666 3419 2708 ac
3441 2651 3536 2708 de-

1943 2748 2100 2803 cimis
2128 2747 2317 2818 ipsius,
2341 2746 2573 2802 ecclesia
2600 2762 2726 2802 cum
2752 2747 2902 2802 omni
2922 2746 3130 2803 decima
3158 2746 3328 2816 ipsius
3346 2744 3535 2809 banni,

1941 2840 2156 2897 bannus
2187 2840 2428 2896 totaliter
2455 2856 2579 2895 cum
2625 2841 2774 2895 omni
2815 2840 3056 2901 dominio
3095 2848 3151 2895 et
3175 2839 3348 2895 libera
3379 2837 3530 2892 utili-

1940 2940 2074 2987 tate.
2105 2930 2161 2985 ln
2191 2930 2440 2986 Wizwile
2467 2939 2518 2996 ν,
2547 2945 2666 3000 quae
2718 2930 2825 2986 sita
2852 2939 2939 2986 est
2964 2930 3020 2985 in
3075 2944 3215 3002 pago
3261 2928 3535 2999 Brisigau—

1941 3023 2117 3095 gensi,
2159 3023 2331 3079 curtis
2390 3021 2666 3078 dominica
2717 3038 2842 3079 eum
2887 3020 3142 3078 omnibus
3201 3019 3534 3090 appendiciis

1941 3115 2076 3180 suis,
2106 3114 2338 3170 ecclesia
2385 3128 2506 3169 cum
2550 3114 2805 3169 omnibus
2845 3113 3074 3173 decimis
3132 3112 3269 3177 suis,
3320 3112 3533 3167 bannus

1941 3220 2066 3263 cum
2090 3207 2238 3263 omni
2268 3206 2440 3260 libera
2461 3205 2715 3261 utilitate.
2756 3205 2815 3261 In
2838 3204 3131 3260 Burcheim
3158 3217 3206 3268 ι,
3237 3202 3410 3258 curtis
3434 3202 3534 3257 do-

1941 3297 2161 3366 minica,
2186 3297 2355 3353 salica
2383 3304 2529 3352 terra
2561 3311 2688 3353 cum
2725 3294 2953 3353 decimis
2986 3294 3121 3369 suis,
3152 3292 3386 3355 ecclesia
3408 3307 3531 3350 cum

1939 3480 2185 3565 minteali
2203 3488 2258 3537 et
2271 3481 2398 3553 jure
2410 3486 2729 3553 patronatus
2756 3478 2957 3552 gaudet
2977 3477 3195 3536 abbatia
3207 3477 3533 3551 Aprimonp

2258 3618 2596 3702 Willis/rein},
2611 3616 2781 3702 _yulgo
2804 3608 3035 3702 Witaen,
3050 3619 3103 3702 in
3125 3618 3240 3702 quo.
3262 3620 3380 3702 vico
3390 3618 3531 3693 prae-

1939 3690 2080 3750 dicta
2108 3693 2322 3750 abbatia
2350 3690 2816 3767 adbueba‘betjus
2845 3690 3162 3767 patronatus
3190 3697 3245 3745 et
3267 3690 3523 3758 decimas,

1939 3778 2076 3835 quas
2105 3780 2226 3820 cum
2255 3764 2495 3834 parocho
2524 3762 2731 3835 dividit.

1948 3830 1974 3895 ,⁷
2014 3846 2042 3903 13
2082 3835 2133 3889 Ν
2138 3830 2317 3903 ἱιῖενὶι,
2342 3835 2494 3889 vicus
2517 3834 2726 3891 duabus
2761 3833 2931 3890 leucts
2951 3833 3020 3887 ab
3041 3830 3527 3903 Aprimopaﬁterio,

1938 3892 2097 3971 hodie
2118 3892 2445 3960 destructus.
2531 3904 2720 3958 Exstat
2759 3892 3207 3972 tantumcapella
3249 3892 3306 3956 S.
3338 3892 3532 3972 Callia;

1938 3968 2072 4046 rium
2099 3972 2165 4028 ad
2192 3976 2506 4046 praedictam
2536 3973 2806 4029 abbatiam
2850 3964 3141 4046 pertinens,
3168 3973 3223 4028 in
3250 3964 3526 4045 parecliiaz’

1940 4044 2501 4101 Schwabsbeinn-nsis
2530 4046 2797 4100 districto.

2009 4127 2037 4167 ει
2076 4115 2247 4171 Hodie
2269 4115 2990 4185 Mietersholz,sesquileuca
3024 4130 3054 4170 a
3083 4113 3382 4174 Sclestadio
3401 4130 3526 4175 ver-

1938 4203 2031 4243 sus
2055 4187 2492 4270 Rlienumisitus,‘
2524 4188 2591 4269 ad
2625 4184 3107 4270 Ralbsambausios
3140 4187 3525 4270 pertinensuin
3578 4242 3583 4251 ,

1934 4274 2045 4331 quo
2072 4259 2285 4313 abbatia
2308 4250 2772 4331 Ebeereimensis
2794 4257 2945 4312 curia
2960 4250 3528 4316 dominicali.decllﬁi§

1938 4329 1993 4385 et
2012 4330 2134 4401 jure
2156 4334 2474 4398 patromttus
2497 4329 2710 4400 gaudet.

2014 4422 2036 4460 ί
2072 4417 2435 4488 Baldenheim,
2484 4420 2639 4476 vicus
2661 4428 2746 4477 est
2775 4420 2841 4476 ad
2884 4420 2949 4476 D.
2975 4420 3042 4475 de
3066 4414 3327 4479 Weidner
3359 4420 3527 4488 perii.

1937 4494 2093 4549 nens.
2128 4493 2464 4547 Decimarum
2493 4492 2989 4562 dimidiampartem
3013 4491 3087 4562 ibi
3116 4491 3524 4551 habetabbatia.

1939 4566 1998 4625 lu
2028 4564 2375 4631 Baldenheim
2420 4563 2547 4635 olim
2570 4562 2673 4617 fuit
2702 4561 2910 4635 capella
2942 4561 2999 4617 S.
3023 4561 3350 4635 staldiiad
3374 4577 3525 4635 eam-

1940 4624 2060 4691 dem
2091 4624 2339 4705 spectans
2367 4634 2677 4705 abbatiam:
2716 4624 2899 4705 hodie;
2922 4624 3330 4705 estdestructa,
3374 4638 3427 4688 et
3454 4628 3522 4686 tia‘

1938 4705 2083 4761 tulus
2111 4700 2226 4775 ejus
2249 4702 2449 4759 dicitur
2468 4705 2522 4760 in
2543 4704 2830 4761 ecclesiam
2844 4700 3317 4760 Ebershetmensis
3334 4710 3523 4759 mana»

1859 4767 1914 4828 D
1940 4777 2089 4833 sterii
2119 4767 2431 4830 translatus.

2015 4874 2037 4907 ι
2079 4864 2249 4922 Hodie
2276 4864 2608 4930 Artelshcfm,
2633 4860 2909 4920 Inferioris
2934 4863 3154 4921 Mentis
3174 4863 3420 4919 liberm
3441 4863 3525 4920 itu

1939 4946 2024 4994 ter
2044 4952 2108 4993 ac
2138 4937 2493 4995 Selestadium
2523 4936 2692 5007 vicus,
2749 4934 2818 4990 ad
2860 4935 3158 5007 principem
3209 4935 3273 5007 de
3306 4933 3522 5007 Bollan-

1941 5008 2160 5076 Soubise
2180 5008 2476 5076 pertinens.
2532 4998 2590 5060 ln
2618 4998 2685 5061 eo
2714 5020 2834 5076 cum
2859 4998 3092 5075 paroeﬁo
3117 5000 3358 5076 decimas
3383 4999 3519 5060 divi-

1943 5079 2022 5134 dit
2044 5073 2257 5133 alibaiia
2283 5073 2883 5147 Aprimonasteriensis’,
2935 5088 3053 5145 qua:
3086 5088 3299 5147 quoque
3323 5074 3520 5130 ibidem

1943 5149 2139 5233 gaudet
2162 5145 2647 5233 curiadominicali
2675 5155 2730 5202 et
2748 5145 2874 5217 jure
2899 5145 3238 5217 patronatus,
3275 5156 3335 5202 ut
3360 5158 3520 5216 supra

1941 5218 1998 5275 in
2023 5219 2306 5276 Utenbeim
2344 5218 2600 5274 diximus.

2020 5315 2038 5350 ί
2081 5312 2252 5367 Hodie
2279 5312 2433 5366 vicus
2462 5310 2708 5376 Bindern,
2737 5324 2907 5380 prope
2930 5309 3376 5365 Ebersheimense
3406 5323 3520 5362 mo-

1942 5384 2262 5444 nasterium,
2314 5382 2593 5452 pertinens
2613 5382 2685 5452 ad
2711 5382 3024 5450 episcopum
3052 5380 3517 5452 Argentinensem.

1941 5453 2160 5580 ξυμ-ἰωῇ
2192 5450 2578 5533 dominicalem
2606 5451 2662 5507 in
2717 5466 2784 5507 eo
2811 5452 3052 5522 possidet
3074 5450 3291 5507 abbatia
3327 5450 3519 5505 libers-

1981 5539 2254 5579 eunensns.

1981 5539 2254 5579 eunensns.

2014 5606 2041 5633 ιι
2081 5592 2442 5649 Grusenheim.

2019 5673 2045 5703 ν
2084 5662 2423 5718 Weisweiler.

2018 5746 2045 5778 ι
2078 5734 2380 5807 Bury/actm.
