4048 6350
560 363 696 421 I087
1709 348 2034 408 LUDOVICI
2072 347 2093 403 ι
2130 343 2600 403 COGNOMENTO
2636 343 2726 399 PII
3697 335 3849 393 1088

559 473 785 534 decimis
819 471 933 528 suis
957 511 974 536 ,
1024 469 1236 525 bannus
1271 482 1394 524 eum
1423 466 1568 522 omni
1601 465 1768 520 libera
1793 465 2048 520 utilitate.
2082 463 2143 517 In
2170 462 2223 522 Α
2246 459 2481 513 ricorum
2509 456 2675 526 gregi,
2705 466 3003 556 eorumque
3027 450 3260 556 posteris
3294 448 3580 556 praefatam
3619 459 3860 554 curtem

559 563 1198 639 Lagelenheimﬁcurtis
1225 561 1517 626 dominica,
1544 560 1710 616 salica
1736 569 1880 614 terra
1908 575 2031 614 cum
2053 558 2148 613 dc-
2246 549 2523 613 Anlltillm.
2585 564 2707 604 cum
2735 547 3005 602 υηίνθΐεὶε
3052 545 3376 639 θάἱθοεοῑίίεΑ
3418 545 3554 609 θυῖε,
3597 545 3859 639 ωθγηδίδν

565 659 723 716 cimis
780 656 973 728 ipsius,
1019 654 1249 710 ecclesia
1301 669 1424 709 cum
1477 654 1701 708 decimis
1754 653 1883 717 suis,
1935 653 2148 707 bannus

565 765 686 807 cum
713 749 859 804 omni
889 746 1128 802 dominio
1176 761 1275 800 suo
1322 760 1352 798 a
1407 745 1524 814 ripa
1553 744 1728 799 Rheni
1759 759 1928 812 usque
1978 743 2044 797 ad
2074 743 2148 797 ri-

559 857 686 914 pam
714 839 805 896 Ille
826 837 1083 893 fluminis.
1141 837 1327 906 Itaque
1358 835 1650 907 praedictus
1694 835 2034 906 Theopaldus
2056 834 2150 890 ab-

560 934 662 990 bas
683 941 740 988 et
783 946 975 987 omnes
1006 943 1347 985 successores
1378 928 1547 998 ipsius
1580 927 1677 981 has
1715 927 2000 996 praedictas
2025 942 2149 982 cur-

563 1032 646 1079 tes
666 1038 790 1079 cum
839 1021 1088 1076 omnibus
1125 1019 1468 1089 perlinentiis
1522 1018 1762 1088 ipsarum
1796 1017 2001 1087 absque
2039 1016 2149 1072 ulla

563 1113 1016 1176 contradictione,
1049 1125 1143 1165 seu
1170 1108 1539 1174 convulsione,
1561 1108 1646 1189 vel
1675 1108 2029 1164 diminutione
2053 1108 2151 1163 ali-

565 1205 718 1274 cujus
755 1202 1056 1274 judiciarite
1094 1201 1401 1271 potestatis,
1457 1214 1550 1253 seu
1581 1197 1874 1262 saecularis,
1903 1199 2016 1253 sive
2037 1198 2150 1268 spi—

569 1296 780 1351 ritualis
805 1310 903 1366 per
928 1292 1355 1349 munificentiam
1395 1299 1595 1347 nostrze
1624 1291 1921 1362 imperialis
1965 1299 2152 1346 aucto-

564 1391 742 1445 ritatis
773 1398 828 1444 et
860 1389 1164 1460 largitatem
1207 1387 1540 1442 meliorando
1561 1393 1615 1440 et
1644 1386 2038 1456 augmentando
2057 1399 2153 1455 po-

564 1485 814 1540 testative
850 1483 1180 1555 possideant,
1218 1490 1484 1552 quatenus
1510 1479 1710 1534 fratres
1744 1479 1874 1534 inibi
1900 1480 2011 1534 Deo
2041 1493 2154 1534 ser-

562 1576 771 1632 vientes
793 1576 970 1646 ipsum
1013 1591 1111 1646 pro
1139 1574 1310 1630 salute
1342 1582 1527 1628 nostra
1557 1589 1622 1628 ac
1645 1587 1744 1642 pro
1771 1581 1914 1628 statu
1936 1573 2152 1644 imperii

2246 641 2514 705 videlicet,
2547 641 2829 705 districtis,
2859 654 2923 694 ac
2947 638 3224 708 pontibus,
3251 637 3432 701 terris,
3464 652 3528 692 ac
3555 638 3776 702 vineis,
3805 644 3863 693 et

2248 737 2476 806 campis,
2502 735 2915 807 piscationibus,
2965 733 3128 789 cultis
3173 739 3229 786 et
3257 731 3490 798 incultis,
3534 732 3860 794 montibus,
3907 757 3920 760 ~-

2247 829 2497 896 vallibus,
2558 836 2614 883 et
2660 827 3008 898 planitiebus,
3056 827 3232 897 rupis,
3262 835 3318 881 et
3364 827 3596 896 rupinis,
3658 827 3862 896 aquis,

2250 934 2510 989 aquarum
2533 919 2872 980 decursibus,
2902 917 3208 987 paludibus,
3233 915 3560 985 judiciariis,
3588 919 3790 971 servis
3811 926 3866 970 et

2249 1009 2458 1065 ancillis
2490 1010 2772 1080 utriusque
2803 1023 2987 1073 sexus,
3035 1007 3296 1075 legalibus
3335 1024 3570 1078 quoque,
3599 1009 3864 1077 placitis,

2251 1116 2624 1172 aquarumque
2672 1101 2936 1156 districtis
2981 1117 3012 1154 a
3052 1101 3284 1155 termino
3313 1101 3381 1156 de
3417 1100 3616 1164 Cadro,
3675 1117 3867 1170 usque

2251 1195 2318 1249 ad
2365 1194 2568 1248 Trasize
2613 1203 2858 1264 pontem,
2906 1192 3089 1247 omnia
3128 1193 3182 1246 in
3222 1193 3514 1262 integrum,
3566 1195 3744 1248 sicuti
3798 1194 3866 1247 ad

2250 1299 2369 1339 eam
2389 1284 2533 1354 justc
2563 1294 2618 1339 et
2645 1284 2889 1355 legaliter
2908 1283 3180 1354 pertinere
3201 1283 3554 1353 dignoscitur,
3565 1285 3865 1354 jubemus,

2249 1386 2310 1432 ut
2347 1379 2604 1448 prmdicta
2657 1378 3001 1448 congregatio
3034 1375 3546 1432 sanctae-Cumana:
3600 1379 3867 1433 ecclesiae

2253 1469 2595 1525 sacerdotum
2644 1478 2699 1524 et
2737 1470 3084 1534 clericorum,
3139 1469 3230 1538 qui
3286 1485 3386 1539 pro
3440 1479 3698 1538 tempore
3755 1471 3869 1524 Deo

2251 1571 2544 1631 sanctoque
2597 1561 2844 1616 Abundio
2889 1560 3192 1617 confessori
3233 1569 3289 1614 et
3340 1563 3569 1631 martyri
3618 1562 3869 1632 Pelagia:

562 1668 734 1722 nostri
784 1667 1120 1737 frequentius
1147 1675 1393 1722 exorent.
1446 1666 1590 1720 Etut
1626 1666 1743 1720 ham
1769 1674 1956 1720 nostra
1986 1666 2154 1736 impe—
2252 1651 3227 1754 desen'iel'infvdmlfismtem.habeat
3279 1659 3642 1754 θειωβεηθτξές
3682 1653 3870 1754 PgSSi‘

563 1758 715 1813 rialis
737 1758 1034 1813 auctoritas
1059 1758 1261 1812 nostris
1281 1764 1336 1812 et
1357 1755 1551 1811 futuris
1582 1756 1912 1826 temporibus
1943 1756 2152 1812 stabilis

2253 1745 2400 1808 dere,
2425 1754 2480 1799 et
2507 1745 2766 1814 quidquid
2795 1759 2862 1798 ex
2910 1745 3102 1799 eadem
3139 1752 3294 1800 curte
3343 1745 3564 1814 suisque
3587 1745 3868 1815 legalibus

562 1858 618 1905 et
660 1851 993 1916 inconvulsa,
1047 1849 1266 1905 Christo
1294 1849 1576 1920 largiente,
1622 1857 1958 1918 permaneat,
1988 1865 2152 1904 manu

2256 1836 2598 1907 pertinentiis
2637 1835 2816 1890 facere
2843 1836 3094 1900 voluerit,
3132 1834 3295 1891 faciat
3334 1852 3398 1891 ex
3431 1848 3620 1892 nostra
3653 1839 3868 1907 plenis-

561 1945 779 2013 propria
825 1941 1011 1997 subter
1041 1941 1371 2013 signavimus
1417 1953 1472 1996 et
1502 1940 1687 1994 annuli
1720 1942 1894 1996 nostri
1927 1941 2154 2012 impres-

562 2033 714 2088 sione
734 2032 1106 2104 sigillavimus.

634 2123 860 2193 Signum
883 2123 1066 2180 domni
1094 2124 1354 2180 Ludovici
1385 2123 1718 2179 serenissimi
1754 2117 2121 2193 imperatoris!

634 2215 748 2287 Ego
768 2217 1054 2272 Durandus
1103 2217 1349 2270 notarius
1375 2216 1442 2270 ad
1492 2215 1666 2271 vicem
1708 2216 1919 2270 Domini
1951 2215 2101 2272 Helie
2125 2217 2154 2256 δ

565 2305 1026 2361 archicancellarii
1049 2307 1355 2376 recognovi.

635 2396 771 2451 Data
797 2396 1051 2453 Kalendis
1074 2397 1222 2464 Maii,
1254 2414 1416 2462 anno,
1442 2397 1656 2453 Christo
1684 2398 1943 2468 propitio,
1968 2399 2002 2452 5
2026 2399 2157 2469 piis-

565 2489 687 2545 simi
717 2489 1060 2560 imperatoris
1088 2491 1336 2561 Augusti.
1385 2491 1579 2546 Actum
1607 2490 1843 2544 Trbonic
1866 2506 1960 2546 seu
1989 2489 2158 2547 Kilik-

563 2581 688 2637 bein
720 2594 744 2624 ο
774 2583 829 2639 in
850 2584 1110 2641 comitatu
1131 2585 1332 2641 domini
1357 2585 1653 2641 Wuorandi
1676 2585 1909 2650 comitis,
1944 2585 1997 2638 in
2025 2600 2158 2640 con-

561 2672 720 2729 cione
733 2676 1075 2746 imperatoris
1086 2685 1140 2733 et
1162 2677 1462 2748 principum
1475 2719 1489 2743 ,
1510 2693 1652 2731 anno
1667 2676 1960 2731 Dominicre
1986 2676 2158 2732 incar-

570 2765 808 2823 nationis
823 2766 948 2834 8I7,
966 2767 1263 2823 indictione
1276 2766 1309 2821 6
1320 2766 1368 2834 ἀ,
1385 2767 1440 2822 in
1454 2767 1656 2824 Christi
1672 2767 1890 2823 nomine
1903 2766 2151 2824 feliciter.

1230 2878 1490 2933 LXXXII.

978 2963 1081 3001 PRO
1119 2963 1458 3003 MONASTERIO
1495 2965 1740 3004 COMENSI.

911 3034 1088 3108 {Anno
1122 3037 1248 3102 818,
1285 3039 1455 3108 pridie
1483 3038 1610 3093 Kal.
1637 3039 1798 3110 Aug.)

1021 3127 1280 3201 [Ughelli,
1313 3130 1477 3184 Italia
1506 3131 1703 3203 sacra,]

637 3217 945 3276 Ludovicus
971 3220 1152 3274 divina
1179 3221 1519 3290 providentia
1543 3237 1759 3293 semper
1782 3222 2075 3294 Augustus.

635 3309 768 3366 Cum
792 3311 954 3381 justis
986 3312 1342 3382 petitionibus
1398 3315 1742 3370 sacerdotum
1779 3330 1844 3369 ac
1872 3330 2154 3372 servorun

565 3398 684 3466 Dei,
741 3417 878 3470 quas
933 3403 1152 3458 auribus
1206 3404 1410 3460 nostris
1455 3406 1867 3474 insinuaverint,
1921 3407 2156 3462 libenter

566 3491 938 3557 annuerimus,
993 3501 1048 3548 et
1100 3507 1190 3549 eas
1221 3511 1348 3550 cum
1377 3495 1475 3551 Dei
1530 3498 1732 3553 auxilio
1779 3500 1848 3554 ad
1901 3498 2153 3556 effectum

565 3581 870 3650 pervenire,
903 3582 1192 3641 fecerimus
1232 3603 1338 3642 non
1369 3587 1545 3643 solum
1567 3590 1772 3660 regiam
1797 3597 1854 3645 et
1897 3591 2155 3661 imperia-

564 3670 672 3726 Iem
701 3676 1154 3732 consuetudinem
1175 3693 1513 3744 exercemus,
1541 3695 1734 3740 ,verum
1766 3681 1930 3736 etiam
1959 3681 2155 3739 libera-

564 3763 772 3822 litatem
793 3769 862 3824 ad
887 3776 1084 3825 statum
1107 3774 1309 3828 terreni
1331 3776 1482 3845 regni
1502 3774 1986 3842 corroborandum,
2009 3777 2154 3847 quod

571 3856 641 3911 ad
691 3867 946 3916 azternam
975 3863 1363 3919 beatitudinem
1393 3867 1781 3936 capessendam
1810 3867 2156 3951 profuturum

567 3965 686 4008 esse
721 3953 1059 4009 confidimus.
1111 3955 1318 4011 Idcirco
1371 3965 1556 4011 notum
1603 3973 1721 4013 esse
1769 3959 2015 4016 volumus
2039 3975 2155 4015 om-

566 4041 727 4098 nibus
751 4042 1000 4099 ﬁdelibus
1030 4055 1230 4100 SDIICL‘B
1259 4047 1354 4102 Dei
1384 4047 1640 4103 Ecclesiae
1669 4056 1726 4104 et
1766 4052 1988 4118 nostris,
2013 4068 2153 4122 pra:-

569 4133 816 4189 sentibus
861 4135 1070 4191 scilicet
1097 4147 1152 4191 et
1179 4136 1399 4203 futuris,
1436 4139 1562 4207 quia
1590 4139 1777 4194 adiens
1805 4143 2155 4198 serenitatem

565 4226 742 4283 nostri
791 4227 1064 4294 culminis,
1121 4229 1373 4284 videlicet
1424 4231 1591 4285 totius
1646 4242 1847 4286 sancta:
1899 4231 2156 4290 Cumanae

566 4317 844 4385 Ecclesiae,
885 4328 994 4373 tam
1018 4321 1364 4375 sacerdotum
1395 4338 1556 4392 quam
1587 4330 1642 4376 et
1679 4323 1998 4380 clericorum
2020 4327 2156 4382 ordo

566 4415 893 4487 generaliter
919 4416 1276 4483 obsecrando,
1303 4425 1364 4470 ut
1398 4433 1498 4489 pro
1523 4417 1890 4475 Retributoris
1934 4421 2156 4491 superni

565 4521 771 4570 amore,
798 4514 854 4560 et
899 4506 1098 4561 intuitu
1133 4506 1327 4562 anima:
1373 4517 1592 4574 nostrae,
1631 4510 1911 4581 nostrique
1951 4513 2155 4569 domini

563 4597 824 4668 genitoris
880 4596 1058 4654 Caroli
1117 4599 1220 4670 pia:
1274 4601 1665 4656 recordationis
1717 4605 2154 4672 praestantissimi

563 4687 692 4758 imp.
720 4687 1012 4757 quamdam
1065 4683 1272 4744 curtem
1316 4688 1456 4758 juris
1491 4693 1640 4762 regni
1676 4693 1870 4758 nostri,
1902 4711 2022 4764 qu:e
2061 4711 2155 4750 vo-

562 4785 717 4832 catur
767 4777 1029 4833 Anutium
1070 4779 1224 4849 juxta
1269 4779 1446 4835 lacum
1475 4781 1774 4848 Lucanum,
1826 4799 1949 4838 cum
1979 4787 2151 4854 perti-

561 4871 760 4926 nentiis
784 4879 841 4926 et
883 4871 1201 4942 adjacentiis
1232 4874 1344 4930 suis
1365 4874 1609 4944 legaliter
1657 4877 1724 4931 ad
1750 4877 1999 4932 eamdem
2026 4893 2152 4948 per-

563 4961 862 5020 tinentibus
902 4965 1291 5036 perpetualiter
1329 4967 1708 5035 possidendam
1737 4969 2035 5025 concedere
2065 4971 2150 5026 di-

567 5067 874 5122 gnaremur.
929 5054 1038 5110 Nos
1093 5070 1349 5126 quoque,
1402 5057 1491 5126 qui
1546 5065 1718 5111 ratam
1773 5060 2148 5130 prospeximus

564 5148 999 5216 postulationem,
1029 5151 1343 5206 eorumdem
1387 5151 1639 5221 precibus
1674 5151 1904 5207 libenter
1932 5155 2148 5224 acquie-

564 5239 763 5307 vimus,
787 5243 1269 5316 concedentesjam
1292 5243 1435 5300 dicto
1455 5244 1654 5310 ordini,
1685 5255 1992 5317 cunctoque
2045 5249 2143 5306 cle-

639 5409 666 5468 ε
705 5397 1053 5468 Lagelnheim.

637 5467 666 5507 δ
703 5467 949 5525 Forsitan
991 5472 1308 5527 Helisachar
1331 5471 1701 5538 cancellarius,
1735 5472 1789 5526 in
1814 5472 2016 5529 chartis
2036 5474 2142 5530 Lu-

566 5537 862 5595 dovicianis
884 5552 1229 5598 memoratus.

641 5621 664 5650 ε
706 5611 780 5666 De
808 5611 1006 5683 palatio
1035 5615 1183 5683 regio
1212 5616 1265 5668 in
1299 5614 1573 5669 Kircheim
1597 5613 1763 5669 multa
1791 5615 1992 5671 habent
2014 5619 2143 5676 Bes-

570 5681 735 5760 selius
765 5681 1498 5760 inAChronico'Gotttvicensi,
1519 5695 1651 5740 tom.
1687 5685 1749 5748 Il,
1770 5685 1871 5760 _lib.
1899 5704 1980 5754 ιιι,
2015 5707 2136 5760 pag.

570 5708 735 5737 aeuus
765 5708 816 5736 ιιι
839 5708 1109 5738 υιιωιιιυυ
1129 5708 1498 5751 υυιιὶγιυεηδι,
1521 5708 1651 5740 tum.
1687 5708 1749 5748 Il,
1784 5708 1871 5740 Itu.
1899 5708 1980 5754 111,
2015 5708 2078 5760 pa
2123 5732 2136 5746 .

570 5752 705 5828 487..
720 5763 779 5828 et
803 5751 1190 5828 Schgepllinus,
1221 5755 1580 5828 Alsa_t._illust.
1613 5765 1744 5810 tom.
1770 5755 1810 5828 l,
1867 5773 1986 5828 pag.
2015 5708 2138 5818 70g.

641 5821 668 5862 ἀ
704 5823 890 5881 Annus
924 5821 1317 5880 [acarnationis
1334 5825 1436 5880 817
1460 5840 1568 5882 ιιοιι
1587 5827 1840 5882 convenit
1857 5821 1979 5883 cum
2001 5845 2141 5889 anno

2257 1928 2393 1982 sima
2423 1925 2687 1997 imperiali
2711 1929 3054 1982 auctoritate.
3087 1927 3472 1998 Praecipientes
3496 1946 3631 2000 ergo
3675 1930 3867 1985 sancio

2256 2035 2375 2074 mus
2418 2026 2478 2072 ut
2506 2017 2686 2073 nullus
2729 2018 2858 2084 dux,
2889 2033 3090 2084 comes,
3136 2029 3230 2072 aut
3263 2019 3491 2089 quilibet
3542 2022 3868 2090 reipublic:

2254 2120 2598 2183 procurator,
2632 2127 2808 2181 neque
2844 2111 3025 2182 aliqua
3059 2127 3291 2182 persona
3322 2129 3542 2185 magna,
3571 2115 3659 2169 vel
3700 2132 3867 2184 parva

2256 2205 2543 2274 utriusque
2567 2218 2752 2269 sexus,
2783 2202 3042 2273 cujusque
3068 2205 3294 2269 ordinis,
3333 2213 3425 2258 aut
3451 2206 3752 2275 dignitatis
3800 2222 3865 2261 ex

2255 2303 2554 2364 prmtaxata
2586 2301 2738 2349 curte
2785 2293 3067 2356 Anutium,
3095 2293 3183 2347 vel
3223 2295 3575 2364 pertinentiis
3615 2297 3737 2350 suis
3770 2296 3865 2351 ali-

2257 2402 2420 2456 quam
2466 2386 2963 2452 diminorationem,
2996 2394 3090 2440 aut
3126 2387 3464 2442 invasionem
3505 2388 3702 2444 facere
3726 2407 3865 2460 pne-

2256 2489 2457 2546 sumat,
2494 2496 2595 2537 nec
2633 2482 2839 2536 eisdem
2888 2480 3201 2535 hominibus
3236 2481 3481 2550 ejusdem
3513 2485 3719 2550 curtis,
3775 2501 3864 2541 seu

2256 2573 2396 2627 infra
2449 2575 2762 2643 prmtaxatis
2811 2572 3010 2627 finibus
3037 2581 3148 2627 tam
3175 2574 3442 2646 ingenuis,
3479 2593 3651 2646 quam
3683 2582 3862 2634 servis

2256 2664 2575 2734 degentibus
2623 2664 2733 2719 ullo
2780 2665 2835 2719 in
2894 2673 3138 2735 tempore
3187 2667 3243 2720 in
3281 2666 3526 2736 qualibet
3572 2668 3862 2726 functione

2255 2761 2602 2830 publica,aut
2625 2761 3000 2818 redhibitionis
3027 2763 3332 2829 exactione,
3366 2765 3452 2820 vel
3482 2768 3726 2824 excubia
3760 2784 3860 2838 pu-

2253 2853 2396 2909 blica
2421 2855 2618 2909 audeat
2641 2856 2950 2920 molestare,
2981 2873 3083 2913 nec
3111 2859 3314 2930 aliquid
3335 2859 3402 2914 de
3427 2876 3514 2925 eo,
3543 2877 3674 2931 qua:
3697 2878 3863 2933 super

2255 2946 2677 3002 memoravimus
2699 2947 3036 3015 abstrahere,
3073 2950 3160 3004 vel
3198 2951 3623 3008 diminutionem
3654 2954 3858 3021 facere,

2252 3051 2469 3106 quoque
2525 3045 2768 3107 tempore
2814 3051 3134 3109 praesumat;
3200 3043 3292 3097 sed
3351 3043 3515 3099 liceat
3582 3048 3861 3115 przedietae

2258 3127 2601 3182 sacerdotum
2653 3137 2708 3183 et
2742 3131 3129 3186 canonicorum
3159 3135 3605 3202 congregationi,
3639 3139 3859 3206 suisque

2259 3218 2687 3283 successoribus,
2737 3221 2828 3290 qui
2878 3237 2976 3292 pro
3021 3232 3261 3293 tempore
3291 3223 3530 3291 fuerint,
3571 3228 3858 3296 praefatam

2256 3317 2465 3366 curtem
2521 3311 2578 3365 in
2629 3313 2899 3384 integrum
2959 3315 3024 3369 ad
3078 3315 3292 3370 laudem
3331 3327 3385 3370 et
3439 3318 3612 3373 decus
3662 3330 3858 3373 sancta

2257 3399 2513 3456 Romanae
2534 3401 2793 3458 Ecclesia:
2814 3405 2995 3474 quiete
3023 3415 3079 3461 et
3104 3407 3332 3477 pacitice
3359 3410 3669 3478 possidere,
3702 3421 3857 3482 prout

2264 3494 2535 3550 hactenus
2584 3510 2834 3564 possessa
2883 3506 2968 3553 est
3015 3513 3081 3553 ex
3117 3500 3333 3569 publica
3375 3509 3553 3570 parte.
3606 3503 3670 3558 Si
3710 3519 3851 3571 rem,

2256 3584 2400 3653 quod
2420 3585 2642 3640 minime
2661 3587 2956 3652 credimus,
2981 3597 3172 3646 contra
3205 3592 3364 3662 hujus
3400 3595 3574 3648 nostri
3599 3598 3856 3665 pnecepti

2256 3682 2460 3729 statuta
2520 3675 2807 3746 quisquam
2847 3681 3172 3735 temerarius
3232 3684 3530 3750 exstiterit,
3591 3688 3738 3740 sciat
3800 3703 3852 3742 se

2257 3770 2684 3840 compositurum
2722 3775 2841 3829 auri
2883 3776 3162 3844 purissimi
3188 3779 3356 3834 libras
3381 3789 3628 3846 centum,
3650 3785 3851 3837 medie-

2260 3869 2425 3916 tatem
2463 3863 2667 3932 palalio
2689 3875 2894 3933 nostro,
2925 3877 2979 3922 et
3004 3870 3351 3926 medietatem
3390 3875 3535 3943 parti
3576 3877 3851 3943 praedictae

2256 3955 2712 4026 congregationis.
2741 3957 2811 4012 Ut
2835 3969 3015 4015 autem
3034 3950 3217 4017 verius
3247 3964 3524 4031 credatur,
3542 3975 3599 4020 et
3629 3967 3850 4037 diligen-

2259 4045 2363 4101 tius
2390 4047 2457 4101 ab
2486 4051 2738 4105 omnibus
2775 4051 3114 4119 observetur,
3144 4071 3306 4108 manu
3335 4058 3556 4126 propria
3584 4060 3850 4129 approba-

2257 4146 2371 4192 tum
2406 4137 2761 4208 impressione
2781 4144 2963 4198 annuli
2993 4145 3164 4199 nostri
3195 4144 3458 4214 jussimus
3503 4148 3782 4218 insigniri.

2328 4228 2612 4286 Durandus
2635 4233 2894 4289 diaconus
2927 4236 2996 4290 ad
3022 4237 3200 4292 vicem
3249 4241 3562 4310 recognovi.

2329 4321 2524 4377 Datum
2586 4325 2760 4394 pridie
2834 4327 2952 4382 Kal.
3025 4329 3289 4400 Augusti,
3345 4346 3486 4385 anno
3556 4330 3849 4388 Dominicaa

2257 4414 2650 4472 incarnationis
2715 4419 2862 4485 8l8,
2927 4420 3224 4477 indictione
3285 4424 3574 4480 undecima
3647 4427 3847 4484 domini

2181 4545 2232 4605 Β
2257 4506 2514 4564 Ludovici
2546 4511 2878 4566 serenissimi
2914 4513 3284 4584 imperatoris,
3317 4531 3460 4571 anno
3484 4516 3605 4586 ejus
3637 4519 3844 4592 imperii

2258 4609 2451 4669 quarto
2487 4613 2530 4679 ξ.
2572 4603 2767 4658 Actum
2806 4603 2978 4660 Cumo
3013 4607 3081 4662 ad
3110 4606 3370 4663 Sanctum
3397 4609 3627 4664 Petrum
3679 4613 3735 4667 in
3759 4613 3843 4667 Dei

2258 4693 2475 4750 nomine
2502 4693 2750 4749 feliciter.
2783 4696 2975 4752 Amen.

2917 4788 3198 4844 LXXXIII.

2501 4873 2602 4914 PRO
2634 4873 2997 4916 HAGALONENSI
3044 4877 3089 4916 S.
3128 4878 3288 4917 PETRI
3314 4879 3584 4919 ECCLESIA.

2858 4940 3031 5012 (Amm
3060 4941 3212 5010 819.)

2255 5014 2431 5086 [Apud
2478 5019 2868 5094 D_._§ouquet.,
2911 5020 3122 5076 Recueil
3179 5023 3270 5077 des
3327 5025 3482 5094 hist,
3545 5037 3682 5082 tom.
3749 5029 3832 5094 VI,

2321 5103 2443 5158 pag.
2502 5089 2626 5154 διδ,
2673 5107 2740 5145 ex
2772 5091 3129 5160 Sammarth.,
3181 5101 3311 5148 tom.
3342 5094 3408 5149 ιιι
3452 5093 3648 5153 Gallic
3691 5089 3836 5156 ωινίὲ

2321 5160 2528 5225 δῑίιιηιε,
2561 5177 2613 5230 p.
2652 5159 2803 5234 558.]

2319 5249 2377 5304 In
2406 5251 2622 5308 nomine
2665 5253 2880 5309 Domini
2915 5255 3011 5312 Dei
3049 5265 3104 5313 et
3143 5255 3442 5315 Salvatoris
3489 5264 3669 5318 nostri
3711 5262 3832 5321 Iesu

2246 5415 2440 5486 quarto
2485 5409 2697 5480 imperii
2750 5410 3007 5486 Ludovici
3034 5414 3134 5480 Pii,
3187 5417 3278 5486 qui
3336 5417 3524 5473 incidit
3553 5421 3608 5475 in
3632 5438 3828 5479 annum

2245 5480 2370 5549 8l8,
2420 5495 2519 5534 nec
2573 5496 2696 5536 cum
2749 5483 3042 5541 indictione
3088 5480 3239 5542 sexta
3269 5504 3387 5549 quae
3438 5499 3568 5544 tunc
3592 5503 3715 5547 erat
3745 5496 3824 5549 £5.

2245 5548 2377 5630 Dein
2405 5549 2627 5630 indictio
2655 5553 2714 5605 II
2739 5557 3010 5630 ‘currebat
3036 5571 3179 5630 anno
3206 5548 3339 5630 8l8,
3379 5576 3474 5614 seu
3504 5576 3708 5630 quarto
3729 5548 3828 5620 Lu-

2245 5620 2438 5700 devici.
2456 5621 2592 5700 Ilaec
2626 5630 2680 5677 et
2705 5621 2810 5700 alia
2841 5627 2992 5700 vitia,
3016 5629 3062 5682 si
3092 5645 3195 5684 non
3223 5620 3610 5700 adulterinum,
3637 5636 3824 5694 saltem

2243 5691 2644 5776 interpolatum,
2679 5694 2910 5776 reddunt
2938 5699 3040 5754 hoc
3065 5699 3320 5773 diploma.

2319 5773 2344 5804 ο
2384 5763 2742 5823 Scribendum
2759 5768 2964 5838 quinto.
