4048 6350
218 340 369 399 {089

1367 330 1762 391 DlPLOMATA
1799 326 2354 389 ECCLESIASTICA.

3347 324 3486 381 1090

215 456 452 522 Christi,
481 454 808 522 Ludovicus,
842 454 1025 511 divina
1045 452 1332 510 ordinante
1357 453 1668 520 clementia,
1700 451 1807 505 im-
1835 451 1890 511 Α
1911 447 2092 504 lentiae
2113 457 2314 505 nostrae
2333 454 2396 502 ut
2419 444 2708 500 transitum
2730 441 2780 497 ei
2796 455 2892 512 per
2902 441 3049 497 viam
3073 436 3487 512 regiam,'quam

212 559 448 624 perator
473 549 770 621 Augustus.

295 648 522 704 Constat
543 662 659 710 nos,
690 645 870 701 divina
895 647 1177 702 ordinante
1197 645 1392 716 gratia,
1421 644 1635 700 eteteris
1657 657 1804 698 mor-

215 738 426 794 talibus
477 736 918 808 supereminere:
956 738 1098 792 unde
1142 744 1357 806 oportet
1384 745 1443 790 ut
1480 735 1634 805 cujus
1669 748 1804 804 prae-

218 830 472 886 cellimus
497 843 717 884 munere
744 830 1055 885 Studeamus
1083 830 1258 884 modis
1279 829 1530 884 omnibus
1551 826 1806 882 ecclesia-

219 923 378 978 sticis
403 923 564 978 rebus
587 937 743 993 opem
779 921 938 978 ferre.
972 923 1176 978 Idcirco
1204 930 1390 976 notum
1415 919 1533 975 ﬁeri
1558 918 1807 973 volumus

217 1013 480 1068 omnibus
534 1012 782 1068 ﬁdelibus
828 1013 1052 1079 nostris,
1083 1012 1442 1082 praesentibus
1499 1008 1706 1065 scilicet
1753 1013 1808 1061 et

219 1103 445 1169 futuris,
474 1119 569 1159 seu
599 1104 1000 1159 successoribus
1052 1102 1254 1158 nostris
1310 1100 1559 1156 ﬁdelibus
1606 1105 1808 1153 sanctae

221 1193 322 1249 Dei
351 1194 622 1259 Ecclesiae,
642 1195 768 1265 quia
791 1194 990 1265 placuit
1011 1193 1166 1248 nobis
1186 1208 1284 1263 pro
1305 1190 1574 1246 mercedis
1608 1197 1808 1244 nostrae

222 1295 537 1356 augmento,
575 1294 631 1340 et
654 1296 870 1340 :eternae
900 1284 1351 1341 remunerationis
1388 1281 1587 1346 fructu,
1613 1295 1806 1350 quam-

221 1377 352 1432 dam
413 1377 596 1432 villam
662 1393 784 1447 qu:e
830 1385 914 1433 est
967 1380 1021 1432 in
1080 1377 1356 1432 territorio
1419 1373 1804 1446 Magalonensi,

223 1468 383 1538 cujus
426 1471 743 1525 vocabulum
772 1480 858 1526 est
882 1471 1182 1535 Villanova,
1225 1471 1366 1525 sicut
1391 1485 1512 1525 eam
1539 1468 1808 1522 Robertus

223 1575 414 1615 comes
441 1561 494 1614 in
534 1560 854 1616 beneﬁcium
885 1561 1088 1627 habuit,
1119 1560 1364 1616 ecclesiae
1413 1559 1470 1614 S.
1509 1558 1654 1612 Petri
1704 1555 1811 1610 Ma-

223 1655 561 1726 galonensis,
580 1657 691 1722 ubi,
712 1657 822 1712 Deo
836 1665 1079 1722 auctore,
1102 1655 1420 1726 Argerimus
1445 1661 1664 1725 prteest,
1681 1651 1808 1721 quia

223 1761 442 1813 constat
487 1766 607 1806 eam
653 1767 720 1805 ex
744 1751 1016 1821 praedictis
1050 1751 1209 1806 rebus
1265 1750 1453 1814 fuisse,
1503 1762 1628 1802 cum
1662 1744 1811 1801 omni

1907 546 2136 594 stratam
2165 543 2279 596 sive
2308 537 2593 595 calciatam
2617 536 2824 599 dicunt,
2847 533 3088 602 ejusdem
3116 548 3270 604 aquae
3297 546 3489 588 conce-

1907 633 2182 699 deremus,
2235 633 2468 704 qualiter
2510 627 2820 704 [quatenus]
2858 629 2926 683 ad
2953 628 3268 699 praadictum
3294 639 3488 682 mona-

1908 726 2134 780 sterium
2174 726 2376 780 nostris
2418 733 2473 779 et
2514 723 2710 778 futuris
2741 721 3082 792 temporibus
3133 721 3339 790 absque
3390 717 3492 773 ali-

1909 816 2063 885 cujus
2109 817 2493 887 impedimento
2524 817 2710 872 venire
2758 813 3149 885 potuissetzet
3193 812 3250 867 in
3299 812 3493 868 eodem

1908 907 2029 962 loco
2058 907 2196 962 velle
2240 916 2462 977 pontem
2508 907 2718 972 facere,
2777 914 2840 960 ut
2893 903 3300 959 transeuntibus
3357 900 3494 958 nihil

1910 1001 2351 1071 impedimentum
2387 1008 2551 1055 esset.
2597 999 2761 1068 Cu1us
2798 997 3064 1069 petitioni,
3098 996 3225 1066 quia
3249 995 3396 1065 justa
3439 1000 3496 1049 et

1908 1091 2166 1161 praedicto
2192 1091 2524 1145 monasterio
2545 1091 2692 1145 utilis
2717 1104 2838 1144 esse
2860 1088 3166 1151 videbatur,
3203 1098 3492 1140 assensum

1908 1182 2260 1252 praebuimus,
2282 1190 2337 1237 et
2363 1182 2639 1237 licentiam
2663 1181 3040 1252 aquaeductum
3064 1193 3162 1250 per
3179 1177 3494 1249 praedictam

1910 1281 2136 1329 stratam
2168 1289 2308 1338 esse,
2355 1283 2564 1328 tantum
2601 1283 2661 1328 ut
2685 1289 2821 1344 pons
2869 1273 3100 1342 desuper
3144 1269 3269 1324 talis
3319 1269 3490 1332 ﬁeret,

1910 1364 2002 1434 qui
2026 1365 2432 1420 transeuntibus
2452 1365 2586 1420 nihil
2606 1366 2841 1430 obesset,
2867 1362 3256 1419 concessimus.
3287 1360 3495 1415 Idcirco

1909 1457 2254 1526 praecipimus
2284 1456 2717 1526 atquejubemus
2747 1465 2805 1511 ut
2832 1454 3010 1510 nullus
3033 1454 3260 1525 quilibet
3292 1451 3494 1507 nostris

1911 1557 2014 1596 nec
2082 1541 2280 1597 futuris
2340 1544 2673 1614 temporibus
2732 1543 2947 1612 aliquod
3003 1540 3341 1596 obstaculum
3404 1546 3499 1592 aut

1910 1634 2378 1706 impedimentum,
2435 1637 2519 1691 vel
2548 1636 2873 1692 calumniam
2899 1633 3205 1690 rectoribus
3251 1629 3498 1701 praedicti

1913 1728 2229 1782 monasterii
2250 1730 2316 1782 de
2340 1729 2602 1798 praedicto
2628 1727 2944 1798 aquaeducto
2988 1725 3168 1780 facere
3209 1731 3302 1777 aut
3349 1722 3499 1793 inge-

224 1842 542 1914 integritate
573 1814 816 1909 reddere,
847 1845 921 1898 ita
963 1844 1223 1898 duntaxat
1257 1851 1317 1897 ut
1343 1841 1605 1913 quidquid
1632 1845 1810 1894 recto-
1837 1834 1888 1895 B
1917 1832 2037 1885 τετε
2077 1827 2389 1888 Ρηθευῐῐιδῑ,
2429 1821 2524 1875 sed
2562 1820 2766 1891 absque
2795 1818 2955 1873 ullius
3004 1815 3348 1914 infestatione
3393 1814 3499 1870 hoc

227 1949 321 1988 res
377 1950 440 1989 ac
467 1935 698 1989 ministri
728 1935 996 2005 praedicue
1021 1936 1165 1991 sedis
1215 1936 1468 2003 deinceps
1494 1948 1592 2003 pro
1621 1947 1814 2002 oppor-

228 2025 464 2080 tunitate
526 2027 696 2097 ipsius
739 2029 981 2083 ecclesia:
1010 2028 1078 2084 de
1105 2029 1295 2083 eadem
1339 2026 1464 2082 villa
1515 2027 1601 2080 vel
1645 2023 1714 2079 de
1747 2024 1814 2079 iis

225 2132 353 2187 quae
405 2118 471 2172 ad
517 2133 638 2172 eam
694 2119 950 2174 moderno
998 2128 1240 2190 tempore
1284 2119 1576 2191 pertinent,
1634 2117 1815 2173 facere

225 2209 515 2273 voluerint,
561 2210 732 2266 libero
756 2212 1033 2281 potiantur
1061 2212 1287 2268 arbitrio
1308 2212 1376 2266 ad
1406 2213 1522 2266 haec
1544 2208 1811 2265 facienda.

228 2301 301 2360 Et
353 2304 472 2359 ideo
503 2306 752 2361 omnibus
785 2307 1149 2377 praecipimus,
1193 2324 1258 2363 ac
1306 2323 1405 2378 per
1455 2307 1556 2362 has
1605 2305 1816 2360 litteras

228 2397 539 2463 statuimus,
592 2406 652 2452 ut
699 2399 876 2455 nullus
923 2401 1148 2470 quilibet
1192 2400 1429 2455 ﬁdelium
1479 2407 1813 2463 nostrorum,

230 2495 347 2541 tam
367 2490 715 2557 prtesentium
745 2507 904 2561 quam
932 2490 1258 2555 futurorum,
1294 2491 1606 2561 praedictam
1631 2489 1816 2543 villam

230 2595 358 2634 cum
408 2582 657 2638 omnibus
681 2582 748 2636 ad
794 2598 853 2638 se
881 2583 1277 2652 pertinentibus
1299 2583 1365 2636 de
1406 2581 1664 2651 prmdicla
1691 2580 1817 2634 sedc

228 2671 574 2738 abstrahere,
630 2681 722 2727 aut
765 2674 968 2743 aliquid
1018 2674 1361 2738 imminuere,
1411 2680 1504 2728 aut
1562 2671 1818 2742 injustam

230 2760 718 2830 interpellationem
747 2764 992 2834 ingerere
1011 2772 1332 2835 praesumat;
1363 2765 1479 2830 sed,
1498 2763 1686 2819 sicuta
1716 2779 1816 2819 no-

225 2852 319 2906 bis
349 2852 645 2923 injunctum
679 2864 783 2921 est,
810 2863 865 2911 et
888 2872 985 2926 per
1015 2857 1154 2911 hanc
1175 2864 1415 2916 nostram
1437 2856 1820 2912 auctoritatem

226 2943 504 3014 praedicta:
541 2945 782 3001 ecclesiae
831 2947 1232 3013 conﬁrmatum,
1283 2948 1359 3002 ita
1385 2955 1648 3019 perpetuo
1698 2962 1820 3018 per-

229 3044 473 3089 maneat.
511 3035 580 3089 Et
604 3044 664 3090 ut
711 3037 829 3091 haec
859 3038 1152 3093 auctoritas
1179 3037 1409 3092 ﬁrmiter
1439 3039 1724 3104 habeatur,
1765 3047 1822 3094 et

228 3139 332 3195 per
368 3124 550 3182 futura
579 3134 820 3198 tempora
861 3129 1055 3185 melius
1103 3139 1475 3199 conservetur,
1505 3131 1572 3186 de
1620 3131 1818 3187 annulo

229 3225 424 3273 nostro
453 3219 638 3274 subter
659 3220 922 3291 jussimus
943 3222 1185 3293 sigillari.

309 3307 531 3380 Signum
558 3310 814 3366 Ludovici
843 3314 1173 3368 serenissimi
1202 3314 1565 3384 imperatoris.

307 3398 591 3456 Durandus
638 3403 898 3459 diaconus
950 3405 1020 3460 ad
1068 3406 1242 3461 vicem
1296 3407 1612 3462 llelisacbar
1663 3422 1816 3463 reco-

228 3490 439 3561 gnovit.

307 3580 502 3637 Datum
552 3583 734 3641 Idibus
769 3586 968 3653 Martii,
1018 3604 1177 3657 anno,
1219 3589 1440 3647 Christo
1480 3590 1734 3662 prepitio,
1783 3589 1816 3646 6

230 3675 452 3743 imperii
503 3676 686 3733 domui
741 3678 998 3735 Ludovici
1056 3683 1498 3738 excellentissimi
1551 3683 1813 3755 Augusti,

230 3764 530 3822 indictione
562 3769 647 3822 12.
675 3769 869 3824 Actum
889 3771 1213 3844 Aquisgrani
1238 3775 1438 3845 palatio
1463 3776 1613 3847 regio
1641 3777 1694 3830 in
1720 3776 1817 3832 Dei

230 3856 459 3912 nomine
483 3856 730 3913 feliciter.
754 3860 946 3916 Amen.

886 3952 1167 4008 LXXXIV.

665 4059 766 4098 PRO
806 4059 1145 4099 MONASTEBIO
1174 4061 1379 4102 DEENSI.

852 4136 1025 4209 (Anno
1055 4136 1204 4210 819.)

234 4227 416 4302 [Apud
441 4226 505 4282 D.
536 4228 821 4351 Bouquetq
862 4227 1014 4291 ibid.,
1052 4245 1173 4300 pag.
1215 4228 1338 4310 Siti,
1373 4243 1441 4284 ex
1487 4229 1717 4286 Chifllet.
1762 4229 1820 4286 in

369 4300 520 4351 prob.
549 4300 617 4351 ad
645 4298 671 4351 1
701 4309 789 4351 tst.
821 4298 938 4351 abb.
976 4298 1363 4351 Trenorcensts.
1396 4316 1517 4351 nae.
1552 4300 1700 4351 191.1

366 4300 520 4368 prob.
549 4300 617 4353 ad
645 4298 789 4352 Hist.
821 4298 938 4352 abb.
976 4298 1363 4366 Trenorcensis,
1396 4316 1517 4372 pag.
1552 4300 1701 4374 191.]

197 4454 213 4464 .
309 4392 367 4446 In
423 4392 639 4446 nomine
688 4391 900 4446 Domini
923 4391 1018 4446 Dei
1058 4400 1110 4446 et
1165 4392 1458 4450 Salvatoris
1484 4395 1656 4449 nostri
1689 4393 1820 4450 Iesu

235 4481 484 4548 Christi,
543 4482 848 4538 Ludovicus
898 4482 1079 4538 divina
1129 4484 1415 4540 ordinante
1473 4485 1818 4554 providentia

235 4574 534 4642 imperator
559 4573 848 4644 Augustus.

203 4677 216 4702 π
310 4662 506 4718 Notum
564 4665 635 4718 sit
660 4665 901 4719 omnium
930 4664 1166 4722 ﬁdelium
1221 4674 1554 4735 nostrorum,
1581 4685 1820 4740 praesen-

235 4757 374 4810 tium
417 4756 622 4811 scilicet
665 4765 719 4812 et
761 4755 1069 4812 futurorum
1095 4759 1395 4826 sagacitati,
1449 4761 1686 4830 qualiter
1735 4763 1820 4817 vir

233 4846 566 4902 venerabilis
621 4846 879 4901 Arnulfus
920 4847 1089 4903 abbas
1143 4865 1209 4904 ex
1271 4854 1602 4907 monasterio
1647 4855 1822 4910 sancti

233 4936 505 5003 Filiberti,
548 4938 692 5008 quod
738 4946 821 4994 est
841 4939 1004 4993 situm
1025 4941 1081 4994 in
1102 4940 1274 4995 insula
1297 4957 1416 5011 quae
1439 4942 1640 5000 dicitur
1668 4946 1815 5014 Heri,

233 5037 459 5098 prepter
485 5028 822 5084 incursiones
841 5028 1194 5086 barbarorum
1207 5033 1299 5102 qui
1320 5033 1824 5108 frequenteripsum

234 5119 629 5174 monasterium
663 5120 1075 5190 depopulantur,
1099 5121 1247 5178 foras
1273 5123 1328 5178 in
1351 5140 1490 5195 pago
1512 5127 1605 5197 qui
1632 5130 1827 5186 dicitur

235 5207 960 5283 Erbadellicus(lferbauge),
986 5212 1042 5266 in
1067 5213 1187 5268 loco
1223 5215 1376 5283 cujus
1403 5219 1722 5274 vocabulum
1744 5229 1829 5277 est

235 5300 380 5356 Deas
404 5314 453 5369 ο,
507 5318 608 5374 per
659 5311 907 5360 nostrum
933 5320 1254 5362 consensum
1285 5318 1447 5378 atque
1475 5308 1825 5381 adjutorium,

237 5413 442 5451 novum
464 5400 851 5455 monasterium
871 5402 1189 5471 aediﬁcasse,
1213 5413 1267 5460 et
1293 5407 1360 5461 ob
1383 5408 1824 5465 commoditatem

234 5487 480 5558 ejusdem
507 5493 842 5559 monasterii,
870 5502 926 5548 et
943 5496 1377 5565 congregationis
1405 5497 1605 5553 ibidem
1630 5501 1825 5572 degen-
1854 5505 1858 5509 ’

238 5579 338 5645 tis,
359 5595 426 5635 ex
447 5579 608 5635 ﬂuvio
634 5585 727 5652 qui
746 5585 942 5640 dicitur
964 5585 1201 5642 Bedonia
1229 5587 1303 5657 (la
1323 5588 1594 5663 Bologne),
1628 5608 1823 5664 aquam

238 5668 318 5726 ibi
372 5672 510 5728 velle
549 5674 876 5744 perducere;
925 5680 1214 5735 obsecrans
1266 5681 1607 5741 clementiam
1646 5687 1824 5742 excel-

1843 3207 1890 3273 C

1915 1915 2059 1986 quod
2090 1931 2190 1971 nos
2219 1917 2608 1983 concessimus,
2632 1923 2810 1970 ratum
2844 1921 2899 1969 et
2936 1909 3129 1968 stabile
3155 1908 3304 1965 omni
3356 1915 3497 1962 tem-

1915 2022 2047 2078 pore
2097 2016 2430 2076 permaneat.
2489 2008 2558 2062 Et
2607 2015 2670 2072 ut
2718 2009 2835 2063 haec
2887 2013 3074 2062 nostra
3119 2003 3293 2076 jussio
3346 2000 3497 2057 omni

1917 2109 2160 2172 tempore
2182 2101 2390 2157 stabilis
2417 2110 2474 2156 et
2504 2100 2818 2156 inconvulsa
2838 2103 3177 2169 permaneat,
3199 2095 3266 2151 de
3300 2093 3500 2150 annulo

1917 2202 2106 2247 nostro
2135 2193 2325 2248 subter
2346 2191 2608 2262 jussimus
2647 2190 2895 2262 sigillari.

1991 2281 2105 2353 Ego
2130 2283 2418 2338 Durandus
2440 2283 2698 2338 diaconus
2727 2282 2797 2337 ad
2815 2281 2992 2337 vicem
3007 2279 3328 2337 Helisachar
3351 2292 3501 2333 reco-

1919 2375 2079 2445 gnovi
2114 2384 2170 2430 et
2216 2375 2534 2446 subscripsi.

1991 2467 2127 2522 Data
2154 2484 2268 2522 xvu
2299 2467 2570 2523 Kalendas
2589 2466 2790 2538 Aprilis
2819 2481 2982 2532 anno,
2999 2465 3216 2522 Christo
3242 2461 3502 2536 propitio,

1919 2556 1952 2611 6
1982 2557 2197 2626 imperii
2243 2557 2427 2613 domui
2472 2556 2732 2612 Ludovici
2786 2556 3018 2626 piissimi
3065 2555 3317 2627 Augusti,
3366 2550 3508 2607 indi-

1920 2646 2100 2704 etione
2131 2646 2217 2700 12.
2246 2646 2442 2702 Actum
2467 2647 2793 2717 Aquisgrani
2834 2645 3036 2717 palatio
3065 2646 3121 2700 in
3159 2644 3258 2701 Dei
3288 2643 3508 2699 nomine

1918 2735 2171 2792 feliciter.
2191 2717 2384 2792 Amen‘.

2586 2806 2848 2863 LXXXV.

1921 2935 2025 2976 PRO
2045 2936 2382 2978 MONASTERIO
2405 2937 2696 2979 CONCHENSI
2748 2938 2803 2977 ΙΝ
2861 2934 3092 2977 ωαςεεει
3151 2935 3503 2978 RUTHENENSI.

2531 3035 2704 3108 (Anno
2753 3033 2905 3108 819.)

1925 3125 2105 3200 [Apud
2137 3126 2441 3195 Baluzium,
2489 3127 2896 3200 Capitul.,pag.
2957 3126 3113 3200 Mlti,
3171 3141 3238 3183 ex
3289 3126 3509 3182 archivo

2344 3197 2662 3254 monasterii
2692 3197 3074 3271 Conchensis.]

1993 3291 2051 3344 In
2079 3292 2298 3347 nomine
2323 3289 2541 3346 Domini
2569 3289 2668 3342 Dei
2705 3297 2760 3342 et
2813 3288 3112 3344 Salvatoris
3160 3288 3332 3344 nostri
3379 3288 3507 3345 Jesu

1920 3384 2147 3449 Christi,
2169 3384 2494 3449 Ludovicus,
2512 3382 2696 3438 divina
2720 3383 3005 3438 ordinante
3022 3384 3388 3452 providentia,
3408 3385 3508 3439 im-

1919 3485 2138 3549 perator
2161 3478 2455 3548 Augustus.

1993 3569 2173 3624 Multis
2195 3569 2432 3624 ﬁdelium
2464 3577 2797 3632 nostrorum,
2829 3574 2886 3621 et
2912 3566 3187 3638 praecipue
3226 3567 3312 3624 his
3333 3569 3425 3639 qui
3453 3569 3508 3623 in

1921 3663 2176 3718 occiduas
2192 3646 2377 3732 partes
2397 3668 2523 3716 sunt
2541 3659 2841 3724 constituti,
2859 3673 3020 3714 nosse
3041 3660 3315 3715 credimus
3336 3660 3512 3729 quali-

1922 3763 2006 3808 ter
2030 3754 2114 3807 vir
2143 3742 2430 3822 religiOsus
2455 3751 2603 3806 Dado
2624 3743 2858 3821 quodam
2898 3750 3134 3813 nomine,
3166 3749 3259 3818 qui
3301 3749 3505 3804 nostris

1923 3845 2258 3913 temporibus
2287 3844 2547 3913 religione
2576 3851 2630 3895 et
2655 3840 2972 3906 sanctitate,
3000 3840 3182 3895 divina
3205 3841 3310 3895 sibi
3338 3840 3512 3896 admi-

1922 3935 2198 3992 niculante
2252 3935 2450 4006 gratia,
2502 3933 2746 3998 emicuit,
2779 3931 2908 3985 dum
2960 3931 3194 4000 quietem
3226 3940 3511 4002 appeteret

1923 4034 1980 4081 et
2007 4024 2248 4079 vacando
2276 4023 2460 4078 videre
2483 4021 2649 4078 vellet
2686 4036 2850 4091 quam
2880 4021 3064 4077 suavis
3087 4030 3172 4078 est
3223 4021 3506 4088 Dominus,

1923 4115 2192 4188 quoddam
2218 4114 2466 4171 locellum
2495 4113 2552 4168 in
2590 4129 2728 4185 pago
2757 4112 3024 4170 Rutenico
3069 4129 3232 4184 super
3277 4114 3509 4171 rivulum

1922 4209 2256 4274 Dordunum,
2288 4206 2444 4287 cujus
2478 4206 2800 4262 vocabulum
2824 4213 2908 4262 est
2939 4208 3170 4276 Concas,
3221 4208 3504 4264 inveniens

1923 4303 2053 4358 huic
2077 4301 2292 4373 negotio
2315 4307 2520 4371 aptum,
2547 4314 2656 4370 quo
2685 4300 2742 4354 in
2791 4298 2912 4355 loco
2933 4299 3177 4356 nonnulli
3207 4299 3505 4356 Christiani

1922 4401 2144 4466 propter
2172 4402 2375 4448 metum
2407 4391 2830 4457 Saracenorum,
2862 4392 2956 4463 qui
2994 4391 3139 4446 illam
3172 4400 3377 4447 terram
3411 4407 3510 4462 pe-

1925 4502 1996 4542 ne
2017 4493 2184 4541 totam
2211 4486 2562 4541 devastarunt
2589 4485 2722 4539 etin
2747 4499 2991 4540 eremum
3029 4484 3373 4556 redegerunt,
3407 4486 3504 4540 du-

1846 4560 1901 4622 Ῑ)
1927 4580 2054 4635 dum
2084 4580 2477 4651 confugientes,
2519 4579 2891 4651 permodicum
2937 4585 3357 4635 construxerunt
3384 4594 3508 4635 ora-

1923 4673 2147 4740 torium,
2179 4674 2292 4743 ipse
2314 4682 2594 4744 assumpto
2621 4673 2808 4729 labore
2829 4672 3064 4743 propriis
3083 4671 3334 4728 manibus
3355 4687 3506 4727 eum-

1923 4763 2048 4818 dem
2073 4763 2247 4819 locum
2259 4763 2417 4832 juxta
2451 4765 2596 4820 vires
2647 4765 2913 4819 mundare
2938 4771 3101 4833 atque
3135 4763 3370 4834 stirpare
3412 4777 3506 4818 cu-

1923 4856 2086 4922 ravit,
2123 4864 2178 4910 et
2201 4864 2260 4910 ut
2281 4864 2439 4926 aptus
2459 4855 2576 4924 ejus
2595 4855 2760 4925 quieti
2789 4854 2932 4912 foret
2957 4871 3180 4926 operam
3206 4855 3373 4911 dedit.
3397 4853 3504 4911 Sed

1924 4963 2033 5003 non
2057 4956 2181 5018 post
2206 4948 2404 5002 multos
2440 4947 2556 5003 dies
2578 4948 2663 5002 vir
2689 4947 2974 5018 religiosus
2995 4946 3300 5004 Medraldus
3335 4947 3508 5004 nomi-

1930 5055 1999 5094 ne
2020 5039 2268 5094 eumdem
2292 5037 2469 5094 locum
2497 5037 2657 5093 simul
2683 5053 2807 5094 cum
2849 5047 3149 5095 memorato
3176 5037 3395 5095 Dadone
3435 5038 3506 5094 ad

1931 5129 2285 5185 habitandum
2306 5129 2488 5200 elegit.
2519 5129 2587 5183 Et
2630 5129 2758 5201 quia
2806 5129 3006 5185 famam
3028 5131 3185 5187 bonae
3230 5132 3506 5204 opinionis

1930 5240 2062 5281 vera
2090 5223 2278 5295 religio
2307 5223 2521 5279 illorum
2555 5225 2695 5294 apud
2715 5225 3027 5280 convicinos
3051 5234 3344 5296 sparserat,
3369 5242 3506 5283 non-

1931 5315 2065 5370 nulli
2094 5323 2479 5386 postpOnentes
2514 5315 2790 5382 saeculum,
2840 5315 3078 5386 quietam
3133 5317 3502 5385 nihilominus,

1933 5423 2094 5477 quam
2123 5407 2226 5478 ipsi
2248 5407 2537 5478 degebant,
2569 5416 2821 5478 appetere
2854 5408 3024 5464 vitam
3053 5409 3248 5480 {conati
3269 5417 3411 5474 sunt,
3447 5415 3506 5464 et

1929 5514 2119 5555 eorum
2159 5498 2431 5569 religiosis
2478 5499 2739 5569 exemplis
2793 5501 3094 5558 imitatores
3128 5503 3246 5558 ﬁeri
3282 5503 3504 5572 cupien-

1926 5601 2027 5658 tes,
2085 5605 2272 5646 eorum
2321 5605 2380 5646 se
2427 5592 2740 5664 magisterio
2777 5594 3086 5662 subdidere,
3129 5611 3194 5651 ac
3216 5596 3342 5652 dum
3372 5607 3506 5666 pau-

1927 5682 2080 5737 latim
2109 5683 2225 5754 ipsa
2251 5684 2598 5755 congregatio
2631 5694 2923 5754 cresceret,
2974 5688 3258 5746 ecclesiam
3299 5687 3501 5743 ibidem

319 5816 342 5847 ο
383 5809 554 5878 Vulgo
582 5809 687 5865 θέε
731 5812 816 5869 vel
856 5810 1229 5882 Grand-Lieu;
1272 5835 1414 5876 nunc
1459 5821 1730 5891 prioratus
1770 5818 1827 5878 in
1863 5818 2084 5878 dioecesi
2113 5819 2477 5878 Namnetensi.
