4048 6350
262 311 414 379 i093

1414 314 1811 382 DIPLOMATA
1846 318 2409 397 EQCLESIASTIQA.

3407 317 3551 380 1094

261 446 453 501 remus
481 429 880 499 auctoritatem.
922 431 1088 506 Cujus
1119 434 1375 506 petitioni
1417 436 1649 495 libenter
1676 452 1859 495 assen—
1880 441 1938 511 Α
1962 438 2090 499 dum
2128 439 2481 506 conﬁdimus;
2513 434 2723 503 idcirco
2756 444 2945 496 notum
2978 447 3103 499 esse
3130 437 3379 497 volumus
3410 455 3548 497 cun-

259 542 388 585 sum
415 522 762 599 praebuimus,
787 536 843 585 et
864 528 1003 585 hanc
1026 538 1271 593 nostram
1300 534 1702 601 auctoritatem,
1728 549 1858 608 erga

256 621 585 694 praedictum
610 621 998 681 monasterium
1026 623 1252 697 ejusque
1294 635 1557 694 rectores,
1596 626 1858 683 immuni-

259 711 403 800 tatis
441 712 603 781 attiue
650 710 893 768 tuitionis
936 713 1114 792 gratia
1160 713 1279 772 ﬁeri
1322 716 1664 781 decrevimus
1701 737 1713 773 :
1758 733 1856 793 per

256 805 412 877 quod
458 805 809 881 praecipimus
848 808 1035 893 atque
1061 805 1317 877 iubemus
1342 812 1427 871 'ut
1476 810 1654 868 nullus
1690 806 1857 882 iudex

254 899 541 983 publicus,
585 899 671 957 vel
713 898 977 971 quislibet
1020 917 1090 961 ex
1132 901 1420 971 iudiciaria
1461 912 1756 976 potestate,
1798 906 1856 963 in

253 990 543 1059 ecclesias,
572 1000 669 1059 aut
688 988 835 1054 loca.
860 991 946 1047 vel
974 1008 1152 1064 agros,
1181 995 1537 1067 seureliquas
1558 994 1858 1069 possessio-

255 1099 365 1141 nes
388 1072 679 1147 memorati
704 1084 1043 1151 monasterii,
1070 1074 1212 1155 quod
1240 1078 1499 1149 moderno
1527 1097 1769 1163 tempore
1800 1080 1857 1146 in

255 1175 599 1246 quibuslibet
625 1176 776 1249 pagis
803 1192 865 1237 ac
891 1175 1196 1244 territoriis,
1227 1177 1367 1234 infra
1394 1176 1653 1237 ditionem
1678 1181 1855 1247 nostri

255 1267 478 1339 imperii
501 1267 647 1338 iuste
677 1284 741 1329 ac
766 1266 1016 1341 ,legaliter
1040 1266 1300 1338 possidet,
1332 1269 1414 1327 vel
1445 1286 1566 1343 quae
1596 1272 1854 1347 deinceps

255 1361 327 1418 in
346 1364 525 1434 ipsius
560 1363 734 1447 sancti
775 1361 881 1418 loci
909 1366 1251 1422 commodum
1279 1362 1513 1421 voluerit
1537 1362 1719 1423 divina
1744 1365 1860 1447 pie-

255 1462 356 1510 tas
381 1454 589 1527 augeri,
611 1441 683 1519 ad
704 1469 904 1517 causas
937 1455 1253 1521 audiendas,
1281 1453 1363 1511 vel
1386 1452 1540 1510 freda
1569 1441 1857 1528 exigenda,

256 1555 363 1605 aut
400 1534 716 1611 mansiones
766 1547 850 1611 vel
892 1555 1110 1618 paratas
1155 1546 1451 1613 faciendas,
1496 1553 1590 1600 ant
1644 1544 1861 1623 ﬁdeius-

254 1654 422 1696 sores
454 1638 741 1705 tollendos,
781 1648 876 1694 aut
901 1639 1152 1695 homines
1176 1638 1345 1709 ipsius
1373 1637 1708 1707 monasterii,
1746 1645 1858 1693 tam

255 1730 529 1801 ingenuos
563 1745 725 1800 quam
754 1739 807 1784 et
834 1746 1042 1797 servos,
1068 1745 1230 1801 super
1261 1739 1463 1785 terram
1493 1729 1662 1799 ipsius
1706 1743 1857 1785 com-

1960 528 2063 586 ctis’
2106 528 2359 587 ﬁdelibus
2393 534 2592 587 sanctae
2626 528 2722 585 Del
2762 526 3040 597 Ecclesiae,
3071 533 3405 603 matrisque,
3438 539 3551 589 tam

1959 625 2320 695 prmsentibus
2364 634 2524 696 quam
2556 622 2775 691 futuris,
2822 620 2947 695 quia
2979 620 3160 681 divino
3200 628 3331 682 tacti
3364 637 3555 684 amore

1960 717 2292 773 monasterio
2318 714 2592 772 Buchovia
2622 727 2644 755 ο
2678 716 2975 782 nominato,
3006 711 3147 786 quod
3178 722 3553 773 constructum

1959 815 2044 863 est
2082 807 2138 862 in
2186 806 2397 864 honore
2445 812 2760 864 sanctorum
2802 790 3038 862 Cornelii
3080 808 3136 871 et
3180 805 3455 878 Cypriani,
3487 821 3553 864 ac

1959 897 2126 955 situm
2168 907 2251 955 est
2302 897 2454 955 iuxta
2504 901 2681 955 lacum
2727 896 2820 970 qui
2874 905 3101 953 vocatur
3155 895 3461 955 Phedersee
3497 898 3551 966 τι,

1962 988 2255 1062 quamdam
2283 990 2467 1046 villam
2506 989 2861 1064 proprietatis
2900 999 3119 1057 nostrae,
3149 990 3310 1045 sitam
3345 990 3398 1045 in
3425 1005 3556 1047 cen-

1961 1090 2103 1147 tena,
2133 1082 2353 1153 extagia
2380 1091 2403 1121 θ
2437 1088 2769 1153 nuncUpata,
2795 1092 2915 1151 qua)
2941 1074 3243 1152 appellatur
3274 1079 3475 1153 Suigon
3504 1080 3552 1149 ί,

1965 1191 2091 1255 cum
2117 1174 2367 1231 terminis
2394 1182 2449 1232 et
2477 1172 2728 1231 omnibus
2755 1174 2821 1230 ad
2848 1188 2909 1237 se
2952 1174 3366 1244 pertinentibus,
3398 1172 3553 1228 vide-

1959 1268 2088 1325 licet
2114 1267 2415 1335 curtilibus,
2445 1264 2709 1335 aediliciis,
2737 1264 2960 1321 familiis
2981 1280 3046 1321 ac
3077 1264 3380 1339 mancipiis,
3406 1268 3555 1320 terra

1959 1361 2143 1430 salica,
2171 1352 2331 1418 cultis
2364 1369 2420 1416 et
2464 1358 2704 1427 incultis,
2742 1358 2910 1430 agris,
2946 1354 3141 1427 pratis,
3185 1356 3413 1427 campis,
3456 1366 3557 1425 pa-

1960 1454 2137 1521 scuis,
2191 1452 2376 1519 silvis,
2410 1448 2664 1517 decimis,
2708 1450 2866 1520 aquis
2916 1452 3248 1520 aquarumve
3289 1444 3557 1503 .decursi-

1958 1543 2078 1612 bus,
2124 1541 2469 1611 molendinis,
2501 1538 2924 1615 piscationibus,
2970 1543 3074 1597 viis
3116 1547 3173 1597 et
3216 1539 3399 1607 inviis,
3442 1539 3559 1596 exi-

1959 1636 2104 1693 tibus
2137 1645 2193 1692 et
2230 1636 2593 1708 regressibus,
2632 1635 2994 1705 omnibusque
3020 1633 3185 1689 rebus
3226 1631 3458 1705 ‘mag'nis,
3500 1637 3561 1688 et

1960 1730 2143 1800 parvis
2170 1730 2239 1785 ad
2275 1729 2497 1786 easdem
2530 1745 2620 1785 res
2656 1726 2805 1801 iuste
2850 1727 3199 1800 legitimoque
3233 1725 3559 1798 pertinenti-

253 1831 569 1887 manentes,
596 1821 1018 1892 distringendos,
1048 1836 1148 1877 nec
1174 1819 1312 1875 ullas
1335 1819 1731 1876 redhibitiones
1764 1827 1859 1875 aut
1885 1825 1933 1885 B
1960 1823 2083 1890 bus,
2108 1820 2439 1881 aeternaliter
2463 1823 2518 1878 in
2544 1822 2827 1894 proprium
2853 1821 3150 1889 donamus;
3178 1820 3561 1881 constituimus

255 1914 483 1971 illicitas
526 1914 841 1971 occasiones
876 1910 1267 1984 requirendas,
1318 1911 1521 1967 nostris
1562 1912 1618 1966 et
1662 1908 1861 1967 futuris

252 1992 599 2078 temporibus
627 2007 834 2078 ingredi
863 2007 1082 2072 audeat,
1108 2000 1193 2062 vel
1218 2020 1282 2062 ea
1312 2021 1433 2078 qua:
1457 2018 1623 2077 supra
1649 2014 1862 2062 memo-

256 2108 386 2156 rata
411 2110 538 2156 sunt
560 2101 783 2173 exigere
805 2107 1123 2171 praesumat.

336 2192 450 2249 Sed
480 2192 639 2249 liceat
668 2201 968 2249 memorato
996 2192 1177 2249 abbati
1200 2191 1427 2265 suisque
1450 2189 1863 2253 successoribus

257 2298 357 2339 res
380 2283 627 2354 praedicti
667 2283 1010 2349 monasterii,
1041 2293 1155 2338 tum
1191 2298 1380 2339 omnes
1412 2278 1596 2338 fredos
1639 2297 1864 2338 conces-

257 2390 379 2441 sos,
414 2375 557 2431 sicut
607 2375 662 2429 in
704 2386 981 2447 praecepto
1013 2364 1219 2430 domini
1268 2370 1324 2430 et
1368 2372 1630 2445 genitoris
1684 2368 1862 2428 nostri

258 2465 598 2534 continetur,
620 2450 721 2521 sub
744 2466 1101 2525 immunitatis
1124 2475 1321 2522 nostrae
1345 2464 1657 2521 defensione
1675 2465 1863 2535 quieto

260 2556 461 2613 ordine
490 2557 793 2628 possidere,
823 2565 878 2611 et
911 2566 1099 2614 nostro
1129 2556 1363 2613 ﬁdeliter
1386 2571 1582 2627 parere
1609 2554 1860 2627 imperio,

261 2655 541 2719 quatenus
579 2648 723 2719 ipsos
766 2654 952 2705 servos
991 2648 1109 2716 Dei,
1136 2648 1232 2720 qui
1281 2648 1479 2705 ibidem
1530 2646 1643 2705 Deo
1686 2646 1862 2703 famu-

261 2741 471 2810 lantur,
495 2758 596 2815 pro
615 2743 775 2805 nobis
797 2752 853 2799 et
879 2742 1125 2814 conjuge,
1155 2742 1417 2814 proieque
1461 2753 1671 2809 nostra,
1697 2749 1863 2812 atque

262 2834 567 2893 stabilitate
587 2835 760 2895 totius
780 2835 995 2906 imperii
1022 2834 1214 2900 nostri,
1240 2851 1272 2889 a
1298 2832 1409 2891 Deo
1440 2834 1595 2890 nobis
1615 2831 1863 2890 concessi

263 2936 434 2999 atque
476 2931 876 2997 eonservandi,
914 2931 1115 3003 iugiter
1158 2929 1374 2987 Domini
1430 2926 1863 2987 misericordiam

263 3039 500 3085 exorare
529 3024 781 3083 delectet.

341 3116 495 3175 [iane
534 3119 723 3190 itaque
756 3118 1174 3184 auctoritatem,
1225 3125 1286 3173 ut
1317 3117 1615 3187 pleniorem
1662 3112 1717 3171 in
1764 3112 1863 3169 Dei

1961 1930 2176 1986 quoque
2202 1924 2257 1971 et
2285 1915 2671 1973 conﬁrmamus
2696 1928 2797 1984 per
2833 1921 3034 1969 nostra;
3061 1909 3404 1968 auctoritatis
3430 1925 3555 1965 mu-

1960 2009 2224 2063 nitionem
2246 2016 2309 2063 ut
2335 2004 2515 2063 nullus
2538 2002 2788 2079 publicus
2805 2002 2975 2075 iudex
3016 2018 3196 2077 neque
3224 2001 3353 2068 dux,
3383 2015 3561 2071 neque

1964 2114 2170 2166 comes,
2197 2106 2289 2155 aut
2312 2098 2540 2171 quilibet
2561 2113 2623 2153 ex
2646 2095 2938 2166 iudiciaria
2963 2102 3251 2167 potestate,
3278 2088 3557 2159 ecclesias,

1962 2198 2171 2257 curtes,
2197 2199 2292 2245 aut
2320 2190 2464 2256 loca,
2491 2190 2577 2245 vel
2601 2204 2780 2260 agros,
2805 2204 2899 2244 seu
2924 2188 3164 2259 reliquas
3188 2184 3563 2258 possessiones

1962 2291 2264 2343 memorato
2286 2282 2618 2339 monasterio
2642 2280 2895 2352 praesenti
2919 2278 3163 2350 tempore
3192 2275 3557 2346 subiacentes,

1960 2375 2048 2432 vel
2090 2390 2213 2446 qua:
2241 2375 2500 2445 deinceps
2537 2374 2592 2429 in
2635 2370 2727 2442 ius
2753 2381 2809 2428 et
2843 2365 3142 2428 dominium
3181 2367 3423 2439 eiusdem
3448 2381 3565 2422 mo-

1964 2458 2187 2525 nasterii
2232 2467 2427 2524 divinze
2474 2465 2697 2538 pietatis
2748 2470 3037 2537 augmento
3072 2462 3444 2534 pervenerint,
3493 2457 3564 2515 ad

1965 2577 2159 2620 causas
2205 2559 2524 2625 audiendas,
2559 2558 2645 2614 vel
2691 2555 2847 2613 freda
2893 2554 3177 2628 exigenda,
3221 2554 3307 2609 vel
3347 2559 3564 2626 paratas

1954 2652 2263 2718 faciendas,
2286 2652 2635 2724 ﬁdeiussores
2663 2648 2948 2716 tollendos,
2978 2654 3071 2703 aut
3098 2647 3347 2705 homines
3397 2644 3563 2700 etiam

1965 2755 2082 2801 tam
2126 2746 2396 2817 ingenuos
2430 2759 2595 2814 quam
2633 2751 2689 2798 et
2718 2758 2905 2799 servos
2944 2755 3109 2811 super
3155 2742 3359 2805 terram
3396 2736 3567 2810 ipsius

1966 2840 2286 2897 monasterii
2330 2846 2737 2895 commanentes
2762 2826 3170 2909 distinguendos
3207 2831 3567 2913 [distringena

1968 2932 2113 3006 dos],
2135 2949 2238 2989 nec
2263 2931 2401 2989 ullas
2422 2931 2834 2996 redhibitiones,
2858 2928 2944 2984 vel
2968 2930 3200 2994 bannos,
3224 2932 3317 2993 aut
3348 2923 3569 2985 illicitas

1966 3025 2285 3082 occasiones
2329 3024 2704 3096 requirendas,
2754 3038 2851 3079 seu
2895 3020 3066 3075 ullum
3097 3018 3359 3089 placitum
3386 3012 3567 3088 publi-

1967 3132 2091 3174 cum
2118 3116 2451 3184 habendum,
2495 3116 2659 3172 nullis
2693 3111 3029 3184 temporibus
3064 3100 3272 3185 ingredi
3317 3102 3558 3180 (amicat)

266 3212 492 3268 nomine
528 3213 779 3269 obtineat
824 3212 1161 3279 ﬁrmitatem.
1203 3220 1257 3267 et
1292 3227 1325 3267 a
1365 3212 1613 3287 ﬁdelibus
1657 3218 1862 3267 sancta:
1888 3208 1937 3273 (ἶ
1964 3208 2051 3264 vel
2073 3224 2139 3263 ea
2162 3223 2282 3278 qua:
2306 3222 2471 3277 supra
2496 3214 2798 3273 memorata
2823 3213 2969 3269 sunt,
2993 3205 3291 3273 praesumat
3311 3197 3561 3269 exigere;

265 3303 369 3359 Dei
402 3303 659 3361 Eodesize
696 3314 755 3361 et
796 3306 997 3361 nostris
1038 3305 1222 3363 verius
1250 3305 1563 3377 certiusque
1612 3302 1869 3358 credatur

266 3403 332 3451 et
352 3395 668 3467 diligentius
696 3405 1070 3464 conservetur,
1117 3413 1280 3452 manu
1326 3397 1542 3468 propria
1582 3395 1868 3453 subterﬁr-

266 3486 565 3556 mavimns,
592 3497 648 3545 et
672 3478 860 3549 animli
904 3489 1076 3545 nostri
1118 3489 1478 3560 impressione
1503 3488 1709 3563 signari
1744 3484 1868 3558 ius-

1484 3566 1493 3573 κ

268 3580 448 3639 simus

347 3673 487 3729 Data
504 3674 688 3733 Idibus
711 3674 933 3747 Aprilis,
950 3690 1115 3740 anno,
1133 3674 1351 3733 Christo
1362 3658 1621 3745 propitio,
1654 3670 1870 3742 imperii

271 3767 450 3824 nostri
494 3776 670 3835 sexto,
698 3768 995 3825 indictione
1024 3767 1111 3822 12.
1143 3768 1342 3825 Actum
1366 3763 1697 3836 Aquisgrani
1725 3763 1870 3836 pala-

272 3861 355 3919 tio
381 3861 531 3933 regio
550 3862 611 3917 in
638 3861 735 3917 Dei
763 3861 981 3917 nomine
1006 3850 1258 3917 feliciter.
1285 3859 1479 3919 Amen.
1620 3842 1629 3854 ⁸

348 3953 575 4025 Signum
598 3954 855 4013 Ludovici
882 3953 1221 4011 serenissimi
1252 3951 1620 4024 imperatoris.

909 4065 1107 4121 «LXXX
1119 4066 1225 4121 VII.

628 4175 734 4217 ne
758 4174 1110 4216 PARHENO’SE
1147 4168 1515 4213 ιιυοιιλνιεεεςι.

726 4254 777 4327 (ιι
796 4255 950 4308 Anno
975 4253 1100 4323 8l9,
1124 4250 1279 4307 Junii
1306 4250 1429 4319 QQ.)

275 4345 766 4423 [Apudﬁeggartq
794 4347 975 4402 Codex
1016 4347 1413 4423 Alamannicus,
1446 4361 1510 4423 ρ.
1550 4344 1737 4423 {7,6}
1770 4341 1877 4397 Lu-

423 4420 532 4491 nig.
565 4413 773 4491 Spicilg
801 4427 944 4489 part.
971 4435 1055 4485 lli,
1082 4434 1206 4490 cap,
1229 4419 1281 4485 7,
1311 4418 1375 4471 de
1404 4413 1727 4488 a6batissis.]
1752 4492 1761 4497 _

349 4512 410 4569 In
438 4512 656 4569 nomine
685 4513 900 4569 Domini
948 4513 1045 4569 Dei
1068 4522 1123 4569 et
1168 4512 1468 4568 Salvatoris
1519 4510 1694 4567 nostri
1742 4507 1875 4565 Jesu

1972 3308 2029 3355 et
2052 3308 2111 3355 ut
2136 3300 2423 3355 censuales
2451 3299 2699 3354 homines
2725 3312 2836 3352 sua:
2863 3294 3101 3358 familiae,
3140 3293 3193 3347 in
3230 3286 3569 3363 quibuscun-

1972 3408 2077 3463 que
2116 3392 2254 3449 locis
2277 3392 2389 3448 sint
2427 3390 2760 3455 conSIitutaz,
2788 3403 2978 3460 pacem
3004 3386 3262 3450 habeant,
3291 3378 3346 3439 et
3379 3384 3567 3439 coram

1971 3479 2325 3551 nulloiudice
2370 3486 2629 3553 regantur
2654 3487 2747 3534 aut
2778 3479 2982 3534 bunum
3028 3468 3315 3550 [hannum]
3357 3471 3566 3545 persol-

1971 3584 2124 3643 vant,
2153 3585 2248 3632 aut
2292 3575 2555 3632 saeculare
2601 3573 2876 3647 negotium
2925 3571 3185 3637 habeant,
3229 3568 3338 3633 nisi
3381 3576 3569 3624 coram

1973 3667 2271 3734 abbatissa,
2301 3665 2383 3720 vel
2411 3665 2581 3736 ipsius
2614 3662 2935 3721 monasterii
2973 3661 3257 3725 advocato,
3285 3658 3381 3713 sed
3408 3652 3570 3713 liceat

1973 3760 2269 3831 supradicti
2304 3758 2623 3815 monasterii
2668 3755 2958 3812 abbatissis
3003 3752 3104 3808 sub
3138 3750 3423 3808 dominica:
3464 3748 3566 3803 im-

1974 3851 2256 3905 munitatis
2280 3850 2507 3905 tuitione
2530 3849 2714 3917 quieto
2734 3847 2925 3901 ordine
2949 3860 3047 3914 per
3066 3843 3245 3898 omnia
3266 3838 3563 3912 possidere.

1972 3940 2231 3997 Avocatis
2259 3950 2461 4006 autem,
2491 3940 2634 4010 quod
2661 3939 2937 3994 nescimus
2961 3936 3149 4008 quales
3178 3936 3288 3989 sint
3323 3933 3570 4004 quando-

1976 4050 2083 4107 que
2111 4034 2300 4100 futuri,
2326 4032 2728 4097 constituimus,
2756 4038 2813 4085 et
2854 4037 3040 4085 nostra
3069 4026 3337 4099 imperiali
3376 4035 3565 4081 aucto-

1980 4128 2141 4183 ritate
2169 4124 2498 4196 percipimus
2529 4118 2940 4195 [prtecipimus],
2968 4126 3026 4173 ut
3056 4118 3171 4188 ipse
3195 4118 3488 4173 advocatus
3515 4116 3570 4171 in

1978 4219 2098 4275 loco
2121 4234 2287 4289 supra
2317 4224 2618 4275 memorato
2648 4213 2854 4269 nullum
2879 4209 2971 4281 ius
2999 4211 3200 4266 habeat
3244 4207 3569 4279 placitandi,

1978 4309 2065 4367 vel
2108 4309 2345 4380 aliquam
2382 4296 2731 4379 iudiciariam
2762 4313 3086 4376 potestatem
3115 4300 3403 4359 exercendi
3422 4342 3436 4367 ,
3466 4300 3572 4356 nisi

1980 4402 2121 4458 forte
2150 4403 2218 4457 ab
2244 4400 2520 4456 abbatissa
2551 4407 2777 4455 vocatus
2811 4396 3112 4462 advenerit,
3142 4402 3198 4451 et
3232 4402 3358 4450 tunc
3384 4392 3572 4448 volun-

1982 4497 2101 4563 tati,
2131 4496 2244 4552 sive
2277 4494 2523 4565 petitioni
2552 4493 2722 4564 ipsius
2758 4489 3118 4557 satisfecerit;
3166 4494 3415 4561 sumptus
3441 4499 3572 4540 vero

276 4604 503 4671 Christi,
527 4602 852 4673 Ludovicus,
878 4606 1061 4661 divina
1086 4606 1387 4677 inspirante
1408 4604 1693 4663 clementia
1710 4602 1875 4669 b,im-
1900 4575 1954 4636 Β
1982 4591 2065 4648 νει
2107 4589 2315 4647 δετνὶιῦ
2347 4595 2559 4649 lanium
2588 4587 2765 4677 deW'_
2794 4585 3060 4677 θάνοεῦῑρ
3098 4597 3164 4637 ex
3207 4586 3361 4652 imne
3404 4576 3571 4633 3mm“

275 4705 504 4768 perator
531 4697 825 4769 Augustus.
1650 4768 1655 4773 Α

354 4786 414 4844 Si
436 4787 572 4843 locis
605 4787 714 4845 Deo
743 4788 938 4845 dicatis
966 4788 1241 4859 quippiam
1266 4786 1511 4843 muneris
1541 4784 1875 4842 conferimus

278 4887 337 4935 et
381 4879 679 4950 imperialis
712 4879 1134 4952 magniﬁcentiae
1175 4896 1383 4936 morem
1411 4878 1780 4948 exsequimur,
1810 4894 1875 4934 ac

283 4968 528 5025 divinum
565 4985 661 5040 per
704 4972 808 5027 hoc
848 4972 1007 5027 nobis
1041 4971 1283 5027 favorem
1329 4970 1544 5026 facilius
1575 4968 1873 5025 concilian-

281 5082 647 5151 Gandensem,
673 5085 829 5141 titulo
870 5083 932 5143 S.
958 5084 1181 5141 Joannis
1206 5085 1262 5139 in
1293 5085 1506 5140 titulum
1544 5083 1602 5139 S.
1637 5082 1873 5137 Bavonis

284 5163 527 5227 mutato,
578 5172 676 5227 per
716 5156 958 5227 ejusdem
1003 5156 1276 5227 pontiﬁcis
1322 5157 1621 5227 decretum.
1665 5153 1876 5227 Exinde

283 5225 536 5296 Philippo
560 5223 602 5280 li
629 5223 760 5296 rege
777 5223 1064 5292 catholico,
1094 5227 1276 5283 Caroli
1306 5226 1437 5292 ﬁlio,
1464 5223 1876 5296 rogantc,‘P_an-

274 5294 916 5425 tuasthlzfﬂqiatanits.
936 5298 1173 5353 Bavonis
1198 5298 1482 5352 adesiam
1507 5294 1636 5351 a'nn.
1662 5294 1797 5350 1559
1820 5294 1875 5350 in

489 5385 547 5422 ra
602 5386 652 5423 in
681 5385 834 5425 even
866 5409 880 5424 .
976 5416 1001 5425 _.

287 5366 655 5425 cathedraleiﬁ
681 5366 880 5425 evexit.
976 5416 1001 5425 _.

358 5420 943 5511 adridentia“
972 5420 1122 5511 Baro
1151 5428 1365 5511 Agilulﬁ
1396 5438 1449 5491 in
1483 5436 1757 5511 iiasbania
1784 5451 1875 5491 co-

288 5508 442 5582 mitis
474 5498 639 5581 ﬁlius,
683 5498 927 5582 obiitque
956 5498 1228 5582 Δἶὶειηιιειγῗ
1264 5509 1318 5582 in
1374 5508 1703 5582 monasterio
1737 5524 1769 5563 a
1814 5522 1878 5564 se

288 5530 442 5568 milis
474 5530 639 5581 unus,
683 5530 769 5567 ODl
798 5530 927 5582 tque
975 5530 1217 5569 uanuav't
1264 5530 1318 5564 Ill
1374 5530 1703 5565 lllOﬂilSlCl'lU
1737 5530 1769 5563 ει
1814 5530 1878 5564 SC

288 5580 517 5665 fundato
544 5598 672 5639 anu.
703 5530 917 5665 65M:
948 5580 1266 5665 Sigebertus
1303 5581 1360 5635 in
1388 5581 1657 5637 Chronico
1680 5595 1881 5651 suppu-

291 5661 394 5718 tat,
417 5663 512 5725 aut
533 5669 676 5711 anno
701 5661 946 5725 proxime
968 5661 1241 5725 seqttenti._
1502 5720 1511 5725 _
1540 5710 1553 5725 κ
1632 5723 1639 5725 _
1708 5720 1718 5725 ,

367 5737 394 5764 αι
430 5718 985 5798 Apographumiwc
1040 5718 1415 5798 Luniﬁgianum
1464 5718 1879 5798 VitiOSissitgtijn

294 5808 439 5867 esse
464 5796 624 5852 nemo
660 5796 1024 5867 nonrvidebit.
1070 5797 1326 5852 Dedimus
1354 5796 1535 5867 itaque
1568 5796 1788 5867 Operam
1817 5796 1883 5867 ut

300 5864 478 5933 aliud,
517 5866 852 5938 autographa
880 5867 1053 5941 magis
1090 5863 1535 5933 consentaneum,
1574 5863 1643 5922 ex
1686 5863 1885 5923 tabulis

1980 4685 2146 4749 tissxe,
2176 4681 2245 4737 ad
2270 4693 2714 4750 unumquemque
2754 4675 2931 4732 locum
2975 4675 3269 4731 advocatus
3302 4684 3425 4725 cum
3473 4683 3561 4723 se-

1979 4774 2087 4831 mel
2127 4775 2183 4830 in
2212 4786 2357 4829 anno
2400 4770 2663 4843 placitum
2695 4767 2966 4834 habuerit,
2993 4774 3048 4821 et
3074 4764 3359 4821 duodecim
3403 4776 3572 4831 equos

1980 4868 2289 4934 adduxerit,
2314 4873 2526 4922 tantum
2547 4864 2776 4921 honeste
2798 4869 3142 4934 procuretur.
3160 4858 3378 4919 Nullum
3404 4855 3572 4927 placi-

1981 4972 2097 5018 tum
2122 4968 2320 5033 praeter
2343 4958 2680 5015 voluntatem
2705 4955 2994 5012 abbatissa:
3028 4967 3257 5025 usquam
3278 4949 3573 5007 advocatus
3666 5026 3673 5031 Ι

1981 5069 2484 5147 Buehaugiensibus
2516 5069 2987 5147 nanciscerentur;
3008 5066 3110 5122 sed
3134 5065 3455 5147 incassum.
3489 5120 3574 5147 NI

2056 5146 2085 5185 ιι
2121 5132 2341 5199 insolita
2368 5138 2620 5196 formula.
2661 5132 3011 5196 CommnniOr
3036 5147 3164 5193 ante
3200 5135 3458 5199 Ludovici
3489 5132 3573 5190 Pii

1984 5214 2313 5272 amotionem
2352 5227 2382 5265 a
2425 5214 2591 5282 regno
2620 5229 2634 5266 :
2665 5210 2855 5282 Divina
2886 5208 3162 5282 ordinante
3205 5205 3573 5282 providentia;

1985 5289 2161 5344 rarior
2192 5304 2203 5339 :
2240 5284 2427 5339 Divina
2454 5276 2731 5337 ordinante
2758 5280 3051 5335 clementia.
3080 5276 3214 5335 Post
3238 5294 3438 5334 annum
3467 5276 3573 5332 855

1984 5361 2186 5416 usitata
2213 5376 2224 5410 :
2256 5356 2449 5409 Divina
2475 5355 2844 5425 repropitiante
2872 5352 3163 5407 clementia.

2058 5441 2080 5469 α
2119 5426 2229 5493 AL,
2256 5424 2591 5496 Buchaugiq,
2619 5424 2859 5496 Buchau.

2054 5500 2081 5541 ά
2118 5486 2227 5556 νεῖ
2256 5486 2532 5562 Feder‘see,
2560 5486 2752 5551 Latine
2795 5495 2940 5550 lacus
2965 5494 3280 5567 plumbrius,
3319 5486 3387 5548 ad
3429 5489 3567 5546 dex-

2054 5586 2129 5624 tm
2157 5568 2406 5624 Danubii.
3525 5622 3527 5624 ι

1986 5581 2129 5628 tram
2157 5581 2406 5624 Dallllllll.

2062 5622 2485 5710 temAiJestagia,
2513 5638 2597 5695 vel
2618 5639 2809 5711 Magia,
2840 5638 3054 5707 do‘mus,
3086 5636 3320 5703 mansio,
3354 5622 3572 5697 domici-

2462 5778 2696 5859 Soitlgen
2728 5772 3366 5859 appium,.uomicitium
3403 5775 3575 5845 comi-

1988 5859 2060 5914 tis
2088 5852 2401 5914 menforatfe
2420 5852 2685 5912 centenae.
