4048 6350
509 349 649 409 1095

1637 343 1964 403 LUDOVICI
2000 342 2023 399 I
2062 337 2536 400 COGNOMENTO
2573 339 2660 395 PII

3630 329 3789 391 1096

505 471 730 528 statuat,
776 463 1036 534 quidquid
1065 463 1373 536 placitando
1412 462 1749 534 acquisierit,
1791 463 1909 518 dua:
1948 462 2075 517 inde
2101 459 2156 521 A
2178 461 2537 530 assequenda,
2565 467 2622 513 et
2648 457 2716 512 ad
2749 454 2899 527 regni
2939 451 3290 509 stabilitatem
3323 450 3604 521 pertinere
3639 466 3789 506 oon-

503 565 687 628 partes
740 563 902 611 erunt
957 557 1273 623 abbatissae,
1325 557 1486 612 tertia
1533 556 1825 620 advocato;
1875 553 2081 609 nullum

504 648 694 702 domus
742 645 839 702 Dei
891 648 1253 714 servientem,
1294 647 1410 702 sine
1470 647 1741 701 abbatissa
1781 644 1866 699 vel
1913 643 2082 713 ipsius

505 751 775 791 consensu
828 737 897 792 ad
944 736 1208 807 judicium
1260 744 1453 810 cogat;
1500 737 1706 792 nullum
1756 736 1822 790 de
1881 733 2082 789 familia

505 830 625 884 sine
663 829 813 900 justa
857 831 1127 886 sociorum
1171 847 1392 886 suorum
1443 829 1828 885 deliberatione
1867 829 2085 882 damnet

500 923 588 979 vel
614 931 893 987 coerceat;
928 923 1132 979 nullum
1173 924 1494 979 advocatum
1520 922 1602 978 vel
1635 929 1946 977 exactorem
1979 918 2084 973 sibi

502 1017 825 1082 constituat;
861 1016 995 1071 nihil
1024 1017 1222 1086 privati
1267 1016 1508 1071 muneris
1535 1015 1621 1070 vel
1650 1013 1855 1069 servitii
1885 1028 1914 1066 a
1953 1026 2086 1081 quo-

501 1104 634 1159 libet
672 1105 816 1171 loco,
847 1105 960 1160 sive
1002 1113 1177 1171 curte,
1211 1106 1325 1160 sive
1355 1105 1591 1160 cellariis
1619 1105 1772 1174 quasi
1814 1119 1877 1158 ex
1905 1101 2088 1156 debito

502 1202 559 1249 et
593 1203 794 1250 statuto
837 1195 939 1250 sibi
977 1194 1101 1264 jure
1147 1196 1356 1266 exigat;
1395 1195 1723 1259 mansiones,
1763 1207 1856 1248 seu
1891 1206 2086 1262 perno-

503 1285 769 1339 ctationes
799 1285 1005 1354 uspiam
1039 1284 1386 1355 frequentare
1429 1293 1646 1349 caveat;
1696 1283 1840 1354 quod
1873 1284 1917 1338 si
1945 1282 2086 1336 ultra

504 1380 768 1429 statutum
793 1383 849 1430 et
880 1384 1213 1445 praeceptum
1259 1377 1313 1430 in
1343 1375 1524 1444 aliquo
1553 1375 1674 1429 loco
1702 1374 1935 1428 voluerit
1977 1373 2087 1444 pla-

503 1466 691 1532 citare,
729 1467 843 1537 ipse
883 1467 950 1522 de
997 1468 1156 1522 tertia
1201 1468 1285 1522 sui
1325 1477 1481 1538 parte
1516 1467 1711 1520 ibidem
1742 1465 1843 1519 sibi
1881 1464 2090 1518 contin-

501 1567 661 1627 gente
697 1558 979 1628 provideat
1017 1559 1148 1629 quid
1201 1559 1267 1614 ad
1300 1568 1574 1630 sumptum
1617 1558 1818 1613 habere
1861 1557 2083 1622 debeat,

499 1649 607 1704 nisi
639 1647 777 1703 forte
802 1649 982 1719 aliqua
1009 1649 1075 1704 de
1105 1665 1266 1705 causa
1292 1650 1359 1704 ab
1390 1649 1666 1704 abbatissa
1691 1648 1818 1702 illuc
1840 1656 2084 1712 vocetur,

500 1755 638 1810 aqua
671 1749 797 1796 tunc
826 1741 1101 1806 decenter,
1139 1740 1283 1810 quod
1327 1748 1560 1810 oportet,
1592 1739 1694 1794 sibi
1742 1739 2084 1794 exhibeatur.

2183 551 2419 607 ﬁdimus.
2451 551 2654 605 Idcirco
2687 556 2871 602 notum
2898 545 3015 601 ﬁeri
3041 544 3290 599 volumus
3316 542 3570 598 omnibus
3594 540 3790 596 ﬁdeli-

2182 645 2286 702 bus
2316 644 2537 708 nostris,
2567 640 2924 712 praesentibus
2961 637 3170 693 scilicet
3195 643 3252 690 et
3283 634 3501 700 futuris,
3533 633 3669 702 quia
3698 632 3789 686 vir

2182 735 2508 792 venerabilis
2546 734 2695 789 Podo
2739 731 2798 787 S.
2830 730 3156 786 Placentina:
3199 727 3443 783 ecclesia:
3479 725 3791 796 episcopus

2183 842 2282 899 per
2307 827 2532 881 missum
2569 839 2726 880 suum
2761 823 2978 878 nomine
3002 820 3363 892 Reginoldum
3387 819 3793 889 presbyterum

2186 919 2426 974 ostendit
2476 917 2633 972 nobis
2654 915 2936 986 privilegia
2997 914 3049 968 in
3103 914 3299 984 quibus
3350 909 3794 966 continebantur

2187 1011 2511 1066 donationes
2554 1025 2743 1080 regum
2773 1007 3277 1079 Longobardorum,
3310 1003 3616 1074 Hilprandi,
3651 1002 3793 1056 Bai-

2185 1102 2355 1167 stulﬁ,
2384 1102 2671 1167 Desiderii,
2702 1116 2912 1156 necnon
2941 1108 2997 1155 et
3022 1099 3253 1154 aliorum
3290 1112 3554 1151 nouorum
3592 1094 3792 1150 homi-

2187 1211 2339 1261 num,
2383 1195 2450 1250 de
2489 1210 2720 1266 quorum
2755 1192 3134 1249 donationibus
3179 1190 3449 1261 quoddam
3495 1197 3795 1243 monaste-

2188 1289 2349 1353 rium,
2395 1288 2540 1358 quod
2587 1296 2928 1358 nuncupatur
2953 1287 3255 1348 Gravacus,
3305 1292 3549 1353 tempore
3591 1280 3793 1336 domui

2188 1392 2240 1440 et
2281 1384 2541 1456 genitoris
2578 1383 2752 1438 nostri
2782 1381 2956 1437 Caroli
2983 1381 3085 1450 piae
3113 1377 3500 1434 recordationis
3543 1391 3648 1444 per
3681 1373 3791 1426 ali-

2189 1491 2325 1545 quos
2351 1475 2621 1539 homines,
2653 1475 2792 1528 sicut
2829 1473 2943 1543 ipse
2972 1469 3302 1541 Reginoldus
3342 1468 3543 1522 missus
3579 1462 3794 1534 praedi-

2189 1567 2261 1620 cti
2291 1566 2526 1636 episcopi
2551 1565 2850 1629 asserebat,
2880 1562 3077 1632 injuste
3102 1563 3434 1616 abstractum
3460 1559 3585 1621 fuit,
3612 1569 3792 1627 quam

2189 1672 2306 1713 rem
2359 1657 2622 1727 jussimus
2675 1657 2857 1710 missis
2912 1655 3116 1710 nostris
3161 1652 3425 1707 Adallaho
3475 1647 3792 1704 venerabili

2188 1749 2462 1818 episcopo,
2503 1757 2552 1802 et
2584 1746 2848 1801 Artmano
2892 1746 3097 1810 comiti,
3140 1759 3280 1815 quos
3304 1744 3372 1797 ad
3399 1741 3647 1810 justitias
3704 1737 3792 1792 fa-

497 1831 735 1888 Proinde
762 1833 809 1888 si
840 1833 958 1888 haec
1003 1841 1203 1889 statuta
1244 1833 1532 1904 quisquam
1577 1833 1869 1887 advocatus
1912 1831 2082 1886 obsti-

2197 1841 2409 1895 ciendas
2454 1841 2507 1894 in
2556 1839 2766 1893 Italiam
2813 1839 3082 1902 misimus,
3132 1834 3376 1906 diligenti
3422 1832 3795 1902 inquisitione

498 1934 625 1980 nata
653 1925 878 1980 audacia
916 1926 1223 1997 transgredi
1247 1933 1301 1980 et
1330 1925 1625 1996 infringere
1653 1923 2080 1996 prtesumpserit,

498 2023 717 2069 centum
744 2015 910 2070 libras
945 2015 1063 2069 auri
1108 2015 1322 2086 Optimi,
1359 2014 1706 2069 medietatem
1741 2013 1944 2084 palatio
1989 2029 2087 2067 no-

499 2117 635 2174 stro,
663 2109 1008 2164 medietatem
1037 2123 1167 2163 vero
1198 2108 1529 2162 monasterio
1553 2107 1859 2176 persolvat,
1897 2116 1950 2161 et
1993 2107 2087 2160 ad-

496 2199 708 2252 vocatia
734 2215 857 2252 cum
884 2199 1096 2253 caeteris
1125 2199 1422 2252 commodis
1446 2196 1597 2265 justa
1625 2197 2087 2267 praevaricationis

477 2291 905 2345 examinatione
944 2290 1094 2345 omni
1125 2298 1369 2360 tempore
1394 2299 1618 2349 careat.
1647 2290 1874 2358 Quando
1906 2299 2086 2345 autem

500 2381 720 2436 domina
743 2390 798 2438 et
833 2390 1007 2439 mater
1051 2384 1221 2453 ipsius
1261 2384 1580 2438 monasterii
1606 2384 1672 2438 de
1698 2385 1798 2438 hac
1827 2383 1946 2438 luce
1979 2383 2088 2437 mi-

499 2472 759 2542 graverit,
793 2488 902 2528 non
945 2473 1166 2529 aliunde
1191 2475 1416 2529 veniens
1457 2475 1532 2529 ibi
1575 2475 1848 2530 abbatissa
1883 2474 2087 2529 consli-

497 2569 701 2629 tuatur,
733 2563 828 2620 sed
851 2565 919 2619 ab
948 2565 1080 2636 ipsis
1110 2564 1636 2631 sanctimonialibus,
1665 2565 1859 2621 deinde
1882 2580 1913 2618 a
1943 2565 2088 2620 clero

498 2661 554 2709 et
580 2653 796 2724 populo,
825 2670 990 2726 quam
1031 2656 1280 2712 idoneam
1309 2656 1546 2712 existere
1579 2656 1956 2727 cognoverint,
1987 2655 2086 2710 eli-

499 2753 658 2817 gatur
689 2753 742 2801 et
769 2747 1164 2813 constituatur;
1195 2748 1282 2802 cui
1331 2761 1673 2818 summopere
1715 2745 2089 2801 interdicimus

501 2852 572 2892 ne
600 2838 811 2908 aliquas
845 2854 932 2894 res
959 2840 1171 2909 praefati
1198 2837 1517 2895 monasterii
1553 2840 1806 2908 cuiquam
1835 2839 1890 2892 in
1923 2839 2090 2894 bene-

500 2927 685 2984 ﬁcium
709 2931 994 2997 concedat,
1015 2932 1100 2985 vel
1130 2931 1310 3002 aliquo
1341 2933 1502 2986 modo
1533 2931 1704 2986 abusu
1726 2945 1974 2985 sororum
2004 2928 2090 2984 vel

499 3023 731 3080 fratrum
758 3027 870 3083 Deo
900 3027 974 3083 ibi
1011 3026 1386 3083 famulantium
1416 3026 1656 3082 alienare
1682 3031 1994 3095 prtesumat.
2024 3023 2092 3078 Et

500 3126 560 3174 ut
598 3117 714 3174 haec
758 3127 960 3176 nostra:
1010 3121 1379 3177 concessionis
1426 3119 1722 3175 auctoritas
1767 3124 2089 3188 perpetuum

2189 1934 2536 2004 investigare,
2577 1942 2633 1988 et
2673 1933 2849 1998 nobis,
2888 1932 2933 1985 si
2984 1931 3061 1985 ita
3107 1943 3296 1984 verum
3343 1934 3512 1991 esset,
3571 1939 3790 1979 renun-

2188 2026 2346 2081 tiare.
2386 2026 2538 2080 Hanc
2581 2040 2796 2080 causam
2840 2022 3112 2079 subtiliter
3156 2020 3538 2090 investigatum
3574 2015 3794 2070 detule-

2188 2125 2317 2173 runt
2355 2115 2469 2186 jam
2513 2117 2645 2171 dicti
2693 2115 2844 2170 missi
2891 2114 3064 2168 nostri
3107 2113 3173 2167 ad
3219 2119 3462 2166 nostram
3505 2107 3789 2170 notitiam,

2189 2216 2245 2262 et
2283 2223 2424 2274 eam,
2465 2215 2667 2277 quanta
2709 2212 3005 2276 potuerunt
3049 2203 3368 2266 subtilitate,
3407 2199 3569 2253 nobis
3614 2211 3792 2265 expo-

2189 2310 2431 2357 suerunt.
2469 2301 2643 2368 Quam
2679 2315 2804 2355 cum
2835 2313 2934 2354 nos
2973 2295 3282 2368 diligentius
3319 2290 3655 2347 atlendendo
3699 2304 3794 2342 co—

2191 2407 2598 2463 gnosceremus,
2652 2390 3017 2446 intelleximus
3046 2386 3255 2456 justum
3297 2399 3440 2449 esse,
3481 2390 3542 2436 ut
3585 2380 3794 2450 prmdi-

2137 2550 2141 2554 .
2191 2491 2341 2537 ctum
2386 2481 2775 2536 monasterium
2819 2495 2927 2533 una
2967 2493 3090 2533 cum
3137 2474 3343 2532 cellulis
3381 2483 3438 2528 et
3474 2473 3644 2527 rebus
3682 2469 3794 2524 sibi

2193 2571 2452 2642 subjectis
2482 2573 2547 2627 ad
2577 2581 2786 2644 partem
2812 2571 3139 2626 Placentina:
3165 2568 3509 2639 episcopatus
3537 2562 3796 2618 ecclesia:

2194 2670 2531 2734 redderetur,
2567 2676 2622 2724 et
2651 2669 2770 2723 ideo
2807 2666 3123 2737 praedictum
3147 2660 3539 2718 monasterium
3570 2658 3673 2712 sub
3708 2657 3818 2738 in-_

2192 2762 2442 2832 tegritate
2468 2775 2564 2831 per
2592 2761 2733 2814 hanc
2759 2766 2961 2814 nostrae
3001 2754 3338 2812 auctoritatis
3362 2750 3793 2823 praeceptionem

2193 2865 2496 2908 memorato
2548 2850 2846 2907 venerabili
2906 2849 3186 2919 episcopo,
3255 2852 3415 2913 atque
3459 2840 3797 2896 Placentina:

2193 2943 2438 2998 ecclesiae
2495 2941 2691 2997 rectori
2743 2941 3030 2996 restituere
3067 2947 3124 2992 et
3165 2935 3492 2992 confirmare
3541 2931 3796 2987 decrevi-

2194 3051 2334 3092 mus.
2380 3035 2764 3106 Przecipientes
2793 3047 2922 3104 ergo
2951 3030 3202 3100 jubemus
3237 3038 3300 3082 ut
3339 3026 3516 3082 nullus
3546 3024 3794 3079 ﬁdelium

2194 3135 2507 3182 nostrorum
2553 3125 2811 3195 praedicto
2851 3121 3140 3178 venerabili
3182 3119 3434 3189 episcopo
3467 3115 3707 3178 Podoni,
3739 3124 3796 3167 et

499 3211 743 3266 obtineat
764 3213 1027 3284 vigorem,
1062 3213 1127 3269 de
1154 3212 1358 3269 annulo
1386 3220 1574 3269 nostro
1611 3212 1800 3267 subter
1827 3224 1950 3266 eam
1976 3207 2091 3278 jus-

2197 3219 2528 3275 Placentina:
2565 3217 2832 3282 ecclesiae,
2863 3215 2948 3270 vel
2991 3210 3397 3269 successoribus
3430 3207 3551 3276 ejus
3593 3207 3663 3261 de
3704 3221 3796 3260 su-

445 3331 448 3334 -
500 3302 671 3358 simus
697 3301 942 3374 sigillari.

573 3391 768 3446 Datum
798 3392 1086 3449 undecimo
1113 3394 1384 3450 Kalendas
1414 3393 1664 3465 Augusti,
1693 3391 2094 3459 anno,Christo

502 3482 762 3554 propitio,
786 3493 939 3539 sexto
967 3485 1182 3555 imperii
1212 3485 1414 3540 domini
1444 3485 1700 3540 Ludovici
1728 3482 1959 3553 piissimi
1985 3481 2096 3535 Au-

503 3573 682 3643 gusti,
731 3573 1026 3629 indictione
1057 3573 1124 3628 12
1150 3587 1198 3628 α.
1229 3574 1424 3628 Actum
1469 3573 1791 3644 Angelhaim
1820 3573 1848 3612 ι)
1891 3569 2094 3642 palatio

505 3665 742 3736 publico,
769 3667 822 3722 in
851 3667 945 3722 Dei
974 3667 1193 3722 nomine
1219 3666 1466 3722 feliciter.
1491 3666 1683 3722 Amen.

581 3753 807 3828 Signum
832 3757 1036 3814 domini
1061 3757 1342 3824 Ludovici,
1375 3758 1604 3829 piissimi
1635 3756 1975 3828 imperatoris
1995 3756 2099 3811 Au-

510 3848 654 3920 gusti
684 3861 732 3903 ο.

1137 3942 1449 3999 LXXXVIII

906 4051 1007 4093 PRO
1045 4051 1387 4093 MONASTERIO
1425 4052 1703 4093 GRAVENSI.

1120 4129 1303 4201 (Anno
1343 4129 1493 4200 820.)

584 4217 764 4292 [Apud
793 4219 1027 4294 Ughelli,
1060 4221 1227 4276 Italia
1261 4239 1433 4283 sacra,
1465 4229 1598 4276 tom.
1630 4221 1694 4286 II,
1721 4236 1843 4295 pag.
1872 4222 2025 4296 201.]

579 4313 637 4368 ln
686 4315 905 4370 nomine
933 4315 1144 4370 Domini
1177 4315 1292 4378 Dei,
1340 4321 1396 4368 et
1435 4311 1735 4369 Salvatoris
1774 4317 1942 4370 nostri
1970 4315 2099 4372 Jesu

507 4405 737 4470 Christi,
763 4405 1094 4471 Ludovicus,
1129 4405 1311 4460 divina
1337 4405 1626 4461 ordinante
1653 4406 1960 4476 prudentia,
2000 4408 2100 4461 im-

505 4505 733 4566 perator
756 4495 1051 4567 Augustus.

2196 3313 2443 3384 pradicto
2499 3309 2836 3366 monasterio
2885 3306 3130 3364 Gravaco
3179 3304 3233 3358 in
3283 3317 3420 3374 pago
3471 3300 3796 3355 Placentino

2198 3411 2510 3460 constructo
2533 3401 2763 3457 ulterius
2793 3399 3114 3470 inquietare,
3144 3403 3237 3450 aut
3261 3394 3427 3448 ullam
3455 3392 3794 3448 calumniam

2198 3497 2445 3568 ingerere
2479 3502 2806 3567 prmsumat;
2846 3493 2941 3549 sed
2984 3492 3146 3546 liceat
3180 3489 3230 3545 ei
3273 3504 3336 3544 ac
3377 3485 3795 3544 successoribus

2199 3587 2315 3656 ejus
2367 3593 2722 3644 memoratum
2746 3583 3158 3649 monasterium,
3209 3590 3321 3635 tam
3362 3578 3565 3634 nostris
3625 3591 3792 3646 quam

2201 3694 2577 3735 successorum
2620 3685 2928 3734 nostrorum
2969 3673 3324 3745 temporibus,
3372 3672 3582 3740 absque
3631 3668 3796 3722 ullius

2199 3759 2488 3842 potestatis
2516 3771 2602 3827 vel
2640 3786 2886 3843 personae
2926 3769 3138 3840 injustm
3167 3765 3577 3828 contrarietate,
3607 3762 3793 3832 quieto

2199 3864 2392 3920 ordine
2416 3871 2601 3920 tenere
2624 3879 2690 3918 ac
2713 3861 3006 3918 secundum
3038 3875 3224 3916 sacros
3244 3872 3485 3914 canones
3511 3855 3792 3919 ordinare,

2201 3968 2256 4016 et
2281 3958 2540 4030 quidquid
2564 3959 2758 4014 exinde
2783 3957 3079 4014 secundum
3105 3954 3411 4024 aequitatem
3442 3960 3499 4005 et
3517 3949 3794 4019 justitiam

2203 4051 2386 4108 facere
2427 4049 2732 4115 voluerint,
2774 4048 2999 4103 liberam
3049 4053 3104 4101 et
3145 4044 3513 4100 ﬁrmissimam
3553 4040 3796 4096 habeant

2203 4151 2560 4215 potestatem;
2595 4150 2650 4199 et
2680 4151 2740 4198 ut
2763 4143 2879 4198 haec
2921 4140 3216 4196 auctoritas
3253 4139 3461 4194 ﬁrmior
3500 4136 3792 4200 habeatur,

2203 4244 2260 4291 et
2287 4251 2318 4289 a
2347 4234 2600 4290 ﬁdelibus
2628 4243 2831 4289 sanctae
2855 4233 2948 4288 Dei
2978 4232 3232 4288 Ecclesiae
3258 4245 3323 4285 ac
3354 4227 3560 4284 nostris
3593 4227 3794 4282 melius

2205 4328 2460 4385 credatur
2499 4342 2563 4382 ac
2607 4325 2916 4396 diligentius
2960 4329 3328 4388 conservetur,
3373 4318 3563 4374 annuli
3618 4317 3793 4372 nostri

2201 4420 2563 4490 impressione
2593 4419 2794 4490 signari
2817 4417 3099 4488 jussimus.

2275 4514 2388 4585 Ego
2420 4511 2718 4570 Ganduifus
2761 4511 2830 4567 ad
2862 4511 3035 4567 vicem
3074 4508 3347 4582 Fridugisi
3381 4507 3702 4579 recognovi,
3741 4515 3798 4560 et

582 4584 640 4640 Si
663 4601 751 4641 res
774 4585 840 4640 ad
864 4594 1244 4643 sacrosanctas
1271 4585 1533 4643 ecclesias
1561 4595 1616 4642 et
1644 4594 1842 4642 caztera
1869 4602 2098 4642 venera-
2121 4566 2176 4626 Ῑ)
2203 4566 2520 4676 ευδξξεῇῥέίξ

508 4677 638 4733 bilia
666 4679 754 4749 pia
777 4678 894 4734 loca
923 4681 1276 4749 pertinentes,
1300 4695 1421 4749 quze
1450 4687 1544 4735 aut
1569 4696 1670 4750 per
1690 4681 2099 4752 negligentiam,

512 4774 608 4821 aut
644 4782 744 4838 per
773 4769 1137 4838 quorumlibet
1181 4769 1476 4825 carnaliter
1502 4770 1800 4825 viventium
1831 4770 2101 4839 cupidita-

511 4862 624 4909 tem
649 4856 715 4911 de
744 4856 876 4926 ipsis
905 4857 1191 4914 abstractae
1215 4866 1362 4925 sunt,
1391 4859 1596 4914 eisdem
1629 4860 1834 4914 sanctis
1858 4859 2103 4914 ecclesiis

513 4952 570 5000 et
613 4947 1010 5004 venerabilibus
1051 4964 1116 5004 ac
1160 4949 1266 5020 piis
1311 4949 1446 5005 locis
1495 4949 1915 5016 restituerimus,
1949 4957 2004 5004 et
2033 4951 2103 5005 ad

511 5050 704 5094 earum
756 5040 1182 5096 dominationem
1231 5042 1700 5109 revocaverimus,
1750 5042 1868 5097 hmo
1911 5041 2100 5112 procul

518 5127 682 5185 dubio
726 5135 904 5202 nobis,
960 5143 1017 5191 et
1062 5143 1279 5192 aeterna:
1311 5137 1578 5193 mercedis
1617 5138 1839 5208 praemia
1884 5135 2100 5193 facilius

593 5283 876 5362 _-_indictio
906 5289 973 5343 12
998 5290 1289 5362 respondet
1312 5305 1450 5362 anno
1473 5291 1596 5348 819.

588 5355 827 5444 bErrore
849 5355 1194 5444 amanuensis
1212 5377 1312 5432 pro
1326 5361 1817 5444 Ingelinheirp._fluo
1829 5380 1894 5421 ex
1907 5364 2102 5444 Λωίδ-

518 5430 772 5512 granensi
819 5430 1017 5498 palatio
1063 5430 1364 5502 imperator
1396 5430 1582 5489 iuense
1623 5430 1765 5491 Julio
1795 5430 2094 5502 concessit,

518 5499 824 5580 ibidemque
847 5502 1063 5580 comitia
1089 5504 1296 5580 habuit,
1322 5513 1382 5558 ut
1401 5504 1632 5580 disertis
1660 5508 1845 5562 verbis
1868 5516 2098 5580 testatur

519 5569 862 5646 Egiuhardus
906 5572 959 5625 in
1003 5571 1298 5646 Annalibus
1346 5576 1617 5646 ad‘hunc
1673 5593 1906 5642 annum,
1958 5575 2102 5646 apud

519 5639 588 5694 DI
618 5641 914 5718 B_0_uquet.,_
942 5651 1072 5697 tom.
1103 5643 1188 5718 VI,
1211 5661 1332 5718 pag.
1359 5643 1460 5718 178
1481 5646 1582 5718 _(Et
1607 5663 1790 5718 supra,
1816 5639 1920 5704 col.
1948 5639 2100 5718 567).

593 5721 614 5750 ο
652 5710 779 5768 Haec
806 5714 993 5778 verba,
1019 5728 1139 5785 qua}
1163 5710 1224 5767 in'
1242 5710 1360 5769 aliis
1388 5710 2124 5785 diplomatibus'caucellalfii.

519 5795 718 5838 nomen
765 5781 1052 5855 notasque
1075 5781 1374 5841 Chronicas
1402 5781 1744 5857 praecedunt,
1772 5784 1925 5844 forte
1951 5781 2120 5854 antiit;

2277 4699 2412 4754 Data
2441 4715 2474 4754 v
2499 4698 2614 4753 Kal.
2644 4696 2834 4764 Maias,
2866 4712 3028 4763 anno,
3053 4696 3270 4752 Christo
3292 4692 3552 4765 propitio,
3571 4691 3605 4745 7
3625 4693 3796 4762 impe-

2203 4793 2272 4847 rii
2306 4790 2370 4846 D.
2394 4789 2651 4846 Ludovici
2686 4789 2917 4860 piissimi
2947 4788 3196 4860 Augusti,
3237 4786 3427 4842 indict.
3458 4786 3548 4840 13.
3597 4784 3795 4838 Actum

2203 4882 2527 4952 Aquisgrani
2569 4881 2771 4952 palatio
2815 4881 2965 4952 regio
3013 4879 3068 4934 in
3113 4879 3209 4934 Dei
3262 4877 3482 4934 nomine
3533 4875 3792 4931 feliciter.

2204 4973 2398 5028 Amen.

2204 5292 2479 5418 Erapharii
2511 5292 2665 5363 culpa
2699 5293 2767 5375 ad
2799 5293 2958 5348 ﬁnem
2986 5294 3183 5362 reiecta
3213 5304 3357 5379 sunt.
3380 5296 3584 5379 “Refert
3612 5305 3795 5377 tamen

2251 5373 2515 5418 ouuuetus
2541 5365 2643 5418 loc.
2673 5373 2790 5418 οη..
2821 5379 2943 5418 ωε.
2974 5365 3100 5418 518.
3127 5381 3198 5418 ex
3228 5366 3393 5418 Mirm:
3418 5367 3554 5418 Cod.
3594 5369 3792 5418 Donat-

2251 5373 2515 5436 ouquetus
2541 5365 2660 5436 loc.
2671 5365 2805 5436 cit,
2821 5379 2943 5435 pag.
2974 5365 3100 5430 518,
3127 5381 3198 5421 ex
3228 5366 3393 5423 Mirati
3418 5367 3554 5424 Cod.
3594 5369 3792 5425 Denat.

2205 5434 2448 5512 giarium.
2467 5451 2602 5512 pag;
2649 5435 2739 5512 55_,
2784 5434 3143 5512 fragmentum
3170 5437 3424 5512 _alterius_
3457 5440 3792 5512 diplomatis,

2207 5504 2516 5573 Eginhardo
2559 5504 3202 5562 Gandensismonasterii
3248 5509 3428 5563 abbati
3458 5525 3490 5563 a
3514 5504 3796 5565 Ludovico

2208 5575 2305 5649 Pio
2331 5575 2596 5640 concessi,
2629 5575 2719 5649 ubi
2748 5577 3072 5649 subscriptio
3095 5577 3438 5649 imperatoris
3471 5581 3700 5634 tandem
3729 5581 3795 5634 ad

2208 5646 2418 5724 calcem
2451 5661 2665 5717 quoque
2692 5647 2908 5719 legitur.
2939 5646 3072 5705 Vide
3108 5646 3346 5720 diploma
3371 5652 3628 5720 proxime
3656 5664 3796 5724 pra-

2189 5716 2410 5774 'oedens
