4048 6350
550 434 574 487 1
585 430 689 489 099

1696 411 2021 475 LUDOVICI
2058 409 2081 469 Ι
2118 404 2586 469 COGNOMENTO
2620 402 2707 462 PII

3680 386 3818 447 1100

544 543 769 611 Christi,
799 537 1110 597 Ludovicus
1128 537 1315 595 divina
1338 534 1628 593 ordinante
1653 532 1996 604 providentia
2025 530 2126 587 im-
2150 527 2206 591 Α
2228 524 2429 581 mobile
2451 530 2507 578 et
2535 513 2829 611 immobile,
2872 518 3048 611 totum
3083 514 3139 567 et
3163 508 3229 565 ad
3251 507 3522 579 integrum
3545 506 3821 611 per-hanc

546 645 766 711 perator
792 632 1089 705 Augustus.

618 730 678 787 Si
736 724 1081 784 liberalitatis
1132 728 1335 777 nostrae
1380 732 1609 774 munere
1655 717 1722 773 de
1771 713 2050 772 beneﬁciis
2097 728 2132 769 ιι

549 824 663 880 Deo
711 818 869 875 nobis
904 808 1116 873 collatis
1158 812 1296 867 locis
1323 810 1433 866 Deo
1466 794 1661 864 dicatis
1708 806 1967 888 quiddam
1999 819 2133 860 con-

551 912 778 969 ferimus
802 949 818 974 ,
852 906 908 962 id
956 903 1115 961 nobis
1166 909 1221 958 et
1247 901 1316 955 ad
1350 898 1640 956 mortalem
1678 898 1843 953 vitam
1901 894 2132 950 feliciter

551 998 960 1073 transigendam
993 1038 1008 1063 ,
1044 1004 1099 1051 et
1141 994 1210 1049 ad
1251 992 1538 1050 aeternam.
1554 988 1945 1064 perpetualiter
1985 986 2132 1042 obti-

549 1088 806 1151 nendam,
836 1083 1176 1155 profuturum
1228 1078 1434 1149 liquido
1465 1078 1757 1134 credimus.
1786 1075 1997 1131 Idcirco
2038 1087 2135 1127 no-

550 1175 693 1236 verit
715 1177 955 1232 omnium
987 1172 1225 1228 ﬁdelium
1259 1178 1596 1235 nostrorum,
1645 1177 1757 1224 tam
1783 1164 2136 1240 prtesentium

552 1272 718 1342 quam
738 1274 793 1322 et
818 1266 1142 1330 futurorum,
1186 1260 1428 1327 solertia,
1457 1260 1585 1330 quia
1632 1274 1731 1313 nos
1759 1248 1942 1313 divina
1993 1252 2136 1324 aspi-

557 1362 768 1417 ratione
790 1356 941 1421 tacti,
984 1364 1038 1411 et
1064 1353 1304 1411 caelestis
1334 1352 1529 1423 patriae
1557 1354 1743 1406 amore
1770 1347 2041 1411 succensi,
2066 1344 2134 1400 li-

552 1456 672 1513 buit
705 1450 858 1508 nobis
909 1449 979 1506 ob
1027 1448 1221 1503 animae
1270 1454 1472 1502 nostra:
1501 1445 1733 1501 salutem
1785 1440 1854 1497 ad
1883 1454 1910 1483 δ
1946 1439 2139 1497 cellam

552 1547 613 1604 S.
644 1545 811 1613 Goar,
840 1543 932 1600 ubi
968 1543 1082 1613 ipse
1112 1549 1333 1596 sanctus
1373 1555 1602 1611 corpore
1650 1535 1964 1608 requiescit,
2017 1550 2139 1605 qua:

553 1647 638 1695 est
668 1654 737 1694 ex
759 1637 970 1692 ratione
999 1632 1317 1689 monasterii
1348 1630 1406 1687 S.
1440 1630 1744 1687 Salvatoris
1783 1624 2138 1682 Prumiacen-

553 1733 667 1798 sis,
717 1731 863 1803 quod
915 1726 1188 1800 quondam
1244 1724 1493 1782 dominus
1538 1722 1800 1794 Pippinus
1854 1736 1950 1775 rex
2009 1734 2141 1776 avus

551 1829 740 1878 noster
763 1828 820 1877 et
845 1819 1009 1875 Berta
1039 1819 1228 1890 regina
1253 1833 1351 1871 ava
1383 1824 1571 1871 nostra
1599 1815 1655 1869 in
1702 1814 1864 1869 rebus
1884 1812 2142 1884 proprie-

2233 614 2436 672 nostrae
2484 607 2826 670 auctoritatis
2858 604 3204 662 donationem
3225 611 3542 656 memorata:
3571 599 3728 655 cella:
3760 599 3819 656 S.

2232 708 2426 765 Goaris
2454 713 2511 761 ct
2563 700 2825 775 praedicto
2856 696 3188 752 monasterio
3229 692 3290 748 S.
3332 690 3642 775 Salvatoris
3684 689 3821 744 Prn-

2233 796 2525 856 miacensis
2549 770 2618 850 ad
2642 791 2910 863 stipendia
2936 789 3167 843 fratrum
3198 785 3399 841 ibidem
3427 770 3543 840 Deo
3576 781 3821 837 militan-

2236 894 2374 950 tium
2408 933 2424 959 ,
2462 890 2550 946 vel
2591 895 2817 944 cunctas
2863 881 3104 953 ejusdem
3156 877 3483 936 monasterii
3526 876 3830 932 necessita-

2234 994 2318 1042 tes
2364 982 2725 1043 consulendas
2752 1019 2770 1046 ,
2807 979 2876 1034 ob
2918 976 3341 1033 emolumentum
3384 972 3585 1025 animm
3628 979 3831 1025 nostra

2233 1076 2620 1151 perpetualiter
2662 1070 3030 1129 concessimus
3057 1108 3073 1135 ,
3114 1076 3280 1136 atque
3321 1072 3590 1135 perpetuo
3631 1060 3833 1151 adha—

2234 1150 2471 1223 bendum
2521 1164 2834 1235 delegamus
2867 1159 2982 1227 ;ita
3010 1157 3297 1222 videlicet,
3355 1162 3416 1209 ut
3456 1150 3729 1222 quidquid
3770 1150 3837 1204 de

2235 1261 2339 1316 hoc
2382 1266 2624 1316 rectores
2658 1265 2716 1312 et
2770 1252 3009 1310 ministri
3038 1265 3204 1322 supra
3258 1247 3554 1304 memorati
3610 1259 3835 1300 monas-

2238 1351 2363 1407 terii
2388 1350 2676 1421 disponere
2704 1354 2865 1417 atque
2904 1344 3185 1409 ordinare,
3214 1340 3299 1396 vel
3328 1340 3494 1396 etiam
3522 1336 3717 1392 facere
3738 1350 3838 1389 vo-

2237 1443 2463 1509 luerint,
2508 1442 2681 1497 libero
2709 1440 2766 1494 in
2795 1437 3049 1493 omnibus
3081 1432 3431 1507 perfruantur
3480 1427 3721 1483 arbitrio
3758 1425 3839 1485 fa-

2239 1534 2437 1592 ciendi.
2468 1532 2538 1587 Et
2571 1540 2633 1586 ut
2652 1532 2769 1586 haec
2809 1527 3106 1584 auctoritas
3147 1522 3447 1595 largitionis
3489 1529 3708 1575 nostra:
3736 1518 3834 1572 tir-

2240 1628 2383 1683 mior
2410 1625 2700 1689 habeatur,
2723 1631 2777 1678 ct
2800 1636 2898 1694 per
2917 1617 3101 1674 futura
3130 1628 3373 1688 tempora
3390 1614 3592 1670 melius
3608 1628 3843 1668 conser-

2239 1727 2423 1785 vetur,
2451 1734 2616 1774 manu
2645 1715 2867 1788 propria
2918 1714 3105 1769 subter
3144 1709 3481 1765 ﬁrmavimus
3507 1748 3521 1773 ,
3555 1716 3617 1763 et
3641 1703 3839 1761 annuli

2244 1815 2418 1873 nostri
2450 1812 2811 1884 impressione
2840 1807 3042 1880 signari
3056 1804 3342 1875 iussimus.

553 1913 682 1969 tatis
740 1927 929 1968 eorum
989 1927 1057 1967 ex
1114 1888 1467 1966 fundamento
1519 1914 1989 1972 construxerunt,
2043 1904 2138 1959 ubi
2167 1888 2218 1953 Β
2320 1908 2553 1981 Signum
2584 1903 2844 1962 Ludovici
2861 1899 3197 1958 serenissimi
3224 1895 3596 1968 imperatoris.

551 2004 717 2071 etiam
757 2001 1016 2073 praesenti
1047 2008 1292 2070 tempore
1349 1998 1667 2054 Tancradus
1704 1998 1843 2052 abba
1899 2009 2139 2066 praeesse

554 2095 787 2159 videtur,
812 2092 1101 2163 quamdam
1129 2099 1340 2162 partem
1379 2091 1548 2157 silvae,
1573 2106 1693 2161 qua:
1716 2074 1809 2144 est
1841 2084 1987 2143 intra
2012 2086 2140 2142 We-

553 2187 741 2243 saliam
763 2192 819 2239 et
836 2183 1181 2239 Bidobricum
1219 2181 1625 2255 [Boppardiam]
1647 2222 1663 2247 ,
1694 2180 1856 2236 ﬁscos
1899 2187 2135 2246 nostros,

555 2280 639 2335 vel
662 2294 783 2348 quae
804 2277 944 2332 infra
967 2286 1113 2343 sunt,
1142 2277 1503 2348 prmsentibus
1527 2278 1764 2342 tradere,
1790 2268 1923 2331 etde
1952 2283 2141 2331 nostro

554 2369 673 2438 iure
702 2370 757 2425 in
797 2369 888 2439 jus
934 2377 988 2426 et
1037 2370 1463 2425 dominationem
1492 2369 1734 2440 praefatae
1789 2369 1938 2425 cella:
1976 2377 2143 2440 atque

556 2464 872 2520 monasterii
901 2463 1170 2521 conferre.
1214 2461 1363 2520 Silva
1391 2481 1521 2520 vero
1556 2465 1671 2536 ipsa
1700 2466 1798 2520 has
1846 2466 2012 2521 habet
2034 2473 2142 2521 ter-

555 2555 903 2611 minationes.
945 2555 1139 2626 Incipit
1177 2556 1324 2611 enim
1362 2555 1604 2612 Antilioli
1650 2556 1833 2623 rivuli,
1885 2557 1978 2611 ubi
2029 2556 2144 2628 ipse

554 2647 781 2705 conﬂuit
808 2648 862 2702 in
910 2647 1182 2713 Rhenum,
1228 2664 1398 2719 usque
1427 2649 1480 2702 in
1522 2664 1647 2703 eum
1676 2649 1854 2703 locum
1887 2648 1978 2703 ubi
2031 2647 2145 2717 ipse

555 2740 745 2811 surgit,
776 2738 900 2793 inde
921 2740 1113 2795 subtus
1158 2737 1464 2805 Hoavelisa,
1496 2740 1689 2795 deinde
1739 2740 1886 2794 venit.
1908 2740 1965 2799 in
1991 2734 2145 2792 Win-

557 2830 693 2885 bach
735 2844 907 2897 usque
929 2830 985 2884 in
1012 2828 1226 2895 Horon;
1273 2847 1340 2885 ex
1370 2832 1495 2885 inde
1524 2831 1578 2885 in
1608 2830 1942 2887 Moldeshart
1971 2846 2144 2902 usque

556 2917 610 2973 in
632 2917 852 2973 Boucha
884 2916 1057 2972 rivulo
1089 2957 1104 2981 ,
1135 2930 1189 2972 et
1232 2935 1331 2988 per
1360 2921 1537 2989 ipsum
1579 2936 1797 2976 sursum
1844 2938 2013 2992 usque
2052 2920 2142 2977 ubi

557 3026 671 3081 Ipse
703 3009 887 3066 sursit.
930 3008 1061 3066 Inde
1087 3009 1236 3064 venit
1284 3010 1341 3065 in
1370 3010 1603 3066 rivulum
1630 3011 1723 3082 qui
1748 3022 1976 3068 vocatur
2018 3013 2146 3070 We-

555 3101 813 3168 sterbeia,
860 3108 916 3156 et
942 3115 1042 3172 per
1078 3101 1256 3173 ipsum
1286 3102 1542 3157 deorsum
1583 3119 1755 3174 usque
1806 3105 1876 3160 ad
1918 3113 2147 3161 stratam

555 3208 674 3265 qua:
706 3194 884 3266 pergit
918 3193 1332 3264 'adTrigorium
1360 3192 1416 3263 ἲν,
1465 3196 1531 3252 de
1558 3197 1683 3252 inde
1718 3198 1867 3253 vadit
1893 3197 2038 3254 ultra
2066 3200 2145 3269 ip-

2310 2000 2600 2059 Durandus
2623 1999 2882 2055 diaconus
2905 1993 2972 2049 ad
2991 1993 3165 2048 vicem
3192 1988 3463 2059 Fridugisi
3495 1984 3843 2057 recognovit.

2310 2096 2450 2150 Data
2481 2109 2543 2148 ιιι
2570 2090 2689 2147 Kal.
2737 2086 3044 2153 Februarii,
3076 2099 3242 2144 anno.
3269 2080 3489 2137 Christo
3512 2077 3784 2150 propitio,
3816 2076 3849 2130 6

2240 2188 2454 2262 imperii
2470 2183 2728 2241 Ludovici
2743 2181 2993 2253 Augusti,
3014 2176 3305 2233 indictione
3322 2173 3407 2229 15.
3427 2172 3633 2229 Actum
3649 2170 3850 2241 Aquis-

2239 2282 2397 2354 grani
2429 2278 2633 2352 palatio
2674 2276 2855 2348 regio,
2888 2274 2946 2329 in
2985 2272 3081 2331 Dei
3110 2270 3328 2327 nomine
3360 2267 3632 2333 feliciter,
3656 2280 3848 2321 amen.

2962 2364 3119 2420 XCII.

2681 2478 2784 2519 PRO
2802 2474 3056 2518 ECCLESIA
3077 2468 3393 2513 ιιλιιιειειεει.

2853 2551 3029 2624 (Anno
3072 2534 3231 2619 320.)
3282 2610 3307 2631 γε

2247 2650 2425 2726 [Apud
2466 2648 2765 2711 Baluzium,
2808 2641 3067 2716 ϐαρεῖαι,
3094 2648 3226 2695 ιοιιι.
3280 2636 3345 2702 ll,
3391 2650 3519 2708 pag.
3566 2634 3740 2701 me,
3788 2648 3856 2689 ex

2426 2757 2595 2814 parvo
2630 2737 2964 2796 chartulario
2992 2733 3238 2790 ecclesia:
3272 2727 3660 2800 Parisiensis.)

2317 2837 2377 2892 in
2399 2835 2619 2891 nomine
2646 2830 2861 2887 Domini
2905 2828 3002 2884 Dei
3027 2836 3083 2882 et
3135 2821 3441 2880 Salvatoris
3485 2819 3670 2876 nostri
3726 2815 3857 2873 Iesu

2248 2930 2473 2996 Christi,
2510 2927 2840 2986 Ludovicus.
2897 2922 3082 2978 divina
3147 2917 3437 2974 ordinante
3479 2912 3856 2986 providentia,

2249 3026 2548 3096 imperator
2572 3020 2873 3092 Augustus.

2318 3116 2515 3173 Notum
2540 3114 2613 3170 sit
2644 3112 2900 3169 omnibus
2939 3107 3190 3165 ﬁdelibus
3219 3113 3423 3163 sancta
3450 3102 3552 3160 Dei
3599 3100 3858 3157 Ecclesia

2251 3219 2308 3267 et
2331 3207 2555 3270 nostris,
2585 3204 2949 3278 praesentibus
2989 3200 3201 3257 scilicet
3243 3207 3298 3255 et
3328 3195 3555 3262 futuris,
3587 3209 3722 3264 quia
3776 3192 3861 3245 vir

555 3262 675 3341 sum
700 3262 967 3353 rivulum,
989 3294 1044 3341 et
1065 3262 1213 3342 venit
1234 3288 1288 3342 in
1322 3262 1651 3344 Heiswillari
1702 3306 1873 3360 usque
1911 3292 1978 3347 ad
2008 3262 2146 3347 stra-
2173 3262 2220 3328 Ο
2251 3262 2606 3377 clandestini;
2626 3298 2922 3354 Ynchadus
2952 3288 3246 3351 Parisiacae
3291 3288 3555 3346 Εοειθείεε
3568 3262 3861 3359 εβῖεεονθδ

559 3383 673 3429 tam
694 3380 824 3443 ’qure
852 3378 1031 3446 pergit
1053 3378 1120 3433 ad
1147 3376 1568 3447 Confluentium,
1598 3396 1664 3435 ex
1699 3381 1823 3437 inde
1854 3381 1908 3437 in
1937 3381 2145 3438 Basan-

558 3466 852 3530 brumlum,
880 3474 934 3519 et
966 3480 1065 3535 per
1086 3467 1263 3535 ipsum
1292 3469 1541 3527 deorsum
1570 3485 1739 3540 usque
1767 3472 1822 3526 in
1857 3471 2150 3529 Granderi-

556 3570 706 3625 vum,
739 3566 795 3615 et
839 3573 938 3630 per
969 3556 1369 3615 Granderivum
1400 3577 1574 3633 usque
1605 3562 1660 3616 in
1685 3560 1955 3618 Rhenum.
2000 3564 2148 3620 Infra

558 3653 659 3709 has
703 3653 1116 3708 terminationes
1160 3661 1638 3726 quantumcunque
1676 3654 1877 3712 ibidem
1902 3659 2148 3715 contine-

560 3751 671 3812 tur,
720 3759 842 3800 cum
869 3745 1053 3800 villula
1094 3761 1213 3816 quae
1242 3755 1468 3802 vocatur
1501 3747 1894 3816 Biberesheim,
1934 3751 1991 3805 in
2040 3766 2148 3821 qua

561 3842 689 3890 sunt
701 3850 890 3890 mansa
906 3836 1011 3892 duo
1033 3844 1392 3892 et‘maneutes
1421 3836 1728 3895 duodecim.
1766 3839 1995 3895 Nomina
2018 3855 2150 3897 vero

564 3926 960 3997 mancipiorum
987 3928 1103 3984 hzec
1131 3936 1258 3984 sunt
1282 3947 1294 3983 :
1330 3926 1683 3987 Ruodlandus
1711 3946 1839 3988 cum
1858 3947 2031 3988 uxore
2053 3949 2151 3988 sua

569 4011 826 4081 Helidim,
852 4027 908 4069 et
929 4036 1050 4075 cum
1098 4020 1398 4078 infantibus
1427 4037 1616 4079 eorum
1637 4065 1653 4092 ,
1701 4033 1806 4080 etc.
1840 4024 1997 4081 Hanc
2023 4006 2154 4082 vero

569 4108 763 4164 silvam
813 4109 1111 4164 secundum
1142 4109 1535 4167 dimensionem
1577 4124 1631 4168 et
1684 4116 2148 4173 collaterationem
2190 4122 2195 4124 '

574 4197 824 4269 superius
863 4202 1255 4272 prtescriptam,
1298 4218 1424 4258 cum
1468 4206 1632 4261 terris
1662 4216 1774 4262 tam
1800 4209 1963 4266 cultis
1992 4226 2154 4281 quam

568 4290 1001 4362 incultis,pratis
1026 4301 1185 4364 atque
1208 4295 1445 4364 pascuis,
1464 4299 1701 4356 exitibus
1717 4308 1771 4357 et
1792 4302 2155 4375 regressibus,

644 4486 672 4517 ι
701 4472 987 4548 aquariis.
1018 4474 1180 4548 (ἦσαν,
1207 4485 1312 4533 etc.
1338 4477 1453 4548 Qua
1483 4483 1697 4538 ratione
1757 4486 1974 4542 abbatia
2022 4487 2157 4542 Pru-

2256 3396 2452 3453 detulit
2486 3391 2772 3450 serenitati
2806 3396 3010 3445 nostra:
3037 3385 3301 3458 quasdam
3328 3382 3698 3437 auctoritates
3726 3389 3860 3445 quas

2254 3486 2497 3543 Domnus
2524 3498 2656 3539 avus
2680 3489 2868 3537 noster
2896 3478 3155 3543 Pippinus
3183 3478 3240 3524 et
3272 3466 3499 3539 genitor
3529 3466 3697 3521 bonae
3742 3480 3855 3519 me-

2254 3575 2445 3633 moriae
2484 3563 2716 3627 Carolus
2777 3565 3060 3638 piissimus
3112 3562 3411 3631 imperator
3454 3558 3525 3613 ad
3568 3558 3861 3629 petitiones

2249 3665 2713 3740 praedecessorum
2738 3672 2964 3715 suorum
3018 3654 3189 3725 ipsius
3216 3650 3457 3707 civitatis
3517 3648 3646 3705 ﬁeri
3686 3650 3863 3721 insse

2249 3764 2410 3824 runt;
2440 3756 2496 3809 in
2520 3754 2720 3825 quibus
2762 3746 3149 3805 continebatur
3180 3744 3449 3799 insertum
3478 3742 3726 3813 qualiter
3768 3755 3863 3812 pro

2251 3847 2527 3907 mercedis
2563 3855 2780 3902 teternze
2802 3850 3097 3919 augmento
3122 3850 3181 3898 et
3224 3838 3508 3895 ﬁrmitatis
3541 3840 3733 3895 studio
3776 3840 3862 3893 ei-

2262 3942 2384 3998 dem
2404 3940 2517 4012 jam
2552 3938 2844 3993 nominata:
2891 3936 3184 3992 Parisiacae
3235 3932 3483 3989 ecclesiae
3526 3947 3630 4003 per
3680 3944 3867 3987 eorum

2263 4032 2619 4090 auctoritates
2642 4030 3001 4087 ﬁrmaverunt
3034 4036 3098 4083 ut
3124 4043 3214 4083 res
3245 4024 3519 4094 mancipia
3553 4038 3627 4078 ac
3658 4022 3869 4079 telanea

2264 4139 2387 4194 qua:
2407 4138 2476 4178 ex
2500 4120 2829 4176 liberalitate
2849 4133 3040 4188 regum
3052 4117 3139 4173 vel
3153 4116 3546 4187 imperatorum
3558 4112 3768 4183 velper
3794 4111 3870 4166 in-

2265 4222 2570 4270 strumenta
2592 4212 2907 4270 chartarum
2933 4210 3111 4265 eidem
3135 4203 3378 4280 praefatae
3403 4206 3630 4261 tradita:
3656 4203 3875 4259 fuerunt

2264 4305 2529 4372 ecclesiae,
2556 4304 2813 4374 deinceps
2837 4302 3084 4359 securius
3110 4298 3392 4371 possidere
3407 4294 3876 4370 potuissean

2269 4488 2450 4546 clesiae
2477 4502 2588 4543 suae
2627 4486 2925 4557 pertinere.
2959 4484 3139 4557 Causa
3167 4484 3697 4557 missisrdominicis
3734 4500 3880 4540 con-

572 4544 1018 4627 micnsiscellarn
1139 4547 1339 4627 _Goari_s
1361 4544 1397 4606 ξι
1429 4568 1558 4624 rege
1580 4553 1807 4627 Pippino
1842 4558 1898 4612 in
1932 4574 2167 4613 conven-
2192 4561 2249 4624 D
2275 4544 2464 4627 missa,
2509 4544 2815 4627 judicatum
2851 4563 2957 4620 est,
3003 4556 3205 4627 cellam
3246 4556 3384 4626 regii
3429 4554 3576 4623 juris
3602 4570 3771 4627 esse;
3819 4568 3879 4609 ac

573 4630 630 4701 tu
657 4617 1012 4701 attiuiaceusi
1040 4620 1356 4701 obtinuerit,
1388 4617 1573 4701 narrat
1605 4617 2024 4701 Wan-delbertus
2052 4629 2169 4697 ejus

572 4691 1005 4768 loci_mona_chns
1031 4699 1087 4746 et
1126 4692 1393 4768 diaconus
1422 4694 1477 4748 in
1512 4696 1695 4768 libello
1726 4698 1792 4768 de
1829 4698 1992 4768 hujus
2015 4691 2169 4756 sanc-

572 4760 930 4843 ti_)liraculis.
958 4760 1165 4843 liempe
1190 4765 1416 4843 contigit
1440 4774 1499 4818 ut
1526 4766 1785 4843 Bertrada
1808 4760 2171 4843 reg-inaLlA’ip-

576 4832 884 4904 piniuxor,
917 4832 1277 4889 ePrumiensi
1327 4838 1661 4891 monasterio
1701 4839 1768 4892 ad
1817 4832 1953 4895 ﬁnes
2000 4832 2168 4895 Wor-

578 4903 924 4974 inatieusium
950 4903 1053 4958 iter
1092 4920 1279 4974 agens.
1303 4906 1372 4959 ad
1394 4906 1585 4961 cellam
1620 4906 1677 4962 S.
1710 4908 1903 4965 Cearis
1932 4911 2174 4966 declina-

576 4982 683 5039 ret,
711 4973 801 5028 ubi
828 4975 1195 5098 tunc-quidem
1221 4975 1485 5047 Erpiugus
1534 4980 1762 5034 rectoris
1786 4983 2005 5036 nomine
2030 4999 2171 5052 pne-

580 5052 734 5098 erat:
763 5060 865 5098 nec
888 5061 977 5098 αιιι
1019 5061 1182 5098 uuam
1210 5062 1393 5098 rerum
1418 5051 1850 5098 necessariarum
1881 5052 1993 5098 illic
2026 5055 2171 5098 ἰηνρ-

580 5052 734 5125 erat;
763 5060 865 5125 nec
888 5051 1182 5125 quidqnam
1210 5062 1393 5125 rerum
1418 5051 1851 5125 necessariarum
1881 5052 1993 5108 illic
2026 5051 2175 5108 inve-

580 5115 885 5196 niret..Rex
909 5115 1246 5196 intelligens,
1278 5117 1426 5196 i_n_eo
1454 5118 1575 5196 loco
1606 5120 2007 5196 humanitatem
2042 5124 2173 5196 hos-

579 5184 869 5308 Eitalitatis
892 5186 1209 5252 desiderari,
1258 5188 1351 5243 ubi
1395 5191 1668 5257 quondam
1714 5192 1817 5245 sub
1849 5195 2008 5247 beato
2055 5195 2177 5249 viro

624 5268 702 5308 (ec
726 5255 915 5308 eadem
943 5257 1117 5308 virtus
1142 5274 1305 5308 uuam
1348 5260 1585 5308 maxime
1613 5261 1895 5308 viguisset-
1930 5264 1983 5308 in
2013 5279 2177 5308 anno,

624 5268 702 5335 (nc
726 5255 915 5310 eadem
943 5257 1305 5335 virtusquam
1324 5255 1586 5335 _m_a_xime_
1613 5261 1898 5331 viguisset,
1930 5264 1985 5318 in
2013 5279 2177 5335 gene-

586 5322 687 5404 rali
716 5334 985 5408 conventu
1028 5322 1295 5408 Attiniaci
1324 5329 1531 5396 habito,
1560 5322 2179 5408 AssueroabbatiUPru—

586 5398 805 5477 miensi,
838 5398 1194 5477 quipraesens
1231 5398 1440 5464 aderat,
1479 5401 1725 5456 eamdem
1750 5405 1943 5459 cellam
1986 5420 2179 5477 regen-

590 5467 716 5549 dam
741 5467 1326 5549 commisithhortatus
1356 5478 1414 5523 ut
1467 5486 1587 5526 eam
1624 5488 1863 5549 congrue
1902 5467 2182 5549 ordinaret

593 5545 759 5619 atque
808 5538 1161 5619 hospitalitati
1191 5550 1589 5619 competentem
1640 5538 1900 5619 efﬁceret.
1942 5546 2013 5600 At
2044 5547 2182 5619 cella

592 5626 707 5691 non
740 5612 841 5691 ipsi
873 5612 1283 5691 monasterio_et
1312 5613 1594 5691 monachis
1620 5621 1735 5667 tum
1767 5615 2026 5691 subjecta
2058 5616 2179 5691 fuit,

593 5680 689 5752 sed
730 5680 914 5735 abbati
964 5687 1173 5734 tantum
1202 5683 1452 5738 beneﬁcii
1491 5683 1615 5752 jure
1657 5680 1939 5743 concessa.
1987 5680 2185 5743 Carolo

596 5750 790 5833 Magn?
816 5758 1081 5833 regnante
1128 5760 1253 5833 orta
1292 5760 1379 5806 est
1426 5750 1809 5833 weomadum_
1833 5758 2185 5833 Trevirorum

597 5820 910 5941 pontiﬁcem
934 5820 1080 5876 inter
1092 5827 1147 5875 et
1179 5821 1476 5906 Assuerurn
1502 5826 1752 5906 abbatem
1777 5829 1845 5883 de
1866 5829 2053 5883 eadem
2082 5829 2187 5884 cel-

623 5905 651 5941 a
674 5899 965 5941 contentio.
992 5897 1272 5941 asserente
1312 5892 1715 5941 archtemsennn
1752 5912 1871 5941 nam
1901 5900 1967 5941 ad
1988 5897 2073 5941 ine
2097 5912 2187 5941 ρη-

623 5905 651 5942 a

674 5891 965 5955 contentio,
992 5897 1272 5946 asserente
1312 5892 1715 5964 archiepiscopo
1752 5912 1871 5953 eam
1900 5900 1967 5954 ad
1983 5897 2073 5967 jus
2097 5912 2188 5956 ec-
2241 5943 2245 5947 .

2316 4625 2767 4687 roinde‘Assuero
2791 4627 2974 4681 abbati
2994 4625 3151 4696 jussu
3178 4625 3329 4696 regis
3353 4627 3601 4695 legitime
3624 4625 3883 4696 traditam

2298 4706 2462 4758 uisse.
2493 4701 2735 4754 Instante
2780 4694 3137 4753 nihilominus
3176 4694 3621 4765 archiepiscopo,
3652 4694 3884 4751 Carolus

2275 4772 2500 4844 Magnus
2523 4778 2797 4844 conventu
2837 4768 3075 4838 generali
3103 4766 3436 4844 ad_Lippiam
3470 4765 3741 4844 Saxonia:
3771 4768 3883 4844 foe-

2277 4837 2390 4898 teni
2408 4842 2618 4907 habito,
2651 4841 2751 4895 sub
2782 4837 3127 4895 saeramento
3162 4837 3434 4904 Ratberti,
3475 4848 3611 4892 tunc
3633 4837 3882 4908 ejusdem

2275 4912 2594 4969 monasterii
2622 4910 2895 4974 advocati,
2927 4926 2992 4965 ac
3029 4909 3314 4966 duodecim
3348 4908 3599 4973 testium,
3638 4924 3885 4978 pronun-

2276 4985 2458 5047 tiavit,
2490 4996 2611 5036 eam
2642 4983 3051 5052 possessionem
3083 4996 3189 5035 non
3216 4979 3475 5052 Ecclesiae
3498 4979 3882 5052 Trevirorum.

2278 5054 2373 5108 sed
2392 5053 2540 5124 regio
2560 5049 2767 5106 tan—tum
2792 5052 3033 5107 dominio
3049 5062 3377 5124 competere.
3402 5050 3523 5117 Quo
3542 5050 3717 5124 factn,
3742 5049 3879 5124 idem

2278 5140 2400 5190 rex,
2430 5118 2553 5178 cum
2584 5138 2811 5178 suorum
2840 5139 3132 5187 consensu,
3161 5118 3355 5177 cellam
3379 5120 3726 5177 monasterio
3750 5118 3883 5175 Pru-

2279 5189 2402 5250 miae
2433 5195 2583 5265 regio
2629 5192 2920 5264 diplomate
2948 5193 3194 5253 tradidit,
3228 5193 3378 5265 qugd
3401 5204 3455 5241 In
3486 5189 3881 5265 archivispo-

2278 5255 2523 5320 nasterii
2533 5280 2632 5318 suo
2656 5255 2899 5329 tempore
2936 5255 3275 5329 asservatum
3288 5255 3495 5329 fuisse,
3548 5260 3696 5315 idem
3722 5259 3885 5329 Wan-

2281 5336 2559 5391 delbertus
2586 5326 2872 5387 memorat.
2906 5330 2976 5384 At
2996 5330 3161 5384 hodie
3201 5328 3335 5383 cella
3382 5339 3437 5383 et
3482 5329 3797 5385 dominium
3824 5326 3880 5382 S.

2283 5406 2490 5474 Goaris
2509 5406 2843 5474 inpetestate
2869 5410 2927 5455 et
2942 5399 3490 5474 jure‘Prumiensium
3517 5402 3759 5474 amplins
3782 5414 3885 5454 non

2286 5485 2431 5531 sunt.
2464 5469 2595 5528 Jain
2635 5489 2733 5528 suo
2764 5480 3009 5542 tempore
3052 5472 3273 5541 scripsit
3302 5469 3646 5542 Trithemius
3686 5471 3882 5527 Chron.

2287 5546 2548 5616 Hirsaug,
2578 5556 2706 5616 tom.
2740 5544 2789 5616 l,_
2804 5541 2926 5616 pag.
2961 5542 3073 5616 22A:
3116 5561 3134 5593 ‹
3167 5541 3531 5616 Qppidum_ad
3561 5543 3623 5597 S.
3653 5543 3883 5616 Ceam

2288 5563 2491 5600 mrsau
2534 5587 2548 5609 ,
2578 5563 2706 5597 tom.
2741 5563 2779 5606 ι,
2804 5563 2926 5613 pag.
2962 5563 3073 5597 zz:
3116 5563 3134 5593 ‹
3167 5563 3437 5616 uppluum
3460 5563 3531 5597 au
3563 5563 3623 5597 δ.
3653 5563 3883 5600 omnem

2288 5633 2414 5671 cum
2438 5563 2638 5670 tefonio
2653 5614 2918 5684 pertinuit
2942 5614 3008 5666 ad
3023 5612 3332 5675 Brumiam;
3358 5613 3456 5668 sed
3482 5631 3629 5669 nunc
3646 5614 3883 5684 jurisAest

2290 5687 2550 5742 comitum
2586 5681 2881 5739 Bassorum
2902 5685 3257 5755 provincialis
3281 5702 3301 5755 ;_
3324 5692 3379 5738 et
3408 5681 3658 5740 ecclesia
3689 5686 3742 5738 in
3772 5681 3881 5740 illo,

2291 5758 2563 5880 quloudam
2609 5750 2967 5826 praepositura
3012 5752 3187 5811 nostri
3217 5750 3453 5820 ordhtis,
3482 5755 3651 5811 hodie
3672 5762 3755 5811 est
3786 5765 3883 5807 st-

2295 5844 2360 5880 cu
2384 5843 2517 5880 arts.
2558 5846 2577 5879 ι

2295 5843 2517 5886 curans.
2558 5846 2577 5879 ι

2367 5899 2396 5940 δ
2419 5897 2522 5954 Ubi
2546 5912 2689 5952 nunc
2718 5895 2775 5951 S.
2808 5894 2969 5949 Goer.
