4048 6350
1554 160 1586 181 ο

390 352 525 412 “(il
1508 312 1825 425 FDIPLOMA
1833 364 1920 427 ΤΑ
1955 370 2513 438 ECCLESIASTICA.
3509 398 3652 454 i102

383 488 516 533 vero
543 486 644 544 per
675 473 820 534 hanc
852 484 1098 535 nostram
1122 479 1501 539 auctoritatem
1531 485 1747 542 easdem
1773 502 1863 547 res
1909 496 1965 546 et
1990 486 2044 551 Α
2068 490 2236 557 mitis,
2269 500 2324 550 et
2370 493 2443 551 ibi
2497 511 2605 553 una
2633 513 2760 556 cum
2798 502 3062 561 advocato
3088 504 3376 568 Parisiacae
3406 513 3653 575 ecclesiae

382 570 653 641 mancipia
684 585 749 626 ac
793 569 1004 627 telouea
1030 571 1203 643 ipsius
1233 574 1499 645 ecclesiae,
1524 580 1968 643 conﬁrmavimus
2068 586 2256 681 venire
2284 587 2694 681 nondiﬁ‘crant,
2717 602 2773 650 et
2796 604 2998 652 rectam
3031 602 3298 660 rationem
3328 622 3392 662 ac
3419 608 3649 681 legalem

379 678 450 723 ac
497 663 892 732 roboravimus,
922 666 1062 721 utin
1087 674 1371 738 posterum
1394 680 1636 732 rectores
1668 675 1840 747 ipsius
1875 692 1964 734 ec-
2059 671 2329 745 justitiam
2357 680 2653 754 adimplere
2692 697 2973 759 cogantur.
3002 690 3130 750 Haec
3179 712 3309 753 vero
3348 663 3649 759 auctoritas

378 755 566 813 etesiae
591 757 799 828 absque
821 758 984 816 ullius
1001 760 1375 834 inquietudine
1418 766 1504 821 vel
1549 767 1747 841 injusta
1790 770 1964 828 inter.
2064 774 2126 822 ut
2152 767 2362 826 ﬁrmior
2394 768 2450 828 in
2504 772 2601 832 Dei
2653 755 2871 837 nomine
2898 783 3185 853 habeatur,
3218 795 3275 844 et
3308 804 3340 845 a
3397 790 3648 851 ﬁdelibus

374 848 668 920 pellatione
685 850 866 920 quiete
901 859 1124 911 teneant
1149 863 1208 911 et
1235 872 1429 914 secure
1482 860 1820 931 possideant.
1873 863 1960 919 In.
2063 867 2264 916 sancta:
2291 860 2388 919 Dei
2415 863 2669 923 Ecclesiae
2706 878 2761 925 et
2794 873 2996 930 nostris
3023 848 3334 950 diligentius
3359 896 3648 941 conserve-

374 953 543 1010 super
579 942 746 998 etiam
770 944 947 1013 eidem
967 944 1085 1015 jam
1112 949 1391 1009 nominato
1445 953 1705 1011 Ynchado
1745 955 1953 1029 episco-

373 1045 446 1101 po
474 1022 695 1104 suisque
738 1038 1146 1095 successoribus
1195 1042 1565 1101 concessimus
1601 1055 1763 1118 atque
1805 1064 1958 1106 more

370 1133 602 1194 paterno
630 1142 728 1198 per
750 1137 996 1188 nostram
1021 1135 1403 1193 auctoritatem
1437 1137 1876 1201 conﬁrmavimus
1897 1150 1959 1200 ut

370 1216 553 1274 nullus
577 1235 762 1278 comes
788 1238 967 1294 neque
988 1226 1097 1282 ulla
1124 1224 1417 1295 iudiciaria
1439 1240 1683 1303 potestas
1724 1235 1780 1297 in
1809 1245 1955 1294 terra

371 1306 584 1367 Sanctae
614 1312 794 1372 Mariae
818 1316 874 1371 in
902 1318 1017 1387 ipsa
1042 1320 1218 1378 insula
1256 1324 1589 1383 consistente
1615 1327 1781 1385 ullum
1831 1346 1953 1389 cen-

367 1420 490 1461 sum
518 1407 585 1464 de
616 1417 763 1466 terra
792 1410 1006 1471 Sanctae
1036 1414 1217 1473 Maria:
1258 1419 1511 1492 accipiat,
1542 1439 1644 1479 nec
1669 1424 1739 1480 de
1793 1425 1952 1483 fami-

363 1495 438 1552 lia
468 1499 641 1569 ipsius
663 1504 911 1564 ecclesiae
940 1524 1117 1578 neque
1139 1510 1207 1581 de
1251 1513 1375 1570 aliis
1420 1514 1610 1573 liberis
1637 1519 1950 1578 hominibus

363 1589 452 1647 vel
478 1591 686 1660 incolis,
717 1611 839 1667 quae
879 1601 1083 1659 rustice
1107 1602 1301 1661 Albani
1337 1609 1699 1679 appellantur,
1728 1612 1787 1673 in
1831 1615 1948 1685 ipsa

363 1688 511 1738 terra
540 1682 754 1743 Sanctae
775 1688 958 1747 Mariae
977 1698 1325 1755 manentibus
1382 1699 1487 1757 hoc
1522 1718 1685 1773 agere
1742 1682 1947 1777 praesu-

361 1784 538 1842 mant,
565 1792 664 1834 nec
692 1781 856 1839 etiam
874 1784 962 1842 eis
992 1787 1248 1856 quislibet
1293 1791 1458 1850 ullam
1515 1795 1945 1867 inquietudinem

359 1865 444 1921 vel
466 1867 890 1931 dominationem
914 1890 1008 1932 seu
1037 1879 1204 1937 ullum
1252 1882 1491 1941 bannum
1531 1862 1722 1945 contra
1772 1891 1945 1964 legem
1971 1862 2022 1927 Β

356 1956 444 2015 vel
470 1960 719 2029 illicitam
743 1970 1085 2029 occasionem
1113 1974 1296 2033 facere
1317 1981 1552 2048 studeat,
1582 2000 1761 2055 neque
1810 2003 1942 2044 cen-

353 2064 478 2109 sum
527 2071 687 2125 quem
716 2061 901 2119 dicunt
927 2066 1236 2137 foraticum,
1291 2089 1469 2146 neque
1492 2077 1803 2149 ripaticum,
1846 2097 1943 2139 ne-

348 2158 461 2213 que
502 2147 845 2220 salvaticum,
902 2170 999 2213 seu
1029 2158 1193 2217 ullam
1220 2147 1638 2224 redhibitionem
1692 2171 1760 2227 de
1795 2181 1940 2231 terra

353 2232 570 2294 Sanctae
597 2240 779 2299 Mariae
808 2245 893 2319 vel
914 2248 980 2303 de
1000 2257 1511 2322 supermanentibus
1546 2261 1798 2333 accipere
1844 2273 1942 2320 aut

351 2510 464 2569 lam
494 2523 788 2578 secundum
812 2527 1091 2598 propriam
1119 2510 1457 2593 voluntatem
1482 2510 1740 2599 malinare
1769 2553 1933 2615 atque

338 2606 652 2676 gubernare
677 2622 735 2669 et
756 2616 811 2672 in
846 2619 962 2688 ipsa
992 2628 1138 2679 terra
1170 2623 1384 2684 Sanctae
1403 2628 1589 2687 Mariis
1616 2641 1730 2693 tam
1752 2606 1931 2690 tabem-

341 2713 445 2756 nas
471 2718 635 2772 quam
662 2707 797 2765 alias
822 2726 953 2768 suas
980 2718 1337 2776 necessitates
1362 2722 1481 2778 sine
1504 2724 1733 2795 alicujus
1748 2729 1930 2787 redhi-

339 2788 547 2849 bitione
572 2810 850 2858 exercere.
875 2803 1228 2878 Praecipimus
1248 2813 1414 2871 etiam
1470 2788 1927 2890 atque'jubetuus

336 2884 482 2940 utde
503 2888 670 2958 regali
698 2891 787 2948 via
810 2908 878 2949 ex
905 2906 1061 2966 parte
1114 2898 1300 2958 Sancti
1348 2884 1607 2963 Germani
1642 2884 1690 2965 at
1724 2907 1925 2969 Sancto

342 2971 620 3038 Hederico
644 2998 817 3055 usque
846 2989 914 3043 ad
945 2989 1121 3048 locum
1150 2995 1244 3064 qui
1269 2998 1427 3069 vulgo
1454 3010 1683 3058 vocatur
1699 3003 1922 3062 Ttrdella

332 3062 396 3121 in
422 3083 559 3138 ruga
589 3072 776 3133 Sancti
800 3076 1081 3148 Germani,
1134 3062 1309 3157 neque
1338 3062 1395 3143 in
1446 3090 1569 3151 aliis
1618 3093 1923 3155 minoribus

333 3156 441 3214 viis
469 3176 589 3232 qua:
618 3166 843 3223 tendunt
867 3172 936 3227 ad
977 3156 1367 3234 monasterium
1418 3180 1663 3251 ejusdem
1700 3203 1918 3258 νικηθ-

333 3247 526 3305 minati
556 3252 743 3312 Sancti
768 3257 1045 3328 Germani,
1073 3266 1211 3324 ullus
1246 3270 1449 3327 missus
1474 3274 1780 3335 dominicus
1813 3280 1915 3335 ali-

330 3355 495 3406 quam
525 3344 870 3414 judiciariam
926 3364 1252 3425 potestatem
1282 3362 1357 3419 ibi
1408 3378 1685 3437 exerceat,
1741 3388 1917 3445 neque

928 3424 943 3425 ί
1588 3424 1619 3429 ν
1663 3424 1682 3437 ,
1742 3424 1911 3445 -__,_-

332 3424 568 3529 aliquem
594 3454 838 3507 consum,
868 3463 1044 3520 neque
1062 3453 1363 3525 ripaticum,
1392 3474 1572 3531 neque
1597 3460 1911 3543 foraticum,

534 3508 545 3529 κ

328 3534 506 3591 neque
531 3525 699 3584 ullum
729 3531 996 3593 teloneum
1022 3548 1283 3614 recipiat;
1307 3553 1402 3605 sed
1432 3525 1634 3615 missus
1671 3540 1913 3630 episcopi

328 3617 630 3674 secundum
668 3627 942 3695 propriam
995 3633 1330 3699 voluntatem
1378 3643 1626 3713 ordinet;
1665 3617 1721 3703 et
1748 3617 1912 3706 advo-

327 3715 484 3777 catus
502 3708 742 3781 eiusdem
770 3719 1013 3778 ecclesiae
1056 3733 1169 3782 tam
1226 3731 1292 3789 de
1341 3732 1458 3803 ipsa
1517 3708 1662 3794 terra
1721 3740 1910 3798 Sancti

324 3797 585 3858 Germani
612 3821 772 3876 quam
799 3811 865 3867 de
903 3817 1159 3884 praedicta
1210 3797 1603 3885 terra—Sanctae
1630 3832 1814 3889 Maria:
1852 3835 1908 3891 in

324 3888 500 3948 insula
526 3898 701 3964 posita
726 3910 932 3958 rectam
969 3922 1034 3962 ac
1060 3909 1287 3981 legalem
1314 3919 1582 3975 rationem
1612 3925 1806 3980 reddat
1835 3927 1906 3980 si-

321 3997 393 4035 ne
428 3984 608 4056 aliqua
635 3991 902 4061 judicaria
932 4007 1199 4067 potestate
1229 4006 1358 4063 inibi
1384 4011 1468 4065 vel
1490 4012 1688 4079 bantio,
1721 4017 1825 4072 nisi
1850 4018 1905 4074 in

320 4074 486 4131 mallo
513 4078 754 4151 legitimo
792 4086 877 4141 vel
900 4090 1068 4160 regali
1090 4093 1311 4164 placito,
1343 4102 1608 4159 sicutLex
1645 4074 1902 4164 ecclesia-

320 4179 443 4219 rum
478 4172 744 4243 praecipit.
776 4175 853 4232 De
866 4176 1051 4241 liberis
1075 4194 1254 4242 autem
1283 4188 1594 4251 hominibus
1616 4199 1708 4268 qui
1738 4215 1901 4271 super

316 4264 523 4315 terram
547 4263 715 4334 ipsius
737 4272 1061 4341 supradictae
1086 4279 1329 4339 ecclesiae
1344 4284 1635 4346 Parisiaca:
1660 4309 1900 4350 comma-

316 4366 447 4406 nere
472 4355 742 4425 videntur,
778 4377 843 4418 ac
875 4381 994 4421 eam
1022 4377 1325 4440 perservire
1370 4393 1692 4454 noscuntur,
1752 4390 1898 4445 volu-

311 4462 435 4504 mus
464 4459 525 4505 ut
548 4452 688 4509 sient
705 4456 760 4510 in
793 4472 1063 4533 praecepto
1086 4464 1300 4538 Pippini
1320 4474 1406 4528 avi
1455 4481 1627 4534 nostri
1658 4484 1896 4539 contine-

310 4547 422 4607 tur,
459 4543 638 4601 nullus
664 4547 720 4601 in
740 4550 952 4607 hostem
981 4569 1171 4627 pergat
1195 4563 1300 4623 nisi
1348 4581 1456 4621 una
1482 4584 1604 4623 cum
1642 4575 1894 4645 episcopo
1920 4581 1974 4642 D

310 4628 482 4700 ipsius
516 4635 777 4706 ecclesiae,
819 4642 903 4697 vel
946 4649 1239 4704 secundum
1282 4668 1437 4709 suam
1494 4656 1894 4720 ordinationem

310 4732 623 4790 remaneat;
659 4736 713 4783 et
742 4745 918 4801 neque
975 4735 1043 4791 de
1093 4739 1225 4808 ipsis
1254 4742 1564 4804 hominibus
1594 4768 1756 4822 supra
1789 4764 1895 4812 ter-

307 4827 424 4868 ram
466 4814 682 4876 Sancta:
709 4822 891 4881 Marize
920 4834 1268 4892 manentibus
1303 4838 1539 4910 aliquem
1565 4860 1788 4905 censum
1807 4852 1894 4906 vel

299 4906 544 4975 aliquam
569 4912 986 4975 redhibitionem
1022 4923 1219 4994 aliquis
1246 4930 1311 4983 de
1339 4906 1513 5001 capite
1568 4951 1753 4994 eorum
1802 4957 1893 4997 ac-

300 4998 485 5068 cipere
512 5017 810 5074 priesumat
830 5027 950 5082 quis
978 5028 1011 5070 a
1042 5016 1203 5091 longo
1232 5029 1475 5093 tempore
1502 5028 1635 5085 dare
1664 5047 1893 5089 consue-

298 5100 494 5147 verant
517 5103 571 5149 et
603 5096 802 5156 futuris
831 5109 1167 5177 temporibus
1186 5115 1503 5182 persolvere
1532 5119 1766 5191 debent;
1796 5128 1891 5183 sed

301 5180 571 5251 quidquid
603 5189 727 5247 inde
762 5193 926 5251 ﬁscus
946 5209 1133 5256 noster
1172 5180 1391 5275 exigere
1420 5218 1515 5264 aut
1542 5180 1766 5281 sperare
1794 5232 1892 5287 po-

297 5269 487 5336 tuerit,
519 5287 615 5343 per
643 5277 821 5332 omnia
843 5294 947 5349 pro
974 5298 1163 5341 altiore
1188 5269 1289 5344 Dei
1308 5269 1588 5354 etsanctze
1611 5302 1709 5357 Dei
1736 5269 1889 5375 geriti-

293 5359 452 5416 tricis
514 5363 696 5423 Mariae
758 5371 984 5441 praefato
1040 5377 1298 5438 *Ynchado
1350 5386 1604 5460 episcopo
1666 5359 1889 5467 suisque

291 5459 710 5517 successoribus
737 5460 970 5521 libenter
984 5472 1355 5543 concedimus,
1388 5487 1445 5534 et
1455 5459 1691 5552 gratuito
1704 5490 1888 5547 animo

290 5552 626 5609 auctoritate
660 5566 858 5614 nostra
900 5566 1303 5626 conﬁrmamus
1357 5581 1420 5628 ut
1468 5577 1677 5635 nullam
1720 5584 1886 5641 etiam

290 5640 691 5703 districtionem
742 5651 807 5707 de
847 5652 1159 5716 hominibus
1215 5676 1376 5734 super
1430 5674 1633 5725 terram
1682 5682 1885 5734 sanctae

288 5726 477 5789 Maria:
498 5740 1141 5813 manentibus‘iudiciaria
1185 5726 1428 5824 potestas
1447 5776 1702 5821 exercere
1746 5783 1882 5836 prae-

2060 957 2171 1017 tur,
2198 967 2360 1008 manu
2388 958 2608 1027 propria
2632 975 2753 1015 eam
2784 964 2971 1020 subter
2996 964 3335 1029 ﬁrmavimus
3353 983 3411 1030 et
3458 974 3647 1032 annuli

2062 1046 2234 1100 nostri
2274 1047 2629 1120 impressione
2645 1054 2849 1128 signari
2870 1058 3147 1126 iussimus.

2048 1210 2057 1215 θ
2129 1139 2417 1200 Durandus
2446 1149 2692 1207 notarius
2717 1152 2787 1209 ad
2834 1154 3008 1212 vicem
3036 1156 3306 1239 Frudigisi
3329 1167 3646 1234 recognovit

2056 1239 2113 1288 et
2135 1235 2478 1311 subscripsit.

2124 1324 2319 1386 Datum
2340 1348 2432 1389 x1v
2452 1328 2571 1392 Kal.
2603 1336 2963 1411 Novembris,
2991 1361 3134 1403 anno
3164 1346 3382 1407 Christo
3408 1354 3643 1427 propitio

2053 1413 2088 1471 7
2125 1416 2339 1489 imperii
2367 1425 2550 1485 domni
2579 1428 2837 1491 Ludovici
2867 1435 3098 1506 piissimi
3129 1441 3493 1513 imperatoris.
3531 1446 3639 1505 Ac-

2053 1511 2165 1563 tum
2193 1510 2521 1587 Aquisgrani
2548 1520 2737 1591 palatii
2762 1527 2979 1597 publice
3006 1528 3062 1586 in
3086 1529 3184 1589 Dei
3206 1510 3440 1594 nomine
3467 1535 3641 1597 felici-

2050 1603 2155 1652 ter.
2178 1597 2373 1660 Amen.

2756 1704 2934 1764 XCIII.

2455 1804 2561 1849 PRO
2589 1808 2842 1854 ECCLESIA
2904 1816 3220 1861 PARISIENSI.

2662 1883 2836 1958 (Anno
2867 1889 3021 1964 820.)

2478 1997 2501 2072 Γ
2501 1999 2660 2073 Apud
2698 2003 3003 2077 Baluzium,
3043 2011 3200 2087 ibid.]

2114 2076 2173 2131 In
2202 2084 2422 2147 nomine
2459 2088 2676 2149 Domini
2708 2094 2806 2151 Dei
2847 2107 2903 2155 et
2931 2076 3233 2162 salvatoris
3282 2111 3459 2169 nostri
3502 2110 3628 2171 Jesu

2043 2166 2264 2241 Christi,
2298 2175 2640 2252 Ludovicus,
2688 2188 2868 2246 divina
2920 2194 3210 2254 ordinante
3255 2204 3627 2275 providentia,

2041 2259 2339 2332 imperator
2362 2270 2659 2346 Augustus.
3088 2334 3089 2337 η

2112 2353 2169 2408 Si
2192 2360 2550 2452 petitionibus
2576 2373 2924 2432 sacerdotum
2968 2378 3028 2435 in
3064 2382 3394 2452 quibuslibet
3441 2404 3630 2451 neces-

2037 2445 2292 2506 sitatibus
2321 2456 2712 2519 ecclesiasticis
2747 2476 2936 2524 nostra
2971 2445 3295 2534 auctoritate
3344 2480 3631 2540 sublevan-

2035 2536 2119 2594 dis
2153 2546 2510 2617 consulimus,
2560 2562 2615 2609 et
2642 2557 2711 2611 ad
2762 2559 3125 2623 ministerium
3172 2585 3360 2628 eorum
3404 2574 3627 2634 liberius

2034 2639 2441 2704 exsequendum
2493 2649 2678 2715 opem'
2717 2646 2962 2719 ferimus,
3009 2671 3039 2710 a
3095 2674 3308 2718 summo
3362 2663 3627 2724 Pontiﬁce

2028 2721 2257 2782 Domino
2286 2741 2475 2791 nostro
2512 2733 2640 2793 Jesu
2676 2738 2894 2799 Christo
2920 2753 3141 2805 aeternae
3160 2758 3626 2819 remunerationis

2026 2812 2216 2886 largiri
2246 2822 2403 2879 nobis
2424 2828 2647 2895 praemia
2685 2847 2793 2895 non
2857 2837 3201 2911 ambigimus.
3239 2841 3494 2923 Proinde
3524 2865 3626 2907 no-

2028 2913 2141 2963 tum
2179 2911 2250 2966 sit
2287 2917 2540 2975 omnibus
2584 2920 2832 2981 ﬁdelibus
2879 2939 3081 2988 sanctae
3125 2933 3220 2990 Dei
3251 2916 3513 2998 Ecclesia:
3568 2951 3625 3000 et

2024 3004 2252 3072 nostris,
2281 3013 2641 3080 praesentibus
2671 3018 2880 3078 scilicet
2905 3031 2960 3080 et
2996 3024 3215 3094 futuris,
3253 3032 3379 3103 quia
3416 3035 3504 3090 vir
3532 3052 3624 3093 ve-

2023 3097 2289 3154 nerabilis
2303 3099 2571 3165 lnchadus
2584 3105 2877 3167 Parisiacae
2894 3115 3046 3171 urbis
3063 3097 3309 3177 ecclesia:
3331 3124 3622 3197 episcopus
3711 3184 3729 3201 ,

2025 3185 2221 3242 detulit
2232 3193 2515 3249 serenitati
2538 3208 2738 3256 nostrm
2752 3206 3043 3273 quamdam
3056 3185 3440 3271 auctoritatem
3455 3185 3618 3288 qu-am

2022 3277 2253 3336 domnus
2275 3290 2332 3338 et
2367 3287 2586 3356 genitor
2635 3301 2819 3350 noster
2868 3298 3025 3356 bona:
3069 3307 3346 3364 memoriae
3394 3308 3620 3368 Carolus

2016 3367 2444 3440 gloriosissimus
2476 3379 2778 3453 imperator
2807 3389 2875 3445 ad
2904 3393 3225 3460 petitionem
3253 3402 3619 3470 praedecesso-

2014 3462 2094 3519 ris
2121 3465 2204 3529 sui
2233 3467 2572 3530 Enchcnradi
2587 3477 2760 3547 ipsius
2772 3481 3012 3540 civitatis
3026 3487 3271 3565 episcopi
3292 3490 3410 3549 ﬁeri
3416 3492 3614 3563 jussit;

2016 3551 2071 3609 in
2100 3573 2207 3627 qua
2237 3562 2622 3623 continebatur
2658 3571 2927 3633 insertum
2951 3579 3099 3647 quod
3136 3551 3239 3651 per
3260 3581 3530 3644 incuriam
3560 3599 3618 3647 et

2012 3649 2396 3723 negligentiam
2448 3663 2740 3719 custodum
2783 3666 2956 3738 ipsius
3010 3649 3257 3733 ecclesiae
3306 3685 3614 3741 stramenta

2011 3742 2329 3802 chartarum
2367 3759 2559 3807 exusta
2605 3754 2691 3809 vel
2721 3768 3064 3818 concremata
3088 3763 3204 3818 sive
3230 3768 3442 3837 perdita
3472 3770 3610 3829 fuis-

2010 3843 2153 3900 sent,
2219 3852 2317 3906 per
2369 3855 2491 3910 qua:
2538 3843 2749 3902 scilicet
2797 3852 2944 3919 quod
2986 3852 3174 3923 plures
3238 3858 3449 3916 nobiles
3504 3864 3609 3921 viri

2004 3939 2106 3993 pro
2133 3928 2373 3984 remedio
2403 3932 2599 3989 animat
2647 3951 2759 3992 suze
2806 3953 2895 3995 res
2948 3950 3006 3996 et
3030 3945 3305 4019 mauc'mia
3335 3938 3403 4005 ad
3432 3951 3607 4023 ipsam

2006 4012 2394 4087 delegaverunt
2429 4024 2742 4095 ecclesiam,
2789 4040 2844 4086 et
2889 4035 3033 4103 quod
3066 4012 3470 4107 idem’genitor-
3498 4059 3601 4103 no-

2005 4116 2120 4163 ster
2170 4128 2279 4181 per
2337 4120 2583 4175 eamdem
2662 4124 3040 4180 conﬁrmasset
3104 4132 3486 4191 auctoritatem
3539 4148 3600 4194 ut

2003 4215 2091 4257 res
2134 4211 2191 4260 et
2228 4208 2498 4277 mancipia
2544 4226 2664 4281 quae
2716 4213 2773 4269 in
2823 4216 3028 4273 eisdem
3078 4218 3456 4283 instrumentis
3510 4231 3598 4284 in-

2002 4302 2149 4349 serta
2199 4295 2433 4366 fuerant,
2466 4308 2522 4356 et
2575 4300 2718 4359 unde
2770 4308 3031 4377 praedicta
3084 4313 3313 4372 ecclesia
3354 4333 3421 4373 eo
3465 4326 3600 4378 tem-

1994 4402 2133 4457 pore
2176 4390 2385 4462 legibus
2415 4395 2610 4449 vestita
2635 4404 2773 4463 erat,
2808 4398 2931 4467 jure
2982 4404 3359 4465 ecclesiastico
3408 4426 3599 4469 secure

2001 4489 2056 4534 et
2081 4482 2263 4551 quiete
2287 4494 2530 4542 rectores
2564 4488 2738 4559 ipsius
2765 4493 3012 4552 ecclesia:
3032 4496 3233 4557 futuris
3261 4505 3597 4573 temporibus

2001 4577 2250 4628 tenerent
2275 4583 2439 4644 atque
2486 4579 2853 4647 possiderent.
2903 4585 3069 4643 Petiit
3097 4590 3264 4646 etiam
3301 4595 3595 4664 praedictus

1998 4662 2268 4725 Inehadus
2306 4669 2657 4727 serenitatem
2688 4683 2933 4732 nostram
2972 4688 3033 4734 ut
3058 4696 3161 4750 pro
3196 4688 3465 4742 mercedis
3495 4704 3594 4744 no—

2000 4763 2125 4809 strae
2146 4768 2437 4827 augmento
2480 4769 2534 4817 et
2589 4763 2865 4821 ﬁrmitatis
2909 4771 3089 4826 studio
3116 4773 3295 4829 eidem
3347 4778 3593 4835 ecclesia:

1997 4864 2148 4904 more
2171 4860 2402 4921 paterno
2427 4864 2671 4912 nostram
2700 4862 3087 4920 auctoritatem
3100 4881 3282 4937 super
3325 4869 3431 4927 hoc
3488 4889 3587 4929 ne-

1992 4942 2140 5009 gotio
2170 4941 2286 4996 ﬁeri
2307 4943 2644 5013 juberemus,
2675 4964 2774 5019 per
2803 4968 2966 5022 quam
2996 4957 3274 5014 modernis
3297 4972 3354 5017 et
3388 4961 3585 5022 futuris

1994 5036 2330 5103 temporibus
2352 5052 2441 5092 res
2469 5046 2525 5095 et
2560 5043 2831 5117 mancipia
2867 5062 2987 5115 qua
3011 5062 3111 5117 per
3154 5052 3385 5120 prinl'ata
3442 5064 3587 5112 stru—

1993 5133 2176 5178 menta
2226 5128 2544 5184 chartarum
2575 5132 2753 5188 eidem
2809 5138 3023 5194 traditm
3062 5137 3279 5201 fuerant
3318 5137 3580 5214 ecclesias,

1992 5213 2246 5283 ﬁrmiter,
2273 5221 2481 5289 quiete,
2505 5239 2571 5279 ac
2596 5241 2788 5283 secure
2820 5243 2855 5283 a
2880 5230 3117 5302 praelatis
3146 5233 3317 5304 ipsius
3341 5240 3586 5296 ecclesia

1990 5307 2325 5367 haberentur
2376 5315 2463 5371 vel
2508 5319 2942 5387 possiderentur.
2995 5325 3105 5382 Nos
3128 5328 3313 5401 itaque
3338 5333 3582 5404 inspecta

1989 5405 2180 5459 eadem
2212 5409 2535 5465 auctoritate
2564 5412 2747 5468 domui
2794 5423 2851 5471 et
2876 5418 3138 5487 genitoris
3167 5424 3362 5491 nostri,
3418 5425 3580 5482 libuit

1987 5497 2146 5553 nobis
2168 5497 2412 5568 ejusdem
2438 5505 2768 5561 venerabilis
2789 5509 2894 5563 viri
2916 5513 3271 5580 petitionibus
3297 5533 3578 5574 assensum

1983 5590 2228 5658 praebere
2255 5601 2312 5650 et
2334 5604 2576 5665 paternae
2597 5602 2912 5657 auctoritati
2928 5604 3073 5661 hanc
3087 5623 3305 5680 quoque
3332 5618 3576 5665 nostram

1975 5678 2208 5751 jungere
2236 5689 2640 5747 auctoritatem.
2695 5692 3045 5768 Praecipimus
3084 5678 3578 5773 ergo—:itquejube-

1982 5789 2105 5829 mus
2152 5784 2211 5832 ut
2232 5791 2422 5837 omnes
2462 5796 2550 5838 res
2582 5791 2639 5839 et
2674 5788 2943 5859 mancipia
2972 5806 3092 5861 quae
3134 5808 3205 5846 ex
3252 5791 3575 5850 liberalitate

1746 5832 1763 5836 _
2272 5832 2275 5833 ν
2310 5832 2341 5833 η
2371 5832 2416 5837 ,η
2462 5832 2546 5838 ν--
2588 5832 2637 5839 --
2674 5832 2943 5859 ...πωπω
2973 5832 3092 5861 ινφ
3134 5832 3205 5846 ν..
3253 5832 3570 5850 ..υ-...ηι-...ι

292 5835 495 5894 sumat,
526 5832 649 5897 nisi,
678 5842 738 5886 ut
759 5850 923 5907 supra
950 5842 1208 5912 diximus,
1232 5848 1288 5903 in
1318 5852 1481 5911 mallo
1522 5855 1763 5928 legitimo
1790 5876 1883 5918 co-
1972 5868 2158 5924 eidem
2183 5868 2395 5927 collatae
2438 5872 2658 5932 fuenmt
2703 5880 2974 5948 ecclesiae,
3024 5884 3226 5938 nostris
3272 5893 3329 5941 et
3373 5885 3572 5944 {cuius
