4048 6350
434 300 589 395 una

426 450 763 526 temporibus
788 456 887 517 per
909 441 1053 496 hanc
1079 440 1321 491 nostram
1353 424 1565 484 auctori

425 506 598 619 ipsius
622 534 865 595 ecclesia:
892 530 1097 599 absque
1124 524 1285 580 ullius
1309 515 1681 590 inquietudine
1706 510 1793 566 vel
1809 506 2010 577 injusta

425 628 863 704 interpellatione
890 621 1071 693 quiete
1094 626 1151 673 et
1173 628 1363 671 secure

426 734 665 792 valeant.
693 722 850 794 Quod
875 719 923 777 si
948 717 1090 773 forte
1116 727 1279 785 super
1307 707 1515 766 eisdem
1544 719 1605 760 re

429 827 633 883 dictam
659 813 1055 873 exustionema
1099 802 1338 879 praelatis
1378 799 1549 873 ipsius
1603 811 1666 851 ec

426 912 696 993 possessis
722 904 954 981 quaestio
979 908 1100 958 orta
1146 896 1334 962 fuerit,
1369 901 1432 949 ut
1457 892 1556 964 pro
1577 889 1658 945 eis

430 985 550 1067 l’oro
576 1000 869 1075 disceptari
892 1008 1115 1053 necesse
1145 991 1233 1056 sit,
1265 990 1341 1044 ita
1373 1001 1470 1058 per
1494 985 1635 1039 hanc
1657 985 1899 1035 nostram
1924 989 2020 1027 au—

430 1098 743 1158 ctoritatem
770 1091 975 1147 eisdem
997 1102 1086 1142 res
1115 1091 1169 1139 et
1189 1078 1459 1148 mancipia
1480 1074 1649 1146 ipsius
1674 1068 1919 1127 ecclesiae
1933 1065 2023 1119 de-

430 1190 727 1275 [endantur
748 1180 908 1240 sicuti
945 1193 1044 1251 per
1064 1176 1256 1233 eadem
1282 1173 1663 1231 instrumenta,
1705 1163 1750 1218 si
1774 1159 1880 1229 igni

434 1248 652 1353 sumpta
692 1292 800 1333 non
822 1248 1075 1337 fuissent,
1102 1267 1313 1339 legibus
1342 1260 1554 1320 defendi
1580 1260 1850 1329 poterant.
1896 1248 2023 1304 llaec

438 1389 572 1431 vero
607 1366 903 1426 auctoritas
928 1371 988 1419 ut
1018 1358 1301 1416 ﬁrmiorin
1335 1355 1433 1411 Dei
1485 1351 1701 1407 nomine
1737 1346 2019 1405 habeatur,

438 1479 493 1526 et
517 1484 549 1522 a
572 1464 819 1520 ﬁdelibus
846 1465 1049 1515 sanctae
1074 1455 1171 1510 Dei
1200 1449 1459 1507 Ecclesiae
1487 1454 1544 1501 et
1567 1441 1769 1499 nostris
1803 1437 2027 1507 diligen-

440 1562 547 1617 tius
569 1560 943 1619 conservetur,
972 1564 1136 1605 manu
1160 1544 1383 1619 propria
1429 1541 1617 1597 subter
1664 1520 2024 1598 ﬁrmavimus,

438 1662 494 1710 et
512 1649 695 1708 annuli
720 1645 896 1703 nostri
923 1639 1280 1714 impressione
1305 1634 1508 1707 signari
1526 1629 1811 1702 jussimus.

512 1927 654 1984 Data
677 1942 733 1981 1v
758 1922 877 1980 Kal.
916 1916 1233 1981 Novembr.,

445 2021 661 2094 imperii
687 2016 872 2075 domui
896 2010 1157 2071 Ludovici
1192 2002 1560 2079 imperatoris.
1585 2000 1784 2054 Actum
1802 1991 2037 2051 Carisia—

445 2133 510 2174 co
537 2114 736 2195 palatio
761 2109 1049 2185 publiciter
1077 2107 1135 2161 in
1159 2102 1257 2159 Dei
1281 2099 1520 2156 nomine.
1544 2093 1739 2149 Amen.

1150 2193 1333 2250 XCIV.

784 2301 889 2343 Ριιο
910 2292 1249 2340 ΜοΝΑετεῐιιο
1284 2283 1695 2330 NONANTULANO.

452 2370 721 2428 Placitum
752 2340 974 2421 Verona:
1005 2360 1243 2428 habitant
1278 2374 1311 2428 _a
1338 2350 1565 2428 Rataldp
1601 2347 1892 2428 Veronense
1928 2340 2040 2413 epi-

522 2458 703 2513 scopo,
738 2437 896 2493 misso
914 2430 1174 2513 _I_.udovici
1200 2426 1290 2513 Pili
1318 2421 1562 2509 Augusti,
1593 2420 1649 2472 in
1679 2433 1781 2513 qgo
1806 2413 2036 2513 Nazan-

523 2482 703 2569 tula’ni’
716 2504 959 2564 monachi
979 2482 1197 2557 causam
1224 2482 1670 2565 obtinentyontra
1690 2482 2039 2556 Hucpoldum

528 2583 775 2640 comitem
808 2576 1176 2632 Veronensem.

1067 2665 1239 2738 (Anno
1269 2656 1421 2731 820.)

454 2768 559 2843 [Ex
588 2762 907 2829 Muratorio,
924 2736 1274 2827 Antiquitales
1288 2750 1519 2816 Italicw,
1532 2756 1666 2804 tom.
1682 2745 1723 2809 Ι,
1748 2757 1872 2816 pag.
1888 2736 2042 2812 46L]

527 2859 668 2915 Dum
694 2856 750 2911 in
770 2854 867 2910 Dei
919 2850 1137 2908 nomine
1161 2888 1177 2914 ,
1209 2845 1430 2902 civitate
1462 2842 1676 2897 Verona
1696 2878 1711 2905 ,
1742 2836 1796 2891 in
1839 2830 2046 2905 judicio

452 2951 879 3011 ressedissemus
915 2959 1017 2999 nos
1039 2940 1303 2997 Retaldus
1327 2937 1614 3007 episcopus
1637 2972 1653 2999 ,
1692 2930 1863 2986 misso
1890 2925 2045 2981 dom-

457 3048 516 3103 ni
549 3040 895 3116 imperatoris
907 3038 976 3094 ad
989 3034 1326 3108 singulorum
1356 3028 1639 3085 hominum
1669 3019 2047 3080 deiiverandas

456 3138 808 3202 intentiones,
840 3130 1182 3189 ressedentes
1216 3122 1499 3181 nobiscum
1523 3114 1835 3187 Hucpuldus
1878 3110 2051 3167 comis

457 3232 630 3305 ipsius
656 3226 915 3291 civitatis,
958 3221 1206 3278 Andreas
1235 3215 1423 3290 judex,
1465 3220 1522 3269 et
1554 3207 1865 3265 Bonifritus
1893 3211 2054 3259 nota-

460 3320 580 3375 rius
606 3318 899 3391 regularis,
928 3313 1106 3369 Draco
1129 3318 1187 3367 et
1219 3307 1590 3379 Raginpertus
1622 3297 1861 3357 scavinis
1884 3295 2057 3367 ipsius

463 3409 724 3473 civitatis,
751 3406 840 3461 vel
876 3403 1134 3472 reliquis;
1181 3398 1262 3455 sic
1287 3397 1403 3466 ipse
1428 3392 1728 3449 Bonifritus
1772 3385 2053 3452 notarius,

459 3497 622 3568 juxta
666 3502 729 3550 ut
774 3507 876 3547 nos
920 3491 1000 3545 illi
1058 3485 1544 3550 comendavimus,
1587 3481 1757 3552 coepit
1807 3489 2058 3550 quaarere

463 3587 681 3663 praefati
717 3582 987 3655 Hucpuldi
1014 3580 1232 3638 cornitis
1256 3579 1323 3634 de
1351 3584 1510 3648 parte
1538 3574 1934 3630 monachorum
1958 3568 2060 3626 No-

468 3662 706 3739 nantulae
735 3686 794 3734 et
820 3677 960 3733 silva
989 3688 1110 3746 qua:
1144 3671 1459 3729 nominatur
1482 3666 1695 3733 Ostilia,
1732 3680 1854 3738 quae
1882 3662 2062 3734 posita

469 3786 593 3833 esse
619 3770 838 3829 videtur
864 3769 921 3824 in
965 3766 1165 3823 ﬁnibus
1210 3763 1382 3835 ipsius
1416 3759 1653 3817 civitatis
1706 3754 2060 3821 Veronensis,

467 3867 780 3942 portionem
803 3863 952 3920 illam
997 3876 1120 3933 quae
1155 3858 1259 3914 fuit
1283 3856 1559 3929 quondam
1585 3850 1829 3908 Auselmi
1853 3846 2065 3915 abbati,

476 3966 536 4014 et
558 3957 742 4015 Aidini
797 3954 1063 4030 germani,
1094 3964 1329 4025 quarum
1370 3964 1461 4005 res
1485 3962 1605 4018 quae
1638 3960 1670 3999 a
1696 3942 1925 4015 praefato
1950 3955 2069 3996 mo-

470 4046 719 4106 nasterio
754 4029 1092 4101 devenerunt
1116 4061 1129 4098 :
1168 4044 1273 4098 hoc
1294 4048 1378 4097 est
1399 4046 1651 4109 quartam
1671 4033 1977 4107 portionem
2003 4029 2070 4085 de

474 4153 639 4209 super
664 4141 781 4192 tota
812 4148 881 4188 ex
918 4128 1147 4202 praefata
1192 4132 1349 4194 silva,
1376 4137 1434 4183 et
1474 4126 1822 4182 medietatem
1853 4123 1909 4177 in
1949 4120 2071 4176 aliis

475 4231 656 4288 tribus
689 4225 1053 4301 portionibus,
1108 4237 1273 4294 quam
1315 4235 1348 4275 a
1380 4226 1535 4291 parte
1572 4216 1721 4288 regia
1767 4214 2071 4286 acquisive—

478 4332 641 4391 runt;
664 4328 895 4391 excepto
916 4324 1063 4375 sorte
1090 4329 1219 4381 una,
1272 4326 1393 4383 qua:
1442 4308 1681 4381 pertinet
1732 4305 1801 4361 ad
1853 4305 2073 4360 domum

480 4416 663 4475 cultile
699 4413 918 4485 capella:
968 4407 1186 4481 regalis,
1210 4404 1355 4477 quod
1382 4401 1707 4460 vocabulum
1739 4407 1825 4455 est
1857 4397 2065 4452 Sancto

480 4505 799 4570 Laurentio,
831 4510 886 4558 et
921 4500 1058 4556 alias
1089 4496 1378 4554 Sorticella
1407 4537 1422 4563 ,
1449 4511 1570 4568 quae
1604 4495 1821 4550 videtur
1851 4504 1975 4547 esse
2004 4488 2072 4543 de

484 4606 643 4656 curte
663 4590 1013 4650 Roverscelle
1053 4587 1299 4643 Auselmi
1322 4586 1567 4659 comitis.
1590 4584 1661 4639 Et
1690 4583 1908 4639 dicebat
1932 4579 2079 4652 quod

486 4698 695 4749 contra
723 4688 897 4758 legem
944 4684 1060 4754 ipse
1088 4679 1400 4751 llucpuldus
1429 4694 1553 4734 eam
1580 4678 1765 4733 habet.
1803 4675 1932 4731 llzec
1979 4691 2082 4731 nos

560 4814 589 4844 ι
609 4796 996 4856 Animadverte
1024 4796 1078 4849 in
1099 4795 1205 4850 hoc
1223 4789 1655 4863 placitoltalicae
1679 4797 1775 4843 aut
1801 4786 2081 4863 Francicae

489 4873 687 4945 linguae
711 4884 872 4925 voces
899 4882 982 4945 ac.
1005 4858 1279 4945 phrases}.
1317 4864 1564 4927 scilicet,
1616 4858 2077 4945 Gotnrendavimus,

492 4928 601 4999 hoc
629 4950 713 4998 est
758 4928 1181 5002 comandzimmo,
1235 4928 1352 4989 Sive
1401 4930 1824 5002 commandames
1850 4945 1869 4995 ;
1919 4936 1976 4981 et
2016 4928 2081 4982 de

494 5022 641 5086 parte
680 5010 1088 5094 monachorum,
1108 4997 1254 5094 quod
1287 5004 1477 5094 italice
1504 5003 1716 5094 diceres
1742 4999 1811 5053 da
1837 5007 1987 5080 parte
2015 4997 2081 5094 (ξε

496 5065 751 5149 'manaci;
799 5090 856 5136 et
897 5065 1091 5134 veniret
1126 5065 1426 5149 adplaido
1454 5091 1472 5139 ;
1497 5065 1863 5149 etfaciqttent
1892 5065 2082 5123 exinde

499 5139 776 5239 tlt'onaxed';
795 5159 861 5239 'et
900 5166 1008 5232 per.
1034 5139 1293 5239 manicias
1322 5162 1467 5199 suas.
1626 5143 1681 5196 in
1714 5141 1988 5239 disserta'tl.
2019 5139 2084 5193 de

642 5238 645 5239 ,
847 5229 863 5239 .
926 5217 1281 5239 -..-..--Α--,...ιξ
1350 5230 1487 5239 κη..-
1588 5214 1617 5239 '1
1650 5210 1885 5239 ΛΛΛ-ι-ιιιῖ.
1990 5224 2054 5239 ..Α

501 5221 693 5292 Contit.
720 5208 884 5292 palat.
901 5208 1321 5292 animadverti,
1350 5230 1491 5292 anno
1515 5214 1620 5270 855
1648 5210 1890 5292 occurrit
1933 5208 2084 5292 liac-

500 5290 693 5417 Qoldus
714 5279 882 5371 cantes
905 5288 1107 5360 palatii.
1148 5279 1345 5343 Nescio
1374 5286 1561 5340 ﬁerine
1590 5280 1829 5408 potuerit
1856 5287 1918 5334 ut
1942 5279 2086 5333 idem

554 5376 837 5417 eronensxs
879 5374 1061 5415 comes
1094 5399 1110 5417 .
1144 5360 1236 5417 nui
1274 5358 1330 5412 in
1359 5359 1551 5412 charta
1615 5369 1700 5408 iac
1731 5356 2085 5415 memoratus,

554 5360 837 5417 eronensis
879 5356 1061 5415 comes
1094 5399 1110 5424 ,
1144 5360 1236 5429 qui
1274 5358 1330 5412 in
1359 5359 1551 5429 charta
1596 5356 1700 5408 hac
1731 5356 2085 5429 memoratus,

547 5432 834 5512 rocedente
860 5422 1105 5512 tempore
1128 5422 1375 5512 ampliori
1412 5427 1504 5482 illo
1516 5438 1752 5512 munere
1777 5422 2007 5512 donatus
2028 5427 2085 5512 e‘t

531 5507 725 5560 ’unctus
770 5500 933 5556 fuerit
958 5490 987 5563 ;’
1005 5515 1075 5554 an
1102 5490 1284 5569 potius
1322 5512 1491 5569 nepos
1514 5495 1680 5569 illius,
1726 5502 1820 5547 aut
1845 5492 1986 5545 alter
2017 5490 2084 5546 ab

506 5590 576 5655 eo
613 5589 783 5630 comes
803 5570 985 5655 palatii
1009 5566 1289 5655 idicend‘us
1317 5566 1560 5655 sit._lSed
1599 5578 1907 5655 quanquam
1935 5568 2086 5643 tanta

506 5630 653 5705 foret
678 5630 987 5706 comitibus,
1009 5640 1113 5696 hoc
1144 5649 1229 5696 est
1265 5638 1539 5711 judicibus
1564 5630 1744 5711 populi
1761 5630 2081 5711 ordinariis,

512 5717 832 5801 auctoritas,
873 5706 1450 5801 et‘ampliorquoqjule
1471 5708 1651 5763 missis
1677 5706 1861 5787 regiis,

510 5786 783 5870 iudicibus
800 5771 1299 5870 extraordinariis}
1333 5771 1522 5862 adhuc
1554 5771 2087 5870 tamen'sikquando

516 5846 777 5925 placitum
800 5855 1003 5915 habere
1026 5861 1084 5911 et
1104 5850 1370 5924 judicium
1399 5849 1679 5905 instituere
1710 5846 1960 5901 volebant
1989 5859 2089 5898 ex-

1571 303 1886 365 LUDOVICI
1926 301 1947 356 1
1982 287 2450 355 COGNOMENTO
2486 285 2586 353 Pii,-

1569 431 1736 480 tatem
1763 426 2004 475 rectores
2032 417 2086 479 Α
2110 407 2396 465 audientes
2423 390 2866 455 comendavimus
2893 384 3066 459 ipsius
3092 381 3383 455 Hucpuldi,
3409 389 3471 437 ut
3516 382 3716 452 inqui—

2114 510 2260 560 reret
2293 499 2360 555 de
2389 507 2552 552 causa
2576 492 2693 547 haec
2718 488 2766 545 si
2811 500 2936 543 cum
2964 483 3176 555 legibus
3196 480 3441 545 haberet,
3485 480 3716 535 veniret.

1382 569 1585 666 habere
1618 604 1705 661 vel
1732 569 2013 674 possidere
2112 594 2182 650 ad
2209 589 2387 665 plaido
2412 627 2429 655 ,
2454 593 2511 642 et
2535 598 2644 654 qua
2679 594 2737 636 re
2770 577 2961 634 melius
2987 573 3209 645 poterit,
3244 587 3366 627 eam
3411 569 3704 626 defendat.

3557 269 3710 326 1104

1670 791 1848 849 clesia:
1880 758 2016 858 jure
2113 776 2386 853 peratoris
2409 774 2587 847 jussu,
2608 769 2687 826 sic
2713 769 2828 840 ipse
2862 763 3176 835 Hucpuldus
3194 758 3541 816 comendavit
3564 772 3721 827 prm-

1687 850 1934 957 legaliter
1960 880 2017 934 in
2116 850 2230 927 l‘ato
2255 868 2584 940 Raginperto
2609 862 2829 919 scavino
2858 867 2914 914 et
2937 858 3267 911 advocatore
3298 866 3421 917 suo,
3452 858 3512 904 ut
3553 850 3721 904 exin-

2119 967 2186 1022 de
2206 962 2500 1033 inquirere,
2547 966 2603 1012 et
2631 954 2700 1010 ad
2727 952 2909 1024 plaido
2938 950 3177 1022 plainam
3206 945 3481 1001 racionem
3515 940 3733 997 exinde

2121 1056 2376 1116 donared.
2410 1052 2596 1109 Posito
2652 1046 2853 1119 placito
2901 1044 3181 1101 venientes
3235 1055 3336 1096 nos
3387 1044 3597 1094 statuto
3632 1035 3736 1091 die

2123 1150 2179 1204 in
2204 1155 2353 1204 certe
2390 1145 2525 1216 regi,
2567 1156 2687 1213 qua:
2715 1139 2915 1195 dicitur
2941 1134 3183 1199 Pociolo,
3211 1132 3332 1204 ripa
3365 1129 3525 1184 ﬂuvio
3568 1127 3737 1182 Men-

2123 1241 2230 1307 cio,
2246 1248 2303 1293 et
2332 1252 2455 1293 cum
2473 1232 2893 1291 ressedissemus
2927 1226 3059 1282 inibi
3086 1226 3154 1280 ad
3169 1238 3391 1279 caussas
3411 1220 3736 1285 audientes,

2125 1332 2461 1390 ressedentes
2514 1327 2798 1383 nobiscum
2844 1321 3091 1376 Andreas
3139 1317 3427 1388 episcopus
3476 1311 3740 1368 Vieenti-

2124 1444 2250 1496 nus,
2288 1435 2342 1482 et
2390 1426 2504 1496 ipse
2537 1419 2850 1492 Hucpuldus
2903 1415 3075 1472 comis
3101 1454 3117 1480 ,
3157 1412 3373 1469 Sevodo
3421 1407 3601 1465 comis
3660 1406 3742 1461 de

2127 1521 2362 1586 Mantua,
2394 1525 2449 1572 et
2475 1512 2876 1586 suprascriptus
2900 1508 3149 1562 Andreas
3173 1503 3369 1574 judex,
3400 1509 3457 1555 et
3486 1496 3743 1554 Bonil'ri-

2128 1622 2236 1679 tus,
2263 1611 2469 1682 Lupus,
2494 1605 2818 1670 Bodonicus,
2848 1609 2903 1656 et
2923 1600 3039 1671 ipse
3065 1599 3256 1660 Draco,
3286 1602 3342 1650 et
3363 1592 3746 1661 Raginpertus

2132 1681 2404 1768 scavinus,
2428 1699 2515 1755 vel
2540 1696 2755 1768 reliqui,
2784 1710 2863 1749 Sic
2893 1692 3008 1763 ipse
3026 1687 3326 1745 Bonifritus
3350 1684 3536 1740 retulit
3571 1681 3745 1737 nobis

2137 2073 2461 2133 Nonantulae
2507 2066 2798 2125 ostendere
2838 2061 2973 2127 vult,
3006 2066 3103 2115 aut
3136 2074 3237 2129 pro
3278 2070 3385 2127 qua
3414 2066 3583 2108 causa
3618 2062 3753 2104 eam

2139 2163 2485 2226 contradicit.
2542 2179 2562 2213 ι
2598 2158 2703 2227 Qui
2727 2164 2784 2213 et
2810 2156 2927 2227 ipse
2953 2149 3202 2222 Hucpuld
3255 2148 3430 2204 comis
3464 2153 3524 2200 et
3546 2156 3755 2213 supra-

2144 2263 2348 2333 scripto
2379 2256 2744 2328 Raginpertus
2776 2249 3100 2305 advocatore
3134 2242 3252 2313 ejus
3279 2242 3571 2304 dixerunt,
3597 2234 3753 2306 quod

2142 2354 2346 2410 nullam
2376 2350 2651 2406 racionem
2682 2341 2962 2417 justiciam
2987 2336 3234 2395 invenire
3276 2332 3613 2406 potuissent,
3645 2339 3752 2379 nec

2139 2445 2400 2521 poterint,
2444 2437 2712 2513 quomodo
2757 2442 3009 2506 quartam
3040 2436 3253 2502 partem
3280 2432 3337 2481 et
3386 2420 3752 2477 medietatem

2143 2514 2209 2593 ex
2238 2534 2413 2591 tribus
2437 2528 2778 2605 portionibus
2803 2526 2870 2582 de
2894 2521 3122 2597 praefata
3150 2519 3286 2575 silva
3308 2514 3507 2572 Ostilia
3539 2523 3750 2579 excep-

2144 2629 2217 2686 tis
2243 2627 2454 2683 duabus
2481 2623 2720 2681 sortibus
2748 2662 2764 2688 ,
2793 2634 2929 2692 quas
2960 2616 3215 2688 superius
3264 2606 3676 2667 nominavimus
3714 2617 3753 2656 a

2145 2728 2301 2794 parte
2336 2716 2582 2791 praedicti
2606 2711 2926 2772 monasterii
2966 2725 3089 2766 cum
3121 2708 3242 2778 lege
3273 2700 3479 2776 poterit
3531 2704 3756 2753 contra-

2149 2813 2349 2871 dicere.
2376 2810 2470 2866 Sic
2497 2809 2563 2866 de
2587 2806 2842 2880 praesenti
2879 2805 2996 2873 ipse
3025 2795 3270 2869 llucpold
3297 2807 3484 2851 comes
3508 2805 3614 2861 per
3637 2802 3757 2842 ma.

2149 2905 2324 2962 nicias
2363 2917 2492 2959 suas
2543 2900 2613 2956 de
2647 2913 2811 2962 manu
2857 2894 3102 2964 ejusdem
3152 2886 3451 2944 Bonifritus
3505 2897 3539 2935 a
3591 2884 3755 2949 parte

2151 2996 2365 3069 praefati
2394 2991 2714 3050 monasterii
2739 2986 3040 3045 revestivit.
3076 2982 3230 3041 Unde
3252 2988 3309 3035 et
3330 2992 3432 3050 pro
3448 2972 3753 3031 securitate

2154 3087 2398 3159 ejusdem
2427 3082 2747 3142 monasterii
2769 3076 3108 3144 Nonantulae,
3136 3076 3280 3131 hanc
3306 3068 3575 3125 noticiam
3596 3062 3751 3119 face-

2079 3174 2126 3238 C
2157 3198 2218 3240 re
2246 3179 2702 3239 oommonuimus.

2225 3289 2341 3360 Ego
2370 3285 2666 3343 Deusdedit
2685 3282 2930 3339 notarius
2953 3275 3222 3350 regularis
3243 3271 3462 3344 scripsi,
3488 3281 3639 3324 anno
3662 3263 3757 3319 do-

2157 3356 2301 3439 mni'
2317 3379 2545 3437 Ludoici
2594 3374 2939 3448 imperatoris
2981 3370 3246 3442 septimo,
3278 3364 3457 3438 pridie
3482 3356 3756 3415 Kalendas

2158 3474 2395 3546 Aprelis,
2426 3469 2722 3526 indictione
2760 3462 3159 3523 tertiadecima.

2233 3571 2348 3641 Ego
2383 3565 2647 3622 Rataldus
2686 3561 2997 3629 episcopus,
3036 3549 3204 3606 misso
3235 3542 3421 3601 domui
3458 3542 3757 3613 imperato-

2164 3664 2242 3720 ris
2262 3675 2427 3718 manu
2462 3671 2584 3712 mea
2609 3648 2926 3721 subscripsi.

2235 3756 2350 3826 Ego
2373 3751 2619 3807 Andreas
2634 3745 2918 3817 episcopus
2945 3733 3257 3793 Vieentinus
3276 3729 3623 3788 concordans
3636 3724 3759 3783 sub

2168 3848 2386 3920 scripsi.

2239 3940 2486 3997 Andreas
2501 3933 2670 4007 judex
2690 3925 3006 4000 subscripsi.

2239 4034 2420 4090 Draco
2445 4023 2766 4096 subscripsi.

2242 4124 2607 4196 Baginpertus
2634 4116 2889 4174 scavinus
2914 4107 3231 4181 subscripsi.

2246 4217 2362 4289 Ego
2385 4211 2701 4284 Hucpuldus
2718 4221 2903 4264 comes
2940 4199 3257 4272 subscripsi.

2190 4304 2194 4309 ’
2243 4312 2360 4384 Ego
2393 4306 2693 4364 Bonifritus
2717 4300 2967 4358 notarius
2992 4291 3326 4365 subscripsi.j

2246 4406 2362 4479 Ego
2389 4402 2505 4460 Odo
2532 4413 2716 4457 comes
2738 4392 3054 4464 subscripsi.

2252 4498 2436 4568 Lupus
2459 4490 2778 4560 subscripsi.

2251 4585 2559 4646 Bodonicus
2597 4578 2920 4649 subscripsi.

2254 4679 2617 4739 Brandolinus
2644 4670 2942 4741 subscripsi
2968 4681 3016 4723 ε.

2183 4804 2270 4852 tra
2295 4786 2731 4864 palatiumuregis
2751 4826 2765 4848 ,
2787 4791 2890 4864 aut
2917 4786 3073 4836 extra
3257 4784 3447 4864 eoru|m
3493 4764 3774 4864 proprias2

2185 4834 2364 4923 idueisu
2396 4834 3124 4923 inutErdicvt‘u'm'fuitpneque
3154 4845 3339 4923 facere
3387 4834 3595 4919 licebat
3606 4834 3647 4901 ί,
3654 4834 3776 4923 (ξιίεί

2186 4938 2481 5005 impetrata
2498 4930 2668 5005 venia
2683 4944 2713 4980 a
2734 4905 2969 5005 dominis
2995 4905 3330 5005 ejusdem}?
3354 4920 3448 5005 a‘ut
3636 4905 3777 5005 ita:

2389 4978 2481 5059 “id.
2814 4994 2885 5049 22
2922 4978 3209 5068 Ludovici‘
3233 4978 3779 5068 Pii'August‘ijlntgr

2185 5043 3070 5145 ἰΪςιῖἐὲιξᾷἷάἱὲᾅὲ,’ᾖῗιῑιξῦεἷᾱιῖιὶ
3097 5043 3140 5124 1’,
3174 5058 3301 5145 fter.
3328 5043 3500 5109 Italic.
3535 5049 3629 5104 ubi
3654 5043 3780 5145 legi-

2186 5126 2348 5202 musU:
2387 5142 2600 5197 Minora
2630 5126 2748 5193 i'e'ro
2776 5126 2972 5208 placita
3003 5126 3340 5208 cotnesjnfra
3364 5138 3519 5208 suam
3544 5126 3777 5208 potesta—

2189 5228 2313 5282 tem,
2342 5214 2418 5270 vel
2446 5212 2534 5266 ubi
2576 5185 2859 5282 impetrare
2879 5185 3128 5282 potuerit,
3170 5185 3773 5282 habent.‘Quamobretq

2188 5260 2835 5343 ’iﬁ'aﬁéi.i§"£dibus
2870 5260 2967 5326 aut
2995 5260 3141 5340 agris
3167 5270 3312 5336 (nam
3349 5269 3404 5314 et
3436 5260 3501 5343 in
3541 5269 3700 5343 agro,
3721 5260 3779 5343 et

2192 5322 2295 5414 Elii,
2333 5322 2444 5417 dio,
2481 5322 2537 5405 Et
2553 5322 2660 5404 ξ’υῦ
2685 5322 2970 5400 arboribus
2997 5322 3107 5393 non
3132 5322 3406 5413 nunquam
3450 5328 3504 5383 id
3545 5322 3775 5405 factum)

2188 5395 2390 5499 pla-cita
2426 5395 3226 5499 celebrabat:tui-{consuevere
3263 5395 3491 5499 colmites
3534 5406 3593 5452 et
3624 5395 3780 5499 misit;

2599 5491 2610 5499 “
2709 5488 2720 5498 “
2825 5484 2839 5499 ¹
2914 5482 2925 5493 ⁸
2957 5482 2997 5499 ος
3026 5496 3075 5499 μ-
3107 5487 3266 5499 ⁸ν>ιιιαιιι
3303 5475 3315 5499 3
3362 5474 3409 5499 ΣΑ
3458 5468 3721 5499 ζηοοῖοιιαη

2188 5462 2487 5553 exposcere
2523 5506 2553 5545 a
2581 5488 2799 5544 domino
2825 5462 3270 5553 loci‘lacultate_m
3292 5473 3409 5553 illic
3450 5462 3780 5553 instituendi

2183 5538 2394 5640 judici‘i.
2418 5538 2969 5640 impetrata—quoque
2998 5551 3156 5635 venia
3208 5548 3263 5640 in
3290 5544 3422 5615 ipsis
3444 5538 3779 5640 judici’orum

2189 5606 2396 5695 chartis
2424 5606 2654 5701 exprimi
2690 5606 2976 5701 consuevit
3009 5622 3079 5677 iis
3116 5606 3327 5701 verbis,
3346 5606 3589 5701 per'data
3612 5606 3777 5661 licetl-

1912 5703 1967 5758 ίιί
2004 5708 2091 5783 {Si
2188 5688 2291 5783 ἷίῖρξ
2314 5688 2389 5761 ne,
2416 5688 2889 5783 quidquamujuris
2934 5695 2990 5749 in
3021 5707 3147 5747 eam
3178 5689 3397 5744 domum
3444 5688 3541 5783 aqt
3582 5689 3775 5783 agrum

2704 5782 2707 5783 ν
2818 5782 2821 5783 ν
2868 5764 3089 5783 λμηιιε-ε-
3120 5762 3170 5783 2..
3193 5767 3469 5783 ---η-...ι
3521 5766 3583 5783 η,
3602 5758 3728 5783 κω

2186 5750 2838 5841 ίξῖὖίθῖἕᾶἣηῖιᾶἰξίὖὴὲ
2866 5750 3098 5835 publicis
3120 5762 3175 5817 in
3193 5767 3472 5832 posterum
3495 5750 3585 5808 fas
3602 5751 3769 5803 esset.
