4048 6350
366 404 508 462 M05

1063 516 1220 573 XCV.

788 647 887 690 PRO
926 647 1259 689 HONAS'IERlO
1298 648 1521 690 INDENSI.

978 725 1152 799 (Anno
1181 726 1331 798 321.)

358 819 540 894 [Apud
563 817 820 887 Martem,
842 817 1287 962 Ampliflp£223
1320 825 1451 875 tom.
1475 817 1527 885 l,
1558 832 1626 875 ex
1649 834 1754 876 ms.
1779 819 1846 875 D.
1872 820 1939 879 de

425 983 487 1040 In
526 981 747 1039 nomine
773 981 988 1037 Domini
1030 980 1127 1037 Dei
1171 989 1226 1037 et
1265 980 1567 1039 Salvatoris
1606 982 1781 1039 nostri
1807 981 1938 1040 Iesu

355 1073 588 1139 Christi,
618 1073 924 1131 Ludovicus
952 1074 1132 1129 divina
1157 1074 1444 1131 ordinante
1469 1075 1809 1147 providentia
1836 1077 1936 1133 im-

353 1174 574 1239 perator
596 1166 890 1238 Augustus,
917 1166 1168 1223 omnibus
1193 1168 1479 1239 episcopis,
1506 1169 1817 1237 abbatibus,
1846 1186 1938 1227 co—

353 1260 598 1326 mitibus,
621 1259 865 1325 vicariis,
891 1261 1243 1329 centenariis,
1270 1261 1571 1330 telonariis,
1596 1263 1933 1333 actionariis,

349 1351 439 1407 vel
485 1351 737 1407 omnibus
787 1351 1174 1421 rempublicam
1235 1352 1777 1421 administrantibus,
1839 1370 1936 1411 seu

349 1440 563 1497 caeteris
610 1440 856 1497 fidelibus
903 1450 1105 1498 sancta;
1149 1443 1247 1499 Dei
1294 1444 1551 1501 Ecclesia:
1599 1454 1655 1503 et
1699 1448 1931 1515 nostris,

348 1540 464 1588 tam
501 1535 862 1604 przesentibus
899 1552 1064 1607 quam
1104 1545 1161 1593 et
1199 1537 1397 1595 futuris
1424 1581 1439 1606 ,
1488 1549 1677 1597 notum
1707 1542 1778 1597 sit
1804 1542 1932 1614 quia

348 1626 720 1682 concessimus
747 1629 1078 1684 monasterio
1101 1638 1289 1686 nostro
1310 1642 1361 1697 α,
1387 1631 1531 1701 quod
1553 1632 1755 1689 dicitur
1776 1633 1930 1703 Inda,

346 1718 492 1788 quod
533 1728 617 1774 est
653 1719 891 1775 dicatum
930 1720 988 1775 in
1029 1722 1235 1777 honore
1274 1723 1490 1777 Domini
1531 1732 1588 1778 et
1634 1722 1933 1781 Salvatoris

342 1811 521 1865 nostri
547 1809 675 1866 Jesu
699 1810 927 1877 Christi,
958 1821 1328 1867 constructum
1359 1813 1414 1868 in
1445 1814 1578 1869 silva
1607 1822 1797 1870 nostra
1825 1814 1929 1870 Ar-

1504 401 1899 460 DIPLOMATA
1937 396 2492 457 ECCLESIASTICA.

1959 517 2012 578 Α
2108 512 2241 568 Data
2272 522 2426 570 sexto
2451 511 2575 567 ldus
2598 510 2882 568 Februarii
2905 525 2953 581 ο,
2990 531 3131 573 anno
3156 517 3359 574 Christi
3384 521 3620 592 propitio

3484 404 3621 462 1106

2041 609 2075 663 8
2105 608 2318 678 imperii
2356 606 2539 663 domui
2572 606 2829 663 Ludovici
2862 610 3197 665 serenissimi
3224 610 3487 684 Augusti,
3535 611 3615 667 in-

2038 700 2276 756 dictione
2304 699 2392 755 l4.
2427 699 2624 756 Actum
2650 699 2977 771 Aquisgrani
3005 700 3208 772 palatio
3237 704 3409 776 regio,
3442 704 3501 760 in
3524 703 3624 762 Dei

2038 793 2259 851 nomine
2280 792 2531 850 feliciter.
2558 794 2750 851 Amen.

2728 884 2912 943 XCVI.

2394 995 2496 1035 PRO
2521 995 2863 1037 MONASTERIO
2897 995 3259 1037 BUCHAVIENSI.

2647 1070 2822 1144 (Anno
2863 1070 3015 1144 821.)

2039 1160 2217 1234 [Apud
2247 1162 2507 1219 Schaten.
2527 1203 2543 1229 ,
2570 1162 2802 1218 Annales
2830 1161 3317 1230 Paderbornenses,
3341 1178 3466 1234 pag.
3505 1161 3623 1238 67.]

2104 1258 2163 1312 ln
2198 1259 2419 1315 nomine
2445 1258 2661 1314 Domini
2692 1257 2790 1312 Dei
2834 1265 2891 1313 et
2933 1255 3233 1313 Salvatoris
3278 1258 3457 1313 nostri
3492 1256 3625 1314 Jesu

2035 1351 2260 1418 Christi,
2284 1351 2592 1407 Ludovicus
2611 1349 2799 1405 divina
2828 1349 3115 1404 ordinante
3140 1348 3480 1422 providentia
3523 1349 3626 1405 im-

2033 1453 2254 1518 perator
2278 1444 2577 1517 Augustus.

2107 1536 2165 1591 Si
2194 1535 2536 1592 sacerdotum
2571 1543 2628 1590 et
2658 1549 2941 1591 servorum
2990 1533 3086 1589 Dei
3128 1534 3443 1605 petitiones,
3480 1547 3619 1603 quas

2034 1644 2134 1700 pro
2157 1629 2272 1684 suis
2298 1627 2716 1683 necessitatibus
2739 1626 3095 1693 innotuerint,
3125 1626 3194 1681 ad
3218 1624 3468 1681 eﬁ'ectum
3500 1639 3626 1696 per-

2035 1721 2303 1788 ducimus,
2330 1736 2437 1777 non
2463 1720 2637 1777 solum
2664 1721 3005 1792 imperialem
3031 1732 3347 1775 exercemus
3367 1731 3623 1772 mansue-

2036 1812 2294 1877 tudinem,
2323 1827 2517 1867 verum
2549 1812 2715 1867 etiam
2745 1812 2813 1866 ad
2839 1813 3013 1867 beatae
3057 1809 3435 1865 retributionis
3474 1823 3619 1863 mer-

343 1902 591 1968 duenna,
633 1903 724 1958 ubi
762 1904 927 1977 etiam
962 1919 1109 1959 nunc
1134 1904 1419 1975 religiosus
1448 1906 1532 1960 vir
1554 1906 1878 1965 Benedictus
1899 1909 1931 1950 ιι
1958 1896 2007 1955 Β
2035 1904 2223 1959 cedem
2248 1903 2376 1959 talia
2413 1904 2570 1958 nobis
2595 1902 2737 1958 facta
2764 1902 3049 1972 profutura
3086 1899 3432 1955 conﬁdimus.
3476 1898 3620 1967 Qua-

342 1992 510 2047 abbas
535 2002 755 2062 praeest,
785 2002 841 2048 et
864 1994 1011 2049 omni
1040 1997 1448 2066 congregationi
1478 1995 1679 2053 ibidem
1709 1997 1822 2055 Deo
1848 1999 1932 2056 fa-

340 2082 599 2149 mulanti,
646 2099 807 2139 omne
850 2084 1142 2152 telonium,
1184 2093 1295 2141 tam
1325 2087 1392 2142 de
1420 2089 1647 2145 navibus
1675 2105 1794 2160 quae
1831 2107 1931 2163 per

340 2173 555 2230 diversa
574 2172 795 2231 flumina
822 2176 1035 2247 imperii
1060 2177 1232 2233 nostri
1254 2193 1354 2249 pro
1374 2180 1616 2249 qualibet
1639 2197 1698 2237 re
1718 2182 1929 2239 discur-

336 2274 507 2334 runt,
555 2283 716 2338 quam
756 2276 813 2324 et
853 2269 920 2324 de
957 2270 1137 2325 curris
1182 2277 1238 2324 et
1283 2271 1569 2342 sagmariis
1604 2274 1928 2331 necessariis

340 2357 528 2430 [Forte
556 2360 886 2433 necessaria]
932 2360 1103 2431 ipsius
1144 2363 1466 2418 monasterii
1502 2363 1587 2418 vel
1627 2379 1926 2438 congrega-

337 2449 504 2504 tionis
549 2448 750 2505 ibidem
790 2451 902 2506 Deo
940 2450 1253 2508 famulantis
1292 2452 1691 2523 deferentibus,
1733 2458 1819 2512 vel
1859 2459 1926 2515 de

337 2542 582 2613 quolibet
625 2543 732 2601 alio
778 2546 996 2616 negotio
1043 2547 1404 2617 undecunque
1451 2547 1614 2606 ﬁscus
1660 2550 1924 2608 telonium

334 2634 553 2704 exigere
578 2644 823 2705 poterat,
856 2637 909 2692 in
936 2636 1209 2709 integrum
1234 2640 1625 2708 concessimus,
1656 2649 1716 2697 ut
1742 2644 1924 2700 nullus

334 2726 565 2796 quilibet
605 2727 865 2785 telonium
910 2738 1004 2784 aut
1041 2730 1278 2801 aliquam
1306 2732 1644 2787 exactionem
1673 2735 1924 2807 accipere

332 2826 428 2873 aut
466 2819 683 2889 exigere
718 2829 1032 2892 przesumat.
1079 2822 1233 2879 Unde
1272 2823 1413 2879 hanc
1449 2833 1647 2880 nostra?
1687 2828 1924 2883 auctori-

331 2911 462 2968 tatis
483 2913 902 2984 prreceptionem
942 2915 1202 2986 praedicto
1228 2918 1561 2973 monasterio
1598 2927 1655 2973 et
1690 2934 1922 2991 congre-

332 3002 537 3071 gationi
582 3003 782 3059 ibidem
828 3005 1043 3076 degenti
1088 3005 1207 3061 ﬁeri
1248 3008 1616 3078 praecipimus,
1642 3018 1704 3065 ut
1730 3026 1920 3083 naves,

2031 2003 2252 2067 propter
2276 2003 2466 2050 notum
2492 1996 2564 2051 sit
2583 1994 2826 2050 omnium
2852 1993 3092 2049 ﬁdelium
3114 2001 3425 2049 nostrorum
3449 1990 3619 2047 soler-

2032 2087 2143 2154 tiae,
2170 2087 2525 2158 praesentium
2564 2096 2621 2142 et
2656 2087 2985 2152 futurorum,
3022 2085 3147 2154 quia
3182 2083 3263 2138 vir
3289 2080 3617 2138 venerabilis

2030 2180 2226 2237 Castus
2254 2180 2423 2237 abbas
2470 2180 2712 2237 ecclesia:
2754 2195 2874 2252 qua:
2898 2186 3126 2235 vocatur
3154 2176 3457 2241 Fiscbechi,
3490 2191 3618 2232 cum

2030 2274 2288 2345 subjectis
2321 2274 2569 2330 ecclesiis
2597 2274 2652 2329 in
2674 2274 2865 2330 eodem
2889 2286 3026 2344 pago
3054 2270 3270 2342 Leriga,
3292 2277 3348 2324 et
3377 2283 3499 2324 cum
3524 2267 3618 2323 de-

2028 2350 2169 2424 cima
2200 2370 2267 2423 de
2295 2367 2431 2423 silva
2476 2367 2718 2423 Annueri
2747 2374 2801 2422 et
2825 2364 3159 2435 Ponteburg,
3186 2368 3243 2417 et
3271 2360 3484 2417 caeteris
3519 2373 3611 2414 ec-

2027 2457 2206 2514 clesiis
2233 2458 2288 2512 in
2308 2457 2506 2529 Hesiga
2527 2465 2582 2512 et
2608 2456 2870 2527 Fenkiga,
2896 2461 3125 2524 excepta
3159 2467 3268 2507 una
3297 2449 3528 2506 ecclesia
3556 2448 3613 2503 in

2028 2546 2305 2619 Saxlinga,
2330 2563 2491 2618 quam
2530 2548 2898 2603 concessimus
2942 2545 3011 2600 ad
3059 2543 3375 2615 parochiam
3427 2539 3616 2595 Sancti

2023 2638 2180 2695 Pauli
2211 2639 2445 2707 reverti,
2475 2639 2544 2693 ad
2578 2638 2755 2695 locum
2778 2637 2873 2709 qui
2894 2643 3123 2691 vocatur
3148 2627 3614 2702 Mimigernaford,

2024 2732 2117 2787 ubi
2167 2730 2449 2787 Gerfridus
2501 2731 2787 2801 episcopus
2833 2739 3070 2798 praeesse
3099 2718 3345 2790 videtur,
3385 2719 3614 2777 veniens

2023 2825 2093 2879 ad
2112 2824 2414 2895 nos,petiit
2459 2823 2835 2879 celsitudinem
2875 2827 3136 2886 nostram,
3166 2824 3226 2872 ut
3262 2816 3436 2886 ipsum
3487 2828 3616 2868 san-

2022 2922 2174 2971 ctum
2218 2915 2399 2971 locum
2443 2929 2544 2985 pro
2596 2913 2863 2970 mercedis
2916 2920 3119 2974 nostrae
3168 2914 3459 2980 augmento
3513 2905 3614 2961 sub

2024 3014 2217 3063 nostra
2245 3005 2564 3062 defensione
2597 3015 2653 3061 et
2680 3004 3039 3061 immunitatis
3064 3002 3297 3058 tuitione
3338 2999 3611 3069 recipere-

329 3094 415 3147 vel
441 3110 620 3161 curra,
650 3104 704 3151 et
730 3099 1007 3170 sagmarii,
1036 3113 1131 3154 seu
1158 3099 1410 3168 quaelibet
1436 3100 1539 3155 alia
1561 3101 1828 3169 vehicula,
1852 3103 1922 3160 ad
1952 3121 1996 3179 ο
2022 3114 2167 3155 mus.
2197 3098 2365 3170 Cujus
2400 3099 2650 3169 petitioni
2680 3115 2781 3169 pro
2801 3097 2984 3152 divino
3025 3110 3212 3151 amore
3247 3092 3610 3155 adsenSimUS.

330 3184 544 3240 diversa
575 3189 789 3259 negotia
825 3189 992 3259 ipsius
1016 3190 1331 3246 monasterii
1368 3192 1671 3263 peragenda
1692 3233 1708 3260 ,
1755 3203 1809 3250 et
1853 3199 1921 3254 ad

329 3276 687 3333 necessitates
719 3280 838 3350 ejus
872 3278 1252 3348 sublevandas,
1282 3296 1380 3351 per
1405 3282 1721 3340 universum
1750 3286 1921 3358 impe-

329 3367 473 3420 rium
503 3378 749 3424 nostrum
777 3369 947 3427 libere
975 3372 1314 3439 discurrant,
1362 3383 1417 3429 et
1460 3375 1639 3436 nullus
1672 3379 1922 3450 publicus

325 3454 515 3524 judex,
541 3460 627 3511 vel
658 3461 886 3528 quilibet
914 3471 1138 3519 exactor
1155 3462 1460 3532 iudiciaria:
1486 3470 1794 3538 potestatis,
1828 3479 1921 3527 aut

331 3545 628 3603 telonarius
673 3549 740 3603 de
787 3550 1014 3606 navibus
1057 3559 1150 3606 aut
1195 3554 1261 3609 de
1304 3557 1555 3614 omnibus
1594 3575 1714 3630 quae
1754 3576 1918 3633 supra

327 3647 630 3695 memorata
666 3648 831 3707 sunt,
890 3643 1245 3715 undecunque
1291 3648 1542 3706 videlicet
1580 3654 1745 3709 ﬁscus
1787 3655 1920 3712 telo-

328 3728 481 3784 nium
503 3730 720 3802 exigere
740 3741 937 3803 potest,
971 3735 1139 3792 ullum
1171 3740 1449 3809 telonium,
1485 3753 1575 3800 aut
1604 3746 1911 3819 ripaticum,

330 3828 425 3876 aut
458 3825 783 3893 portaticum
807 3868 822 3891 ,
869 3834 961 3881 aut
987 3831 1356 3900 pontaticum,
1401 3842 1495 3889 aut
1531 3837 1911 3908 salutalicum,

329 3922 426 3968 aut
454 3916 775 3984 rotaticum,
808 3925 900 3972 aut
926 3920 1355 3990 pulveraticum,
1387 3933 1479 3979 aut
1509 3931 1911 3999 cesponticum,

329 4017 425 4063 aut
466 4010 793 4066 travaticum
818 4051 833 4076 ,
887 4019 981 4065 aut
1028 4013 1195 4069 ullum
1242 4031 1527 4073 occursum
1552 4061 1566 4085 ,
1617 4022 1703 4075 vel
1744 4022 1915 4079 ullum

327 4112 551 4154 censum
575 4141 590 4166 ,
639 4109 733 4155 aut
761 4101 927 4156 ullam
957 4104 1370 4162 retributionem
1412 4109 1481 4165 ab
1522 4110 1602 4166 eis
1636 4113 1917 4182 requirere

325 4199 423 4246 aut
459 4186 716 4248 exactare
745 4203 1053 4263 praesumat.
1104 4195 1211 4253 Sed
1239 4198 1445 4255 licitum
1476 4202 1547 4257 sit
1576 4204 1784 4274 absque
1812 4205 1916 4260 ali-

326 4281 483 4351 cujus
519 4283 709 4338 illicita
747 4286 1134 4343 contrarietate
1165 4289 1252 4344 vel
1285 4291 1599 4349 detentione
1638 4311 1738 4366 per
1772 4297 1916 4352 hanc

324 4382 571 4439 nostram
596 4376 978 4431 auctoritatem
997 4418 1012 4444 ,
1052 4394 1240 4447 naves,
1268 4397 1453 4448 curra,
1482 4387 1798 4455 sagmarius,
1828 4387 1914 4443 vel

326 4474 527 4522 caetera
551 4466 796 4522 vehicula
816 4508 832 4534 ,
871 4476 928 4523 et
965 4470 1215 4527 homines
1240 4473 1333 4542 qui
1363 4474 1467 4530 hoc
1503 4476 1794 4544 providere
1819 4478 1914 4533 de-

324 4555 487 4624 bent,
530 4572 654 4612 cum
685 4559 771 4613 his
802 4575 923 4629 quae
954 4560 1235 4628 deferunt,
1280 4578 1377 4633 per
1404 4565 1717 4621 universum
1748 4568 1915 4638 impe-

325 4648 468 4702 rium
498 4656 749 4703 nostrum
776 4650 947 4705 libere
973 4659 1135 4721 atque
1160 4667 1347 4709 secure
1373 4655 1453 4709 ire
1481 4666 1536 4711 et
1558 4658 1757 4726 redire,
1785 4668 1840 4714 et
1867 4661 1916 4716 si

324 4739 538 4811 aliquas
564 4756 748 4797 moras
778 4743 833 4798 in
862 4744 1103 4813 quolibet
1138 4745 1258 4801 loco
1295 4745 1556 4817 fecerint,
1589 4759 1684 4807 aut
1711 4752 1915 4823 aliquid

321 4832 555 4887 mercati
581 4830 787 4890 fuerint
820 4843 915 4890 aut
942 4836 1319 4905 vendiderint,
1369 4839 1505 4895 nihil
1543 4842 1614 4896 ab
1648 4841 1729 4897 eis
1756 4859 1914 4914 pror-

323 4942 440 4993 sus,
469 4936 529 4983 ut
573 4926 779 4983 dictum
809 4936 922 4995 est,
963 4931 1231 5003 exigatur.
1278 4931 1406 4989 Haec
1438 4948 1569 4989 vero
1617 4937 1912 4993 auctoritas

316 5028 384 5078 ‘ut
411 5024 716 5095 pleniorem
760 5026 819 5080 in
864 5026 961 5081 Dei
1000 5028 1221 5085 nomine
1263 5029 1506 5087 obtineat
1532 5033 1808 5105 vigorem,
1856 5042 1914 5090 et

321 5118 575 5173 omnibus
597 5118 779 5173 verius
813 5126 1000 5174 nostra
1038 5135 1160 5177 esse
1193 5122 1472 5191 credatur,
1508 5133 1565 5179 et
1599 5125 1910 5195 diligentius

322 5214 699 5273 conservetur,
744 5209 813 5262 de
854 5210 1053 5266 annulo
1092 5222 1281 5270 nostro
1323 5216 1510 5272 subter
1538 5216 1800 5286 jussimus
1838 5219 1911 5274 si-

322 5298 525 5370 gillari.

393 5390 681 5450 Durandus
703 5392 965 5450 diaconus
992 5392 1063 5449 ad
1079 5393 1254 5451 vicem
1279 5394 1549 5470 Fridugisi
1572 5401 1902 5471 recognovit.

396 5519 423 5548 τι
450 5507 620 5582 Suum
646 5518 806 5567 vocat
841 5509 1071 5567 lndense
1107 5515 1496 5570 monasterium
1518 5558 1533 5582 ,
1582 5533 1689 5574 non
1730 5521 1903 5577 solum

322 5577 664 5655 quod‘regio
698 5597 795 5655 suo
837 5582 1033 5653 palatio
1073 5585 1382 5655 proximum
1411 5577 1578 5655 esset,
1602 5591 1697 5646 sed
1739 5592 1904 5648 etiam

323 5648 453 5718 quia
482 5648 613 5705 illud
640 5648 977 5710 fundaverat.

398 5720 427 5791 Ρ
455 5720 556 5776 llic
592 5730 675 5777 est
710 5726 977 5782 maximus
1014 5726 1103 5782 ille
1138 5727 1459 5786 Benedictus
1494 5732 1702 5790 ordinis
1732 5735 1904 5791 nostri

323 5788 682 5875 reformator,
733 5795 899 5851 abbas
945 5798 1269 5875 Anianeusis
1317 5812 1374 5856 et
1416 5788 1700 5872 lndensis
1734 5788 1905 5875 cuius

327 5861 565 5919 maxime
582 5876 747 5932 opera
766 5878 1150 5936 congregatum
1170 5870 1350 5928 fuerat
1372 5875 1561 5945 paucis
1578 5861 1706 5934 ante
1724 5861 1902 5946 annis,

2022 3198 2078 3245 et
2100 3191 2175 3244 ita
2205 3189 2261 3243 in
2297 3190 2572 3255 omnibus,
2598 3190 2723 3259 quia
2756 3188 2903 3260 juste
2928 3194 2984 3242 et
3017 3183 3411 3241 rationabiliter
3431 3180 3614 3252 petiit,

2024 3294 2123 3352 per
2156 3282 2297 3337 hanc
2335 3290 2579 3337 nostram
2621 3281 2997 3336 auctoritatem
3041 3276 3366 3334 conﬁrmare
3404 3272 3617 3329 studui-

2022 3389 2163 3429 mus.
2186 3373 2572 3445 Prmcipientes
2594 3389 2723 3445 ergo
2742 3372 2999 3443 jubemus
3024 3379 3085 3426 ut
3124 3370 3304 3425 nullus
3322 3367 3486 3440 judex
3516 3380 3613 3437 pu-

2020 3463 2216 3533 blicus,
2236 3481 2412 3537 neque
2424 3465 2682 3536 quislibet
2695 3481 2762 3520 ex
2777 3464 3063 3534 iudiciaria
3087 3467 3382 3535 potestate,
3405 3474 3504 3515 seu
3519 3458 3614 3513 ali-

2023 3558 2145 3629 quis
2165 3573 2233 3612 ex
2248 3558 2499 3613 ﬁdelibus
2510 3567 2712 3613 sancta:
2726 3556 2823 3612 Dei
2839 3556 3119 3622 Ecclesiae,
3134 3569 3200 3610 ac
3213 3552 3436 3617 nostris,
3455 3551 3509 3605 in
3532 3565 3614 3606 ec-

1984 3698 1991 3711 .
2022 3650 2238 3717 clesias,
2265 3650 2509 3715 autloca,
2540 3650 2623 3705 vel
2638 3665 2817 3722 agros,
2835 3664 2930 3704 seu
2953 3647 3194 3717 reliquas
3212 3642 3609 3715 possessiones,

2020 3758 2156 3813 quas
2168 3743 2428 3798 moderuo
2443 3751 2684 3811 tempore
2691 3740 2839 3810 juste
2852 3747 2907 3794 et
2920 3735 3321 3793 rationabiliter
3329 3733 3611 3805 possidere

2018 3834 2256 3900 videtur,
2288 3834 2343 3887 in
2374 3832 2706 3902 quibuslibet
2738 3831 2894 3902 pagis
2923 3836 2980 3884 et
3015 3826 3311 3885 territoriis
3332 3826 3486 3891 sitas,
3522 3821 3611 3878 vel

2018 3926 2283 3996 quidquid
2337 3926 2503 3979 etiam
2550 3924 2804 3994 deinceps
2842 3930 3065 3993 propter
3091 3920 3335 3976 divinum
3364 3931 3606 3973 amorem

2018 4017 2273 4073 collatum
2296 4015 2481 4082 fuerit,
2510 4016 2579 4070 ad
2603 4031 2797 4071 causas
2827 4013 3145 4075 audiendas,
3177 4010 3262 4065 vel
3290 4008 3446 4063 freda
3488 4008 3607 4063 exi-

2018 4111 2192 4183 genda
2211 4151 2225 4176 ,
2256 4117 2348 4165 aut
2376 4110 2689 4164 mansiones
2713 4116 2769 4163 et
2796 4113 3015 4178 paratas
3040 4102 3339 4170 faciendas,
3369 4108 3462 4157 aut
3508 4101 3609 4156 ho-

2016 4205 2194 4259 mines
2226 4203 2395 4273 ipsius
2419 4201 2661 4258 ecclesize
2687 4208 2798 4255 tam
2824 4200 3090 4271 ingenuos
3117 4212 3283 4268 quam
3321 4203 3378 4251 et
3416 4208 3606 4250 servos

2016 4295 2215 4367 injuste
2246 4293 2669 4365 distringendos,
2704 4300 2799 4346 aut
2826 4290 2966 4346 ullas
2994 4287 3407 4352 redhibitioncs,
3425 4285 3514 4340 vel
3542 4283 3608 4339 il-

2013 4389 2193 4444 licitas
2221 4387 2538 4443 occasiones
2569 4384 2923 4455 requirendas
2951 4380 3064 4437 ullo
3089 4394 3326 4451 unquam
3362 4385 3610 4447 tempore

2015 4481 2226 4553 ingredi
2271 4482 2488 4546 audeat,
2516 4479 2603 4534 vel
2655 4485 2909 4535 exactare
2961 4481 3286 4547 praesumat;
3343 4470 3605 4542 quidquid

2017 4583 2197 4628 autem
2225 4573 2291 4627 de
2320 4573 2482 4627 rebus
2508 4570 2747 4643 praefatae
2770 4568 3017 4625 ecclesiae
3043 4567 3208 4623 ﬁscus
3250 4577 3473 4635 sperare
3509 4576 3606 4633 po-

1937 4634 1992 4696 D
2017 4674 2176 4734 terat,
2206 4675 2380 4723 totum
2422 4683 2522 4723 nos
2563 4683 2664 4738 pro
2690 4667 2872 4724 divino
2908 4681 3094 4722 amore
3138 4662 3516 4726 concedimus,
3545 4669 3605 4716 ut

2014 4761 2346 4833 perennibus
2380 4760 2715 4832 temporibus
2742 4760 2798 4814 in
2821 4758 3076 4813 alimonia
3104 4770 3404 4829 pauperum
3428 4763 3486 4810 et
3508 4754 3601 4809 sti-

2015 4853 2210 4922 pendia
2233 4868 2512 4909 servorum
2544 4853 2639 4907 Dei
2667 4852 2867 4923 ibidem
2895 4850 3007 4906 Deo
3046 4847 3426 4929 famulantium
3473 4861 3599 4919 pro-

2014 4944 2165 5000 ﬁciat
2187 4946 2242 5000 in
2271 4952 2638 5017 augmentum.
2683 4942 2964 5010 Quatenus
2989 4940 3124 5013 ipsis
3153 4940 3327 4997 servis
3355 4938 3473 5005 Dei,
3504 4937 3600 5009 qui

2014 5035 2092 5091 ibi
2116 5036 2226 5092 Deo
2252 5035 2506 5091 famulari
2531 5036 2808 5101 videntur,
2830 5048 2930 5104 pro
2955 5033 3115 5089 nobis
3143 5040 3198 5087 et
3218 5032 3446 5105 conjuge
3472 5046 3599 5101 pro-

2016 5127 2174 5199 Deque
2203 5136 2391 5183 nostra
2422 5137 2479 5183 et
2514 5127 2807 5183 stabilitate
2856 5125 3030 5195 ipsius
3077 5122 3291 5194 imperii
3344 5122 3519 5177 nostri
3565 5137 3597 5176 a

2015 5220 2129 5277 Deo
2153 5222 2311 5277 nobis
2334 5221 2757 5291 concessiatque
2776 5215 3355 5287 conservandibjugiter
3381 5214 3595 5269 Domini

2013 5315 2448 5371 misericordiam
2508 5331 2736 5371 exorare
2783 5314 3032 5371 delectet.
3090 5313 3412 5370 Praedictam
3463 5324 3594 5366 vero

2013 5409 2287 5467 abbatiam
2333 5410 2499 5478 illius,
2530 5410 2950 5481 circumquaque
2988 5425 3088 5480 per
3134 5408 3377 5465 diversos
3425 5418 3592 5477 pagos

2007 5525 2218 5603 scilicet
2245 5524 2369 5603 817,
2396 5524 2831 5603 Aquisgranense
2853 5523 3160 5579 concilium.
3380 5590 3414 5603 Α.
3481 5589 3492 5600 ,

2081 5607 2105 5670 ξι
2132 5595 2212 5670 Ac
2226 5595 2468 5670 _proin_de
2491 5595 3219 5670 datumetgconcessumgest
3248 5595 3589 5670 sanctissimo

2006 5666 2189 5721 abbati
2226 5666 2517 5746 Benedicto
2554 5666 2698 5721 istud
2733 5666 3214 5746 diplpma,"tribus
3239 5670 3377 5746 ante
3413 5666 3585 5746 ipsius

2006 5746 2237 5816 mortem
2261 5737 2471 5816 diebus,
2500 5754 2627 5792 nam
2656 5729 2816 5793 tertio
2844 5729 3274 5816 Idus'Februarii
3301 5730 3440 5816 anni.
3455 5729 3583 5816 82.1‘,

2005 5808 2302 5880 indictione
2328 5808 2417 5875 M,
2452 5818 2779 5880 praesentem
2806 5825 2932 5868 cum
2960 5816 3163 5866 aeterna
3192 5808 3303 5861 vita
3331 5808 3579 5864 mutavit,

2006 5880 2063 5937 in
2087 5895 2187 5937 suo
2211 5879 2427 5937 lndensi
2450 5879 2717 5938 eoenobio.
