  <div class='ocr_page' id='page_1' title='image "/cluster/home/n/w/nwhite01/storage/ocr_20150623/104/hvd.32044015466824/583.png"; bbox 0 0 4048 6350; ppageno 0'>
   <div class='ocr_carea' id='block_1_1' title="bbox 469 372 599 430">
    <p class='ocr_par' dir='ltr' id='par_1_1' title="bbox 469 372 599 430">
     <span class='ocr_line' id='line_1_1' title="bbox 469 372 599 430; baseline 0.008 -1"><span class='ocrx_word' id='word_1_1' title='bbox 469 372 599 430; x_wconf 74' lang='lat' dir='ltr'><strong>HO&quot;</strong></span> 
     </span>
    </p>
   </div>
   <div class='ocr_carea' id='block_1_2' title="bbox 1576 364 2582 435">
    <p class='ocr_par' dir='ltr' id='par_1_2' title="bbox 1576 364 2582 435">
     <span class='ocr_line' id='line_1_2' title="bbox 1576 364 2582 435; baseline 0.002 -12"><span class='ocrx_word' id='word_1_2' title='bbox 1576 366 1897 427; x_wconf 83' lang='lat' dir='ltr'><strong>LUDOVICI</strong></span> <span class='ocrx_word' id='word_1_3' title='bbox 1928 368 1950 424; x_wconf 92' lang='lat' dir='ltr'><strong>l</strong></span> <span class='ocrx_word' id='word_1_4' title='bbox 1987 364 2460 428; x_wconf 72' lang='lat' dir='ltr'><strong>COGNOMENTO</strong></span> <span class='ocrx_word' id='word_1_5' title='bbox 2496 367 2582 435; x_wconf 84' lang='lat' dir='ltr'><strong>PII</strong></span> 
     </span>
    </p>
   </div>
   <div class='ocr_carea' id='block_1_3' title="bbox 3576 377 3748 440">
    <p class='ocr_par' dir='ltr' id='par_1_3' title="bbox 3576 377 3748 440">
     <span class='ocr_line' id='line_1_3' title="bbox 3576 377 3748 440; baseline 0.041 -7"><span class='ocrx_word' id='word_1_6' title='bbox 3576 377 3748 440; x_wconf 78' lang='lat' dir='ltr'><strong>uos</strong></span> 
     </span>
    </p>
   </div>
   <div class='ocr_carea' id='block_1_4' title="bbox 459 481 3749 558">
    <p class='ocr_par' dir='ltr' id='par_1_4' title="bbox 459 481 3749 558">
     <span class='ocr_line' id='line_1_4' title="bbox 459 481 3749 558; baseline 0.002 -15"><span class='ocrx_word' id='word_1_7' title='bbox 459 492 642 555; x_wconf 84' lang='lat' dir='ltr'><strong>sitam,</strong></span> <span class='ocrx_word' id='word_1_8' title='bbox 672 502 832 543; x_wconf 87' lang='lat' dir='ltr'><strong>nemo</strong></span> <span class='ocrx_word' id='word_1_9' title='bbox 857 484 1095 541; x_wconf 86' lang='lat' dir='ltr'><strong>ﬁdelium</strong></span> <span class='ocrx_word' id='word_1_10' title='bbox 1122 491 1431 539; x_wconf 88' lang='lat' dir='ltr'><strong>nostrorum</strong></span> <span class='ocrx_word' id='word_1_11' title='bbox 1452 484 1648 541; x_wconf 77' lang='lat' dir='ltr'><strong>exinde</strong></span> <span class='ocrx_word' id='word_1_12' title='bbox 1682 484 1887 556; x_wconf 88' lang='lat' dir='ltr'><strong>aliquid</strong></span> <span class='ocrx_word' id='word_1_13' title='bbox 1912 485 2038 541; x_wconf 90' lang='lat' dir='ltr'><strong>abs-</strong></span> <span class='ocrx_word' id='word_1_14' title='bbox 2061 481 2117 543; x_wconf 76' lang='grc' dir='ltr'>Α</span> <span class='ocrx_word' id='word_1_15' title='bbox 2140 482 2268 537; x_wconf 89' lang='lat' dir='ltr'><strong>stris</strong></span> <span class='ocrx_word' id='word_1_16' title='bbox 2293 483 2610 554; x_wconf 90' lang='lat' dir='ltr'><strong>inquisitum</strong></span> <span class='ocrx_word' id='word_1_17' title='bbox 2639 491 2695 540; x_wconf 92' lang='lat' dir='ltr'><strong>et</strong></span> <span class='ocrx_word' id='word_1_18' title='bbox 2719 485 2878 541; x_wconf 90' lang='lat' dir='ltr'><strong>nobis</strong></span> <span class='ocrx_word' id='word_1_19' title='bbox 2913 486 3221 543; x_wconf 80' lang='lat' dir='ltr'><strong>nuntiatum</strong></span> <span class='ocrx_word' id='word_1_20' title='bbox 3264 498 3382 558; x_wconf 90' lang='lat' dir='ltr'><strong>est,</strong></span> <span class='ocrx_word' id='word_1_21' title='bbox 3409 491 3482 547; x_wconf 89' lang='lat' dir='ltr'><strong>ita</strong></span> <span class='ocrx_word' id='word_1_22' title='bbox 3509 494 3585 551; x_wconf 88' lang='lat' dir='ltr'><strong>ab</strong></span> <span class='ocrx_word' id='word_1_23' title='bbox 3630 497 3749 554; x_wconf 81' lang='lat' dir='ltr'><strong>ho-</strong></span> 
     </span>
    </p>
   </div>
   <div class='ocr_carea' id='block_1_5' title="bbox 459 578 2036 652">
    <p class='ocr_par' dir='ltr' id='par_1_5' title="bbox 459 578 2036 652">
     <span class='ocr_line' id='line_1_5' title="bbox 459 578 2036 652; baseline -0.001 -11"><span class='ocrx_word' id='word_1_24' title='bbox 459 583 676 641; x_wconf 84' lang='lat' dir='ltr'><strong>trabere</strong></span> <span class='ocrx_word' id='word_1_25' title='bbox 703 589 801 637; x_wconf 88' lang='lat' dir='ltr'><strong>aut</strong></span> <span class='ocrx_word' id='word_1_26' title='bbox 820 578 1110 651; x_wconf 89' lang='lat' dir='ltr'><strong>prohibere</strong></span> <span class='ocrx_word' id='word_1_27' title='bbox 1133 587 1457 649; x_wconf 59' lang='lat' dir='ltr'><strong>praesumat;</strong></span> <span class='ocrx_word' id='word_1_28' title='bbox 1517 579 1649 650; x_wconf 85' lang='lat' dir='ltr'><strong>quin</strong></span> <span class='ocrx_word' id='word_1_29' title='bbox 1667 581 1717 636; x_wconf 92' lang='lat' dir='ltr'><strong>ei</strong></span> <span class='ocrx_word' id='word_1_30' title='bbox 1746 580 1908 636; x_wconf 85' lang='lat' dir='ltr'><strong>liceat</strong></span> <span class='ocrx_word' id='word_1_31' title='bbox 1935 596 2036 652; x_wconf 87' lang='lat' dir='ltr'><strong>per</strong></span> 
     </span>
    </p>
   </div>
   <div class='ocr_carea' id='block_1_6' title="bbox 457 671 2034 743">
    <p class='ocr_par' dir='ltr' id='par_1_6' title="bbox 457 671 2034 743">
     <span class='ocr_line' id='line_1_6' title="bbox 457 671 2034 743; baseline -0.001 -10"><span class='ocrx_word' id='word_1_32' title='bbox 457 677 603 733; x_wconf 86' lang='lat' dir='ltr'><strong>hanc</strong></span> <span class='ocrx_word' id='word_1_33' title='bbox 646 682 891 739; x_wconf 84' lang='lat' dir='ltr'><strong>nostram</strong></span> <span class='ocrx_word' id='word_1_34' title='bbox 937 671 1316 729; x_wconf 83' lang='lat' dir='ltr'><strong>auctoritatem</strong></span> <span class='ocrx_word' id='word_1_35' title='bbox 1351 671 1577 728; x_wconf 86' lang='lat' dir='ltr'><strong>verbum</strong></span> <span class='ocrx_word' id='word_1_36' title='bbox 1606 672 2034 743; x_wconf 70' lang='lat' dir='ltr'><strong>prmdicationis,</strong></span> 
     </span>
    </p>
   </div>
   <div class='ocr_carea' id='block_1_7' title="bbox 459 764 2037 831">
    <p class='ocr_par' dir='ltr' id='par_1_7' title="bbox 459 764 2037 831">
     <span class='ocr_line' id='line_1_7' title="bbox 459 764 2037 831; baseline -0.002 -7"><span class='ocrx_word' id='word_1_37' title='bbox 459 768 688 824; x_wconf 87' lang='lat' dir='ltr'><strong>Domino</strong></span> <span class='ocrx_word' id='word_1_38' title='bbox 723 765 1039 831; x_wconf 75' lang='lat' dir='ltr'><strong>auxiliante,</strong></span> <span class='ocrx_word' id='word_1_39' title='bbox 1071 778 1328 819; x_wconf 83' lang='lat' dir='ltr'><strong>exercere</strong></span> <span class='ocrx_word' id='word_1_40' title='bbox 1380 772 1437 819; x_wconf 90' lang='lat' dir='ltr'><strong>et</strong></span> <span class='ocrx_word' id='word_1_41' title='bbox 1471 764 1832 821; x_wconf 73' lang='lat' dir='ltr'><strong>ministerium</strong></span> <span class='ocrx_word' id='word_1_42' title='bbox 1877 779 2037 821; x_wconf 86' lang='lat' dir='ltr'><strong>suum</strong></span> 
     </span>
    </p>
   </div>
   <div class='ocr_carea' id='block_1_8' title="bbox 455 854 2037 930">
    <p class='ocr_par' dir='ltr' id='par_1_8' title="bbox 455 854 2037 930">
     <span class='ocr_line' id='line_1_8' title="bbox 455 854 2037 930; baseline -0.001 -19"><span class='ocrx_word' id='word_1_43' title='bbox 455 856 691 930; x_wconf 86' lang='lat' dir='ltr'><strong>pleniter</strong></span> <span class='ocrx_word' id='word_1_44' title='bbox 707 870 989 928; x_wconf 81' lang='lat' dir='ltr'><strong>peragere.</strong></span> <span class='ocrx_word' id='word_1_45' title='bbox 1016 855 1085 910; x_wconf 89' lang='lat' dir='ltr'><strong>Et</strong></span> <span class='ocrx_word' id='word_1_46' title='bbox 1112 863 1172 909; x_wconf 88' lang='lat' dir='ltr'><strong>ut</strong></span> <span class='ocrx_word' id='word_1_47' title='bbox 1195 854 1317 909; x_wconf 64' lang='lat' dir='ltr'><strong>hac</strong></span> <span class='ocrx_word' id='word_1_48' title='bbox 1338 855 1634 910; x_wconf 74' lang='lat' dir='ltr'><strong>auctoritas</strong></span> <span class='ocrx_word' id='word_1_49' title='bbox 1661 855 1861 909; x_wconf 90' lang='lat' dir='ltr'><strong>nostris</strong></span> <span class='ocrx_word' id='word_1_50' title='bbox 1891 854 2037 909; x_wconf 86' lang='lat' dir='ltr'><strong>futu-</strong></span> 
     </span>
    </p>
   </div>
   <div class='ocr_carea' id='block_1_9' title="bbox 458 944 2037 1019">
    <p class='ocr_par' dir='ltr' id='par_1_9' title="bbox 458 944 2037 1019">
     <span class='ocr_line' id='line_1_9' title="bbox 458 944 2037 1019; baseline -0.002 -17"><span class='ocrx_word' id='word_1_51' title='bbox 458 946 646 1018; x_wconf 86' lang='lat' dir='ltr'><strong>risque</strong></span> <span class='ocrx_word' id='word_1_52' title='bbox 680 945 1014 1019; x_wconf 84' lang='lat' dir='ltr'><strong>temporibus</strong></span> <span class='ocrx_word' id='word_1_53' title='bbox 1044 944 1273 1000; x_wconf 92' lang='lat' dir='ltr'><strong>Domino</strong></span> <span class='ocrx_word' id='word_1_54' title='bbox 1302 952 1621 1018; x_wconf 77' lang='lat' dir='ltr'><strong>protegente</strong></span> <span class='ocrx_word' id='word_1_55' title='bbox 1651 945 1829 1000; x_wconf 87' lang='lat' dir='ltr'><strong>valeat</strong></span> <span class='ocrx_word' id='word_1_56' title='bbox 1852 945 2037 1000; x_wconf 90' lang='lat' dir='ltr'><strong>incon-</strong></span> 
     </span>
    </p>
   </div>
   <div class='ocr_carea' id='block_1_10' title="bbox 459 1036 2037 1109">
    <p class='ocr_par' dir='ltr' id='par_1_10' title="bbox 459 1036 2037 1109">
     <span class='ocr_line' id='line_1_10' title="bbox 459 1036 2037 1109; baseline -0.003 -14"><span class='ocrx_word' id='word_1_57' title='bbox 459 1040 614 1095; x_wconf 88' lang='lat' dir='ltr'><strong>vulsa</strong></span> <span class='ocrx_word' id='word_1_58' title='bbox 643 1053 888 1105; x_wconf 88' lang='lat' dir='ltr'><strong>manere,</strong></span> <span class='ocrx_word' id='word_1_59' title='bbox 918 1053 1083 1093; x_wconf 90' lang='lat' dir='ltr'><strong>manu</strong></span> <span class='ocrx_word' id='word_1_60' title='bbox 1125 1038 1346 1109; x_wconf 91' lang='lat' dir='ltr'><strong>propria</strong></span> <span class='ocrx_word' id='word_1_61' title='bbox 1385 1036 1808 1106; x_wconf 85' lang='lat' dir='ltr'><strong>subscripsimus</strong></span> <span class='ocrx_word' id='word_1_62' title='bbox 1847 1044 1901 1092; x_wconf 91' lang='lat' dir='ltr'><strong>et</strong></span> <span class='ocrx_word' id='word_1_63' title='bbox 1941 1051 2037 1091; x_wconf 90' lang='lat' dir='ltr'><strong>an-</strong></span> 
     </span>
    </p>
   </div>
   <div class='ocr_carea' id='block_1_11' title="bbox 457 1128 1681 1211">
    <p class='ocr_par' dir='ltr' id='par_1_11' title="bbox 457 1128 1681 1211">
     <span class='ocr_line' id='line_1_11' title="bbox 457 1128 1681 1211; baseline -0.004 -22"><span class='ocrx_word' id='word_1_64' title='bbox 457 1132 574 1190; x_wconf 89' lang='lat' dir='ltr'><strong>nuli</strong></span> <span class='ocrx_word' id='word_1_65' title='bbox 607 1133 780 1188; x_wconf 86' lang='lat' dir='ltr'><strong>nostri</strong></span> <span class='ocrx_word' id='word_1_66' title='bbox 802 1132 1157 1202; x_wconf 88' lang='lat' dir='ltr'><strong>impressione</strong></span> <span class='ocrx_word' id='word_1_67' title='bbox 1180 1129 1383 1201; x_wconf 87' lang='lat' dir='ltr'><strong>signari</strong></span> <span class='ocrx_word' id='word_1_68' title='bbox 1399 1128 1681 1211; x_wconf 75' lang='lat' dir='ltr'><strong>iussimus.</strong></span> 
     </span>
    </p>
   </div>
   <div class='ocr_carea' id='block_1_12' title="bbox 531 1220 1866 1297">
    <p class='ocr_par' dir='ltr' id='par_1_12' title="bbox 531 1220 1866 1297">
     <span class='ocr_line' id='line_1_12' title="bbox 531 1220 1866 1297; baseline -0.002 -16"><span class='ocrx_word' id='word_1_69' title='bbox 531 1224 759 1297; x_wconf 88' lang='lat' dir='ltr'><strong>Signum</strong></span> <span class='ocrx_word' id='word_1_70' title='bbox 805 1223 1062 1280; x_wconf 86' lang='lat' dir='ltr'><strong>Ludovici</strong></span> <span class='ocrx_word' id='word_1_71' title='bbox 1115 1222 1451 1279; x_wconf 87' lang='lat' dir='ltr'><strong>serenissimi</strong></span> <span class='ocrx_word' id='word_1_72' title='bbox 1506 1220 1866 1293; x_wconf 82' lang='lat' dir='ltr'><strong>imperatoris.</strong></span> 
     </span>
    </p>
   </div>
   <div class='ocr_carea' id='block_1_13' title="bbox 528 1313 2035 1385">
    <p class='ocr_par' dir='ltr' id='par_1_13' title="bbox 528 1313 2035 1385">
     <span class='ocr_line' id='line_1_13' title="bbox 528 1313 2035 1385; baseline -0.003 -12"><span class='ocrx_word' id='word_1_73' title='bbox 528 1318 819 1374; x_wconf 89' lang='lat' dir='ltr'><strong>Durandus</strong></span> <span class='ocrx_word' id='word_1_74' title='bbox 839 1318 1098 1375; x_wconf 86' lang='lat' dir='ltr'><strong>diaconus</strong></span> <span class='ocrx_word' id='word_1_75' title='bbox 1114 1316 1183 1372; x_wconf 90' lang='lat' dir='ltr'><strong>ad</strong></span> <span class='ocrx_word' id='word_1_76' title='bbox 1208 1315 1381 1371; x_wconf 84' lang='lat' dir='ltr'><strong>vicem</strong></span> <span class='ocrx_word' id='word_1_77' title='bbox 1403 1314 1719 1371; x_wconf 82' lang='lat' dir='ltr'><strong>Helisacbar</strong></span> <span class='ocrx_word' id='word_1_78' title='bbox 1748 1313 2035 1385; x_wconf 83' lang='lat' dir='ltr'><strong>recognovi</strong></span> 
     </span>
    </p>
   </div>
   <div class='ocr_carea' id='block_1_14' title="bbox 456 1411 1599 1482">
    <p class='ocr_par' dir='ltr' id='par_1_14' title="bbox 456 1411 1599 1482">
     <span class='ocr_line' id='line_1_14' title="bbox 456 1411 1599 1482; baseline -0.008 -15"><span class='ocrx_word' id='word_1_79' title='bbox 456 1418 514 1467; x_wconf 88' lang='lat' dir='ltr'><strong>et</strong></span> <span class='ocrx_word' id='word_1_80' title='bbox 537 1411 856 1482; x_wconf 88' lang='lat' dir='ltr'><strong>subscripsi.</strong></span> <span class='ocrx_word' id='word_1_81' title='bbox 1596 1416 1599 1419; x_wconf 72' lang='lat'><em>‘</em></span> 
     </span>
    </p>
   </div>
   <div class='ocr_carea' id='block_1_15' title="bbox 530 1498 2031 1572">
    <p class='ocr_par' dir='ltr' id='par_1_15' title="bbox 530 1498 2031 1572">
     <span class='ocr_line' id='line_1_15' title="bbox 530 1498 2031 1572; baseline -0.001 -17"><span class='ocrx_word' id='word_1_82' title='bbox 530 1501 664 1556; x_wconf 88' lang='lat' dir='ltr'><strong>Data</strong></span> <span class='ocrx_word' id='word_1_83' title='bbox 697 1518 731 1556; x_wconf 93' lang='lat' dir='ltr'><strong>v</strong></span> <span class='ocrx_word' id='word_1_84' title='bbox 762 1501 945 1558; x_wconf 86' lang='lat' dir='ltr'><strong>Nonas</strong></span> <span class='ocrx_word' id='word_1_85' title='bbox 977 1498 1285 1572; x_wconf 83' lang='lat' dir='ltr'><strong>Septembr.</strong></span> <span class='ocrx_word' id='word_1_86' title='bbox 1332 1499 1461 1557; x_wconf 89' lang='lat' dir='ltr'><strong>anni</strong></span> <span class='ocrx_word' id='word_1_87' title='bbox 1495 1498 1712 1571; x_wconf 88' lang='lat' dir='ltr'><strong>imperii</strong></span> <span class='ocrx_word' id='word_1_88' title='bbox 1756 1498 1931 1556; x_wconf 91' lang='lat' dir='ltr'><strong>nostri</strong></span> <span class='ocrx_word' id='word_1_89' title='bbox 1978 1499 2031 1563; x_wconf 92' lang='lat'><strong>8,</strong></span> 
     </span>
    </p>
   </div>
   <div class='ocr_carea' id='block_1_16' title="bbox 457 1588 2035 1665">
    <p class='ocr_par' dir='ltr' id='par_1_16' title="bbox 457 1588 2035 1665">
     <span class='ocr_line' id='line_1_16' title="bbox 457 1588 2035 1665; baseline -0.002 -17"><span class='ocrx_word' id='word_1_90' title='bbox 457 1593 752 1650; x_wconf 85' lang='lat' dir='ltr'><strong>indictione</strong></span> <span class='ocrx_word' id='word_1_91' title='bbox 777 1592 864 1648; x_wconf 73' lang='grc'><strong>14.</strong></span> <span class='ocrx_word' id='word_1_92' title='bbox 880 1592 1079 1649; x_wconf 84' lang='lat' dir='ltr'><strong>Actum</strong></span> <span class='ocrx_word' id='word_1_93' title='bbox 1099 1590 1431 1665; x_wconf 87' lang='lat' dir='ltr'><strong>Aquisgrani</strong></span> <span class='ocrx_word' id='word_1_94' title='bbox 1453 1588 1655 1662; x_wconf 78' lang='lat' dir='ltr'><strong>paiatio</strong></span> <span class='ocrx_word' id='word_1_95' title='bbox 1681 1589 1832 1662; x_wconf 88' lang='lat' dir='ltr'><strong>regio</strong></span> <span class='ocrx_word' id='word_1_96' title='bbox 1856 1589 1913 1649; x_wconf 88' lang='lat' dir='ltr'><strong>in</strong></span> <span class='ocrx_word' id='word_1_97' title='bbox 1937 1588 2035 1646; x_wconf 87' lang='lat' dir='ltr'><strong>Dei</strong></span> 
     </span>
    </p>
   </div>
   <div class='ocr_carea' id='block_1_17' title="bbox 455 1683 1173 1743">
    <p class='ocr_par' dir='ltr' id='par_1_17' title="bbox 455 1683 1173 1743">
     <span class='ocr_line' id='line_1_17' title="bbox 455 1683 1173 1743; baseline 0 -3"><span class='ocrx_word' id='word_1_98' title='bbox 455 1684 676 1741; x_wconf 81' lang='lat' dir='ltr'><strong>nomine</strong></span> <span class='ocrx_word' id='word_1_99' title='bbox 694 1683 949 1742; x_wconf 81' lang='lat' dir='ltr'><strong>feliciter.</strong></span> <span class='ocrx_word' id='word_1_100' title='bbox 978 1684 1173 1743; x_wconf 84' lang='lat' dir='ltr'><strong>Amen.</strong></span> 
     </span>
    </p>
   </div>
   <div class='ocr_carea' id='block_1_18' title="bbox 1147 1774 1351 1834">
    <p class='ocr_par' dir='ltr' id='par_1_18' title="bbox 1147 1774 1351 1834">
     <span class='ocr_line' id='line_1_18' title="bbox 1147 1774 1351 1834; baseline -0.02 -1"><span class='ocrx_word' id='word_1_101' title='bbox 1147 1774 1351 1834; x_wconf 76' lang='lat' dir='ltr'><strong>XCVII.</strong></span> 
     </span>
    </p>
   </div>
   <div class='ocr_carea' id='block_1_19' title="bbox 806 1883 1675 1929">
    <p class='ocr_par' dir='ltr' id='par_1_19' title="bbox 806 1883 1675 1929">
     <span class='ocr_line' id='line_1_19' title="bbox 806 1883 1675 1929; baseline -0.006 -1"><span class='ocrx_word' id='word_1_102' title='bbox 806 1886 911 1929; x_wconf 69' lang='grc' dir='ltr'><strong>ιιιο</strong></span> <span class='ocrx_word' id='word_1_103' title='bbox 934 1885 1272 1929; x_wconf 70' lang='lat' dir='ltr'><strong>IONASTEBIO</strong></span> <span class='ocrx_word' id='word_1_104' title='bbox 1295 1883 1675 1927; x_wconf 69' lang='lat' dir='ltr'><strong>HOBNBACENSI.</strong></span> 
     </span>
    </p>
   </div>
   <div class='ocr_carea' id='block_1_20' title="bbox 1048 1963 1431 2039">
    <p class='ocr_par' dir='ltr' id='par_1_20' title="bbox 1048 1963 1431 2039">
     <span class='ocr_line' id='line_1_20' title="bbox 1048 1963 1431 2039; baseline -0.008 -17"><span class='ocrx_word' id='word_1_105' title='bbox 1048 1967 1234 2038; x_wconf 80' lang='lat' dir='ltr'><strong>(Anno</strong></span> <span class='ocrx_word' id='word_1_106' title='bbox 1266 1965 1390 2023; x_wconf 76' lang='lat' dir='ltr'><strong>sat.</strong></span> <span class='ocrx_word' id='word_1_107' title='bbox 1410 1963 1431 2039; x_wconf 90' lang='lat'><strong>)</strong></span> 
     </span>
    </p>
   </div>
   <div class='ocr_carea' id='block_1_21' title="bbox 832 2054 1676 2133">
    <p class='ocr_par' dir='ltr' id='par_1_21' title="bbox 832 2054 1676 2133">
     <span class='ocr_line' id='line_1_21' title="bbox 832 2054 1676 2133; baseline -0.004 -18"><span class='ocrx_word' id='word_1_108' title='bbox 832 2058 1093 2133; x_wconf 75' lang='lat' dir='ltr'><strong>[Histoire</strong></span> <span class='ocrx_word' id='word_1_109' title='bbox 1120 2060 1185 2114; x_wconf 86' lang='lat' dir='ltr'><strong>de</strong></span> <span class='ocrx_word' id='word_1_110' title='bbox 1219 2058 1393 2126; x_wconf 69' lang='lat' dir='ltr'><strong>Mess,</strong></span> <span class='ocrx_word' id='word_1_111' title='bbox 1416 2073 1541 2129; x_wconf 90' lang='lat' dir='ltr'><strong>pag.</strong></span> <span class='ocrx_word' id='word_1_112' title='bbox 1580 2054 1676 2129; x_wconf 72' lang='lat'><strong>23]</strong></span> 
     </span>
    </p>
   </div>
   <div class='ocr_carea' id='block_1_22' title="bbox 519 2146 2038 2213">
    <p class='ocr_par' dir='ltr' id='par_1_22' title="bbox 519 2146 2038 2213">
     <span class='ocr_line' id='line_1_22' title="bbox 519 2146 2038 2213; baseline -0.006 -2"><span class='ocrx_word' id='word_1_113' title='bbox 519 2154 580 2211; x_wconf 89' lang='lat' dir='ltr'><strong>In</strong></span> <span class='ocrx_word' id='word_1_114' title='bbox 610 2154 831 2211; x_wconf 86' lang='lat' dir='ltr'><strong>nomine</strong></span> <span class='ocrx_word' id='word_1_115' title='bbox 861 2153 1077 2213; x_wconf 88' lang='lat' dir='ltr'><strong>Domini</strong></span> <span class='ocrx_word' id='word_1_116' title='bbox 1105 2163 1161 2208; x_wconf 89' lang='lat' dir='ltr'><strong>et</strong></span> <span class='ocrx_word' id='word_1_117' title='bbox 1186 2152 1486 2209; x_wconf 86' lang='lat' dir='ltr'><strong>Salvatoris</strong></span> <span class='ocrx_word' id='word_1_118' title='bbox 1507 2152 1680 2208; x_wconf 89' lang='lat' dir='ltr'><strong>nostri</strong></span> <span class='ocrx_word' id='word_1_119' title='bbox 1709 2149 1839 2206; x_wconf 90' lang='lat' dir='ltr'><strong>Jesu</strong></span> <span class='ocrx_word' id='word_1_120' title='bbox 1879 2146 2038 2205; x_wconf 87' lang='lat' dir='ltr'><strong>Chri-</strong></span> 
     </span>
    </p>
   </div>
   <div class='ocr_carea' id='block_1_23' title="bbox 448 2240 2036 2315">
    <p class='ocr_par' dir='ltr' id='par_1_23' title="bbox 448 2240 2036 2315">
     <span class='ocr_line' id='line_1_23' title="bbox 448 2240 2036 2315; baseline -0.004 -13"><span class='ocrx_word' id='word_1_121' title='bbox 448 2245 546 2312; x_wconf 84' lang='lat' dir='ltr'><strong>sti,</strong></span> <span class='ocrx_word' id='word_1_122' title='bbox 566 2244 894 2311; x_wconf 87' lang='lat' dir='ltr'><strong>Ludovicus,</strong></span> <span class='ocrx_word' id='word_1_123' title='bbox 922 2244 1108 2301; x_wconf 90' lang='lat' dir='ltr'><strong>divina</strong></span> <span class='ocrx_word' id='word_1_124' title='bbox 1132 2245 1420 2301; x_wconf 87' lang='lat' dir='ltr'><strong>ordinante</strong></span> <span class='ocrx_word' id='word_1_125' title='bbox 1462 2241 1827 2315; x_wconf 87' lang='lat' dir='ltr'><strong>providentia,</strong></span> <span class='ocrx_word' id='word_1_126' title='bbox 1860 2240 2036 2313; x_wconf 80' lang='lat' dir='ltr'><strong>impe-</strong></span> 
     </span>
    </p>
   </div>
   <div class='ocr_carea' id='block_1_24' title="bbox 447 2336 916 2408">
    <p class='ocr_par' dir='ltr' id='par_1_24' title="bbox 447 2336 916 2408">
     <span class='ocr_line' id='line_1_24' title="bbox 447 2336 916 2408; baseline -0.002 -15"><span class='ocrx_word' id='word_1_127' title='bbox 447 2344 599 2394; x_wconf 88' lang='lat' dir='ltr'><strong>rator</strong></span> <span class='ocrx_word' id='word_1_128' title='bbox 624 2336 916 2408; x_wconf 83' lang='lat' dir='ltr'><strong>Augustus.</strong></span> 
     </span>
    </p>
   </div>
   <div class='ocr_carea' id='block_1_25' title="bbox 520 2425 2032 2494">
    <p class='ocr_par' dir='ltr' id='par_1_25' title="bbox 520 2425 2032 2494">
     <span class='ocr_line' id='line_1_25' title="bbox 520 2425 2032 2494; baseline -0.002 -10"><span class='ocrx_word' id='word_1_129' title='bbox 520 2427 719 2485; x_wconf 86' lang='lat' dir='ltr'><strong>Notum</strong></span> <span class='ocrx_word' id='word_1_130' title='bbox 780 2443 900 2487; x_wconf 88' lang='lat' dir='ltr'><strong>esse</strong></span> <span class='ocrx_word' id='word_1_131' title='bbox 952 2430 1201 2486; x_wconf 84' lang='lat' dir='ltr'><strong>volumus</strong></span> <span class='ocrx_word' id='word_1_132' title='bbox 1253 2429 1464 2486; x_wconf 90' lang='lat' dir='ltr'><strong>cunctis</strong></span> <span class='ocrx_word' id='word_1_133' title='bbox 1512 2428 1762 2487; x_wconf 89' lang='lat' dir='ltr'><strong>ﬁdelibus</strong></span> <span class='ocrx_word' id='word_1_134' title='bbox 1809 2425 2032 2494; x_wconf 86' lang='lat' dir='ltr'><strong>nostris,</strong></span> 
     </span>
    </p>
   </div>
   <div class='ocr_carea' id='block_1_26' title="bbox 447 2520 2035 2593">
    <p class='ocr_par' dir='ltr' id='par_1_26' title="bbox 447 2520 2035 2593">
     <span class='ocr_line' id='line_1_26' title="bbox 447 2520 2035 2593; baseline -0.001 -16"><span class='ocrx_word' id='word_1_135' title='bbox 447 2521 808 2591; x_wconf 73' lang='lat' dir='ltr'><strong>pra-sentibus</strong></span> <span class='ocrx_word' id='word_1_136' title='bbox 833 2521 1040 2578; x_wconf 84' lang='lat' dir='ltr'><strong>scilicet</strong></span> <span class='ocrx_word' id='word_1_137' title='bbox 1060 2530 1116 2581; x_wconf 89' lang='lat' dir='ltr'><strong>et</strong></span> <span class='ocrx_word' id='word_1_138' title='bbox 1138 2520 1358 2589; x_wconf 84' lang='lat' dir='ltr'><strong>futuris,</strong></span> <span class='ocrx_word' id='word_1_139' title='bbox 1387 2521 1516 2593; x_wconf 86' lang='lat' dir='ltr'><strong>quia</strong></span> <span class='ocrx_word' id='word_1_140' title='bbox 1555 2522 1744 2578; x_wconf 88' lang='lat' dir='ltr'><strong>adiens</strong></span> <span class='ocrx_word' id='word_1_141' title='bbox 1776 2520 2035 2576; x_wconf 74' lang='lat' dir='ltr'><strong>serenita—</strong></span> 
     </span>
    </p>
   </div>
   <div class='ocr_carea' id='block_1_27' title="bbox 448 2613 2033 2671">
    <p class='ocr_par' dir='ltr' id='par_1_27' title="bbox 448 2613 2033 2671">
     <span class='ocr_line' id='line_1_27' title="bbox 448 2613 2033 2671; baseline 0.001 -4"><span class='ocrx_word' id='word_1_142' title='bbox 448 2620 558 2667; x_wconf 87' lang='lat' dir='ltr'><strong>tem</strong></span> <span class='ocrx_word' id='word_1_143' title='bbox 590 2613 843 2670; x_wconf 87' lang='lat' dir='ltr'><strong>culminis</strong></span> <span class='ocrx_word' id='word_1_144' title='bbox 869 2615 1042 2671; x_wconf 83' lang='lat' dir='ltr'><strong>nostri</strong></span> <span class='ocrx_word' id='word_1_145' title='bbox 1081 2614 1166 2671; x_wconf 90' lang='lat' dir='ltr'><strong>vir</strong></span> <span class='ocrx_word' id='word_1_146' title='bbox 1212 2614 1436 2671; x_wconf 88' lang='lat' dir='ltr'><strong>illustris</strong></span> <span class='ocrx_word' id='word_1_147' title='bbox 1485 2614 1815 2670; x_wconf 87' lang='lat' dir='ltr'><strong>Lantbertus</strong></span> <span class='ocrx_word' id='word_1_148' title='bbox 1849 2626 2033 2669; x_wconf 87' lang='lat' dir='ltr'><strong>comes</strong></span> 
     </span>
    </p>
   </div>
   <div class='ocr_carea' id='block_1_28' title="bbox 446 2702 2034 2777">
    <p class='ocr_par' dir='ltr' id='par_1_28' title="bbox 446 2702 2034 2777">
     <span class='ocr_line' id='line_1_28' title="bbox 446 2702 2034 2777; baseline 0 -19"><span class='ocrx_word' id='word_1_149' title='bbox 446 2706 719 2776; x_wconf 84' lang='lat' dir='ltr'><strong>suggessit</strong></span> <span class='ocrx_word' id='word_1_150' title='bbox 754 2706 931 2773; x_wconf 91' lang='lat' dir='ltr'><strong>nobis,</strong></span> <span class='ocrx_word' id='word_1_151' title='bbox 967 2721 1033 2763; x_wconf 94' lang='lat' dir='ltr'><strong>eo</strong></span> <span class='ocrx_word' id='word_1_152' title='bbox 1069 2707 1216 2777; x_wconf 87' lang='lat' dir='ltr'><strong>quod</strong></span> <span class='ocrx_word' id='word_1_153' title='bbox 1268 2714 1418 2764; x_wconf 83' lang='lat' dir='ltr'><strong>actor</strong></span> <span class='ocrx_word' id='word_1_154' title='bbox 1458 2703 1762 2765; x_wconf 86' lang='lat' dir='ltr'><strong>dominicus</strong></span> <span class='ocrx_word' id='word_1_155' title='bbox 1814 2702 2034 2760; x_wconf 90' lang='lat' dir='ltr'><strong>nomine</strong></span> 
     </span>
    </p>
   </div>
   <div class='ocr_carea' id='block_1_29' title="bbox 448 2793 2030 2866">
    <p class='ocr_par' dir='ltr' id='par_1_29' title="bbox 448 2793 2030 2866">
     <span class='ocr_line' id='line_1_29' title="bbox 448 2793 2030 2866; baseline -0.001 -17"><span class='ocrx_word' id='word_1_156' title='bbox 448 2793 792 2862; x_wconf 86' lang='lat' dir='ltr'><strong>Nantcarius,</strong></span> <span class='ocrx_word' id='word_1_157' title='bbox 806 2811 875 2852; x_wconf 78' lang='lat' dir='ltr'><strong>ex</strong></span> <span class='ocrx_word' id='word_1_158' title='bbox 895 2799 1029 2856; x_wconf 92' lang='lat' dir='ltr'><strong>ﬁsco</strong></span> <span class='ocrx_word' id='word_1_159' title='bbox 1048 2806 1237 2855; x_wconf 90' lang='lat' dir='ltr'><strong>nostro</strong></span> <span class='ocrx_word' id='word_1_160' title='bbox 1260 2795 1690 2860; x_wconf 80' lang='lat' dir='ltr'><strong>Franconofurd,</strong></span> <span class='ocrx_word' id='word_1_161' title='bbox 1705 2794 2030 2866; x_wconf 87' lang='lat' dir='ltr'><strong>proprisset,</strong></span> 
     </span>
    </p>
   </div>
   <div class='ocr_carea' id='block_1_30' title="bbox 451 2887 2034 2963">
    <p class='ocr_par' dir='ltr' id='par_1_30' title="bbox 451 2887 2034 2963">
     <span class='ocr_line' id='line_1_30' title="bbox 451 2887 2034 2963; baseline -0.001 -20"><span class='ocrx_word' id='word_1_162' title='bbox 451 2896 695 2958; x_wconf 86' lang='lat' dir='ltr'><strong>tempore</strong></span> <span class='ocrx_word' id='word_1_163' title='bbox 722 2889 929 2946; x_wconf 89' lang='lat' dir='ltr'><strong>domini</strong></span> <span class='ocrx_word' id='word_1_164' title='bbox 956 2899 1013 2946; x_wconf 89' lang='lat' dir='ltr'><strong>et</strong></span> <span class='ocrx_word' id='word_1_165' title='bbox 1037 2892 1300 2963; x_wconf 86' lang='lat' dir='ltr'><strong>genitoris</strong></span> <span class='ocrx_word' id='word_1_166' title='bbox 1325 2890 1497 2947; x_wconf 87' lang='lat' dir='ltr'><strong>nostri</strong></span> <span class='ocrx_word' id='word_1_167' title='bbox 1526 2887 1708 2943; x_wconf 85' lang='lat' dir='ltr'><strong>Caroli</strong></span> <span class='ocrx_word' id='word_1_168' title='bbox 1726 2888 1883 2943; x_wconf 79' lang='lat' dir='ltr'><strong>bonae</strong></span> <span class='ocrx_word' id='word_1_169' title='bbox 1920 2901 2034 2945; x_wconf 88' lang='lat' dir='ltr'><strong>me-</strong></span> 
     </span>
    </p>
   </div>
   <div class='ocr_carea' id='block_1_31' title="bbox 447 2979 2029 3054">
    <p class='ocr_par' dir='ltr' id='par_1_31' title="bbox 447 2979 2029 3054">
     <span class='ocr_line' id='line_1_31' title="bbox 447 2979 2029 3054; baseline -0.001 -19"><span class='ocrx_word' id='word_1_170' title='bbox 447 2979 634 3037; x_wconf 68' lang='lat' dir='ltr'><strong>moria)</strong></span> <span class='ocrx_word' id='word_1_171' title='bbox 676 2981 907 3052; x_wconf 84' lang='lat' dir='ltr'><strong>piissimi</strong></span> <span class='ocrx_word' id='word_1_172' title='bbox 939 2982 1303 3054; x_wconf 87' lang='lat' dir='ltr'><strong>imperatoris,</strong></span> <span class='ocrx_word' id='word_1_173' title='bbox 1345 2980 1609 3053; x_wconf 87' lang='lat' dir='ltr'><strong>quasdam</strong></span> <span class='ocrx_word' id='word_1_174' title='bbox 1657 2995 1764 3047; x_wconf 90' lang='lat' dir='ltr'><strong>res,</strong></span> <span class='ocrx_word' id='word_1_175' title='bbox 1816 2980 1873 3035; x_wconf 90' lang='lat' dir='ltr'><strong>id</strong></span> <span class='ocrx_word' id='word_1_176' title='bbox 1921 2985 2029 3046; x_wconf 90' lang='lat' dir='ltr'><strong>est,</strong></span> 
     </span>
    </p>
   </div>
   <div class='ocr_carea' id='block_1_32' title="bbox 446 3072 2029 3145">
    <p class='ocr_par' dir='ltr' id='par_1_32' title="bbox 446 3072 2029 3145">
     <span class='ocr_line' id='line_1_32' title="bbox 446 3072 2029 3145; baseline -0.002 -17"><span class='ocrx_word' id='word_1_177' title='bbox 446 3080 621 3129; x_wconf 88' lang='lat' dir='ltr'><strong>terras</strong></span> <span class='ocrx_word' id='word_1_178' title='bbox 646 3081 704 3130; x_wconf 84' lang='lat' dir='ltr'><strong>et</strong></span> <span class='ocrx_word' id='word_1_179' title='bbox 742 3074 910 3131; x_wconf 84' lang='lat' dir='ltr'><strong>silvas</strong></span> <span class='ocrx_word' id='word_1_180' title='bbox 953 3083 1010 3130; x_wconf 90' lang='lat' dir='ltr'><strong>et</strong></span> <span class='ocrx_word' id='word_1_181' title='bbox 1044 3082 1201 3145; x_wconf 88' lang='lat' dir='ltr'><strong>prata</strong></span> <span class='ocrx_word' id='word_1_182' title='bbox 1221 3089 1384 3145; x_wconf 90' lang='lat' dir='ltr'><strong>super</strong></span> <span class='ocrx_word' id='word_1_183' title='bbox 1420 3074 1703 3130; x_wconf 88' lang='lat' dir='ltr'><strong>marcham</strong></span> <span class='ocrx_word' id='word_1_184' title='bbox 1748 3072 1874 3138; x_wconf 89' lang='lat' dir='ltr'><strong>sita,</strong></span> <span class='ocrx_word' id='word_1_185' title='bbox 1907 3086 2029 3141; x_wconf 75' lang='lat' dir='ltr'><strong>qua:</strong></span> 
     </span>
    </p>
   </div>
   <div class='ocr_carea' id='block_1_33' title="bbox 443 3150 2027 3237">
    <p class='ocr_par' dir='ltr' id='par_1_33' title="bbox 443 3150 2027 3237">
     <span class='ocr_line' id='line_1_33' title="bbox 443 3150 2027 3237; baseline 0.001 -18"><span class='ocrx_word' id='word_1_186' title='bbox 443 3170 621 3222; x_wconf 78' lang='lat' dir='ltr'><strong>estex</strong></span> <span class='ocrx_word' id='word_1_187' title='bbox 650 3166 981 3225; x_wconf 87' lang='lat' dir='ltr'><strong>monasterio</strong></span> <span class='ocrx_word' id='word_1_188' title='bbox 1010 3183 1130 3234; x_wconf 85' lang='lat' dir='ltr'><strong>suo,</strong></span> <span class='ocrx_word' id='word_1_189' title='bbox 1158 3168 1301 3237; x_wconf 90' lang='lat' dir='ltr'><strong>quod</strong></span> <span class='ocrx_word' id='word_1_190' title='bbox 1330 3166 1528 3223; x_wconf 86' lang='lat' dir='ltr'><strong>dicitur</strong></span> <span class='ocrx_word' id='word_1_191' title='bbox 1555 3150 1885 3221; x_wconf 82' lang='lat' dir='ltr'><strong>Orombach.</strong></span> <span class='ocrx_word' id='word_1_192' title='bbox 1914 3163 2027 3220; x_wconf 83' lang='lat' dir='ltr'><strong>Nos</strong></span> 
     </span>
    </p>
   </div>
   <div class='ocr_carea' id='block_1_34' title="bbox 445 3255 2028 3329">
    <p class='ocr_par' dir='ltr' id='par_1_34' title="bbox 445 3255 2028 3329">
     <span class='ocr_line' id='line_1_34' title="bbox 445 3255 2028 3329; baseline 0.003 -20"><span class='ocrx_word' id='word_1_193' title='bbox 445 3269 573 3311; x_wconf 87' lang='lat' dir='ltr'><strong>vero</strong></span> <span class='ocrx_word' id='word_1_194' title='bbox 599 3256 741 3313; x_wconf 88' lang='lat' dir='ltr'><strong>banc</strong></span> <span class='ocrx_word' id='word_1_195' title='bbox 784 3273 900 3315; x_wconf 90' lang='lat' dir='ltr'><strong>rem</strong></span> <span class='ocrx_word' id='word_1_196' title='bbox 937 3258 1203 3329; x_wconf 89' lang='lat' dir='ltr'><strong>iussimus</strong></span> <span class='ocrx_word' id='word_1_197' title='bbox 1229 3257 1545 3329; x_wconf 88' lang='lat' dir='ltr'><strong>investigari</strong></span> <span class='ocrx_word' id='word_1_198' title='bbox 1565 3256 1765 3315; x_wconf 87' lang='lat' dir='ltr'><strong>dilecto</strong></span> <span class='ocrx_word' id='word_1_199' title='bbox 1793 3255 1905 3312; x_wconf 89' lang='lat' dir='ltr'><strong>ﬁlio</strong></span> <span class='ocrx_word' id='word_1_200' title='bbox 1928 3272 2028 3313; x_wconf 86' lang='lat' dir='ltr'><strong>no-</strong></span> 
     </span>
    </p>
   </div>
   <div class='ocr_carea' id='block_1_35' title="bbox 441 3344 2030 3418">
    <p class='ocr_par' dir='ltr' id='par_1_35' title="bbox 441 3344 2030 3418">
     <span class='ocr_line' id='line_1_35' title="bbox 441 3344 2030 3418; baseline 0 -18"><span class='ocrx_word' id='word_1_201' title='bbox 441 3353 555 3400; x_wconf 85' lang='lat' dir='ltr'><strong>stro</strong></span> <span class='ocrx_word' id='word_1_202' title='bbox 578 3345 843 3404; x_wconf 89' lang='lat' dir='ltr'><strong>Lotbario</strong></span> <span class='ocrx_word' id='word_1_203' title='bbox 872 3347 1210 3418; x_wconf 88' lang='lat' dir='ltr'><strong>imperatori,</strong></span> <span class='ocrx_word' id='word_1_204' title='bbox 1235 3363 1340 3404; x_wconf 90' lang='lat' dir='ltr'><strong>nec</strong></span> <span class='ocrx_word' id='word_1_205' title='bbox 1363 3364 1470 3404; x_wconf 89' lang='lat' dir='ltr'><strong>non</strong></span> <span class='ocrx_word' id='word_1_206' title='bbox 1501 3356 1554 3403; x_wconf 89' lang='lat' dir='ltr'><strong>et</strong></span> <span class='ocrx_word' id='word_1_207' title='bbox 1583 3346 1883 3403; x_wconf 80' lang='lat' dir='ltr'><strong>Mantfredo</strong></span> <span class='ocrx_word' id='word_1_208' title='bbox 1913 3344 2030 3400; x_wconf 89' lang='lat' dir='ltr'><strong>illu-</strong></span> 
     </span>
    </p>
   </div>
   <div class='ocr_carea' id='block_1_36' title="bbox 441 3435 2027 3510">
    <p class='ocr_par' dir='ltr' id='par_1_36' title="bbox 441 3435 2027 3510">
     <span class='ocr_line' id='line_1_36' title="bbox 441 3435 2027 3510; baseline 0.002 -20"><span class='ocrx_word' id='word_1_209' title='bbox 441 3435 541 3491; x_wconf 87' lang='lat' dir='ltr'><strong>stri</strong></span> <span class='ocrx_word' id='word_1_210' title='bbox 567 3436 707 3491; x_wconf 79' lang='lat' dir='ltr'><strong>viro.</strong></span> <span class='ocrx_word' id='word_1_211' title='bbox 736 3437 932 3495; x_wconf 86' lang='lat' dir='ltr'><strong>Postea</strong></span> <span class='ocrx_word' id='word_1_212' title='bbox 957 3439 1180 3496; x_wconf 89' lang='lat' dir='ltr'><strong>veniens</strong></span> <span class='ocrx_word' id='word_1_213' title='bbox 1206 3441 1277 3495; x_wconf 89' lang='lat' dir='ltr'><strong>ad</strong></span> <span class='ocrx_word' id='word_1_214' title='bbox 1302 3455 1404 3495; x_wconf 91' lang='lat' dir='ltr'><strong>nos</strong></span> <span class='ocrx_word' id='word_1_215' title='bbox 1430 3439 1762 3510; x_wconf 87' lang='lat' dir='ltr'><strong>Wyrundus,</strong></span> <span class='ocrx_word' id='word_1_216' title='bbox 1779 3439 2027 3508; x_wconf 84' lang='lat' dir='ltr'><strong>praedicti</strong></span> 
     </span>
    </p>
   </div>
   <div class='ocr_carea' id='block_1_37' title="bbox 445 3526 2030 3598">
    <p class='ocr_par' dir='ltr' id='par_1_37' title="bbox 445 3526 2030 3598">
     <span class='ocr_line' id='line_1_37' title="bbox 445 3526 2030 3598; baseline 0.004 -19"><span class='ocrx_word' id='word_1_217' title='bbox 445 3526 769 3585; x_wconf 85' lang='lat' dir='ltr'><strong>venerabilis</strong></span> <span class='ocrx_word' id='word_1_218' title='bbox 795 3530 1113 3587; x_wconf 88' lang='lat' dir='ltr'><strong>monasterii</strong></span> <span class='ocrx_word' id='word_1_219' title='bbox 1139 3530 1328 3598; x_wconf 83' lang='lat' dir='ltr'><strong>abbas,</strong></span> <span class='ocrx_word' id='word_1_220' title='bbox 1352 3532 1598 3588; x_wconf 87' lang='lat' dir='ltr'><strong>eamdem</strong></span> <span class='ocrx_word' id='word_1_221' title='bbox 1625 3546 1845 3586; x_wconf 87' lang='lat' dir='ltr'><strong>causam</strong></span> <span class='ocrx_word' id='word_1_222' title='bbox 1870 3531 2030 3586; x_wconf 84' lang='lat' dir='ltr'><strong>nobis</strong></span> 
     </span>
    </p>
   </div>
   <div class='ocr_carea' id='block_1_38' title="bbox 442 3620 2030 3695">
    <p class='ocr_par' dir='ltr' id='par_1_38' title="bbox 442 3620 2030 3695">
     <span class='ocr_line' id='line_1_38' title="bbox 442 3620 2030 3695; baseline 0.006 -21"><span class='ocrx_word' id='word_1_223' title='bbox 442 3620 733 3691; x_wconf 85' lang='lat' dir='ltr'><strong>suggessit.</strong></span> <span class='ocrx_word' id='word_1_224' title='bbox 773 3622 884 3680; x_wconf 87' lang='lat' dir='ltr'><strong>Nos</strong></span> <span class='ocrx_word' id='word_1_225' title='bbox 919 3624 1117 3681; x_wconf 89' lang='lat' dir='ltr'><strong>iterum</strong></span> <span class='ocrx_word' id='word_1_226' title='bbox 1167 3625 1430 3695; x_wconf 89' lang='lat' dir='ltr'><strong>iussimus</strong></span> <span class='ocrx_word' id='word_1_227' title='bbox 1482 3625 1746 3683; x_wconf 76' lang='lat' dir='ltr'><strong>Matfredo</strong></span> <span class='ocrx_word' id='word_1_228' title='bbox 1800 3635 1857 3683; x_wconf 89' lang='lat' dir='ltr'><strong>et</strong></span> <span class='ocrx_word' id='word_1_229' title='bbox 1892 3627 2030 3683; x_wconf 88' lang='lat' dir='ltr'><strong>alios</strong></span> 
     </span>
    </p>
   </div>
   <div class='ocr_carea' id='block_1_39' title="bbox 441 3709 2027 3791">
    <p class='ocr_par' dir='ltr' id='par_1_39' title="bbox 441 3709 2027 3791">
     <span class='ocr_line' id='line_1_39' title="bbox 441 3709 2027 3791; baseline 0.006 -26"><span class='ocrx_word' id='word_1_230' title='bbox 441 3709 630 3770; x_wconf 88' lang='lat' dir='ltr'><strong>ﬁdeles</strong></span> <span class='ocrx_word' id='word_1_231' title='bbox 673 3724 892 3772; x_wconf 87' lang='lat' dir='ltr'><strong>nostros</strong></span> <span class='ocrx_word' id='word_1_232' title='bbox 934 3716 1076 3773; x_wconf 87' lang='lat' dir='ltr'><strong>hanc</strong></span> <span class='ocrx_word' id='word_1_233' title='bbox 1121 3733 1237 3775; x_wconf 89' lang='lat' dir='ltr'><strong>rem</strong></span> <span class='ocrx_word' id='word_1_234' title='bbox 1262 3718 1549 3791; x_wconf 89' lang='lat' dir='ltr'><strong>diligenter</strong></span> <span class='ocrx_word' id='word_1_235' title='bbox 1578 3719 1873 3789; x_wconf 90' lang='lat' dir='ltr'><strong>inquirere.</strong></span> <span class='ocrx_word' id='word_1_236' title='bbox 1900 3718 2027 3788; x_wconf 85' lang='lat' dir='ltr'><strong>Qui,</strong></span> 
     </span>
    </p>
   </div>
   <div class='ocr_carea' id='block_1_40' title="bbox 440 3803 2031 3884">
    <p class='ocr_par' dir='ltr' id='par_1_40' title="bbox 440 3803 2031 3884">
     <span class='ocr_line' id='line_1_40' title="bbox 440 3803 2031 3884; baseline 0.006 -26"><span class='ocrx_word' id='word_1_237' title='bbox 440 3803 583 3859; x_wconf 88' lang='lat' dir='ltr'><strong>sicut</strong></span> <span class='ocrx_word' id='word_1_238' title='bbox 634 3808 791 3864; x_wconf 89' lang='lat' dir='ltr'><strong>nobis</strong></span> <span class='ocrx_word' id='word_1_239' title='bbox 824 3811 1294 3878; x_wconf 87' lang='lat' dir='ltr'><strong>renuntiaverunt,</strong></span> <span class='ocrx_word' id='word_1_240' title='bbox 1322 3814 1651 3869; x_wconf 88' lang='lat' dir='ltr'><strong>invenerunt</strong></span> <span class='ocrx_word' id='word_1_241' title='bbox 1680 3829 1779 3884; x_wconf 90' lang='lat' dir='ltr'><strong>per</strong></span> <span class='ocrx_word' id='word_1_242' title='bbox 1830 3812 2031 3869; x_wconf 85' lang='lat' dir='ltr'><strong>Hruot-</strong></span> 
     </span>
    </p>
   </div>
   <div class='ocr_carea' id='block_1_41' title="bbox 440 3894 2029 3971">
    <p class='ocr_par' dir='ltr' id='par_1_41' title="bbox 440 3894 2029 3971">
     <span class='ocr_line' id='line_1_41' title="bbox 440 3894 2029 3971; baseline 0.01 -22"><span class='ocrx_word' id='word_1_243' title='bbox 440 3894 630 3952; x_wconf 89' lang='lat' dir='ltr'><strong>bertur</strong></span> <span class='ocrx_word' id='word_1_244' title='bbox 656 3901 931 3971; x_wconf 88' lang='lat' dir='ltr'><strong>comitem,</strong></span> <span class='ocrx_word' id='word_1_245' title='bbox 964 3914 1020 3959; x_wconf 89' lang='lat' dir='ltr'><strong>et</strong></span> <span class='ocrx_word' id='word_1_246' title='bbox 1062 3914 1290 3964; x_wconf 74' lang='lat' dir='ltr'><strong>emteros</strong></span> <span class='ocrx_word' id='word_1_247' title='bbox 1314 3906 1523 3964; x_wconf 90' lang='lat' dir='ltr'><strong>nobiles</strong></span> <span class='ocrx_word' id='word_1_248' title='bbox 1563 3924 1631 3965; x_wconf 90' lang='lat' dir='ltr'><strong>ac</strong></span> <span class='ocrx_word' id='word_1_249' title='bbox 1658 3924 1884 3964; x_wconf 86' lang='lat' dir='ltr'><strong>veraces</strong></span> <span class='ocrx_word' id='word_1_250' title='bbox 1929 3908 2029 3964; x_wconf 83' lang='lat' dir='ltr'><strong>ho-</strong></span> 
     </span>
    </p>
   </div>
   <div class='ocr_carea' id='block_1_42' title="bbox 439 3988 2028 4072">
    <p class='ocr_par' dir='ltr' id='par_1_42' title="bbox 439 3988 2028 4072">
     <span class='ocr_line' id='line_1_42' title="bbox 439 3988 2028 4072; baseline 0.008 -31"><span class='ocrx_word' id='word_1_251' title='bbox 439 3988 614 4043; x_wconf 79' lang='lat' dir='ltr'><strong>mines</strong></span> <span class='ocrx_word' id='word_1_252' title='bbox 641 3992 788 4045; x_wconf 87' lang='lat' dir='ltr'><strong>circa</strong></span> <span class='ocrx_word' id='word_1_253' title='bbox 816 4004 1119 4065; x_wconf 83' lang='lat' dir='ltr'><strong>manentes,</strong></span> <span class='ocrx_word' id='word_1_254' title='bbox 1152 4000 1300 4071; x_wconf 90' lang='lat' dir='ltr'><strong>quod</strong></span> <span class='ocrx_word' id='word_1_255' title='bbox 1336 4001 1627 4072; x_wconf 78' lang='lat' dir='ltr'><strong>praedictus</strong></span> <span class='ocrx_word' id='word_1_256' title='bbox 1663 3998 2028 4056; x_wconf 85' lang='lat' dir='ltr'><strong>Nantcharius</strong></span> 
     </span>
    </p>
   </div>
   <div class='ocr_carea' id='block_1_43' title="bbox 437 4084 2028 4164">
    <p class='ocr_par' dir='ltr' id='par_1_43' title="bbox 437 4084 2028 4164">
     <span class='ocr_line' id='line_1_43' title="bbox 437 4084 2028 4164; baseline 0.008 -26"><span class='ocrx_word' id='word_1_257' title='bbox 437 4097 563 4139; x_wconf 89' lang='lat' dir='ltr'><strong>cum</strong></span> <span class='ocrx_word' id='word_1_258' title='bbox 592 4084 768 4141; x_wconf 83' lang='lat' dir='ltr'><strong>servis</strong></span> <span class='ocrx_word' id='word_1_259' title='bbox 796 4085 1083 4145; x_wconf 88' lang='lat' dir='ltr'><strong>dominicis</strong></span> <span class='ocrx_word' id='word_1_260' title='bbox 1118 4093 1316 4160; x_wconf 87' lang='lat' dir='ltr'><strong>iniuste</strong></span> <span class='ocrx_word' id='word_1_261' title='bbox 1353 4096 1527 4164; x_wconf 88' lang='lat' dir='ltr'><strong>ipsam</strong></span> <span class='ocrx_word' id='word_1_262' title='bbox 1554 4094 1933 4150; x_wconf 86' lang='lat' dir='ltr'><strong>investituram</strong></span> <span class='ocrx_word' id='word_1_263' title='bbox 1959 4096 2028 4151; x_wconf 89' lang='lat' dir='ltr'><strong>de</strong></span> 
     </span>
    </p>
   </div>
   <div class='ocr_carea' id='block_1_44' title="bbox 413 4176 2029 4261">
    <p class='ocr_par' dir='ltr' id='par_1_44' title="bbox 413 4176 2029 4261">
     <span class='ocr_line' id='line_1_44' title="bbox 413 4176 2029 4261; baseline 0.006 -28"><span class='ocrx_word' id='word_1_264' title='bbox 413 4176 711 4261; x_wconf 73' lang='lat' dir='ltr'><strong>potestate</strong></span> <span class='ocrx_word' id='word_1_265' title='bbox 764 4180 1011 4250; x_wconf 71' lang='lat' dir='ltr'><strong>praedicti</strong></span> <span class='ocrx_word' id='word_1_266' title='bbox 1061 4185 1378 4239; x_wconf 86' lang='lat' dir='ltr'><strong>monasterii</strong></span> <span class='ocrx_word' id='word_1_267' title='bbox 1439 4186 1772 4254; x_wconf 83' lang='lat' dir='ltr'><strong>abstulisset,</strong></span> <span class='ocrx_word' id='word_1_268' title='bbox 1816 4194 1876 4241; x_wconf 90' lang='lat' dir='ltr'><strong>et</strong></span> <span class='ocrx_word' id='word_1_269' title='bbox 1928 4202 2029 4256; x_wconf 90' lang='lat' dir='ltr'><strong>per</strong></span> 
     </span>
    </p>
   </div>
   <div class='ocr_carea' id='block_1_45' title="bbox 430 4269 2026 4353">
    <p class='ocr_par' dir='ltr' id='par_1_45' title="bbox 430 4269 2026 4353">
     <span class='ocr_line' id='line_1_45' title="bbox 430 4269 2026 4353; baseline 0.008 -28"><span class='ocrx_word' id='word_1_270' title='bbox 430 4269 699 4340; x_wconf 80' lang='lat' dir='ltr'><strong>iustitiam</strong></span> <span class='ocrx_word' id='word_1_271' title='bbox 727 4279 784 4329; x_wconf 88' lang='lat' dir='ltr'><strong>et</strong></span> <span class='ocrx_word' id='word_1_272' title='bbox 810 4274 1198 4331; x_wconf 88' lang='lat' dir='ltr'><strong>certitudinem</strong></span> <span class='ocrx_word' id='word_1_273' title='bbox 1226 4276 1369 4333; x_wconf 91' lang='lat' dir='ltr'><strong>inter</strong></span> <span class='ocrx_word' id='word_1_274' title='bbox 1412 4288 1657 4334; x_wconf 88' lang='lat' dir='ltr'><strong>nostram</strong></span> <span class='ocrx_word' id='word_1_275' title='bbox 1684 4288 1741 4335; x_wconf 91' lang='lat' dir='ltr'><strong>et</strong></span> <span class='ocrx_word' id='word_1_276' title='bbox 1775 4281 2026 4353; x_wconf 62' lang='lat' dir='ltr'><strong>praedicti</strong></span> 
     </span>
    </p>
   </div>
   <div class='ocr_carea' id='block_1_46' title="bbox 435 4370 2026 4449">
    <p class='ocr_par' dir='ltr' id='par_1_46' title="bbox 435 4370 2026 4449">
     <span class='ocr_line' id='line_1_46' title="bbox 435 4370 2026 4449; baseline 0.009 -29"><span class='ocrx_word' id='word_1_277' title='bbox 435 4370 749 4431; x_wconf 77' lang='lat' dir='ltr'><strong>monasterii</strong></span> <span class='ocrx_word' id='word_1_278' title='bbox 792 4381 1006 4440; x_wconf 86' lang='lat' dir='ltr'><strong>partem</strong></span> <span class='ocrx_word' id='word_1_279' title='bbox 1053 4388 1174 4427; x_wconf 87' lang='lat' dir='ltr'><strong>esse</strong></span> <span class='ocrx_word' id='word_1_280' title='bbox 1218 4373 1469 4441; x_wconf 89' lang='lat' dir='ltr'><strong>debebat,</strong></span> <span class='ocrx_word' id='word_1_281' title='bbox 1494 4385 1550 4430; x_wconf 85' lang='lat' dir='ltr'><strong>et</strong></span> <span class='ocrx_word' id='word_1_282' title='bbox 1577 4379 1723 4446; x_wconf 88' lang='lat' dir='ltr'><strong>quod</strong></span> <span class='ocrx_word' id='word_1_283' title='bbox 1766 4380 2026 4449; x_wconf 63' lang='lat' dir='ltr'><strong>praedicta</strong></span> 
     </span>
    </p>
   </div>
   <div class='ocr_carea' id='block_1_47' title="bbox 436 4456 2026 4533">
    <p class='ocr_par' dir='ltr' id='par_1_47' title="bbox 436 4456 2026 4533">
     <span class='ocr_line' id='line_1_47' title="bbox 436 4456 2026 4533; baseline 0.01 -23"><span class='ocrx_word' id='word_1_284' title='bbox 436 4456 660 4511; x_wconf 84' lang='lat' dir='ltr'><strong>marcba</strong></span> <span class='ocrx_word' id='word_1_285' title='bbox 685 4458 859 4513; x_wconf 86' lang='lat' dir='ltr'><strong>divisa</strong></span> <span class='ocrx_word' id='word_1_286' title='bbox 886 4469 1034 4516; x_wconf 86' lang='lat' dir='ltr'><strong>esset</strong></span> <span class='ocrx_word' id='word_1_287' title='bbox 1067 4462 1121 4515; x_wconf 92' lang='lat' dir='ltr'><strong>in</strong></span> <span class='ocrx_word' id='word_1_288' title='bbox 1152 4463 1262 4529; x_wconf 84' lang='lat' dir='ltr'><strong>via,</strong></span> <span class='ocrx_word' id='word_1_289' title='bbox 1286 4480 1407 4533; x_wconf 68' lang='lat' dir='ltr'><strong>quae</strong></span> <span class='ocrx_word' id='word_1_290' title='bbox 1462 4467 1663 4522; x_wconf 90' lang='lat' dir='ltr'><strong>dicitur</strong></span> <span class='ocrx_word' id='word_1_291' title='bbox 1698 4468 2026 4525; x_wconf 78' lang='lat' dir='ltr'><strong>Talanweke</strong></span> 
     </span>
    </p>
   </div>
   <div class='ocr_carea' id='block_1_48' title="bbox 2065 1841 2115 1903">
    <p class='ocr_par' dir='ltr' id='par_1_48' title="bbox 2065 1841 2115 1903">
     <span class='ocr_line' id='line_1_48' title="bbox 2065 1841 2115 1903; baseline 0 0"><span class='ocrx_word' id='word_1_292' title='bbox 2065 1841 2115 1903; x_wconf 86' lang='lat' dir='ltr'><strong>B</strong></span> 
     </span>
    </p>
   </div>
   <div class='ocr_carea' id='block_1_49' title="bbox 2137 577 3744 651">
    <p class='ocr_par' dir='ltr' id='par_1_49' title="bbox 2137 577 3744 651">
     <span class='ocr_line' id='line_1_49' title="bbox 2137 577 3744 651; baseline 0.009 -18"><span class='ocrx_word' id='word_1_293' title='bbox 2137 577 2325 634; x_wconf 92' lang='lat' dir='ltr'><strong>dierno</strong></span> <span class='ocrx_word' id='word_1_294' title='bbox 2346 579 2433 634; x_wconf 90' lang='lat' dir='ltr'><strong>die</strong></span> <span class='ocrx_word' id='word_1_295' title='bbox 2456 579 2513 635; x_wconf 91' lang='lat' dir='ltr'><strong>in</strong></span> <span class='ocrx_word' id='word_1_296' title='bbox 2539 586 2809 650; x_wconf 89' lang='lat' dir='ltr'><strong>potestate</strong></span> <span class='ocrx_word' id='word_1_297' title='bbox 2833 581 3080 651; x_wconf 82' lang='lat' dir='ltr'><strong>praedicti</strong></span> <span class='ocrx_word' id='word_1_298' title='bbox 3102 585 3419 640; x_wconf 87' lang='lat' dir='ltr'><strong>monasterii</strong></span> <span class='ocrx_word' id='word_1_299' title='bbox 3436 590 3744 646; x_wconf 79' lang='lat' dir='ltr'><strong>consistat.</strong></span> 
     </span>
    </p>
   </div>
   <div class='ocr_carea' id='block_1_50' title="bbox 2137 670 3747 743">
    <p class='ocr_par' dir='ltr' id='par_1_50' title="bbox 2137 670 3747 743">
     <span class='ocr_line' id='line_1_50' title="bbox 2137 670 3747 743; baseline 0.009 -19"><span class='ocrx_word' id='word_1_300' title='bbox 2137 670 2205 725; x_wconf 87' lang='lat' dir='ltr'><strong>Et</strong></span> <span class='ocrx_word' id='word_1_301' title='bbox 2243 670 2450 726; x_wconf 90' lang='lat' dir='ltr'><strong>nullam</strong></span> <span class='ocrx_word' id='word_1_302' title='bbox 2498 671 2752 743; x_wconf 88' lang='lat' dir='ltr'><strong>deinceps</strong></span> <span class='ocrx_word' id='word_1_303' title='bbox 2796 673 3214 730; x_wconf 89' lang='lat' dir='ltr'><strong>commotionem</strong></span> <span class='ocrx_word' id='word_1_304' title='bbox 3255 685 3351 731; x_wconf 90' lang='lat' dir='ltr'><strong>aut</strong></span> <span class='ocrx_word' id='word_1_305' title='bbox 3396 678 3747 739; x_wconf 84' lang='lat' dir='ltr'><strong>calumniam</strong></span> 
     </span>
    </p>
   </div>
   <div class='ocr_carea' id='block_1_51' title="bbox 2138 764 3746 845">
    <p class='ocr_par' dir='ltr' id='par_1_51' title="bbox 2138 764 3746 845">
     <span class='ocr_line' id='line_1_51' title="bbox 2138 764 3746 845; baseline 0.008 -28"><span class='ocrx_word' id='word_1_306' title='bbox 2138 772 2231 817; x_wconf 89' lang='lat' dir='ltr'><strong>aut</strong></span> <span class='ocrx_word' id='word_1_307' title='bbox 2257 764 2474 835; x_wconf 89' lang='lat' dir='ltr'><strong>aliquod</strong></span> <span class='ocrx_word' id='word_1_308' title='bbox 2499 764 2945 834; x_wconf 90' lang='lat' dir='ltr'><strong>impedimentum</strong></span> <span class='ocrx_word' id='word_1_309' title='bbox 2995 780 3027 821; x_wconf 92' lang='lat' dir='ltr'><strong>a</strong></span> <span class='ocrx_word' id='word_1_310' title='bbox 3058 775 3229 837; x_wconf 86' lang='lat' dir='ltr'><strong>.parte</strong></span> <span class='ocrx_word' id='word_1_311' title='bbox 3252 768 3370 825; x_wconf 88' lang='lat' dir='ltr'><strong>ﬁsci</strong></span> <span class='ocrx_word' id='word_1_312' title='bbox 3397 775 3571 828; x_wconf 80' lang='lat' dir='ltr'><strong>nostri</strong></span> <span class='ocrx_word' id='word_1_313' title='bbox 3594 790 3746 845; x_wconf 81' lang='lat' dir='ltr'><strong>pars</strong></span> 
     </span>
    </p>
   </div>
   <div class='ocr_carea' id='block_1_52' title="bbox 2136 856 3748 936">
    <p class='ocr_par' dir='ltr' id='par_1_52' title="bbox 2136 856 3748 936">
     <span class='ocr_line' id='line_1_52' title="bbox 2136 856 3748 936; baseline 0.007 -26"><span class='ocrx_word' id='word_1_314' title='bbox 2136 856 2381 926; x_wconf 54' lang='lat' dir='ltr'><strong>praedicti</strong></span> <span class='ocrx_word' id='word_1_315' title='bbox 2441 857 2758 911; x_wconf 90' lang='lat' dir='ltr'><strong>monasterii</strong></span> <span class='ocrx_word' id='word_1_316' title='bbox 2816 870 2876 912; x_wconf 88' lang='lat' dir='ltr'><strong>se</strong></span> <span class='ocrx_word' id='word_1_317' title='bbox 2924 857 3233 913; x_wconf 86' lang='lat' dir='ltr'><strong>habituram</strong></span> <span class='ocrx_word' id='word_1_318' title='bbox 3295 863 3508 930; x_wconf 87' lang='lat' dir='ltr'><strong>penitus</strong></span> <span class='ocrx_word' id='word_1_319' title='bbox 3560 866 3748 936; x_wconf 84' lang='lat' dir='ltr'><strong>perti-</strong></span> 
     </span>
    </p>
   </div>
   <div class='ocr_carea' id='block_1_53' title="bbox 2136 949 3750 1013">
    <p class='ocr_par' dir='ltr' id='par_1_53' title="bbox 2136 949 3750 1013">
     <span class='ocr_line' id='line_1_53' title="bbox 2136 949 3750 1013; baseline 0.005 -8"><span class='ocrx_word' id='word_1_320' title='bbox 2136 954 2385 1005; x_wconf 80' lang='lat' dir='ltr'><strong>mescat:</strong></span> <span class='ocrx_word' id='word_1_321' title='bbox 2422 956 2478 1003; x_wconf 91' lang='lat' dir='ltr'><strong>et</strong></span> <span class='ocrx_word' id='word_1_322' title='bbox 2522 956 2583 1002; x_wconf 91' lang='lat' dir='ltr'><strong>ut</strong></span> <span class='ocrx_word' id='word_1_323' title='bbox 2623 949 2742 1003; x_wconf 65' lang='lat' dir='ltr'><strong>haec</strong></span> <span class='ocrx_word' id='word_1_324' title='bbox 2782 949 3081 1004; x_wconf 82' lang='lat' dir='ltr'><strong>auctoritas</strong></span> <span class='ocrx_word' id='word_1_325' title='bbox 3130 949 3336 1007; x_wconf 81' lang='lat' dir='ltr'><strong>ﬁrmior</strong></span> <span class='ocrx_word' id='word_1_326' title='bbox 3374 955 3640 1011; x_wconf 85' lang='lat' dir='ltr'><strong>habeatur</strong></span> <span class='ocrx_word' id='word_1_327' title='bbox 3679 968 3750 1013; x_wconf 85' lang='lat' dir='ltr'><strong>et</strong></span> 
     </span>
    </p>
   </div>
   <div class='ocr_carea' id='block_1_54' title="bbox 2137 1041 3747 1120">
    <p class='ocr_par' dir='ltr' id='par_1_54' title="bbox 2137 1041 3747 1120">
     <span class='ocr_line' id='line_1_54' title="bbox 2137 1041 3747 1120; baseline 0.004 -23"><span class='ocrx_word' id='word_1_328' title='bbox 2137 1058 2170 1097; x_wconf 91' lang='lat' dir='ltr'><strong>a</strong></span> <span class='ocrx_word' id='word_1_329' title='bbox 2209 1042 2457 1098; x_wconf 88' lang='lat' dir='ltr'><strong>ﬁdelibus</strong></span> <span class='ocrx_word' id='word_1_330' title='bbox 2487 1041 2691 1097; x_wconf 87' lang='lat' dir='ltr'><strong>nostris</strong></span> <span class='ocrx_word' id='word_1_331' title='bbox 2719 1041 2904 1098; x_wconf 90' lang='lat' dir='ltr'><strong>verius</strong></span> <span class='ocrx_word' id='word_1_332' title='bbox 2934 1043 3243 1114; x_wconf 87' lang='lat' dir='ltr'><strong>certiusque</strong></span> <span class='ocrx_word' id='word_1_333' title='bbox 3273 1047 3529 1102; x_wconf 86' lang='lat' dir='ltr'><strong>credatur</strong></span> <span class='ocrx_word' id='word_1_334' title='bbox 3560 1058 3747 1120; x_wconf 77' lang='lat' dir='ltr'><strong>atque</strong></span> 
     </span>
    </p>
   </div>
   <div class='ocr_carea' id='block_1_55' title="bbox 2138 1134 3745 1211">
    <p class='ocr_par' dir='ltr' id='par_1_55' title="bbox 2138 1134 3745 1211">
     <span class='ocr_line' id='line_1_55' title="bbox 2138 1134 3745 1211; baseline 0.005 -21"><span class='ocrx_word' id='word_1_335' title='bbox 2138 1143 2509 1201; x_wconf 89' lang='lat' dir='ltr'><strong>conservetur,</strong></span> <span class='ocrx_word' id='word_1_336' title='bbox 2534 1134 2604 1190; x_wconf 90' lang='lat' dir='ltr'><strong>de</strong></span> <span class='ocrx_word' id='word_1_337' title='bbox 2623 1134 2824 1191; x_wconf 83' lang='lat' dir='ltr'><strong>annulo</strong></span> <span class='ocrx_word' id='word_1_338' title='bbox 2852 1142 3041 1192; x_wconf 90' lang='lat' dir='ltr'><strong>nostro</strong></span> <span class='ocrx_word' id='word_1_339' title='bbox 3061 1137 3250 1193; x_wconf 87' lang='lat' dir='ltr'><strong>subter</strong></span> <span class='ocrx_word' id='word_1_340' title='bbox 3289 1153 3411 1199; x_wconf 87' lang='lat' dir='ltr'><strong>eam</strong></span> <span class='ocrx_word' id='word_1_341' title='bbox 3456 1141 3745 1211; x_wconf 84' lang='lat' dir='ltr'><strong>iussimus</strong></span> 
     </span>
    </p>
   </div>
   <div class='ocr_carea' id='block_1_56' title="bbox 2137 1224 3381 1297">
    <p class='ocr_par' dir='ltr' id='par_1_56' title="bbox 2137 1224 3381 1297">
     <span class='ocr_line' id='line_1_56' title="bbox 2137 1224 3381 1297; baseline -0.006 -17"><span class='ocrx_word' id='word_1_342' title='bbox 2137 1224 2382 1297; x_wconf 87' lang='lat' dir='ltr'><strong>sigillari.</strong></span> <span class='ocrx_word' id='word_1_343' title='bbox 2696 1268 2703 1274; x_wconf 85' lang='lat'><strong>.</strong></span> <span class='ocrx_word' id='word_1_344' title='bbox 3378 1242 3381 1243; x_wconf 50' lang='grc' dir='ltr'><em>ν</em></span> 
     </span>
    </p>
   </div>
   <div class='ocr_carea' id='block_1_57' title="bbox 2206 1314 3746 1390">
    <p class='ocr_par' dir='ltr' id='par_1_57' title="bbox 2206 1314 3746 1390">
     <span class='ocr_line' id='line_1_57' title="bbox 2206 1314 3746 1390; baseline 0.004 -20"><span class='ocrx_word' id='word_1_345' title='bbox 2206 1315 2498 1372; x_wconf 90' lang='lat' dir='ltr'><strong>Durandus</strong></span> <span class='ocrx_word' id='word_1_346' title='bbox 2525 1314 2787 1372; x_wconf 79' lang='lat' dir='ltr'><strong>diaconus</strong></span> <span class='ocrx_word' id='word_1_347' title='bbox 2811 1314 2880 1371; x_wconf 91' lang='lat' dir='ltr'><strong>ad</strong></span> <span class='ocrx_word' id='word_1_348' title='bbox 2917 1315 3095 1373; x_wconf 76' lang='lat' dir='ltr'><strong>vicem</strong></span> <span class='ocrx_word' id='word_1_349' title='bbox 3142 1316 3417 1388; x_wconf 81' lang='lat' dir='ltr'><strong>Fridugisi</strong></span> <span class='ocrx_word' id='word_1_350' title='bbox 3464 1334 3746 1390; x_wconf 80' lang='lat' dir='ltr'><strong>recOgno-</strong></span> 
     </span>
    </p>
   </div>
   <div class='ocr_carea' id='block_1_58' title="bbox 2136 1405 2755 1471">
    <p class='ocr_par' dir='ltr' id='par_1_58' title="bbox 2136 1405 2755 1471">
     <span class='ocr_line' id='line_1_58' title="bbox 2136 1405 2755 1471; baseline -0.006 -8"><span class='ocrx_word' id='word_1_351' title='bbox 2136 1405 2235 1463; x_wconf 88' lang='lat' dir='ltr'><strong>vit.</strong></span> <span class='ocrx_word' id='word_1_352' title='bbox 2748 1466 2755 1471; x_wconf 46' lang='grc'>,</span> 
     </span>
    </p>
   </div>
   <div class='ocr_carea' id='block_1_59' title="bbox 2207 1502 3738 1577">
    <p class='ocr_par' dir='ltr' id='par_1_59' title="bbox 2207 1502 3738 1577">
     <span class='ocr_line' id='line_1_59' title="bbox 2207 1502 3738 1577; baseline 0.003 -18"><span class='ocrx_word' id='word_1_353' title='bbox 2207 1504 2346 1560; x_wconf 90' lang='lat' dir='ltr'><strong>Data</strong></span> <span class='ocrx_word' id='word_1_354' title='bbox 2402 1519 2457 1559; x_wconf 80' lang='lat' dir='ltr'><strong>vi</strong></span> <span class='ocrx_word' id='word_1_355' title='bbox 2497 1502 2622 1560; x_wconf 92' lang='lat' dir='ltr'><strong>Idus</strong></span> <span class='ocrx_word' id='word_1_356' title='bbox 2671 1503 2990 1569; x_wconf 71' lang='lat' dir='ltr'><strong>Ianuarias,</strong></span> <span class='ocrx_word' id='word_1_357' title='bbox 3016 1520 3182 1570; x_wconf 89' lang='lat' dir='ltr'><strong>anno,</strong></span> <span class='ocrx_word' id='word_1_358' title='bbox 3212 1504 3432 1563; x_wconf 88' lang='lat' dir='ltr'><strong>Christo</strong></span> <span class='ocrx_word' id='word_1_359' title='bbox 3460 1506 3738 1577; x_wconf 85' lang='lat' dir='ltr'><strong>propitio,</strong></span> 
     </span>
    </p>
   </div>
   <div class='ocr_carea' id='block_1_60' title="bbox 2138 1594 3438 1668">
    <p class='ocr_par' dir='ltr' id='par_1_60' title="bbox 2138 1594 3438 1668">
     <span class='ocr_line' id='line_1_60' title="bbox 2138 1594 3438 1668; baseline -0.001 -16"><span class='ocrx_word' id='word_1_360' title='bbox 2138 1595 2173 1652; x_wconf 90' lang='lat'><strong>8</strong></span> <span class='ocrx_word' id='word_1_361' title='bbox 2197 1595 2413 1668; x_wconf 89' lang='lat' dir='ltr'><strong>imperii</strong></span> <span class='ocrx_word' id='word_1_362' title='bbox 2436 1594 2640 1655; x_wconf 85' lang='lat' dir='ltr'><strong>domini</strong></span> <span class='ocrx_word' id='word_1_363' title='bbox 2660 1594 2918 1652; x_wconf 88' lang='lat' dir='ltr'><strong>Ludovici</strong></span> <span class='ocrx_word' id='word_1_364' title='bbox 2942 1596 3174 1667; x_wconf 86' lang='lat' dir='ltr'><strong>piissimi</strong></span> <span class='ocrx_word' id='word_1_365' title='bbox 3193 1596 3438 1667; x_wconf 77' lang='lat' dir='ltr'><strong>Augusti.</strong></span> 
     </span>
    </p>
   </div>
   <div class='ocr_carea' id='block_1_61' title="bbox 2821 1706 3052 1763">
    <p class='ocr_par' dir='ltr' id='par_1_61' title="bbox 2821 1706 3052 1763">
     <span class='ocr_line' id='line_1_61' title="bbox 2821 1706 3052 1763; baseline -0.009 0"><span class='ocrx_word' id='word_1_366' title='bbox 2821 1706 3052 1763; x_wconf 77' lang='lat' dir='ltr'><strong>XCVIII.</strong></span> 
     </span>
    </p>
   </div>
   <div class='ocr_carea' id='block_1_62' title="bbox 2603 1792 3401 1835">
    <p class='ocr_par' dir='ltr' id='par_1_62' title="bbox 2603 1792 3401 1835">
     <span class='ocr_line' id='line_1_62' title="bbox 2603 1792 3401 1835; baseline -0.001 -1"><span class='ocrx_word' id='word_1_367' title='bbox 2603 1793 2943 1834; x_wconf 73' lang='lat' dir='ltr'><strong>IONASTERIO</strong></span> <span class='ocrx_word' id='word_1_368' title='bbox 2996 1794 3187 1834; x_wconf 72' lang='lat' dir='ltr'><strong>SANCTI</strong></span> <span class='ocrx_word' id='word_1_369' title='bbox 3222 1792 3401 1835; x_wconf 69' lang='lat' dir='ltr'><strong>GALLI.</strong></span> 
     </span>
    </p>
   </div>
   <div class='ocr_carea' id='block_1_63' title="bbox 2608 1867 3288 1941">
    <p class='ocr_par' dir='ltr' id='par_1_63' title="bbox 2608 1867 3288 1941">
     <span class='ocr_line' id='line_1_63' title="bbox 2608 1867 3288 1941; baseline 0.001 -19"><span class='ocrx_word' id='word_1_370' title='bbox 2608 1867 2783 1941; x_wconf 82' lang='lat' dir='ltr'><strong>(Anno</strong></span> <span class='ocrx_word' id='word_1_371' title='bbox 2812 1869 2938 1936; x_wconf 75' lang='grc'><strong>821,</strong></span> <span class='ocrx_word' id='word_1_372' title='bbox 2972 1869 3039 1924; x_wconf 81' lang='grc'><strong>15</strong></span> <span class='ocrx_word' id='word_1_373' title='bbox 3076 1867 3288 1941; x_wconf 66' lang='lat' dir='ltr'><strong>Febr.)</strong></span> 
     </span>
    </p>
   </div>
   <div class='ocr_carea' id='block_1_64' title="bbox 2216 1958 3659 2038">
    <p class='ocr_par' dir='ltr' id='par_1_64' title="bbox 2216 1958 3659 2038">
     <span class='ocr_line' id='line_1_64' title="bbox 2216 1958 3659 2038; baseline -0.006 -18"><span class='ocrx_word' id='word_1_374' title='bbox 2216 1962 2395 2038; x_wconf 80' lang='lat' dir='ltr'><strong>[Apud</strong></span> <span class='ocrx_word' id='word_1_375' title='bbox 2418 1961 2702 2034; x_wconf 85' lang='lat' dir='ltr'><strong>Neugart.,</strong></span> <span class='ocrx_word' id='word_1_376' title='bbox 2733 1958 2912 2016; x_wconf 69' lang='lat' dir='ltr'><strong>Codex</strong></span> <span class='ocrx_word' id='word_1_377' title='bbox 2931 1960 3328 2026; x_wconf 71' lang='lat' dir='ltr'><strong>Alamannicus,</strong></span> <span class='ocrx_word' id='word_1_378' title='bbox 3352 1975 3476 2032; x_wconf 86' lang='lat' dir='ltr'><strong>pag.</strong></span> <span class='ocrx_word' id='word_1_379' title='bbox 3502 1958 3659 2032; x_wconf 66' lang='lat'><strong>£79.]</strong></span> 
     </span>
    </p>
   </div>
   <div class='ocr_carea' id='block_1_65' title="bbox 2210 2051 3741 2115">
    <p class='ocr_par' dir='ltr' id='par_1_65' title="bbox 2210 2051 3741 2115">
     <span class='ocr_line' id='line_1_65' title="bbox 2210 2051 3741 2115; baseline -0.005 -1"><span class='ocrx_word' id='word_1_380' title='bbox 2210 2058 2270 2115; x_wconf 90' lang='lat' dir='ltr'><strong>In</strong></span> <span class='ocrx_word' id='word_1_381' title='bbox 2316 2055 2537 2113; x_wconf 87' lang='lat' dir='ltr'><strong>nomine</strong></span> <span class='ocrx_word' id='word_1_382' title='bbox 2581 2054 2795 2110; x_wconf 88' lang='lat' dir='ltr'><strong>Domini</strong></span> <span class='ocrx_word' id='word_1_383' title='bbox 2836 2054 2934 2109; x_wconf 91' lang='lat' dir='ltr'><strong>Dei</strong></span> <span class='ocrx_word' id='word_1_384' title='bbox 2977 2063 3034 2111; x_wconf 91' lang='lat' dir='ltr'><strong>et</strong></span> <span class='ocrx_word' id='word_1_385' title='bbox 3069 2054 3367 2110; x_wconf 85' lang='lat' dir='ltr'><strong>Salvatoris</strong></span> <span class='ocrx_word' id='word_1_386' title='bbox 3396 2053 3575 2109; x_wconf 85' lang='lat' dir='ltr'><strong>nostri</strong></span> <span class='ocrx_word' id='word_1_387' title='bbox 3604 2051 3741 2107; x_wconf 83' lang='lat' dir='ltr'><strong>Jesu</strong></span> 
     </span>
    </p>
   </div>
   <div class='ocr_carea' id='block_1_66' title="bbox 2142 2145 3740 2218">
    <p class='ocr_par' dir='ltr' id='par_1_66' title="bbox 2142 2145 3740 2218">
     <span class='ocr_line' id='line_1_66' title="bbox 2142 2145 3740 2218; baseline -0.003 -13"><span class='ocrx_word' id='word_1_388' title='bbox 2142 2147 2365 2213; x_wconf 88' lang='lat' dir='ltr'><strong>Christi,</strong></span> <span class='ocrx_word' id='word_1_389' title='bbox 2392 2146 2700 2202; x_wconf 87' lang='lat' dir='ltr'><strong>Ludovicus</strong></span> <span class='ocrx_word' id='word_1_390' title='bbox 2736 2146 2919 2205; x_wconf 87' lang='lat' dir='ltr'><strong>divina</strong></span> <span class='ocrx_word' id='word_1_391' title='bbox 2942 2146 3229 2203; x_wconf 83' lang='lat' dir='ltr'><strong>ordinante</strong></span> <span class='ocrx_word' id='word_1_392' title='bbox 3251 2147 3600 2218; x_wconf 83' lang='lat' dir='ltr'><strong>providentia</strong></span> <span class='ocrx_word' id='word_1_393' title='bbox 3632 2145 3740 2200; x_wconf 83' lang='lat' dir='ltr'><strong>im-</strong></span> 
     </span>
    </p>
   </div>
   <div class='ocr_carea' id='block_1_67' title="bbox 2139 2240 2675 2315">
    <p class='ocr_par' dir='ltr' id='par_1_67' title="bbox 2139 2240 2675 2315">
     <span class='ocr_line' id='line_1_67' title="bbox 2139 2240 2675 2315; baseline -0.002 -19"><span class='ocrx_word' id='word_1_394' title='bbox 2139 2248 2361 2315; x_wconf 89' lang='lat' dir='ltr'><strong>perator</strong></span> <span class='ocrx_word' id='word_1_395' title='bbox 2379 2240 2675 2313; x_wconf 80' lang='lat' dir='ltr'><strong>Augustus.</strong></span> 
     </span>
    </p>
   </div>
   <div class='ocr_carea' id='block_1_68' title="bbox 2212 2332 3736 2406">
    <p class='ocr_par' dir='ltr' id='par_1_68' title="bbox 2212 2332 3736 2406">
     <span class='ocr_line' id='line_1_68' title="bbox 2212 2332 3736 2406; baseline -0.001 -16"><span class='ocrx_word' id='word_1_396' title='bbox 2212 2334 2348 2390; x_wconf 91' lang='lat' dir='ltr'><strong>Cum</strong></span> <span class='ocrx_word' id='word_1_397' title='bbox 2366 2334 2530 2406; x_wconf 90' lang='lat' dir='ltr'><strong>iustis</strong></span> <span class='ocrx_word' id='word_1_398' title='bbox 2550 2348 2833 2391; x_wconf 90' lang='lat' dir='ltr'><strong>servorum</strong></span> <span class='ocrx_word' id='word_1_399' title='bbox 2860 2333 2957 2388; x_wconf 88' lang='lat' dir='ltr'><strong>Dei</strong></span> <span class='ocrx_word' id='word_1_400' title='bbox 2983 2332 3353 2404; x_wconf 87' lang='lat' dir='ltr'><strong>petitionibus,</strong></span> <span class='ocrx_word' id='word_1_401' title='bbox 3366 2348 3508 2404; x_wconf 88' lang='lat' dir='ltr'><strong>quas</strong></span> <span class='ocrx_word' id='word_1_402' title='bbox 3525 2333 3736 2389; x_wconf 79' lang='lat' dir='ltr'><strong>nostris</strong></span> 
     </span>
    </p>
   </div>
   <div class='ocr_carea' id='block_1_69' title="bbox 2137 2425 3736 2493">
    <p class='ocr_par' dir='ltr' id='par_1_69' title="bbox 2137 2425 3736 2493">
     <span class='ocr_line' id='line_1_69' title="bbox 2137 2425 3736 2493; baseline -0.001 -12"><span class='ocrx_word' id='word_1_403' title='bbox 2137 2427 2365 2482; x_wconf 87' lang='lat' dir='ltr'><strong>auribus</strong></span> <span class='ocrx_word' id='word_1_404' title='bbox 2411 2426 2836 2493; x_wconf 89' lang='lat' dir='ltr'><strong>insinuaverint,</strong></span> <span class='ocrx_word' id='word_1_405' title='bbox 2868 2425 3099 2485; x_wconf 88' lang='lat' dir='ltr'><strong>libenter</strong></span> <span class='ocrx_word' id='word_1_406' title='bbox 3142 2427 3603 2492; x_wconf 84' lang='lat' dir='ltr'><strong>annuerimus,et</strong></span> <span class='ocrx_word' id='word_1_407' title='bbox 3638 2438 3736 2479; x_wconf 78' lang='lat' dir='ltr'><strong>eas</strong></span> 
     </span>
    </p>
   </div>
   <div class='ocr_carea' id='block_1_70' title="bbox 2137 2515 3733 2588">
    <p class='ocr_par' dir='ltr' id='par_1_70' title="bbox 2137 2515 3733 2588">
     <span class='ocr_line' id='line_1_70' title="bbox 2137 2515 3733 2588; baseline -0.003 -14"><span class='ocrx_word' id='word_1_408' title='bbox 2137 2532 2261 2574; x_wconf 86' lang='lat' dir='ltr'><strong>cum</strong></span> <span class='ocrx_word' id='word_1_409' title='bbox 2290 2515 2385 2571; x_wconf 91' lang='lat' dir='ltr'><strong>Dei</strong></span> <span class='ocrx_word' id='word_1_410' title='bbox 2415 2516 2613 2574; x_wconf 82' lang='lat' dir='ltr'><strong>auxilio</strong></span> <span class='ocrx_word' id='word_1_411' title='bbox 2659 2517 2728 2572; x_wconf 89' lang='lat' dir='ltr'><strong>ad</strong></span> <span class='ocrx_word' id='word_1_412' title='bbox 2772 2516 3020 2573; x_wconf 84' lang='lat' dir='ltr'><strong>eﬁ‘ectum</strong></span> <span class='ocrx_word' id='word_1_413' title='bbox 3064 2518 3350 2588; x_wconf 80' lang='lat' dir='ltr'><strong>pervenire</strong></span> <span class='ocrx_word' id='word_1_414' title='bbox 3402 2516 3733 2582; x_wconf 82' lang='lat' dir='ltr'><strong>fecerimus,</strong></span> 
     </span>
    </p>
   </div>
   <div class='ocr_carea' id='block_1_71' title="bbox 2137 2607 3731 2681">
    <p class='ocr_par' dir='ltr' id='par_1_71' title="bbox 2137 2607 3731 2681">
     <span class='ocr_line' id='line_1_71' title="bbox 2137 2607 3731 2681; baseline -0.003 -16"><span class='ocrx_word' id='word_1_415' title='bbox 2137 2624 2247 2665; x_wconf 89' lang='lat' dir='ltr'><strong>non</strong></span> <span class='ocrx_word' id='word_1_416' title='bbox 2293 2609 2467 2666; x_wconf 89' lang='lat' dir='ltr'><strong>solum</strong></span> <span class='ocrx_word' id='word_1_417' title='bbox 2519 2609 2725 2680; x_wconf 84' lang='lat' dir='ltr'><strong>regiam</strong></span> <span class='ocrx_word' id='word_1_418' title='bbox 2786 2616 2843 2664; x_wconf 90' lang='lat' dir='ltr'><strong>et</strong></span> <span class='ocrx_word' id='word_1_419' title='bbox 2889 2608 3227 2681; x_wconf 86' lang='lat' dir='ltr'><strong>imperialem</strong></span> <span class='ocrx_word' id='word_1_420' title='bbox 3273 2607 3731 2665; x_wconf 84' lang='lat' dir='ltr'><strong>consuetudinem</strong></span> 
     </span>
    </p>
   </div>
   <div class='ocr_carea' id='block_1_72' title="bbox 2137 2697 3731 2772">
    <p class='ocr_par' dir='ltr' id='par_1_72' title="bbox 2137 2697 3731 2772">
     <span class='ocr_line' id='line_1_72' title="bbox 2137 2697 3731 2772; baseline -0.001 -17"><span class='ocrx_word' id='word_1_421' title='bbox 2137 2713 2475 2766; x_wconf 84' lang='lat' dir='ltr'><strong>exercemus,</strong></span> <span class='ocrx_word' id='word_1_422' title='bbox 2521 2714 2712 2755; x_wconf 87' lang='lat' dir='ltr'><strong>verum</strong></span> <span class='ocrx_word' id='word_1_423' title='bbox 2758 2698 2923 2755; x_wconf 88' lang='lat' dir='ltr'><strong>etiam</strong></span> <span class='ocrx_word' id='word_1_424' title='bbox 2973 2699 3079 2756; x_wconf 86' lang='lat' dir='ltr'><strong>hoc</strong></span> <span class='ocrx_word' id='word_1_425' title='bbox 3123 2699 3283 2756; x_wconf 88' lang='lat' dir='ltr'><strong>nobis</strong></span> <span class='ocrx_word' id='word_1_426' title='bbox 3324 2698 3520 2772; x_wconf 90' lang='lat' dir='ltr'><strong>procul</strong></span> <span class='ocrx_word' id='word_1_427' title='bbox 3563 2697 3731 2754; x_wconf 88' lang='lat' dir='ltr'><strong>dubio</strong></span> 
     </span>
    </p>
   </div>
   <div class='ocr_carea' id='block_1_73' title="bbox 2140 2792 3730 2863">
    <p class='ocr_par' dir='ltr' id='par_1_73' title="bbox 2140 2792 3730 2863">
     <span class='ocr_line' id='line_1_73' title="bbox 2140 2792 3730 2863; baseline -0.002 -15"><span class='ocrx_word' id='word_1_428' title='bbox 2140 2803 2247 2860; x_wconf 77' lang='lat' dir='ltr'><strong>tam</strong></span> <span class='ocrx_word' id='word_1_429' title='bbox 2283 2794 2351 2849; x_wconf 89' lang='lat' dir='ltr'><strong>ad</strong></span> <span class='ocrx_word' id='word_1_430' title='bbox 2378 2801 2579 2849; x_wconf 90' lang='lat' dir='ltr'><strong>statum</strong></span> <span class='ocrx_word' id='word_1_431' title='bbox 2619 2792 2826 2849; x_wconf 90' lang='lat' dir='ltr'><strong>terreni</strong></span> <span class='ocrx_word' id='word_1_432' title='bbox 2850 2792 3003 2863; x_wconf 85' lang='lat' dir='ltr'><strong>regni</strong></span> <span class='ocrx_word' id='word_1_433' title='bbox 3048 2792 3536 2858; x_wconf 83' lang='lat' dir='ltr'><strong>eorroborandum,</strong></span> <span class='ocrx_word' id='word_1_434' title='bbox 3560 2805 3730 2861; x_wconf 81' lang='lat' dir='ltr'><strong>quam</strong></span> 
     </span>
    </p>
   </div>
   <div class='ocr_carea' id='block_1_74' title="bbox 2135 2879 3730 2954">
    <p class='ocr_par' dir='ltr' id='par_1_74' title="bbox 2135 2879 3730 2954">
     <span class='ocr_line' id='line_1_74' title="bbox 2135 2879 3730 2954; baseline -0.007 -11"><span class='ocrx_word' id='word_1_435' title='bbox 2135 2885 2203 2945; x_wconf 87' lang='lat' dir='ltr'><strong>ad</strong></span> <span class='ocrx_word' id='word_1_436' title='bbox 2255 2892 2469 2941; x_wconf 59' lang='lat' dir='ltr'><strong>aeterna</strong></span> <span class='ocrx_word' id='word_1_437' title='bbox 2514 2884 2640 2940; x_wconf 64' lang='lat' dir='ltr'><strong>vitae</strong></span> <span class='ocrx_word' id='word_1_438' title='bbox 2676 2882 3066 2939; x_wconf 86' lang='lat' dir='ltr'><strong>beatitudinem</strong></span> <span class='ocrx_word' id='word_1_439' title='bbox 3107 2882 3498 2954; x_wconf 86' lang='lat' dir='ltr'><strong>capessendam</strong></span> <span class='ocrx_word' id='word_1_440' title='bbox 3540 2879 3730 2952; x_wconf 80' lang='lat' dir='ltr'><strong>profu-</strong></span> 
     </span>
    </p>
   </div>
   <div class='ocr_carea' id='block_1_75' title="bbox 2132 2972 3729 3043">
    <p class='ocr_par' dir='ltr' id='par_1_75' title="bbox 2132 2972 3729 3043">
     <span class='ocr_line' id='line_1_75' title="bbox 2132 2972 3729 3043; baseline -0.004 -11"><span class='ocrx_word' id='word_1_441' title='bbox 2132 2986 2318 3043; x_wconf 89' lang='lat' dir='ltr'><strong>turum</strong></span> <span class='ocrx_word' id='word_1_442' title='bbox 2337 2992 2459 3032; x_wconf 88' lang='lat' dir='ltr'><strong>esse</strong></span> <span class='ocrx_word' id='word_1_443' title='bbox 2488 2976 2830 3032; x_wconf 89' lang='lat' dir='ltr'><strong>conﬁdimus.</strong></span> <span class='ocrx_word' id='word_1_444' title='bbox 2860 2975 3067 3032; x_wconf 84' lang='lat' dir='ltr'><strong>Idcirco</strong></span> <span class='ocrx_word' id='word_1_445' title='bbox 3089 2984 3282 3031; x_wconf 88' lang='lat' dir='ltr'><strong>notum</strong></span> <span class='ocrx_word' id='word_1_446' title='bbox 3314 2974 3435 3031; x_wconf 88' lang='lat' dir='ltr'><strong>ﬁeri</strong></span> <span class='ocrx_word' id='word_1_447' title='bbox 3473 2972 3729 3029; x_wconf 87' lang='lat' dir='ltr'><strong>volumus</strong></span> 
     </span>
    </p>
   </div>
   <div class='ocr_carea' id='block_1_76' title="bbox 2132 3068 3728 3140">
    <p class='ocr_par' dir='ltr' id='par_1_76' title="bbox 2132 3068 3728 3140">
     <span class='ocr_line' id='line_1_76' title="bbox 2132 3068 3728 3140; baseline -0.004 -15"><span class='ocrx_word' id='word_1_448' title='bbox 2132 3069 2379 3125; x_wconf 72' lang='lat' dir='ltr'><strong>omnium</strong></span> <span class='ocrx_word' id='word_1_449' title='bbox 2402 3069 2646 3125; x_wconf 87' lang='lat' dir='ltr'><strong>ﬁdelium</strong></span> <span class='ocrx_word' id='word_1_450' title='bbox 2669 3078 3000 3135; x_wconf 88' lang='lat' dir='ltr'><strong>nostrorum,</strong></span> <span class='ocrx_word' id='word_1_451' title='bbox 3027 3076 3139 3123; x_wconf 87' lang='lat' dir='ltr'><strong>tam</strong></span> <span class='ocrx_word' id='word_1_452' title='bbox 3176 3068 3529 3140; x_wconf 56' lang='lat' dir='ltr'><strong>praesentium</strong></span> <span class='ocrx_word' id='word_1_453' title='bbox 3557 3079 3728 3135; x_wconf 84' lang='lat' dir='ltr'><strong>quam</strong></span> 
     </span>
    </p>
   </div>
   <div class='ocr_carea' id='block_1_77' title="bbox 2132 3158 3731 3231">
    <p class='ocr_par' dir='ltr' id='par_1_77' title="bbox 2132 3158 3731 3231">
     <span class='ocr_line' id='line_1_77' title="bbox 2132 3158 3731 3231; baseline -0.006 -11"><span class='ocrx_word' id='word_1_454' title='bbox 2132 3162 2461 3231; x_wconf 73' lang='lat' dir='ltr'><strong>futurorum,</strong></span> <span class='ocrx_word' id='word_1_455' title='bbox 2493 3163 2748 3230; x_wconf 76' lang='lat' dir='ltr'><strong>solertiae,</strong></span> <span class='ocrx_word' id='word_1_456' title='bbox 2780 3163 2957 3219; x_wconf 91' lang='lat' dir='ltr'><strong>virum</strong></span> <span class='ocrx_word' id='word_1_457' title='bbox 2986 3161 3356 3219; x_wconf 81' lang='lat' dir='ltr'><strong>venerabilem</strong></span> <span class='ocrx_word' id='word_1_458' title='bbox 3391 3158 3731 3219; x_wconf 86' lang='lat' dir='ltr'><strong>Cozbertum</strong></span> 
     </span>
    </p>
   </div>
   <div class='ocr_carea' id='block_1_78' title="bbox 2136 3256 3731 3318">
    <p class='ocr_par' dir='ltr' id='par_1_78' title="bbox 2136 3256 3731 3318">
     <span class='ocr_line' id='line_1_78' title="bbox 2136 3256 3731 3318; baseline -0.006 -2"><span class='ocrx_word' id='word_1_459' title='bbox 2136 3259 2390 3318; x_wconf 86' lang='lat' dir='ltr'><strong>abbatem</strong></span> <span class='ocrx_word' id='word_1_460' title='bbox 2415 3278 2481 3318; x_wconf 80' lang='lat' dir='ltr'><strong>ex</strong></span> <span class='ocrx_word' id='word_1_461' title='bbox 2502 3260 2836 3317; x_wconf 83' lang='lat' dir='ltr'><strong>monasterio</strong></span> <span class='ocrx_word' id='word_1_462' title='bbox 2857 3259 2916 3316; x_wconf 88' lang='lat' dir='ltr'><strong>S.</strong></span> <span class='ocrx_word' id='word_1_463' title='bbox 2942 3257 3084 3316; x_wconf 82' lang='lat' dir='ltr'><strong>Galli</strong></span> <span class='ocrx_word' id='word_1_464' title='bbox 3101 3266 3345 3315; x_wconf 87' lang='lat' dir='ltr'><strong>nostram</strong></span> <span class='ocrx_word' id='word_1_465' title='bbox 3369 3256 3554 3312; x_wconf 87' lang='lat' dir='ltr'><strong>adisse</strong></span> <span class='ocrx_word' id='word_1_466' title='bbox 3571 3269 3731 3310; x_wconf 90' lang='lat' dir='ltr'><strong>man-</strong></span> 
     </span>
    </p>
   </div>
   <div class='ocr_carea' id='block_1_79' title="bbox 2134 3354 3731 3428">
    <p class='ocr_par' dir='ltr' id='par_1_79' title="bbox 2134 3354 3731 3428">
     <span class='ocr_line' id='line_1_79' title="bbox 2134 3354 3731 3428; baseline -0.007 -12"><span class='ocrx_word' id='word_1_467' title='bbox 2134 3358 2511 3424; x_wconf 78' lang='lat' dir='ltr'><strong>suetudinem,</strong></span> <span class='ocrx_word' id='word_1_468' title='bbox 2545 3359 2808 3428; x_wconf 86' lang='lat' dir='ltr'><strong>nobisque</strong></span> <span class='ocrx_word' id='word_1_469' title='bbox 2854 3356 3193 3422; x_wconf 89' lang='lat' dir='ltr'><strong>innotuisse,</strong></span> <span class='ocrx_word' id='word_1_470' title='bbox 3218 3354 3453 3425; x_wconf 87' lang='lat' dir='ltr'><strong>qualiter</strong></span> <span class='ocrx_word' id='word_1_471' title='bbox 3482 3361 3731 3418; x_wconf 80' lang='lat' dir='ltr'><strong>tempore</strong></span> 
     </span>
    </p>
   </div>
   <div class='ocr_carea' id='block_1_80' title="bbox 2133 3442 3731 3525">
    <p class='ocr_par' dir='ltr' id='par_1_80' title="bbox 2133 3442 3731 3525">
     <span class='ocr_line' id='line_1_80' title="bbox 2133 3442 3731 3525; baseline -0.009 -13"><span class='ocrx_word' id='word_1_472' title='bbox 2133 3454 2361 3512; x_wconf 75' lang='lat' dir='ltr'><strong>Joannis</strong></span> <span class='ocrx_word' id='word_1_473' title='bbox 2390 3455 2632 3525; x_wconf 81' lang='lat' dir='ltr'><strong>episcOpi</strong></span> <span class='ocrx_word' id='word_1_474' title='bbox 2653 3463 2707 3507; x_wconf 91' lang='lat' dir='ltr'><strong>et</strong></span> <span class='ocrx_word' id='word_1_475' title='bbox 2732 3453 2976 3521; x_wconf 85' lang='lat' dir='ltr'><strong>ejusdem</strong></span> <span class='ocrx_word' id='word_1_476' title='bbox 3004 3450 3319 3508; x_wconf 80' lang='lat' dir='ltr'><strong>monasterii</strong></span> <span class='ocrx_word' id='word_1_477' title='bbox 3347 3445 3585 3509; x_wconf 80' lang='lat' dir='ltr'><strong>abbatis,</strong></span> <span class='ocrx_word' id='word_1_478' title='bbox 3602 3442 3731 3498; x_wconf 79' lang='lat' dir='ltr'><strong>villa</strong></span> 
     </span>
    </p>
   </div>
   <div class='ocr_carea' id='block_1_81' title="bbox 2133 3536 3727 3619">
    <p class='ocr_par' dir='ltr' id='par_1_81' title="bbox 2133 3536 3727 3619">
     <span class='ocr_line' id='line_1_81' title="bbox 2133 3536 3727 3619; baseline -0.011 -15"><span class='ocrx_word' id='word_1_479' title='bbox 2133 3563 2254 3619; x_wconf 66' lang='lat' dir='ltr'><strong>qua:</strong></span> <span class='ocrx_word' id='word_1_480' title='bbox 2282 3547 2481 3603; x_wconf 90' lang='lat' dir='ltr'><strong>dicitur</strong></span> <span class='ocrx_word' id='word_1_481' title='bbox 2510 3546 2849 3602; x_wconf 83' lang='lat' dir='ltr'><strong>chinriuds</strong></span> <span class='ocrx_word' id='word_1_482' title='bbox 2874 3556 2922 3608; x_wconf 71' lang='grc' dir='ltr'><strong>α,</strong></span> <span class='ocrx_word' id='word_1_483' title='bbox 2951 3556 3118 3612; x_wconf 84' lang='lat' dir='ltr'><strong>quam</strong></span> <span class='ocrx_word' id='word_1_484' title='bbox 3140 3538 3295 3595; x_wconf 80' lang='lat' dir='ltr'><strong>Gieta</strong></span> <span class='ocrx_word' id='word_1_485' title='bbox 3318 3544 3376 3593; x_wconf 89' lang='lat' dir='ltr'><strong>et</strong></span> <span class='ocrx_word' id='word_1_486' title='bbox 3413 3536 3727 3606; x_wconf 81' lang='lat' dir='ltr'><strong>Lantpreb-</strong></span> 
     </span>
    </p>
   </div>
   <div class='ocr_carea' id='block_1_82' title="bbox 2133 3629 3730 3711">
    <p class='ocr_par' dir='ltr' id='par_1_82' title="bbox 2133 3629 3730 3711">
     <span class='ocr_line' id='line_1_82' title="bbox 2133 3629 3730 3711; baseline -0.009 -14"><span class='ocrx_word' id='word_1_487' title='bbox 2133 3648 2221 3697; x_wconf 87' lang='lat' dir='ltr'><strong>tus</strong></span> <span class='ocrx_word' id='word_1_488' title='bbox 2274 3641 2419 3696; x_wconf 89' lang='lat' dir='ltr'><strong>ﬁlius</strong></span> <span class='ocrx_word' id='word_1_489' title='bbox 2464 3641 2581 3711; x_wconf 85' lang='lat' dir='ltr'><strong>ejus</strong></span> <span class='ocrx_word' id='word_1_490' title='bbox 2629 3654 2754 3695; x_wconf 92' lang='lat' dir='ltr'><strong>cum</strong></span> <span class='ocrx_word' id='word_1_491' title='bbox 2803 3634 3137 3708; x_wconf 84' lang='lat' dir='ltr'><strong>appendiciis</strong></span> <span class='ocrx_word' id='word_1_492' title='bbox 3170 3633 3286 3688; x_wconf 87' lang='lat' dir='ltr'><strong>suis</strong></span> <span class='ocrx_word' id='word_1_493' title='bbox 3312 3630 3402 3702; x_wconf 84' lang='lat' dir='ltr'><strong>pia</strong></span> <span class='ocrx_word' id='word_1_494' title='bbox 3432 3629 3730 3701; x_wconf 80' lang='lat' dir='ltr'><strong>largitione</strong></span> 
     </span>
    </p>
   </div>
   <div class='ocr_carea' id='block_1_83' title="bbox 2132 3724 3730 3807">
    <p class='ocr_par' dir='ltr' id='par_1_83' title="bbox 2132 3724 3730 3807">
     <span class='ocr_line' id='line_1_83' title="bbox 2132 3724 3730 3807; baseline -0.008 -16"><span class='ocrx_word' id='word_1_495' title='bbox 2132 3751 2232 3807; x_wconf 90' lang='lat' dir='ltr'><strong>per</strong></span> <span class='ocrx_word' id='word_1_496' title='bbox 2294 3735 2605 3790; x_wconf 89' lang='lat' dir='ltr'><strong>testamenti</strong></span> <span class='ocrx_word' id='word_1_497' title='bbox 2663 3730 3121 3802; x_wconf 85' lang='lat' dir='ltr'><strong>conscriptionem</strong></span> <span class='ocrx_word' id='word_1_498' title='bbox 3169 3727 3347 3782; x_wconf 81' lang='lat' dir='ltr'><strong>eidem</strong></span> <span class='ocrx_word' id='word_1_499' title='bbox 3394 3724 3730 3791; x_wconf 77' lang='lat' dir='ltr'><strong>monasterio</strong></span> 
     </span>
    </p>
   </div>
   <div class='ocr_carea' id='block_1_84' title="bbox 2132 3817 3729 3891">
    <p class='ocr_par' dir='ltr' id='par_1_84' title="bbox 2132 3817 3729 3891">
     <span class='ocr_line' id='line_1_84' title="bbox 2132 3817 3729 3891; baseline -0.01 -7"><span class='ocrx_word' id='word_1_500' title='bbox 2132 3827 2503 3891; x_wconf 84' lang='lat' dir='ltr'><strong>contulerunt,</strong></span> <span class='ocrx_word' id='word_1_501' title='bbox 2532 3825 2713 3880; x_wconf 86' lang='lat' dir='ltr'><strong>ablata</strong></span> <span class='ocrx_word' id='word_1_502' title='bbox 2756 3830 2930 3889; x_wconf 79' lang='lat' dir='ltr'><strong>esset,</strong></span> <span class='ocrx_word' id='word_1_503' title='bbox 2960 3829 3016 3877; x_wconf 89' lang='lat' dir='ltr'><strong>et</strong></span> <span class='ocrx_word' id='word_1_504' title='bbox 3056 3819 3257 3891; x_wconf 88' lang='lat' dir='ltr'><strong>Turigo</strong></span> <span class='ocrx_word' id='word_1_505' title='bbox 3294 3818 3323 3859; x_wconf 73' lang='grc' dir='ltr'><strong>ιι</strong></span> <span class='ocrx_word' id='word_1_506' title='bbox 3353 3817 3490 3872; x_wconf 86' lang='lat' dir='ltr'><strong>ﬁsco</strong></span> <span class='ocrx_word' id='word_1_507' title='bbox 3536 3822 3729 3870; x_wconf 87' lang='lat' dir='ltr'><strong>nostro</strong></span> 
     </span>
    </p>
   </div>
   <div class='ocr_carea' id='block_1_85' title="bbox 2133 3907 3731 3987">
    <p class='ocr_par' dir='ltr' id='par_1_85' title="bbox 2133 3907 3731 3987">
     <span class='ocr_line' id='line_1_85' title="bbox 2133 3907 3731 3987; baseline -0.009 -13"><span class='ocrx_word' id='word_1_508' title='bbox 2133 3919 2356 3974; x_wconf 89' lang='lat' dir='ltr'><strong>sociata.</strong></span> <span class='ocrx_word' id='word_1_509' title='bbox 2386 3918 2541 3974; x_wconf 86' lang='lat' dir='ltr'><strong>Unde</strong></span> <span class='ocrx_word' id='word_1_510' title='bbox 2573 3916 2896 3987; x_wconf 82' lang='lat' dir='ltr'><strong>deprecatus</strong></span> <span class='ocrx_word' id='word_1_511' title='bbox 2919 3921 3005 3969; x_wconf 88' lang='lat' dir='ltr'><strong>est</strong></span> <span class='ocrx_word' id='word_1_512' title='bbox 3052 3926 3153 3967; x_wconf 89' lang='lat' dir='ltr'><strong>nos</strong></span> <span class='ocrx_word' id='word_1_513' title='bbox 3194 3919 3257 3966; x_wconf 91' lang='lat' dir='ltr'><strong>ut</strong></span> <span class='ocrx_word' id='word_1_514' title='bbox 3308 3923 3473 3980; x_wconf 89' lang='lat' dir='ltr'><strong>super</strong></span> <span class='ocrx_word' id='word_1_515' title='bbox 3512 3907 3619 3962; x_wconf 86' lang='lat' dir='ltr'><strong>bac</strong></span> <span class='ocrx_word' id='word_1_516' title='bbox 3668 3918 3731 3959; x_wconf 84' lang='lat' dir='ltr'><strong>re</strong></span> 
     </span>
    </p>
   </div>
   <div class='ocr_carea' id='block_1_86' title="bbox 2122 4000 3729 4078">
    <p class='ocr_par' dir='ltr' id='par_1_86' title="bbox 2122 4000 3729 4078">
     <span class='ocr_line' id='line_1_86' title="bbox 2122 4000 3729 4078; baseline -0.008 -15"><span class='ocrx_word' id='word_1_517' title='bbox 2122 4007 2483 4076; x_wconf 87' lang='lat' dir='ltr'><strong>iustissimam</strong></span> <span class='ocrx_word' id='word_1_518' title='bbox 2506 4006 2913 4078; x_wconf 85' lang='lat' dir='ltr'><strong>inquisitionem</strong></span> <span class='ocrx_word' id='word_1_519' title='bbox 2942 4003 3126 4059; x_wconf 77' lang='lat' dir='ltr'><strong>facere</strong></span> <span class='ocrx_word' id='word_1_520' title='bbox 3140 4000 3462 4073; x_wconf 87' lang='lat' dir='ltr'><strong>iuberemus</strong></span> <span class='ocrx_word' id='word_1_521' title='bbox 3491 4015 3505 4052; x_wconf 92' lang='lat'><strong>:</strong></span> <span class='ocrx_word' id='word_1_522' title='bbox 3533 4004 3729 4068; x_wconf 84' lang='lat' dir='ltr'><strong>quate-</strong></span> 
     </span>
    </p>
   </div>
   <div class='ocr_carea' id='block_1_87' title="bbox 2131 4092 3731 4169">
    <p class='ocr_par' dir='ltr' id='par_1_87' title="bbox 2131 4092 3731 4169">
     <span class='ocr_line' id='line_1_87' title="bbox 2131 4092 3731 4169; baseline -0.006 -17"><span class='ocrx_word' id='word_1_523' title='bbox 2131 4115 2234 4155; x_wconf 90' lang='lat' dir='ltr'><strong>nus</strong></span> <span class='ocrx_word' id='word_1_524' title='bbox 2258 4100 2315 4155; x_wconf 90' lang='lat' dir='ltr'><strong>id</strong></span> <span class='ocrx_word' id='word_1_525' title='bbox 2345 4098 2607 4169; x_wconf 66' lang='lat' dir='ltr'><strong>quodille</strong></span> <span class='ocrx_word' id='word_1_526' title='bbox 2627 4098 2695 4153; x_wconf 89' lang='lat' dir='ltr'><strong>de</strong></span> <span class='ocrx_word' id='word_1_527' title='bbox 2717 4095 2963 4168; x_wconf 68' lang='lat' dir='ltr'><strong>praedicti</strong></span> <span class='ocrx_word' id='word_1_528' title='bbox 2992 4093 3311 4150; x_wconf 86' lang='lat' dir='ltr'><strong>monasterii</strong></span> <span class='ocrx_word' id='word_1_529' title='bbox 3337 4092 3506 4147; x_wconf 87' lang='lat' dir='ltr'><strong>rebus</strong></span> <span class='ocrx_word' id='word_1_530' title='bbox 3533 4103 3731 4145; x_wconf 87' lang='lat' dir='ltr'><strong>secun-</strong></span> 
     </span>
    </p>
   </div>
   <div class='ocr_carea' id='block_1_88' title="bbox 2131 4180 3733 4259">
    <p class='ocr_par' dir='ltr' id='par_1_88' title="bbox 2131 4180 3733 4259">
     <span class='ocr_line' id='line_1_88' title="bbox 2131 4180 3733 4259; baseline -0.005 -17"><span class='ocrx_word' id='word_1_531' title='bbox 2131 4188 2259 4245; x_wconf 90' lang='lat' dir='ltr'><strong>dum</strong></span> <span class='ocrx_word' id='word_1_532' title='bbox 2285 4189 2559 4259; x_wconf 66' lang='lat' dir='ltr'><strong>aequitatis</strong></span> <span class='ocrx_word' id='word_1_533' title='bbox 2583 4188 2832 4243; x_wconf 89' lang='lat' dir='ltr'><strong>ordinem</strong></span> <span class='ocrx_word' id='word_1_534' title='bbox 2857 4186 3067 4243; x_wconf 84' lang='lat' dir='ltr'><strong>habere</strong></span> <span class='ocrx_word' id='word_1_535' title='bbox 3086 4180 3368 4249; x_wconf 68' lang='lat' dir='ltr'><strong>debuerat;</strong></span> <span class='ocrx_word' id='word_1_536' title='bbox 3392 4182 3599 4253; x_wconf 85' lang='lat' dir='ltr'><strong>iniuste</strong></span> <span class='ocrx_word' id='word_1_537' title='bbox 3617 4195 3733 4235; x_wconf 86' lang='lat' dir='ltr'><strong>non</strong></span> 
     </span>
    </p>
   </div>
   <div class='ocr_carea' id='block_1_89' title="bbox 2131 4272 3726 4349">
    <p class='ocr_par' dir='ltr' id='par_1_89' title="bbox 2131 4272 3726 4349">
     <span class='ocr_line' id='line_1_89' title="bbox 2131 4272 3726 4349; baseline -0.003 -18"><span class='ocrx_word' id='word_1_538' title='bbox 2131 4277 2424 4333; x_wconf 88' lang='lat' dir='ltr'><strong>amitteret.</strong></span> <span class='ocrx_word' id='word_1_539' title='bbox 2454 4276 2621 4349; x_wconf 86' lang='lat' dir='ltr'><strong>Cuius</strong></span> <span class='ocrx_word' id='word_1_540' title='bbox 2644 4277 2894 4348; x_wconf 90' lang='lat' dir='ltr'><strong>petitioni</strong></span> <span class='ocrx_word' id='word_1_541' title='bbox 2938 4291 3040 4331; x_wconf 91' lang='lat' dir='ltr'><strong>nos</strong></span> <span class='ocrx_word' id='word_1_542' title='bbox 3080 4290 3365 4331; x_wconf 85' lang='lat' dir='ltr'><strong>assensum</strong></span> <span class='ocrx_word' id='word_1_543' title='bbox 3392 4272 3726 4345; x_wconf 69' lang='lat' dir='ltr'><strong>prabentes,</strong></span> 
     </span>
    </p>
   </div>
   <div class='ocr_carea' id='block_1_90' title="bbox 2129 4362 3731 4449">
    <p class='ocr_par' dir='ltr' id='par_1_90' title="bbox 2129 4362 3731 4449">
     <span class='ocr_line' id='line_1_90' title="bbox 2129 4362 3731 4449; baseline -0.002 -28"><span class='ocrx_word' id='word_1_544' title='bbox 2129 4365 2357 4424; x_wconf 83' lang='lat' dir='ltr'><strong>fecimus</strong></span> <span class='ocrx_word' id='word_1_545' title='bbox 2385 4377 2448 4424; x_wconf 89' lang='lat' dir='ltr'><strong>ut</strong></span> <span class='ocrx_word' id='word_1_546' title='bbox 2470 4377 2778 4441; x_wconf 85' lang='lat' dir='ltr'><strong>rogaverat.</strong></span> <span class='ocrx_word' id='word_1_547' title='bbox 2802 4369 2871 4423; x_wconf 88' lang='lat' dir='ltr'><strong>Et</strong></span> <span class='ocrx_word' id='word_1_548' title='bbox 2890 4366 3127 4449; x_wconf 71' lang='grc' dir='ltr'><strong>(ξεί-θιὼ</strong></span> <span class='ocrx_word' id='word_1_549' title='bbox 3152 4378 3175 4407; x_wconf 72' lang='grc' dir='ltr'><strong>ο</strong></span> <span class='ocrx_word' id='word_1_550' title='bbox 3205 4365 3349 4422; x_wconf 85' lang='lat' dir='ltr'><strong>ﬁdeli</strong></span> <span class='ocrx_word' id='word_1_551' title='bbox 3368 4373 3563 4421; x_wconf 87' lang='lat' dir='ltr'><strong>nostro</strong></span> <span class='ocrx_word' id='word_1_552' title='bbox 3583 4362 3731 4418; x_wconf 77' lang='lat' dir='ltr'><strong>hanc</strong></span> 
     </span>
    </p>
   </div>
   <div class='ocr_carea' id='block_1_91' title="bbox 2129 4456 3729 4532">
    <p class='ocr_par' dir='ltr' id='par_1_91' title="bbox 2129 4456 3729 4532">
     <span class='ocr_line' id='line_1_91' title="bbox 2129 4456 3729 4532; baseline -0.004 -16"><span class='ocrx_word' id='word_1_553' title='bbox 2129 4475 2352 4517; x_wconf 87' lang='lat' dir='ltr'><strong>causam</strong></span> <span class='ocrx_word' id='word_1_554' title='bbox 2382 4462 2661 4532; x_wconf 88' lang='lat' dir='ltr'><strong>inquirere</strong></span> <span class='ocrx_word' id='word_1_555' title='bbox 2679 4460 2965 4531; x_wconf 85' lang='lat' dir='ltr'><strong>iussimus,</strong></span> <span class='ocrx_word' id='word_1_556' title='bbox 2997 4468 3056 4517; x_wconf 90' lang='lat' dir='ltr'><strong>et</strong></span> <span class='ocrx_word' id='word_1_557' title='bbox 3092 4460 3384 4532; x_wconf 87' lang='lat' dir='ltr'><strong>diligenter</strong></span> 
     </span>
    </p>
   </div>
   <div class='ocr_carea' id='block_1_92' title="bbox 2457 1793 2558 1834">
    <p class='ocr_par' dir='ltr' id='par_1_92' title="bbox 2457 1793 2558 1834">
     <span class='ocr_line' id='line_1_92' title="bbox 2457 1793 2558 1834; baseline 0 0"><span class='ocrx_word' id='word_1_558' title='bbox 2457 1793 2558 1834; x_wconf 75' lang='lat' dir='ltr'><strong>PRO</strong></span> 
     </span>
    </p>
   </div>
   <div class='ocr_carea' id='block_1_93' title="bbox 432 4546 3730 4634">
    <p class='ocr_par' dir='ltr' id='par_1_93' title="bbox 432 4546 3730 4634">
     <span class='ocr_line' id='line_1_93' title="bbox 432 4546 3730 4634; baseline 0 -35"><span class='ocrx_word' id='word_1_559' title='bbox 432 4555 490 4600; x_wconf 85' lang='lat' dir='ltr'><strong>et</strong></span> <span class='ocrx_word' id='word_1_560' title='bbox 516 4546 643 4602; x_wconf 90' lang='lat' dir='ltr'><strong>inde</strong></span> <span class='ocrx_word' id='word_1_561' title='bbox 666 4548 736 4603; x_wconf 89' lang='lat' dir='ltr'><strong>ab</strong></span> <span class='ocrx_word' id='word_1_562' title='bbox 766 4548 1195 4620; x_wconf 84' lang='lat' dir='ltr'><strong>Geroldisphad,</strong></span> <span class='ocrx_word' id='word_1_563' title='bbox 1223 4554 1416 4612; x_wconf 91' lang='lat' dir='ltr'><strong>deinde</strong></span> <span class='ocrx_word' id='word_1_564' title='bbox 1445 4559 1511 4612; x_wconf 87' lang='lat' dir='ltr'><strong>ad</strong></span> <span class='ocrx_word' id='word_1_565' title='bbox 1547 4557 2023 4629; x_wconf 79' lang='lat' dir='ltr'><strong>Wisigartaweck,</strong></span> <span class='ocrx_word' id='word_1_566' title='bbox 2049 4571 2105 4634; x_wconf 85' lang='lat'><strong>1)</strong></span> <span class='ocrx_word' id='word_1_567' title='bbox 2131 4554 2289 4610; x_wconf 85' lang='lat' dir='ltr'><strong>nobis</strong></span> <span class='ocrx_word' id='word_1_568' title='bbox 2311 4554 2646 4609; x_wconf 73' lang='lat' dir='ltr'><strong>renuntiem.</strong></span> <span class='ocrx_word' id='word_1_569' title='bbox 2670 4554 2773 4622; x_wconf 80' lang='lat' dir='ltr'><strong>Qui</strong></span> <span class='ocrx_word' id='word_1_570' title='bbox 2805 4567 3058 4611; x_wconf 88' lang='lat' dir='ltr'><strong>reversus</strong></span> <span class='ocrx_word' id='word_1_571' title='bbox 3086 4549 3437 4619; x_wconf 83' lang='lat' dir='ltr'><strong>retulit,quia</strong></span> <span class='ocrx_word' id='word_1_572' title='bbox 3462 4547 3610 4604; x_wconf 84' lang='lat' dir='ltr'><strong>sicut</strong></span> <span class='ocrx_word' id='word_1_573' title='bbox 3630 4558 3730 4614; x_wconf 87' lang='lat' dir='ltr'><strong>per</strong></span> 
     </span>
    </p>
   </div>
   <div class='ocr_carea' id='block_1_94' title="bbox 433 4639 2023 4721">
    <p class='ocr_par' dir='ltr' id='par_1_94' title="bbox 433 4639 2023 4721">
     <span class='ocr_line' id='line_1_94' title="bbox 433 4639 2023 4721; baseline 0.01 -27"><span class='ocrx_word' id='word_1_574' title='bbox 433 4640 528 4695; x_wconf 86' lang='lat' dir='ltr'><strong>sed</strong></span> <span class='ocrx_word' id='word_1_575' title='bbox 555 4649 611 4696; x_wconf 88' lang='lat' dir='ltr'><strong>et</strong></span> <span class='ocrx_word' id='word_1_576' title='bbox 637 4639 946 4703; x_wconf 74' lang='lat' dir='ltr'><strong>Gbet‘oidus</strong></span> <span class='ocrx_word' id='word_1_577' title='bbox 974 4653 1127 4702; x_wconf 87' lang='lat' dir='ltr'><strong>actor</strong></span> <span class='ocrx_word' id='word_1_578' title='bbox 1152 4654 1358 4715; x_wconf 88' lang='lat' dir='ltr'><strong>noster,</strong></span> <span class='ocrx_word' id='word_1_579' title='bbox 1373 4649 1465 4719; x_wconf 89' lang='lat' dir='ltr'><strong>qui</strong></span> <span class='ocrx_word' id='word_1_580' title='bbox 1486 4652 1806 4721; x_wconf 66' lang='lat' dir='ltr'><strong>praedictum</strong></span> <span class='ocrx_word' id='word_1_581' title='bbox 1833 4653 2023 4711; x_wconf 89' lang='lat' dir='ltr'><strong>ﬁscum</strong></span> 
     </span>
    </p>
   </div>
   <div class='ocr_carea' id='block_1_95' title="bbox 431 4735 2022 4815">
    <p class='ocr_par' dir='ltr' id='par_1_95' title="bbox 431 4735 2022 4815">
     <span class='ocr_line' id='line_1_95' title="bbox 431 4735 2022 4815; baseline 0.01 -27"><span class='ocrx_word' id='word_1_582' title='bbox 431 4741 681 4793; x_wconf 87' lang='lat' dir='ltr'><strong>nostrum</strong></span> <span class='ocrx_word' id='word_1_583' title='bbox 708 4735 765 4793; x_wconf 89' lang='lat' dir='ltr'><strong>in</strong></span> <span class='ocrx_word' id='word_1_584' title='bbox 815 4738 1120 4796; x_wconf 85' lang='lat' dir='ltr'><strong>ministerio</strong></span> <span class='ocrx_word' id='word_1_585' title='bbox 1166 4741 1349 4807; x_wconf 83' lang='lat' dir='ltr'><strong>habet,</strong></span> <span class='ocrx_word' id='word_1_586' title='bbox 1392 4743 1763 4813; x_wconf 86' lang='lat' dir='ltr'><strong>interrogatus</strong></span> <span class='ocrx_word' id='word_1_587' title='bbox 1809 4747 1879 4802; x_wconf 92' lang='lat' dir='ltr'><strong>ab</strong></span> <span class='ocrx_word' id='word_1_588' title='bbox 1918 4746 2022 4815; x_wconf 87' lang='lat' dir='ltr'><strong>eis,</strong></span> 
     </span>
    </p>
   </div>
   <div class='ocr_carea' id='block_1_96' title="bbox 432 4827 2025 4907">
    <p class='ocr_par' dir='ltr' id='par_1_96' title="bbox 432 4827 2025 4907">
     <span class='ocr_line' id='line_1_96' title="bbox 432 4827 2025 4907; baseline 0.01 -29"><span class='ocrx_word' id='word_1_589' title='bbox 432 4827 639 4885; x_wconf 84' lang='lat' dir='ltr'><strong>nullam</strong></span> <span class='ocrx_word' id='word_1_590' title='bbox 667 4829 747 4885; x_wconf 91' lang='lat' dir='ltr'><strong>rei</strong></span> <span class='ocrx_word' id='word_1_591' title='bbox 764 4831 1149 4888; x_wconf 88' lang='lat' dir='ltr'><strong>certitudinem</strong></span> <span class='ocrx_word' id='word_1_592' title='bbox 1173 4834 1349 4901; x_wconf 88' lang='lat' dir='ltr'><strong>potuit</strong></span> <span class='ocrx_word' id='word_1_593' title='bbox 1376 4833 2025 4907; x_wconf 75' lang='lat' dir='ltr'><strong>demonstrare,qualiter</strong></span> 
     </span>
    </p>
   </div>
   <div class='ocr_carea' id='block_1_97' title="bbox 433 4917 2024 4999">
    <p class='ocr_par' dir='ltr' id='par_1_97' title="bbox 433 4917 2024 4999">
     <span class='ocr_line' id='line_1_97' title="bbox 433 4917 2024 4999; baseline 0.008 -26"><span class='ocrx_word' id='word_1_594' title='bbox 433 4917 503 4973; x_wconf 88' lang='lat' dir='ltr'><strong>ad</strong></span> <span class='ocrx_word' id='word_1_595' title='bbox 546 4928 792 4977; x_wconf 88' lang='lat' dir='ltr'><strong>nostram</strong></span> <span class='ocrx_word' id='word_1_596' title='bbox 842 4934 1058 4993; x_wconf 85' lang='lat' dir='ltr'><strong>partem</strong></span> <span class='ocrx_word' id='word_1_597' title='bbox 1109 4924 1318 4996; x_wconf 88' lang='lat' dir='ltr'><strong>legibus</strong></span> <span class='ocrx_word' id='word_1_598' title='bbox 1366 4935 1551 4982; x_wconf 87' lang='lat' dir='ltr'><strong>tenere</strong></span> <span class='ocrx_word' id='word_1_599' title='bbox 1610 4928 1915 4999; x_wconf 88' lang='lat' dir='ltr'><strong>potuisset;</strong></span> <span class='ocrx_word' id='word_1_600' title='bbox 1967 4940 2024 4985; x_wconf 86' lang='lat' dir='ltr'><strong>et</strong></span> 
     </span>
    </p>
   </div>
   <div class='ocr_carea' id='block_1_98' title="bbox 433 5007 2017 5091">
    <p class='ocr_par' dir='ltr' id='par_1_98' title="bbox 433 5007 2017 5091">
     <span class='ocr_line' id='line_1_98' title="bbox 433 5007 2017 5091; baseline 0.009 -28"><span class='ocrx_word' id='word_1_601' title='bbox 433 5007 557 5064; x_wconf 88' lang='lat' dir='ltr'><strong>ideo</strong></span> <span class='ocrx_word' id='word_1_602' title='bbox 593 5011 795 5081; x_wconf 82' lang='lat' dir='ltr'><strong>placuit</strong></span> <span class='ocrx_word' id='word_1_603' title='bbox 838 5016 1016 5083; x_wconf 88' lang='lat' dir='ltr'><strong>nobis,</strong></span> <span class='ocrx_word' id='word_1_604' title='bbox 1043 5018 1337 5073; x_wconf 88' lang='lat' dir='ltr'><strong>secundum</strong></span> <span class='ocrx_word' id='word_1_605' title='bbox 1385 5019 1527 5075; x_wconf 86' lang='lat' dir='ltr'><strong>hanc</strong></span> <span class='ocrx_word' id='word_1_606' title='bbox 1585 5020 2017 5091; x_wconf 88' lang='lat' dir='ltr'><strong>inquisitionem,</strong></span> 
     </span>
    </p>
   </div>
   <div class='ocr_carea' id='block_1_99' title="bbox 434 5102 2024 5187">
    <p class='ocr_par' dir='ltr' id='par_1_99' title="bbox 434 5102 2024 5187">
     <span class='ocr_line' id='line_1_99' title="bbox 434 5102 2024 5187; baseline 0.011 -33"><span class='ocrx_word' id='word_1_607' title='bbox 434 5102 682 5157; x_wconf 86' lang='lat' dir='ltr'><strong>eamdem</strong></span> <span class='ocrx_word' id='word_1_608' title='bbox 725 5109 1005 5164; x_wconf 85' lang='lat' dir='ltr'><strong>marcbam</strong></span> <span class='ocrx_word' id='word_1_609' title='bbox 1033 5110 1290 5180; x_wconf 65' lang='lat' dir='ltr'><strong>praedicto</strong></span> <span class='ocrx_word' id='word_1_610' title='bbox 1319 5114 1653 5168; x_wconf 90' lang='lat' dir='ltr'><strong>monasterio</strong></span> <span class='ocrx_word' id='word_1_611' title='bbox 1680 5114 1854 5187; x_wconf 61' lang='lat' dir='ltr'><strong>geddi,</strong></span> <span class='ocrx_word' id='word_1_612' title='bbox 1882 5117 2024 5172; x_wconf 90' lang='lat' dir='ltr'><strong>sicut</strong></span> 
     </span>
    </p>
   </div>
   <div class='ocr_carea' id='block_1_100' title="bbox 436 5193 2023 5264">
    <p class='ocr_par' dir='ltr' id='par_1_100' title="bbox 436 5193 2023 5264">
     <span class='ocr_line' id='line_1_100' title="bbox 436 5193 2023 5264; baseline 0.01 -17"><span class='ocrx_word' id='word_1_613' title='bbox 436 5193 755 5264; x_wconf 89' lang='lat' dir='ltr'><strong>inquisitum</strong></span> <span class='ocrx_word' id='word_1_614' title='bbox 783 5208 837 5255; x_wconf 87' lang='lat' dir='ltr'><strong>et</strong></span> <span class='ocrx_word' id='word_1_615' title='bbox 860 5200 1207 5257; x_wconf 87' lang='lat' dir='ltr'><strong>testiﬁcatum</strong></span> <span class='ocrx_word' id='word_1_616' title='bbox 1235 5201 1356 5257; x_wconf 84' lang='lat' dir='ltr'><strong>fuit.</strong></span> <span class='ocrx_word' id='word_1_617' title='bbox 1380 5203 1614 5258; x_wconf 90' lang='lat' dir='ltr'><strong>Proinde</strong></span> <span class='ocrx_word' id='word_1_618' title='bbox 1643 5204 1785 5260; x_wconf 83' lang='lat' dir='ltr'><strong>hanc</strong></span> <span class='ocrx_word' id='word_1_619' title='bbox 1833 5216 2023 5263; x_wconf 87' lang='lat' dir='ltr'><strong>aucto-</strong></span> 
     </span>
    </p>
   </div>
   <div class='ocr_carea' id='block_1_101' title="bbox 436 5291 2020 5371">
    <p class='ocr_par' dir='ltr' id='par_1_101' title="bbox 436 5291 2020 5371">
     <span class='ocr_line' id='line_1_101' title="bbox 436 5291 2020 5371; baseline 0.008 -26"><span class='ocrx_word' id='word_1_620' title='bbox 436 5291 653 5347; x_wconf 87' lang='lat' dir='ltr'><strong>ritatem</strong></span> <span class='ocrx_word' id='word_1_621' title='bbox 678 5298 1058 5367; x_wconf 61' lang='lat' dir='ltr'><strong>praeceptioms</strong></span> <span class='ocrx_word' id='word_1_622' title='bbox 1080 5306 1281 5355; x_wconf 68' lang='lat' dir='ltr'><strong>nostrae</strong></span> <span class='ocrx_word' id='word_1_623' title='bbox 1307 5296 1723 5367; x_wconf 89' lang='lat' dir='ltr'><strong>ﬁeriiussimus,</strong></span> <span class='ocrx_word' id='word_1_624' title='bbox 1741 5315 1840 5369; x_wconf 88' lang='lat' dir='ltr'><strong>per</strong></span> <span class='ocrx_word' id='word_1_625' title='bbox 1856 5318 2020 5371; x_wconf 91' lang='lat' dir='ltr'><strong>quam</strong></span> 
     </span>
    </p>
   </div>
   <div class='ocr_carea' id='block_1_102' title="bbox 430 5381 2021 5461">
    <p class='ocr_par' dir='ltr' id='par_1_102' title="bbox 430 5381 2021 5461">
     <span class='ocr_line' id='line_1_102' title="bbox 430 5381 2021 5461; baseline 0.008 -23"><span class='ocrx_word' id='word_1_626' title='bbox 430 5381 780 5453; x_wconf 66' lang='lat' dir='ltr'><strong>praecipimus</strong></span> <span class='ocrx_word' id='word_1_627' title='bbox 808 5397 973 5458; x_wconf 90' lang='lat' dir='ltr'><strong>atque</strong></span> <span class='ocrx_word' id='word_1_628' title='bbox 992 5390 1266 5461; x_wconf 87' lang='lat' dir='ltr'><strong>iubemus,</strong></span> <span class='ocrx_word' id='word_1_629' title='bbox 1295 5397 1356 5446; x_wconf 88' lang='lat' dir='ltr'><strong>ut</strong></span> <span class='ocrx_word' id='word_1_630' title='bbox 1396 5390 1539 5447; x_wconf 89' lang='lat' dir='ltr'><strong>sicut</strong></span> <span class='ocrx_word' id='word_1_631' title='bbox 1575 5406 1606 5446; x_wconf 88' lang='lat' dir='ltr'><strong>a</strong></span> <span class='ocrx_word' id='word_1_632' title='bbox 1636 5390 1890 5450; x_wconf 88' lang='lat' dir='ltr'><strong>ﬁdelibus</strong></span> <span class='ocrx_word' id='word_1_633' title='bbox 1925 5410 2021 5451; x_wconf 88' lang='lat' dir='ltr'><strong>no-</strong></span> 
     </span>
    </p>
   </div>
   <div class='ocr_carea' id='block_1_103' title="bbox 505 5525 2014 5587">
    <p class='ocr_par' dir='ltr' id='par_1_103' title="bbox 505 5525 2014 5587">
     <span class='ocr_line' id='line_1_103' title="bbox 505 5525 2014 5587; baseline 0.003 -4"><span class='ocrx_word' id='word_1_634' title='bbox 505 5536 532 5565; x_wconf 77' lang='grc' dir='ltr'>ι</span> <span class='ocrx_word' id='word_1_635' title='bbox 570 5525 629 5583; x_wconf 89' lang='lat' dir='ltr'><strong>In</strong></span> <span class='ocrx_word' id='word_1_636' title='bbox 658 5528 864 5583; x_wconf 89' lang='lat' dir='ltr'><strong>chartis</strong></span> <span class='ocrx_word' id='word_1_637' title='bbox 882 5526 1061 5583; x_wconf 72' lang='lat' dir='ltr'><strong>Beatze</strong></span> <span class='ocrx_word' id='word_1_638' title='bbox 1087 5536 1141 5583; x_wconf 89' lang='lat' dir='ltr'><strong>et</strong></span> <span class='ocrx_word' id='word_1_639' title='bbox 1169 5528 1444 5583; x_wconf 88' lang='lat' dir='ltr'><strong>Lamberti</strong></span> <span class='ocrx_word' id='word_1_640' title='bbox 1473 5542 1582 5583; x_wconf 87' lang='lat' dir='ltr'><strong>non</strong></span> <span class='ocrx_word' id='word_1_641' title='bbox 1610 5530 1851 5585; x_wconf 89' lang='lat' dir='ltr'><strong>occurrit</strong></span> <span class='ocrx_word' id='word_1_642' title='bbox 1896 5531 2014 5587; x_wconf 89' lang='lat' dir='ltr'><strong>Ub-</strong></span> 
     </span>
    </p>
   </div>
   <div class='ocr_carea' id='block_1_104' title="bbox 432 5597 2017 5667">
    <p class='ocr_par' dir='ltr' id='par_1_104' title="bbox 432 5597 2017 5667">
     <span class='ocr_line' id='line_1_104' title="bbox 432 5597 2017 5667; baseline 0.004 -15"><span class='ocrx_word' id='word_1_643' title='bbox 432 5597 697 5663; x_wconf 87' lang='lat' dir='ltr'><strong>cinriuda,</strong></span> <span class='ocrx_word' id='word_1_644' title='bbox 721 5599 815 5655; x_wconf 90' lang='lat' dir='ltr'><strong>sed</strong></span> <span class='ocrx_word' id='word_1_645' title='bbox 845 5599 1158 5655; x_wconf 88' lang='lat' dir='ltr'><strong>Tunriudde</strong></span> <span class='ocrx_word' id='word_1_646' title='bbox 1181 5616 1276 5655; x_wconf 87' lang='lat' dir='ltr'><strong>seu</strong></span> <span class='ocrx_word' id='word_1_647' title='bbox 1306 5600 1610 5667; x_wconf 87' lang='lat' dir='ltr'><strong>Tunriude;</strong></span> <span class='ocrx_word' id='word_1_648' title='bbox 1660 5616 1851 5655; x_wconf 85' lang='lat' dir='ltr'><strong>verum</strong></span> <span class='ocrx_word' id='word_1_649' title='bbox 1874 5602 2017 5659; x_wconf 86' lang='lat' dir='ltr'><strong>inter</strong></span> 
     </span>
    </p>
   </div>
   <div class='ocr_carea' id='block_1_105' title="bbox 432 5671 2015 5745">
    <p class='ocr_par' dir='ltr' id='par_1_105' title="bbox 432 5671 2015 5745">
     <span class='ocr_line' id='line_1_105' title="bbox 432 5671 2015 5745; baseline 0.006 -25"><span class='ocrx_word' id='word_1_650' title='bbox 432 5674 719 5745; x_wconf 78' lang='lat' dir='ltr'><strong>utrumque</strong></span> <span class='ocrx_word' id='word_1_651' title='bbox 747 5671 1139 5745; x_wconf 73' lang='lat' dir='ltr'><strong>nomenniinia</strong></span> <span class='ocrx_word' id='word_1_652' title='bbox 1180 5671 1436 5745; x_wconf 60' lang='lat' dir='ltr'><strong>distantia</strong></span> <span class='ocrx_word' id='word_1_653' title='bbox 1464 5681 1565 5737; x_wconf 85' lang='lat' dir='ltr'><strong>est,</strong></span> <span class='ocrx_word' id='word_1_654' title='bbox 1592 5688 1752 5745; x_wconf 79' lang='lat' dir='ltr'><strong>quam</strong></span> <span class='ocrx_word' id='word_1_655' title='bbox 1801 5682 1870 5745; x_wconf 78' lang='lat' dir='ltr'><strong>ut</strong></span> <span class='ocrx_word' id='word_1_656' title='bbox 1915 5690 2015 5745; x_wconf 88' lang='lat' dir='ltr'><strong>pro</strong></span> 
     </span>
    </p>
   </div>
   <div class='ocr_carea' id='block_1_106' title="bbox 433 5740 2014 5812">
    <p class='ocr_par' dir='ltr' id='par_1_106' title="bbox 433 5740 2014 5812">
     <span class='ocr_line' id='line_1_106' title="bbox 433 5740 2014 5812; baseline 0.004 -20"><span class='ocrx_word' id='word_1_657' title='bbox 433 5751 541 5812; x_wconf 68' lang='lat' dir='ltr'><strong>uno</strong></span> <span class='ocrx_word' id='word_1_658' title='bbox 563 5742 861 5812; x_wconf 84' lang='lat' dir='ltr'><strong>eodemque</strong></span> <span class='ocrx_word' id='word_1_659' title='bbox 884 5742 1167 5812; x_wconf 84' lang='lat' dir='ltr'><strong>habeatur.</strong></span> <span class='ocrx_word' id='word_1_660' title='bbox 1194 5740 1329 5812; x_wconf 83' lang='lat' dir='ltr'><strong>Hinc</strong></span> <span class='ocrx_word' id='word_1_661' title='bbox 1350 5740 1571 5796; x_wconf 86' lang='lat' dir='ltr'><strong>Beatam</strong></span> <span class='ocrx_word' id='word_1_662' title='bbox 1586 5740 1640 5798; x_wconf 79' lang='lat' dir='ltr'><strong>et</strong></span> <span class='ocrx_word' id='word_1_663' title='bbox 1666 5740 2014 5799; x_wconf 64' lang='lat' dir='ltr'><strong>Lambert&#39;um</strong></span> 
     </span>
    </p>
   </div>
   <div class='ocr_carea' id='block_1_107' title="bbox 437 5805 2017 5883">
    <p class='ocr_par' dir='ltr' id='par_1_107' title="bbox 437 5805 2017 5883">
     <span class='ocr_line' id='line_1_107' title="bbox 437 5805 2017 5883; baseline 0.004 -22"><span class='ocrx_word' id='word_1_664' title='bbox 437 5805 828 5883; x_wconf 76' lang='lat' dir='ltr'><strong>Ubeinriudain</strong></span> <span class='ocrx_word' id='word_1_665' title='bbox 883 5827 981 5883; x_wconf 86' lang='lat' dir='ltr'><strong>per</strong></span> <span class='ocrx_word' id='word_1_666' title='bbox 1027 5811 1187 5883; x_wconf 86' lang='lat' dir='ltr'><strong>aliam</strong></span> <span class='ocrx_word' id='word_1_667' title='bbox 1234 5811 1479 5883; x_wconf 87' lang='lat' dir='ltr'><strong>chartam</strong></span> <span class='ocrx_word' id='word_1_668' title='bbox 1527 5812 1593 5883; x_wconf 78' lang='lat' dir='ltr'><strong>S.</strong></span> <span class='ocrx_word' id='word_1_669' title='bbox 1630 5813 1784 5867; x_wconf 86' lang='lat' dir='ltr'><strong>Gallo</strong></span> <span class='ocrx_word' id='word_1_670' title='bbox 1845 5815 2017 5868; x_wconf 88' lang='lat' dir='ltr'><strong>ascri-</strong></span> 
     </span>
    </p>
   </div>
   <div class='ocr_carea' id='block_1_108' title="bbox 436 5878 2012 5955">
    <p class='ocr_par' dir='ltr' id='par_1_108' title="bbox 436 5878 2012 5955">
     <span class='ocr_line' id='line_1_108' title="bbox 436 5878 2012 5955; baseline 0.006 -25"><span class='ocrx_word' id='word_1_671' title='bbox 436 5878 611 5944; x_wconf 88' lang='lat' dir='ltr'><strong>psisse</strong></span> <span class='ocrx_word' id='word_1_672' title='bbox 636 5878 901 5952; x_wconf 54' lang='lat' dir='ltr'><strong>coniicio:</strong></span> <span class='ocrx_word' id='word_1_673' title='bbox 922 5882 1125 5947; x_wconf 79' lang='lat' dir='ltr'><strong>Estque</strong></span> <span class='ocrx_word' id='word_1_674' title='bbox 1151 5880 1207 5933; x_wconf 89' lang='lat' dir='ltr'><strong>in</strong></span> <span class='ocrx_word' id='word_1_675' title='bbox 1240 5882 1554 5936; x_wconf 90' lang='lat' dir='ltr'><strong>eorumdem</strong></span> <span class='ocrx_word' id='word_1_676' title='bbox 1585 5882 1849 5951; x_wconf 84' lang='lat' dir='ltr'><strong>locorum,</strong></span> <span class='ocrx_word' id='word_1_677' title='bbox 1874 5898 2012 5955; x_wconf 88' lang='lat' dir='ltr'><strong>quo-</strong></span> 
     </span>
    </p>
   </div>
   <div class='ocr_carea' id='block_1_109' title="bbox 2130 4636 3729 4717">
    <p class='ocr_par' dir='ltr' id='par_1_109' title="bbox 2130 4636 3729 4717">
     <span class='ocr_line' id='line_1_109' title="bbox 2130 4636 3729 4717; baseline -0.009 -16"><span class='ocrx_word' id='word_1_678' title='bbox 2130 4661 2397 4717; x_wconf 87' lang='lat' dir='ltr'><strong>pagenses</strong></span> <span class='ocrx_word' id='word_1_679' title='bbox 2446 4646 2552 4701; x_wconf 92' lang='lat' dir='ltr'><strong>loci</strong></span> <span class='ocrx_word' id='word_1_680' title='bbox 2598 4645 2763 4710; x_wconf 90' lang='lat' dir='ltr'><strong>illius,</strong></span> <span class='ocrx_word' id='word_1_681' title='bbox 2808 4644 3071 4699; x_wconf 85' lang='lat' dir='ltr'><strong>adhibitis</strong></span> <span class='ocrx_word' id='word_1_682' title='bbox 3098 4642 3184 4698; x_wconf 88' lang='lat' dir='ltr'><strong>his</strong></span> <span class='ocrx_word' id='word_1_683' title='bbox 3214 4640 3413 4711; x_wconf 85' lang='lat' dir='ltr'><strong>quibus</strong></span> <span class='ocrx_word' id='word_1_684' title='bbox 3457 4636 3607 4690; x_wconf 82' lang='lat' dir='ltr'><strong>inter</strong></span> <span class='ocrx_word' id='word_1_685' title='bbox 3632 4648 3729 4688; x_wconf 84' lang='lat' dir='ltr'><strong>eos</strong></span> 
     </span>
    </p>
   </div>
   <div class='ocr_carea' id='block_1_110' title="bbox 2130 4724 3727 4803">
    <p class='ocr_par' dir='ltr' id='par_1_110' title="bbox 2130 4724 3727 4803">
     <span class='ocr_line' id='line_1_110' title="bbox 2130 4724 3727 4803; baseline -0.007 -7"><span class='ocrx_word' id='word_1_686' title='bbox 2130 4741 2370 4796; x_wconf 78' lang='lat' dir='ltr'><strong>maxima</strong></span> <span class='ocrx_word' id='word_1_687' title='bbox 2418 4739 2550 4795; x_wconf 88' lang='lat' dir='ltr'><strong>ﬁdes</strong></span> <span class='ocrx_word' id='word_1_688' title='bbox 2602 4738 2935 4802; x_wconf 85' lang='lat' dir='ltr'><strong>habebatur,</strong></span> <span class='ocrx_word' id='word_1_689' title='bbox 2966 4735 3213 4791; x_wconf 89' lang='lat' dir='ltr'><strong>invenire</strong></span> <span class='ocrx_word' id='word_1_690' title='bbox 3264 4736 3541 4803; x_wconf 88' lang='lat' dir='ltr'><strong>potuerat,</strong></span> <span class='ocrx_word' id='word_1_691' title='bbox 3578 4724 3727 4796; x_wconf 68' lang='grc' dir='ltr'><strong>(μιοό</strong></span> 
     </span>
    </p>
   </div>
   <div class='ocr_carea' id='block_1_111' title="bbox 2128 4818 3727 4903">
    <p class='ocr_par' dir='ltr' id='par_1_111' title="bbox 2128 4818 3727 4903">
     <span class='ocr_line' id='line_1_111' title="bbox 2128 4818 3727 4903; baseline -0.012 -14"><span class='ocrx_word' id='word_1_692' title='bbox 2128 4833 2447 4903; x_wconf 67' lang='lat' dir='ltr'><strong>praedictum</strong></span> <span class='ocrx_word' id='word_1_693' title='bbox 2474 4831 2868 4886; x_wconf 86' lang='lat' dir='ltr'><strong>monasterium</strong></span> <span class='ocrx_word' id='word_1_694' title='bbox 2887 4829 2953 4884; x_wconf 90' lang='lat' dir='ltr'><strong>de</strong></span> <span class='ocrx_word' id='word_1_695' title='bbox 2974 4828 3060 4885; x_wconf 86' lang='lat' dir='ltr'><strong>his</strong></span> <span class='ocrx_word' id='word_1_696' title='bbox 3081 4827 3243 4882; x_wconf 87' lang='lat' dir='ltr'><strong>rebus</strong></span> <span class='ocrx_word' id='word_1_697' title='bbox 3266 4822 3410 4878; x_wconf 87' lang='lat' dir='ltr'><strong>unde</strong></span> <span class='ocrx_word' id='word_1_698' title='bbox 3424 4818 3727 4876; x_wconf 67' lang='lat' dir='ltr'><strong>Gnther-tus</strong></span> 
     </span>
    </p>
   </div>
   <div class='ocr_carea' id='block_1_112' title="bbox 2128 4915 3725 5003">
    <p class='ocr_par' dir='ltr' id='par_1_112' title="bbox 2128 4915 3725 5003">
     <span class='ocr_line' id='line_1_112' title="bbox 2128 4915 3725 5003; baseline -0.012 -16"><span class='ocrx_word' id='word_1_699' title='bbox 2128 4932 2287 4988; x_wconf 90' lang='lat' dir='ltr'><strong>nobis</strong></span> <span class='ocrx_word' id='word_1_700' title='bbox 2340 4938 2709 5003; x_wconf 88' lang='lat' dir='ltr'><strong>suggesserat,</strong></span> <span class='ocrx_word' id='word_1_701' title='bbox 2745 4929 2947 5001; x_wconf 90' lang='lat' dir='ltr'><strong>iniuste</strong></span> <span class='ocrx_word' id='word_1_702' title='bbox 2985 4926 3275 5003; x_wconf 71' lang='lat' dir='ltr'><strong>spoliatum</strong></span> <span class='ocrx_word' id='word_1_703' title='bbox 3302 4920 3519 4975; x_wconf 85' lang='lat' dir='ltr'><strong>fuisset.</strong></span> <span class='ocrx_word' id='word_1_704' title='bbox 3546 4915 3725 4984; x_wconf 78' lang='lat' dir='ltr'><strong>Quam</strong></span> 
     </span>
    </p>
   </div>
   <div class='ocr_carea' id='block_1_113' title="bbox 2133 5021 3724 5088">
    <p class='ocr_par' dir='ltr' id='par_1_113' title="bbox 2133 5021 3724 5088">
     <span class='ocr_line' id='line_1_113' title="bbox 2133 5021 3724 5088; baseline -0.014 -4"><span class='ocrx_word' id='word_1_705' title='bbox 2133 5025 2453 5084; x_wconf 88' lang='lat' dir='ltr'><strong>relationem</strong></span> <span class='ocrx_word' id='word_1_706' title='bbox 2478 5038 2601 5079; x_wconf 90' lang='lat' dir='ltr'><strong>cum</strong></span> <span class='ocrx_word' id='word_1_707' title='bbox 2621 5024 2982 5088; x_wconf 85' lang='lat' dir='ltr'><strong>audissemus,</strong></span> <span class='ocrx_word' id='word_1_708' title='bbox 3004 5031 3058 5076; x_wconf 91' lang='lat' dir='ltr'><strong>et</strong></span> <span class='ocrx_word' id='word_1_709' title='bbox 3083 5034 3202 5075; x_wconf 88' lang='lat' dir='ltr'><strong>eam</strong></span> <span class='ocrx_word' id='word_1_710' title='bbox 3224 5029 3410 5071; x_wconf 89' lang='lat' dir='ltr'><strong>veram</strong></span> <span class='ocrx_word' id='word_1_711' title='bbox 3436 5024 3563 5066; x_wconf 84' lang='lat' dir='ltr'><strong>esse</strong></span> <span class='ocrx_word' id='word_1_712' title='bbox 3581 5021 3724 5063; x_wconf 86' lang='lat' dir='ltr'><strong>com-</strong></span> 
     </span>
    </p>
   </div>
   <div class='ocr_carea' id='block_1_114' title="bbox 2124 5095 3723 5191">
    <p class='ocr_par' dir='ltr' id='par_1_114' title="bbox 2124 5095 3723 5191">
     <span class='ocr_line' id='line_1_114' title="bbox 2124 5095 3723 5191; baseline -0.015 -17"><span class='ocrx_word' id='word_1_713' title='bbox 2124 5118 2474 5191; x_wconf 89' lang='lat' dir='ltr'><strong>perissemus,</strong></span> <span class='ocrx_word' id='word_1_714' title='bbox 2499 5116 2759 5186; x_wconf 80' lang='lat' dir='ltr'><strong>iussimus</strong></span> <span class='ocrx_word' id='word_1_715' title='bbox 2775 5114 3095 5183; x_wconf 70' lang='lat' dir='ltr'><strong>pmdictam</strong></span> <span class='ocrx_word' id='word_1_716' title='bbox 3114 5108 3299 5163; x_wconf 87' lang='lat' dir='ltr'><strong>villam</strong></span> <span class='ocrx_word' id='word_1_717' title='bbox 3319 5118 3446 5158; x_wconf 89' lang='lat' dir='ltr'><strong>cum</strong></span> <span class='ocrx_word' id='word_1_718' title='bbox 3465 5095 3723 5191; x_wconf 73' lang='lat' dir='ltr'><strong>omnibus</strong></span> 
     </span>
    </p>
   </div>
   <div class='ocr_carea' id='block_1_115' title="bbox 2126 5188 3721 5277">
    <p class='ocr_par' dir='ltr' id='par_1_115' title="bbox 2126 5188 3721 5277">
     <span class='ocr_line' id='line_1_115' title="bbox 2126 5188 3721 5277; baseline -0.018 -8"><span class='ocrx_word' id='word_1_719' title='bbox 2126 5188 2292 5271; x_wconf 77' lang='lat' dir='ltr'><strong>rebus</strong></span> <span class='ocrx_word' id='word_1_720' title='bbox 2322 5211 2389 5267; x_wconf 89' lang='lat' dir='ltr'><strong>ad</strong></span> <span class='ocrx_word' id='word_1_721' title='bbox 2415 5223 2536 5264; x_wconf 85' lang='lat' dir='ltr'><strong>eam</strong></span> <span class='ocrx_word' id='word_1_722' title='bbox 2561 5207 2981 5277; x_wconf 81' lang='lat' dir='ltr'><strong>pertinentibus,</strong></span> <span class='ocrx_word' id='word_1_723' title='bbox 3005 5217 3125 5272; x_wconf 71' lang='lat' dir='ltr'><strong>quis</strong></span> <span class='ocrx_word' id='word_1_724' title='bbox 3152 5200 3352 5256; x_wconf 89' lang='lat' dir='ltr'><strong>dudum</strong></span> <span class='ocrx_word' id='word_1_725' title='bbox 3388 5200 3582 5261; x_wconf 86' lang='lat' dir='ltr'><strong>erepta</strong></span> <span class='ocrx_word' id='word_1_726' title='bbox 3604 5188 3721 5243; x_wconf 79' lang='lat' dir='ltr'><strong>fue-</strong></span> 
     </span>
    </p>
   </div>
   <div class='ocr_carea' id='block_1_116' title="bbox 2122 5282 3718 5373">
    <p class='ocr_par' dir='ltr' id='par_1_116' title="bbox 2122 5282 3718 5373">
     <span class='ocr_line' id='line_1_116' title="bbox 2122 5282 3718 5373; baseline -0.02 -9"><span class='ocrx_word' id='word_1_727' title='bbox 2122 5314 2231 5373; x_wconf 89' lang='lat' dir='ltr'><strong>rat,</strong></span> <span class='ocrx_word' id='word_1_728' title='bbox 2261 5304 2436 5360; x_wconf 90' lang='lat' dir='ltr'><strong>eidem</strong></span> <span class='ocrx_word' id='word_1_729' title='bbox 2490 5299 2791 5356; x_wconf 82' lang='lat' dir='ltr'><strong>venerabili</strong></span> <span class='ocrx_word' id='word_1_730' title='bbox 2839 5292 3165 5352; x_wconf 89' lang='lat' dir='ltr'><strong>monasterio</strong></span> <span class='ocrx_word' id='word_1_731' title='bbox 3214 5286 3450 5343; x_wconf 89' lang='lat' dir='ltr'><strong>restitui.</strong></span> <span class='ocrx_word' id='word_1_732' title='bbox 3497 5282 3605 5338; x_wconf 91' lang='lat' dir='ltr'><strong>Sed</strong></span> <span class='ocrx_word' id='word_1_733' title='bbox 3661 5286 3718 5333; x_wconf 89' lang='lat' dir='ltr'><strong>et</strong></span> 
     </span>
    </p>
   </div>
   <div class='ocr_carea' id='block_1_117' title="bbox 2123 5384 3705 5465">
    <p class='ocr_par' dir='ltr' id='par_1_117' title="bbox 2123 5384 3705 5465">
     <span class='ocr_line' id='line_1_117' title="bbox 2123 5384 3705 5465; baseline -0.018 -11"><span class='ocrx_word' id='word_1_734' title='bbox 2123 5400 2268 5457; x_wconf 89' lang='lat' dir='ltr'><strong>idem</strong></span> <span class='ocrx_word' id='word_1_735' title='bbox 2291 5391 2577 5465; x_wconf 87' lang='lat' dir='ltr'><strong>religiosus</strong></span> <span class='ocrx_word' id='word_1_736' title='bbox 2597 5392 2684 5447; x_wconf 83' lang='lat' dir='ltr'><strong>vir</strong></span> <span class='ocrx_word' id='word_1_737' title='bbox 2701 5389 3002 5447; x_wconf 85' lang='lat' dir='ltr'><strong>Cozbertus</strong></span> <span class='ocrx_word' id='word_1_738' title='bbox 3026 5384 3194 5439; x_wconf 76' lang='lat' dir='ltr'><strong>abbas</strong></span> <span class='ocrx_word' id='word_1_739' title='bbox 3222 5385 3425 5435; x_wconf 66' lang='lat' dir='ltr'><strong>nostra:</strong></span> <span class='ocrx_word' id='word_1_740' title='bbox 3448 5384 3705 5432; x_wconf 76' lang='lat' dir='ltr'><strong>mansue—</strong></span> 
     </span>
    </p>
   </div>
   <div class='ocr_carea' id='block_1_118' title="bbox 2120 5509 3715 5591">
    <p class='ocr_par' dir='ltr' id='par_1_118' title="bbox 2120 5509 3715 5591">
     <span class='ocr_line' id='line_1_118' title="bbox 2120 5509 3715 5591; baseline -0.016 -6"><span class='ocrx_word' id='word_1_741' title='bbox 2120 5544 2244 5586; x_wconf 90' lang='lat' dir='ltr'><strong>rum</strong></span> <span class='ocrx_word' id='word_1_742' title='bbox 2281 5527 2483 5583; x_wconf 80' lang='lat' dir='ltr'><strong>chartae</strong></span> <span class='ocrx_word' id='word_1_743' title='bbox 2526 5525 2776 5581; x_wconf 68' lang='lat' dir='ltr'><strong>excitata:</strong></span> <span class='ocrx_word' id='word_1_744' title='bbox 2806 5522 3189 5582; x_wconf 84' lang='lat' dir='ltr'><strong>meminerunt,</strong></span> <span class='ocrx_word' id='word_1_745' title='bbox 3224 5512 3423 5591; x_wconf 66' lang='lat' dir='ltr'><strong>vicinia</strong></span> <span class='ocrx_word' id='word_1_746' title='bbox 3450 5509 3715 5591; x_wconf 68' lang='lat' dir='ltr'><strong>Fischer:-</strong></span> 
     </span>
    </p>
   </div>
   <div class='ocr_carea' id='block_1_119' title="bbox 2120 5580 3707 5669">
    <p class='ocr_par' dir='ltr' id='par_1_119' title="bbox 2120 5580 3707 5669">
     <span class='ocr_line' id='line_1_119' title="bbox 2120 5580 3707 5669; baseline -0.016 -11"><span class='ocrx_word' id='word_1_747' title='bbox 2256 5580 2382 5655; x_wconf 81' lang='lat' dir='ltr'><strong>villa</strong></span> <span class='ocrx_word' id='word_1_748' title='bbox 2406 5580 2740 5669; x_wconf 17' lang='lat' dir='ltr'><strong>iniparochia</strong></span> <span class='ocrx_word' id='word_1_749' title='bbox 2763 5593 3054 5649; x_wconf 83' lang='lat' dir='ltr'><strong>Busskirch</strong></span> <span class='ocrx_word' id='word_1_750' title='bbox 3079 5580 3707 5669; x_wconf 47' lang='lat' dir='ltr'><strong>supraliappersgvilam</strong></span> 
     </span>
    </p>
   </div>
   <div class='ocr_carea' id='block_1_120' title="bbox 2120 5649 3711 5740">
    <p class='ocr_par' dir='ltr' id='par_1_120' title="bbox 2120 5649 3711 5740">
     <span class='ocr_line' id='line_1_120' title="bbox 2120 5649 3711 5740; baseline -0.015 -12"><span class='ocrx_word' id='word_1_751' title='bbox 2120 5649 2814 5740; x_wconf 42' lang='lat' dir='ltr'><strong>iﬁ&#39;idxiﬁhiitahiﬁajus</strong></span> <span class='ocrx_word' id='word_1_752' title='bbox 2850 5679 3048 5722; x_wconf 90' lang='lat' dir='ltr'><strong>nomen</strong></span> <span class='ocrx_word' id='word_1_753' title='bbox 3083 5649 3208 5718; x_wconf 56' lang='lat' dir='ltr'><strong>cu&#39;m</strong></span> <span class='ocrx_word' id='word_1_754' title='bbox 3250 5649 3587 5716; x_wconf 76' lang='lat' dir='ltr'><strong>Uhcinriuda</strong></span> <span class='ocrx_word' id='word_1_755' title='bbox 3633 5649 3711 5705; x_wconf 76' lang='lat' dir='ltr'><strong>fa-</strong></span> 
     </span>
    </p>
   </div>
   <div class='ocr_carea' id='block_1_121' title="bbox 2118 5740 2676 5810">
    <p class='ocr_par' dir='ltr' id='par_1_121' title="bbox 2118 5740 2676 5810">
     <span class='ocr_line' id='line_1_121' title="bbox 2118 5740 2676 5810; baseline -0.014 -10"><span class='ocrx_word' id='word_1_756' title='bbox 2118 5744 2279 5801; x_wconf 89' lang='lat' dir='ltr'><strong>cilius</strong></span> <span class='ocrx_word' id='word_1_757' title='bbox 2318 5740 2676 5810; x_wconf 77' lang='lat' dir='ltr'><strong>componitur.</strong></span> 
     </span>
    </p>
   </div>
   <div class='ocr_carea' id='block_1_122' title="bbox 2190 5808 2778 5876">
    <p class='ocr_par' dir='ltr' id='par_1_122' title="bbox 2190 5808 2778 5876">
     <span class='ocr_line' id='line_1_122' title="bbox 2190 5808 2778 5876; baseline -0.009 -8"><span class='ocrx_word' id='word_1_758' title='bbox 2190 5815 2221 5855; x_wconf 69' lang='grc' dir='ltr'>δ</span> <span class='ocrx_word' id='word_1_759' title='bbox 2249 5808 2536 5876; x_wconf 77' lang='lat' dir='ltr'><strong>Turegum,</strong></span> <span class='ocrx_word' id='word_1_760' title='bbox 2562 5808 2778 5864; x_wconf 80' lang='lat' dir='ltr'><strong>Zurich.</strong></span> 
     </span>
    </p>
   </div>
   <div class='ocr_carea' id='block_1_123' title="bbox 2192 5855 3145 5945">
    <p class='ocr_par' dir='ltr' id='par_1_123' title="bbox 2192 5855 3145 5945">
     <span class='ocr_line' id='line_1_123' title="bbox 2192 5855 3145 5945; baseline -0.006 -5"><span class='ocrx_word' id='word_1_761' title='bbox 2192 5894 2216 5924; x_wconf 80' lang='grc' dir='ltr'><strong><em>ο</em></strong></span> <span class='ocrx_word' id='word_1_762' title='bbox 2252 5855 3145 5945; x_wconf 44' lang='lat' dir='ltr'><strong>cantat;adamastis.</strong></span> 
     </span>
    </p>
   </div>
  </div>
