4048 6350
286 286 435 347 1109

1428 280 1826 339 DII’LOMATA
1864 282 2419 343 ECCLESIASTICA.

3406 255 3558 346 suo

281 401 460 461 tudini
484 399 773 477 suggessit,
797 409 859 455 ut
885 413 1045 470 super
1077 400 1167 465 bis
1190 398 1353 459 rebus
1372 400 1639 457 restitutis
1659 416 1865 472 praece-
1892 404 1945 466 Α
1970 401 2180 472 religio,
2205 410 2261 457 et
2286 416 2387 471 pro
2410 402 2587 469 nobis,
2613 402 2839 475 conjuge
2864 405 3123 477 proleque
3149 416 3357 473 nostra,
3379 417 3434 463 et
3457 425 3559 479 pro

282 493 487 568 ptionis
514 502 714 561 nostra:
739 491 1205 561 conﬁrmationem
1240 493 1347 557 sibi
1388 495 1517 551 dare
1535 494 1869 566 iuberemus.

283 585 454 658 Cujus
476 583 817 657 petitionem,
845 583 973 663 quia
1008 584 1344 650 rationabilis
1370 586 1526 643 nobis
1563 587 1868 655 videbatur,

284 679 357 735 ad
379 677 633 743 eﬁ'ectum
657 677 954 749 perducere
985 676 1293 741 curavimus
1346 696 1358 732 :
1399 686 1699 736 statuentes
1742 694 1873 752 ergo

281 770 557 845 iubemus,
582 781 644 831 ut
663 786 834 853 supra
859 771 1166 826 nominatas
1196 786 1283 829 res
1305 769 1602 847 Cozpertus
1623 773 1873 847 prtedicti

280 865 607 931 monasterii
650 864 818 925 abbas
842 905 858 932 ,
902 879 1352 935 successoresque
1404 863 1522 932 eius
1580 879 1677 939 per
1732 864 1874 925 hanc

280 966 490 1019 nostra:
512 956 855 1021 auctoritatis
881 955 1350 1013 confirmationem
1392 955 1588 1013 abhinc
1632 954 1689 1013 in
1727 952 1872 1008 futu-

282 1067 409 1109 rum
454 1050 767 1119 ﬁrmissime
814 1057 1036 1129 teneant
1092 1059 1255 1123 atque
1301 1050 1651 1129 possideant,
1697 1062 1872 1127 neque

279 1164 315 1207 a
339 1148 583 1221 quolibet
614 1147 852 1213 ﬁdelium
893 1150 1096 1207 sancta:
1121 1142 1218 1207 Dei
1260 1141 1539 1209 Ecclesiae,
1564 1150 1727 1212 atque
1776 1156 1871 1201 no-

280 1248 547 1311 strorum,
570 1237 659 1297 vel
686 1254 719 1297 a
740 1234 1024 1315 cujuslibet
1046 1233 1268 1297 honoris
1298 1242 1391 1301 aut
1434 1232 1721 1307 potestatis
1747 1248 1873 1303 per-

282 1347 419 1395 sona
450 1330 558 1389 ullo
580 1344 821 1401 unquam
859 1336 1103 1397 tempore
1130 1341 1162 1381 a
1188 1324 1311 1394 jure
1340 1325 1585 1407 praedicti
1605 1333 1874 1387 monaste-

279 1424 355 1482 rii
394 1423 749 1493 subtrahatur
766 1463 780 1488 ,
802 1421 899 1483 sed
922 1420 1101 1492 potius
1129 1435 1198 1476 ex
1224 1419 1328 1479 hac
1355 1427 1556 1477 nostra:
1582 1419 1873 1479 auctorita-

281 1513 357 1571 tis
381 1513 791 1587 conﬁrmatione
817 1518 1133 1589 perpetuam
1185 1518 1365 1565 sumat
1412 1510 1745 1567 ﬁrmitatem.
1803 1509 1872 1577 Et

281 1616 346 1666 ut
379 1609 497 1677 iure
529 1607 830 1675 auctoritas
861 1607 1062 1667 nostris
1096 1605 1403 1676 futurisque
1428 1604 1763 1677 temporibus
1788 1604 1873 1659 in-

279 1700 593 1769 violabilem
632 1708 796 1772 atque
825 1699 1195 1763 inconvulsam
1233 1698 1479 1755 obtineat
1524 1696 1868 1765 ﬁrmitatem,
1894 1682 1913 1700 '

281 1791 475 1855 annuli
499 1790 670 1853 nostri
698 1791 1054 1861 impressione
1078 1806 1199 1847 eam
1218 1787 1723 1864 signarijussimus.

354 1880 660 1949 Gundulfus
682 1895 708 1941 It
729 1882 799 1941 ad
825 1883 999 1943 vicem
1024 1882 1294 1955 Fridugisi
1319 1882 1611 1955 recognovi
1651 1888 1707 1937 et
1746 1881 1872 1938 sub-

280 1989 503 2051 scripsi.

352 2065 491 2133 Data
524 2082 595 2139 xv
642 2066 760 2141 Kal.
792 2067 977 2137 Mart,
1013 2083 1155 2129 anno
1203 2068 1427 2137 Christo
1442 2068 1687 2151 propitio,
1709 2069 1743 2125 8
1771 2069 1875 2135 im-

277 2158 423 2233 peril
442 2158 627 2221 domui
655 2156 913 2233 Ludovici
935 2160 1167 2233 piissimi
1187 2159 1447 2235 Augusti,
1467 2160 1760 2229 indictione
1782 2160 1872 2231 Μ.

278 2248 481 2313 Actum
504 2250 832 2327 Aquisgrani
861 2253 890 2295 δ
919 2254 1121 2329 palatio
1155 2254 1307 2329 regio
1332 2254 1387 2319 in
1427 2254 1525 2315 Dei
1548 2255 1770 2311 nomine
1795 2252 1875 2313 [ετ

282 2340 489 2411 Deiter.
511 2342 704 2417 Amen.
726 2366 733 2374 ι
928 2334 933 2341 ’

975 2438 1161 2495 XCIX.

463 2543 566 2591 P80
602 2545 941 2598 ΒξτυιιεεΝει
974 2550 1019 2590 S.
1056 2550 1292 2599 SULPH’“
1328 2549 1683 2597 κωλετειιιο.

787 2625 967 2698 (Circa
996 2644 1196 2687 annum
1223 2627 1375 2699 821.)

282 2710 466 2787 [Apud
494 2714 879 2789 D._Donquet.,
912 2717 1127 2772 Becueil
1157 2719 1248 2789 des
1272 2719 1572 2784 historiens,
1612 2727 1742 2775 tom.
1773 2719 1876 2789 Vl,

378 2801 503 2858 pag.
528 2784 657 2857 525,
683 2784 747 2857 ei
779 2789 1111 2867 chartulario
1137 2788 1385 2858 ejusdem
1408 2790 1777 2863 monasterii]

354 2899 412 2961 In
448 2900 670 2963 nomim
708 2901 927 2959 Domini
965 2900 1060 2959 Dei
1099 2909 1155 2957 et
1196 2900 1499 2959 Salvatoris
1540 2903 1711 2959 nostri
1745 2899 1874 2969 ἔθευ

280 2990 512 3061 Christi,
540 2989 846 3051 Ludovicus
875 2993 1055 3053 divina
1082 2994 1369 3051 ordinante
1394 2994 1735 3066 providentia
1771 2995 1873 3061 im-

276 3095 503 3157 perator
530 3088 826 3162 Augustus.

350 3175 653 3251 Imperialis
683 3178 1023 3244 celsitudinis
1056 3178 1223 3236 moris
1250 3186 1335 3241 est
1360 3177 1714 3249 petitionibus
1740 3177 1875 3236 ﬁde-

280 3268 417 3341 lium
454 3281 765 3343 nostrorum
801 3272 1033 3337 libenter
1063 3286 1345 3343 assensum
1378 3273 1737 3345 prtebere..."
1766 3287 1876 3342 quo

282 3364 493 3429 dulcius
530 3374 643 3433 tam
684 3368 916 3441 privatis
941 3382 1105 3437 quam
1143 3366 1381 3437 publicis
1417 3367 1672 3423 studeant
1708 3366 1876 3427 inhre-

281 3472 409 3519 rere
452 3456 751 3529 obsequiis.
814 3460 1023 3517 idcirco
1070 3459 1284 3519 noverit
1327 3458 1663 3529 experientia
1712 3465 1876 3529 atque

280 3547 551 3611 industria
579 3548 823 3613 omnium
848 3548 1088 3619 ﬁdelium
1118 3556 1462 3615 nostrorum,
1496 3556 1608 3603 tam
1637 3563 1876 3618 praesen-

282 3643 421 3707 tium
450 3657 615 3712 quam
645 3640 989 3708 futurorum,
1034 3642 1180 3712 quod
1222 3641 1411 3697 adiens
1452 3640 1667 3711 imperii
1705 3640 1878 3701 nostri

282 3735 664 3799 celsitudinem
690 3737 913 3806 quidam
954 3735 1129 3792 ﬁdelis
1169 3744 1375 3802 noster,
1422 3734 1739 3799 Raninchus
1779 3750 1878 3799 no-

282 3825 455 3892 mine,
481 3827 651 3893 abbas
680 3842 748 3891 ex
776 3828 1105 3891 monasterio
1146 3826 1202 3883 S.
1237 3826 1453 3899 Sulpitii
1471 3867 1488 3891 ,
1534 3826 1681 3896 quod
1711 3826 1876 3889 situm

282 3926 370 3981 est
395 3916 453 3977 in
479 3917 739 3981 suburbio
761 3916 1020 3988 Biturigae
1047 3917 1303 3983 civitatis,
1332 3915 1528 3979 detulit
1550 3915 1607 3970 in
1635 3923 1876 3979 nostram

281 4011 631 4083 praesentiam
658 4011 894 4082 plurima
920 4019 1193 4080 praecepta
1218 4023 1440 4079 regum,
1485 4009 1727 4077 ipsorum
1758 4023 1879 4069 mu-

280 4102 561 4161 niﬁcentia
588 4103 874 4168 roborata,
912 4118 978 4159 ac
1004 4101 1233 4173 praefato
1259 4101 1379 4156 loco
1404 4100 1599 4163 collata
1619 4141 1634 4166 ,
1680 4101 1878 4171 quibus

280 4194 669 4255 continebatur
692 4196 927 4266 qualiter
956 4195 1025 4253 ad
1053 4194 1373 4264 petitionem
1414 4193 1671 4251 abbatum
1714 4203 1879 4265 atque

280 4293 560 4347 rectorum
590 4286 869 4357 praelibati
909 4286 1146 4351 coenobii
1190 4286 1521 4347 liberalitate
1565 4286 1878 4358 principum

279 4391 602 4436 concessum
647 4387 764 4444 est,
810 4386 869 4437 ut
912 4379 970 4435 S.
1001 4379 1181 4439 Patris
1211 4378 1428 4450 Sulpitii
1459 4379 1767 4437 reverentia
1814 4394 1878 4435 ac

280 4467 524 4542 dignitas
549 4472 650 4528 sub
677 4472 1038 4537 immunitatis
1066 4472 1298 4539 tuitione
1320 4471 1525 4544 iugiter
1548 4486 1876 4545 permanere

1975 494 2278 555 stabilitate
2307 494 2460 566 regni
2496 495 2668 551 nostri
2710 510 2897 551 servos
2931 497 3141 554 Domini
3185 501 3294 557 illic
3319 518 3561 558 comma-

1976 595 2169 644 nentes
2198 586 2479 643 ardentius
2504 601 2665 645 orare
2692 585 2944 645 delectet.
2987 588 3435 665 Praeceptumque
3464 610 3562 650 no-

1976 686 2107 737 strae
2136 679 2482 736 auctoritatis
2518 678 2623 735 illis
2653 677 2770 734 ﬁeri
2804 677 3096 750 iussimus,
3136 700 3242 756 quo
3272 687 3566 745 conﬁrma-

1976 774 2155 831 vimus
2176 773 2288 851 illis
2313 781 2502 830 nostra
2530 773 2919 831 deliberatione
2946 784 3110 847 atque
3136 777 3356 836 decreto
3379 782 3565 840 omnia

1978 881 2100 939 qua:
2144 866 2575 938 praedecessorcs
2621 866 2793 923 nostri
2838 866 2957 924 loco
3004 868 3179 925 eidem
3223 879 3567 941 statuerunt,

1978 958 2094 1015 sive
2140 958 2382 1029 quandiu
2432 959 2504 1015 ibi
2551 961 2686 1021 ordo
2731 959 2976 1027 ﬂoruerit
3023 964 3357 1021 monasticus
3382 1007 3397 1032 ,
3452 967 3571 1024 sive

1980 1050 2267 1131 deinceps;
2304 1058 2416 1106 tam
2449 1066 2515 1115 ea
2540 1067 2662 1123 qua:
2685 1050 2803 1123 iam
2832 1055 3377 1113 commemoravimus
3405 1072 3569 1131 quam

1979 1158 2043 1199 ea
2079 1159 2199 1214 qua:
2239 1144 2529 1215 pmceptis
2574 1145 2695 1201 aliis
2737 1145 3091 1203 continentur
3119 1147 3185 1204 de
3215 1150 3473 1207 mercatis
3515 1159 3573 1209 et

1974 1236 2260 1307 portubus,
2298 1253 2462 1308 quam
2493 1246 2548 1294 et
2578 1238 2644 1293 de
2675 1238 2892 1295 urbium
2922 1241 3089 1308 areis,
3119 1250 3173 1298 et
3203 1242 3258 1298 in
3283 1243 3426 1300 villis
3454 1259 3572 1300 ser-

1976 1328 2155 1383 vanda
2186 1336 2297 1384 tam
2329 1329 2521 1385 incolis
2553 1345 2718 1400 quam
2746 1330 3047 1398 incolabus,
3078 1342 3137 1388 ut
3162 1333 3389 1401 scilicet,
3430 1335 3573 1390 sicut

1979 1420 2283 1476 anteriores
2307 1436 2371 1476 ac
2398 1419 2715 1477 decessores
2739 1421 2913 1477 nostri
2940 1424 3319 1491 decreverunt,
3348 1427 3423 1481 ita
3448 1442 3574 1497 per-

1977 1522 2236 1569 maneant
2265 1514 2605 1572 inconvulsa.
2663 1514 2807 1571 Sane
2848 1526 3063 1573 constat
3104 1534 3293 1575 omnes
3336 1520 3574 1575 maxime

1975 1606 2352 1677 possessiones
2390 1607 2505 1679 jam
2546 1607 2678 1663 dicti
2721 1610 3035 1665 monasterii
3081 1610 3404 1667 donationes
3450 1625 3574 1667 esse

1980 1698 2252 1765 ﬁdelium,
2283 1700 2374 1770 qui
2406 1698 2610 1770 praedia
2638 1715 2738 1755 sua
2768 1716 2891 1756 cum
2923 1702 3206 1772 mancipiis
3236 1703 3304 1757 ob
3332 1716 3575 1757 amorem

1898 1775 1947 1841 Β
1974 1788 2190 1846 Domini
2218 1799 2272 1845 et
2301 1790 2359 1845 S.
2393 1789 2611 1863 Sulpitii
2643 1792 2822 1846 eidem
2848 1792 2968 1849 loco
2996 1793 3400 1866 delegavcrunt.
3434 1793 3573 1862 Quia

1974 1898 2127 1949 vero,
2155 1890 2214 1938 ut
2240 1884 2415 1940 relatu
2438 1881 2548 1953 iam
2576 1885 2842 1940 nominati
2868 1887 3080 1943 abbatis
3103 1887 3414 1956 didicimus,
3438 1902 3574 1949 sana

1975 1976 2314 2049 indulgentia
2362 1979 2724 2049 quorumdam
2773 1979 2889 2050 ipsa
2940 1979 3144 2037 familia
3188 1983 3243 2039 in
3281 1982 3575 2052 iudicando

1978 2067 2180 2129 dicitur
2210 2068 2383 2139 legem
2416 2084 2638 2126 servare
2677 2070 2928 2137 servilem
2949 2112 2963 2139 ,
3003 2071 3073 2127 ob
3106 2073 3209 2129 hoc
3238 2073 3459 2143 quidam
3486 2086 3577 2128 ec-

1977 2159 2159 2219 clesiae
2188 2160 2531 2227 detrectant,
2585 2175 2709 2215 cum
2754 2161 2858 2217 sibi
2904 2162 3230 2233 aliquotiens
3270 2160 3579 2236 junguntur

1977 2250 2236 2319 familiae,
2282 2251 2606 2308 divisionem
2646 2267 2867 2308 servare
2907 2253 3157 2326 legalem.
3209 2254 3363 2312 Unde
3398 2256 3578 2312 eidem

1978 2345 2123 2409 ﬁdeli
2165 2355 2354 2401 nostro
2384 2345 2669 2401 Ranincho
2694 2348 2901 2417 petenti
2942 2348 3177 2420 benigne
3203 2348 3578 2416 concedimus,

1976 2449 2039 2492 ut
2064 2440 2499 2511 quandocunque
2528 2438 2734 2494 familia
2764 2439 2821 2495 S.
2854 2440 3073 2510 Sulpitii
3103 2440 3323 2498 familim
3354 2442 3579 2498 alterius

1980 2528 2227 2585 ecclesia:
2256 2544 2354 2600 per
2380 2530 2713 2585 connubium
2742 2529 2907 2584 fuerit
2939 2530 3224 2602 copulata,
3258 2531 3465 2586 nullum
3493 2529 3578 2587 fa-

1977 2619 2091 2674 ciat
2118 2620 2520 2692 praeiudicium,
2544 2620 2688 2690 quod
2719 2621 2935 2676 servilis
2960 2624 3202 2678 conditio
3228 2623 3401 2696 legem
3430 2638 3582 2679 reva-

1980 2708 2132 2767 diare
2160 2712 2404 2766 cernitur
2428 2710 2717 2766 colonilem
2741 2730 2754 2766 :
2788 2713 2881 2768 sed
2905 2713 3156 2770 omnibus
3182 2715 3237 2769 in
3265 2715 3399 2769 locis
3424 2729 3581 2784 atque

1978 2804 2279 2869 secundum
2321 2804 2496 2875 legem
2537 2804 2850 2860 celebretur
2887 2805 3103 2861 divisio.
3157 2786 3382 2877 Insuper
3426 2815 3482 2862 et
3524 2807 3580 2861 in

1980 2894 2130 2959 ﬁscis
2158 2896 2382 2963 nostris,
2407 2896 2499 2967 qui
2528 2895 2885 2952 ecclesiastici
2910 2890 3077 2953 fuiss'e
3100 2906 3422 2964 noscuntur,
3447 2897 3580 2954 illud

1978 2991 2354 3046 concedimus.
2393 2989 2529 3045 lllud
2559 2999 2615 3046 et
2642 2992 2945 3047 concedere
2972 3001 3029 3048 et
3059 2992 3260 3048 addere
3283 2993 3488 3063 placuit
3522 3000 3585 3047 ut

1976 3084 2105 3159 quia
2145 3099 2234 3139 res
2270 3083 2441 3155 ipsius
2478 3084 2583 3140 loci
2624 3086 2859 3156 sparsim
2895 3084 3230 3152 dividuntur,
3271 3094 3326 3141 et
3360 3083 3582 3155 plurimi

1979 3177 2229 3235 advocati
2258 3178 2452 3233 mallos
2479 3193 2576 3248 per
2602 3176 2817 3249 singula
2846 3175 2967 3233 loca
2996 3177 3272 3233 custodire
3302 3184 3582 3248 nequeunt

1978 3270 2099 3327 sine
2126 3270 2418 3340 praesentia
2448 3272 2708 3341 regis.....
2742 3270 3133 3327 detrimentum
3162 3283 3272 3324 non
3300 3268 3581 3339 patiantur

1979 3377 2188 3427 rerum,
2217 3376 2393 3431 neque
2425 3360 2481 3415 in
2512 3360 2769 3439 civitate;
2804 3376 2913 3431 quo
2947 3369 3005 3415 et
3038 3361 3209 3415 tutius
3239 3374 3302 3414 ac
3328 3359 3578 3414 securius

1979 3454 2103 3511 illos
2129 3453 2361 3510 Domino
2387 3454 2623 3519 militare
2648 3454 2899 3515 delectet.
2935 3453 3209 3510 Praeterea
3234 3453 3583 3519 concedimus

1977 3547 2035 3604 in
2060 3548 2316 3607 veStiaria
2346 3557 2401 3604 et
2426 3548 2692 3623 calcearia
2721 3547 2955 3613 fratrum
2981 3549 3410 3615 monachorum,
3441 3546 3583 3601 sicut

1977 3641 2160 3699 fuerat
2184 3642 2343 3709 olim,
2377 3657 2570 3699 omnes
2597 3642 2762 3699 ferias
2790 3643 3051 3698 annuales
3082 3643 3310 3698 mercati
3340 3658 3465 3699 cum
3493 3642 3581 3696 in-

1978 3734 2233 3804 tegritate
2262 3742 2319 3797 et
2348 3734 2600 3807 districtu
2621 3774 2637 3800 ,
2682 3749 2751 3788 ex
2790 3741 3035 3789 mercato
3067 3748 3287 3805 quoque
3326 3732 3581 3802 septima-

1979 3828 2092 3885 nali
2128 3827 2275 3883 illam
2327 3827 2751 3883 redliibitionem
2807 3843 2971 3897 quam
3003 3826 3075 3881 ad
3101 3827 3279 3898 ipsum
3309 3825 3581 3897 pertinere

1978 3917 2161 3972 locum
2191 3917 2536 3972 indulsimus.
2576 3916 2851 3971 Przeterea
2879 3926 2939 3971 ut
2967 3918 3146 3972 nullus
3174 3916 3403 3987 praesul,
3435 3915 3577 3973 nulla

1976 4018 2246 4089 potestas,
2278 4025 2377 4075 nec
2407 4008 2575 4065 etiam
2613 4009 2755 4066 ullus
2788 4019 2978 4066 noster
3012 4009 3414 4067 mansionarius
3439 4006 3579 4071 infra

1978 4103 2226 4174 ejusdem
2273 4103 2594 4159 monasterii
2640 4102 2878 4161 claustra
2930 4111 2986 4156 et
3033 4102 3152 4157 loca
3200 4102 3463 4158 damnare
3489 4100 3576 4155 vel

1979 4194 2324 4251 mansiouare
2350 4200 2678 4267 praesumat;
2718 4200 2778 4259 ut
2805 4194 2875 4248 ob
2906 4192 2990 4248 sui
3014 4191 3317 4263 profectum
3346 4200 3401 4247 et
3424 4191 3579 4262 quie-

1980 4296 2093 4345 tem
2125 4290 2193 4345 ab
2227 4290 2309 4346 eis
2346 4304 2456 4344 non
2492 4289 2668 4359 possit
2695 4287 2806 4343 ullo
2834 4287 2994 4343 modo
3025 4297 3213 4342 nostra
3242 4285 3427 4340 divelli
3463 4300 3580 4339 me-

1979 4381 2174 4436 moria.
2228 4381 2298 4436 Et
2338 4388 2398 4447 ut
2444 4388 2645 4443 nostrae
2691 4379 3055 4449 ordinationis
3102 4393 3168 4434 ac
3210 4373 3581 4435 concessionis

1981 4472 2279 4527 auctoritas
2300 4472 2382 4527 sui
2405 4472 2609 4551 vigoris
2630 4479 2948 4542 perpetuam
2972 4469 3216 4526 obtineat
3236 4467 3574 4531 ﬁrmitatem,

280 4532 516 4622 debeat:
549 4571 607 4623 et
632 4532 780 4623 nulla
816 4564 1106 4635 iudiciaria
1146 4532 1415 4636 potestas"
1432 4565 1488 4622 in
1526 4532 1691 4622 rebus
1725 4562 1873 4632 eius-
1897 4532 1954 4599 D
1979 4578 2146 4625 manu
2165 4564 2386 4647 propria
2406 4532 3105 4630 su‘bter‘eamﬁrmavimus,
3120 4570 3176 4619 et
3193 4560 3379 4617 annuli
3401 4558 3576 4621 nostri

281 4653 411 4713 dem
434 4656 752 4717 monasterii
779 4655 960 4733 aliquo
985 4656 1147 4715 modo
1173 4656 1462 4720 damnare,
1512 4669 1690 4724 neque
1725 4655 1874 4712 intra

283 4752 381 4802 aut
401 4753 558 4809 extra
583 4747 859 4808 civitatem
888 4748 944 4805 in
974 4748 1140 4815 areis,
1167 4746 1434 4811 ecclesiis,
1460 4746 1546 4804 vel
1568 4746 1713 4803 villis
1736 4745 1879 4803 fora-

282 4834 456 4895 ticum
484 4841 544 4901 Bt
569 4837 857 4901 sonticum
886 4838 1126 4917 exigere,
1155 4844 1251 4893 aut
1275 4836 1514 4907 aliquem
1542 4852 1763 4897 servum
1788 4837 1876 4895 vel

282 4924 515 4991 liberum
542 4943 643 4999 pro
670 4929 895 4987 servitio
917 4930 1133 4993 Domini
1158 4931 1400 4991 bannum
1424 4929 1645 5001 aliquod
1670 4928 1880 4985 facien-

282 5026 397 5079 tem
418 5019 751 5093 distringere
771 5020 1130 5095 [praesumat].
1164 5022 1455 5083 Humiliter
1479 5040 1609 5096 ergo
1635 5024 1791 5095 petiit
1817 5033 1879 5095 ut

284 5113 433 5182 quod
473 5114 709 5183 sparsim
755 5116 1168 5182 continebatur;
1223 5124 1280 5173 et
1319 5116 1435 5187 iam
1482 5115 1877 5187 quodammodo

281 5200 745 5270 labefactabatur,
791 5214 981 5263 nostro
1024 5215 1299 5278 praecepto
1346 5207 1724 5277 colligeremus
1748 5247 1762 5274 ,
1811 5224 1878 5267 ac

283 5293 452 5349 veluti
487 5294 544 5350 in
572 5309 741 5349 unum
771 5295 1194 5364 complectentes
1229 5298 1700 5353 conﬁrmaremus.
1752 5298 1876 5354 Pla~

284 5384 401 5439 cuit
435 5384 620 5457 itaque
663 5386 1066 5442 mansuetudini
1112 5396 1313 5444 nostra
1358 5388 1730 5445 saluberrimis
1759 5390 1875 5461 eius

286 5488 531 5534 annuere
551 5477 893 5549 precibus,et
912 5492 1020 5548 quo
1042 5479 1212 5569 magis
1236 5479 1512 5553 magisque
1532 5480 1643 5537 illic
1664 5492 1875 5541 crescat

363 5621 389 5649 ι
431 5608 727 5683 Episcopus
752 5609 1025 5683 Metensis.
1050 5609 1197 5667 Obiit
1231 5628 1299 5683 an
1326 5612 1461 5679 825,
1502 5629 1874 5673 successorem

286 5681 826 5755 nactus'Drogonem,
852 5681 1113 5740 Ludovici
1151 5683 1235 5742 Pii
1266 5682 1517 5755 fratrem,
1560 5695 1619 5744 ut
1661 5697 1876 5746 veteres

291 5750 516 5808 annales
535 5750 740 5822 passim
766 5760 1055 5811 testantur.

1983 4657 2342 4727 impressione
2368 4656 2637 4727 assignari
2660 4654 2945 4725 iussimus.

2377 4855 2478 4895 PRO
2504 4854 2847 4896 IONASTERIO
2876 4852 3154 4895 FULDBNSI.

1986 4932 2166 5006 [Apud
2181 4932 2440 4998 Schaten,
2456 4932 2804 5003 Episcopatus
2824 4929 3300 4994 Paderbarnemis,
3313 4943 3439 5000 pag.
3456 4924 3573 5002 70.]

2056 5024 2118 5078 ln
2165 5024 2383 5081 nomine
2424 5024 2641 5079 Domini
2669 5024 2766 5080 Dei
2808 5032 2864 5079 et
2900 5022 3202 5079 Salvatoris
3235 5020 3407 5076 nostri
3445 5020 3575 5076 Jesu

1986 5117 2211 5185 Christi,
2248 5116 2555 5175 Ludovicus
2576 5118 2756 5174 divina
2784 5118 3072 5174 ordinante
3096 5115 3434 5187 providentia
3464 5116 3569 5170 im-

1983 5220 2206 5282 perator
2226 5210 2524 5282 Augustus.

2055 5302 2114 5358 Si
2163 5318 2292 5374 erga
2336 5302 2451 5358 loca
2498 5302 2695 5359 divinis
2739 5302 2972 5359 cultibus
3000 5303 3326 5373 mancipata,
3352 5306 3576 5372 propter

1980 5408 2225 5449 amorem
2274 5394 2370 5448 Dei
2415 5392 2638 5477 eiusque
2681 5393 2737 5449 in
2776 5394 2856 5450 eis
2897 5393 3031 5455 locis
3072 5382 3187 5449 sibi
3219 5393 3570 5455 famulantes,

1978 5485 2244 5543 beneﬁcia
2272 5486 2485 5557 potiora
2523 5485 2836 5557 largiamur,
2874 5486 3159 5557 praemium
3191 5484 3335 5557 apud
3381 5479 3569 5537 Domi-

2056 5620 2084 5659 δ
2116 5620 2218 5675 Uhi
2234 5620 2530 5691 imperator
2555 5622 2788 5678 hiemem
2817 5624 3019 5691 exegit,
3034 5640 3099 5679 ac
3124 5637 3310 5680 mense
3338 5620 3578 5691 Februa-

1984 5690 2074 5769 rio
2107 5690 2325 5769 comitia
2361 5691 2566 5759 habuit,
2589 5701 2737 5769 teste
2790 5690 3101 5769 Eginbardo
3146 5696 3203 5751 in
3246 5690 3570 5759 Annalibus,

1985 5761 2214 5834 aliisque
2240 5764 2693 5837 chronograpliis.
