4048 6350
505 5395 514 5400 ’
603 5395 769 5450 steria
826 5393 1158 5468 Ludovicus,
1203 5405 1295 5451 aut
1339 5401 1518 5468 potius

617 287 749 342 1111

612 423 744 463 num
786 415 1002 462 aeternae
1040 403 1411 460 retributionis
1437 404 1595 459 nobis
1638 403 1856 473 rependi
1905 418 2013 457 non
2059 401 2193 456 ditii-

613 503 810 558 dimus.
842 499 1008 570 lgitur
1046 505 1234 551 notum
1273 513 1394 553 esse
1425 497 1670 552 volumus
1714 496 1924 550 cunctis
1949 493 2195 550 ﬁdelibus

610 593 834 658 nostris,
861 590 1219 662 praesentibus
1241 589 1450 645 scilicet
1470 596 1524 644 et
1566 587 1780 655 futuris,
1813 587 1939 658 quia
1965 601 2196 642 venera-

608 687 733 741 bilis
776 685 860 740 vir
884 683 1196 739 Baderadus
1225 683 1508 754 episcopus
1527 681 1788 748 ecclesiae,
1812 698 1932 752 qua:
1957 692 2040 737 est
2065 697 2196 737 con-

610 787 816 835 structa
854 779 908 832 in
936 778 1141 833 honore
1184 785 1384 831 sanetae
1419 775 1600 830 Mariae
1639 790 1852 846 semper
1893 774 2120 845 virginis
2141 782 2197 829 et

611 870 784 927 sancti
811 869 1024 935 Kiliani,
1055 870 1108 924 in
1139 869 1256 924 loco
1291 870 1383 940 qui
1409 868 1606 924 dicitur
1625 867 2034 934 Padcrbrunna,
2056 867 2190 923 mis-

609 980 670 1018 sa
715 964 979 1034 petitione
1026 962 1346 1033 deprecatus
1387 969 1490 1028 est,
1549 969 1610 1016 ut
1647 960 1962 1031 praedictam
2007 959 2193 1014 sedem

609 1073 733 1112 cum
782 1056 1032 1112 omnibus
1057 1058 1124 1111 ad
1143 1071 1201 1110 se
1221 1057 1368 1126 juste
1401 1063 1457 1110 et
1490 1053 1739 1126 legaliter
1764 1054 2025 1109 moderno
2049 1061 2190 1107 tem-

587 1165 740 1219 pore
766 1149 1157 1220 pertinentibus
1190 1148 1275 1202 vel
1315 1146 1696 1218 aspicientibus
1730 1147 1829 1202 sub
1859 1154 2046 1200 nostra
2087 1144 2192 1199 tui-

611 1241 781 1306 tione,
808 1249 864 1296 et
885 1240 1240 1300 immunitatis
1280 1240 1596 1295 defensione
1619 1254 1743 1293 cum
1773 1239 1935 1293 rebus
1959 1247 2015 1293 et
2038 1253 2190 1292 man-

639 1333 763 1403 ipiis
797 1334 1269 1399 constitueremus,
1315 1333 1456 1402 quod
1499 1333 1573 1386 ita
1618 1340 1674 1386 et
1709 1331 1904 1387 fecisse
1949 1330 2192 1386 omnium

605 1423 844 1479 ﬁdelium
877 1433 1184 1480 nostrorum
1212 1431 1502 1495 cognoscat
1531 1423 1816 1478 industria.
1865 1421 2190 1493 Praecipien—

605 1524 689 1570 tes
714 1531 841 1587 ergo
856 1515 1134 1586 jubemus,
1159 1526 1217 1572 ut.
1246 1514 1598 1586 nullusjudex
1622 1514 1886 1584 publicus,
1919 1521 2012 1567 aut
2037 1512 2187 1582 quis-

607 1607 740 1662 libet
780 1624 847 1663 ex
877 1607 1168 1678 judiciaria
1203 1615 1469 1678 potestate
1498 1607 1552 1660 in
1593 1605 1874 1670 ecclesias,
1926 1611 2019 1658 aut
2045 1602 2186 1670 loca,

603 1703 686 1757 vel
719 1718 898 1774 agros,
952 1719 1048 1759 seu
1092 1703 1328 1772 reliquas
1355 1701 1725 1771 possessiones
1759 1705 2071 1753 memoratae
2101 1711 2192 1751 ee-

603 1795 801 1861 elesiae,
825 1811 962 1866 quas
982 1795 1242 1851 moderno
1264 1806 1505 1866 tempore
1526 1794 1666 1849 infra
1695 1793 1954 1848 ditionem
1977 1791 2188 1862 imperii

600 1889 804 1944 nostris
834 1888 1041 1959 legibus
1087 1890 1345 1960 possidet,
1393 1897 1485 1943 aut
1530 1903 1649 1957 qua:
1679 1888 1929 1957 deinceps
1978 1887 2034 1942 in
2066 1884 2189 1954 jure

601 1981 773 2048 ipsius
817 1981 923 2035 loci
957 1980 1189 2035 voluerit
1220 1982 1400 2036 divina
1426 1981 1600 2051 pietas
1634 1981 1841 2052 augeri,
1900 1979 1968 2034 ad
1995 1993 2186 2033 causas

598 2069 883 2140 judiciario
909 2074 1068 2128 modo
1095 2073 1414 2139 audiendas,
1458 2073 1542 2127 vel
1567 2072 1720 2127 {reda
1750 2071 2037 2143 exigenda,
2093 2079 2188 2125 aut

600 2167 928 2232 mansiones,
972 2167 1058 2221 vel
1101 2176 1317 2236 paratas
1366 2167 1660 2230 faciendas,
1697 2175 1790 2220 aut
1818 2165 2184 2236 ﬁdeijussores

603 2258 896 2324 tollendos,
918 2267 1011 2313 aut
1030 2260 1276 2314 homines
1307 2260 1478 2330 ipsius
1500 2259 1742 2315 ecclesiae
1765 2258 2186 2329 distringendos,

600 2361 704 2401 nec
727 2345 860 2403 ullas
883 2348 1288 2414 redhibitiones,
1317 2350 1403 2406 vel
1429 2351 1641 2406 illicitas
1669 2350 1987 2405 occasiones
2010 2349 2189 2418 requi-

609 2439 826 2505 rcndas,
850 2439 959 2496 ullo
979 2457 1220 2510 unquam
1263 2450 1505 2512 tempore
1537 2442 1749 2514 ingredi
1789 2443 2005 2506 audeat,
2025 2442 2106 2496 vel
2127 2456 2194 2497 ea

598 2546 718 2601 qua:
767 2549 928 2603 supra
965 2548 1265 2591 memorata
1311 2546 1458 2604 sunt,
1492 2538 1709 2608 penitus
1731 2539 1948 2608 exigere
1977 2552 2185 2607 praesu-

597 2631 728 2677 mat.
771 2623 876 2680 Sed
912 2626 1071 2682 liceat
1101 2637 1398 2683 memorato
1419 2630 1673 2699 episcopo
1705 2629 1927 2697 suisque
1966 2643 2184 2683 succes-

595 2714 811 2770 soribus
855 2732 944 2772 res
994 2719 1265 2787 praedictae
1302 2720 1547 2774 ecelesim
1583 2735 1704 2774 cum
1752 2719 2004 2773 omnibus
2053 2735 2188 2788 quas

594 2807 854 2874 possidet,
905 2810 1089 2877 quieto
1135 2812 1327 2865 ordine
1355 2811 1654 2881 possidere,
1686 2819 1741 2864 et
1784 2818 1970 2865 nostro
2010 2809 2190 2865 ﬁdeli-

595 2901 683 2947 ter
732 2910 925 2963 parere
974 2898 1223 2968 imperio.
1279 2900 1558 2973 Quidquid
1599 2912 1728 2958 vero
1780 2899 1944 2958 ﬁscus
1980 2901 2190 2959 exinde

599 2998 821 3052 sperare
853 2991 1109 3057 potuerit,
1169 3001 1341 3046 totum
1370 3008 1470 3048 nos
1517 3010 1615 3064 pro
1643 3004 1844 3049 32161·ηῆ
1875 3009 2189 3050 remunera-

597 3077 742 3133 tione
774 3082 1044 3150 praedictae
1077 3085 1319 3141 ecclesiae
1359 3088 1428 3140 ad
1479 3087 1747 3156 stipendia
1790 3104 2088 3159 pauperum
2135 3096 2190 3145 et

594 3168 883 3227 luminaria
907 3176 1277 3232 concinnanda
1305 3179 1684 3244 concedimus;
1730 3180 1967 3250 qualiter
1996 3181 2191 3236 melius

595 3261 824 3318 delectet
851 3266 1077 3323 clericos
1113 3270 1166 3323 in
1196 3271 1386 3326 eadem
1427 3273 1556 3327 sede
1584 3275 1840 3344 degentes
1868 3290 1969 3344 pro
2008 3277 2190 3344 nobis,

595 3354 820 3425 conjuge
869 3366 924 3411 et
946 3359 1096 3426 prole
1126 3369 1308 3415 nostra
1360 3363 1572 3417 Domini
1606 3366 2040 3422 misericordiam
2095 3385 2192 3423 ex-

598 3457 780 3498 orare.
818 3445 886 3498 Et
909 3455 966 3500 ut
993 3449 1108 3504 haec
1159 3453 1457 3507 auctoritas
1487 3470 1584 3524 per
1606 3453 1783 3510 futura
1811 3465 2052 3527 tempora
2079 3474 2193 3513 me-

596 3527 706 3585 lius
755 3545 1108 3592 conservetur
1137 3555 1299 3594 manu
1343 3545 1563 3613 propria
1609 3545 1796 3601 subter
1831 3547 2186 3618 ﬁrmavimus,

598 3632 653 3678 et
675 3626 858 3681 annuli
891 3631 1064 3685 nostri
1100 3631 1458 3702 impressione
1488 3637 1692 3708 signari
1722 3637 2002 3706 jussimus.

669 3714 897 3787 Signum
924 3719 1179 3778 Ludovici
1206 3727 1538 3782 serenissimi
1578 3729 1946 3798 imperatoris.

663 3806 1046 3870 Hirminmaris
1085 3816 1340 3873 diaconus
1369 3820 1437 3874 ad
1465 3820 1642 3877 vicem
1668 3822 1943 3893 Fridugisi
1973 3825 2186 3887 abbatis

595 3905 902 3972 recognovi.

667 3989 800 4046 Data
841 4006 1033 4064 quarto
1080 3999 1216 4055 Non.
1273 4001 1468 4072 April.,
1511 4021 1656 4061 anno
1695 4007 1728 4062 9
1753 4008 1965 4078 imperii
1997 4010 2185 4068 domni

597 4085 853 4142 Ludovici
910 4092 1139 4159 piissimi
1202 4095 1479 4168 Augusti,..
1508 4100 1804 4156 indictione
1852 4103 1936 4157 15.
1987 4103 2184 4161 Actum

597 4177 919 4250 Aquisgrani
935 4183 1135 4250 palatio
1151 4187 1296 4256 regio
1314 4189 1366 4242 in
1384 4189 1479 4244 Dei
1493 4190 1713 4246 nomine
1726 4191 1973 4248 feliciter.
1988 4194 2179 4251 Amen.

1348 4279 1431 4335 Cl.

885 4382 985 4423 1⁵Βο
1020 4382 1373 4425 MONASTERIIS
1394 4388 1446 4426 IN
1471 4389 1606 4429 URBE
1630 4390 1933 4431 SENONENSI.

1262 4461 1434 4531 (Anno
1457 4464 1605 4534 822.)

599 4547 774 4622 [Apud
799 4547 996 4604 Mabill.
1039 4550 1231 4607 Annal.
1256 4553 1484 4680 ord.4§(3
1511 4555 1741 4698 ]Bened.,
1785 4568 1917 4614 tom.
1955 4559 2020 4629 Il,
2051 4577 2175 4634 pag.

1428 4645 1441 4677 l
1490 4667 1503 4680 .

1419 4625 1503 4680 76.

666 4710 725 4766 ln
764 4714 982 4768 nomine
1027 4714 1240 4769 Domini
1276 4717 1372 4771 Dei
1409 4727 1474 4783 et
1503 4717 1799 4775 Salvatoris
1827 4723 1999 4778 nostri
2048 4723 2176 4780 Jesu

597 4802 819 4870 Christi,
856 4804 1158 4861 Ludovicus
1197 4806 1377 4862 divina
1404 4807 1689 4864 ordinante
1708 4811 2046 4881 providentia
2072 4814 2175 4870 im-

595 4907 813 4964 perator
847 4897 1142 4967 Augustus.

671 4986 727 5041 Si
767 4988 908 5044 illius
949 5002 1131 5043 amore
1157 4987 1309 5057 cujus
1350 5005 1574 5046 munere
1623 4995 1834 5051 caeteris
1859 4998 2176 5054 mortalibus

597 5076 806 5146 praelati
829 5094 1035 5144 sumus,
1087 5079 1189 5134 soli
1230 5079 1340 5134 Deo
1388 5081 1489 5136 sub
1523 5091 1708 5139 sancta
1747 5085 2002 5157 religione
2037 5089 2180 5144 mili-

600 5168 838 5225 tantibus
881 5169 949 5226 ad
981 5169 1197 5225 laudem
1235 5170 1606 5244 honoremque
1635 5175 1808 5246 ipsius
1845 5187 1900 5233 et
1945 5179 2016 5234 ad
2062 5181 2179 5234 ani-

672 5323 914 5400 {Cellas
937 5325 1224 5400 humiliori
1263 5329 1524 5385 vocabulo
1563 5333 1797 5400 appellat
1839 5334 1956 5388 haec
1993 5349 2179 5389 mona-

1622 5403 1871 5460 ieremias
1912 5405 2001 5474 qui
2049 5421 2182 5474 pra:-

601 5474 822 5593 (éeptuln:
855 5466 1109 5531 obtinuit,
1163 5477 1224 5521 ut
1259 5466 1446 5524 eorum
1486 5473 1744 5543 majorem
1793 5466 2178 5545 subjéctiohcm

640 5553 742 5592 eno
769 5554 797 5593 e
830 5577 841 5590 .

640 5545 841 5593 enotet.

675 5610 703 5648 ι)
743 5610 820 5684 Ex
848 5609 1020 5684 tribus
1052 5607 1154 5684 illis
1179 5613 1522 5684 monasteriis
1550 5615 1654 5668 duo
1689 5626 1996 5684 supersunt,
2024 5617 2181 5672 nimi-

597 5694 726 5752 rum
773 5680 957 5734 Sancti
988 5680 1153 5752 Petri,
1202 5679 1317 5732 V'ivi
1349 5683 1506 5752 vulgo
1545 5685 1696 5750 dicti,
1722 5679 1776 5739 et
1812 5687 1994 5741 Sancti
2017 5687 2178 5742 Joan-

606 5749 707 5817 nis,
761 5753 904 5821 quod
928 5751 1196 5821 posterius
1241 5749 1400 5804 modo
1429 5749 1512 5807 est
1562 5749 1943 5814 canenicorum
1967 5759 2178 5826 regula-

1719 285 2044 341 LUDOVlCl
2081 287 2100 338 1
2137 286 2611 341 COGLNUMILN'IO
2649 289 2733 342 Plt

2204 4505 2260 4566 D

3684 308 3781 363 ttt’z

2219 405 2272 466 Α
2295 415 2512 454 marum
2570 400 2799 456 salutem
2855 388 3107 472 Supernis
3173 405 3476 475 angelorum
3528 416 3713 474 coetibus
3745 424 3780 478 in

2297 501 2500 549 aeterna
2531 494 2862 550 beatitudine
2891 497 3358 566 ascribendarum,
3390 508 3584 560 terrena
3606 525 3760 570 commo

2294 586 2363 642 da
2411 586 2638 641 subsidii
2687 587 3012 658 temporalis,
3069 588 3191 643 sine
3242 592 3433 662 quibus
3480 610 3678 664 praesens
3708 605 3781 661 vita

2294 677 2519 748 transigi
2559 693 2665 732 non
2718 685 2914 747 potest,
2975 694 3377 750 comparamus,
3411 693 3468 739 ut
3501 687 3566 740 illi
3601 699 3776 748 tantum-

2292 767 2453 824 modo
2482 768 2600 823 sine
2630 767 3037 837 impedimcnto,
3087 778 3352 840 quantum
3373 778 3623 842 praesentis
3643 792 3780 836 morta-

2292 858 2464 916 litatis
2512 861 2642 915 sinit
2679 859 2969 932 fragilitas,
3003 862 3174 919 libere
3221 864 3531 934 deserviant,
3567 873 3638 925 cui
3667 876 3779 930 semel

2294 965 2354 1005 se
2400 951 2740 1021 mancipasse
2779 951 2847 1005 ad
2875 952 3090 1007 laudem
3120 955 3534 1030 obsequiumque
3563 962 3694 1030 ipsius
3709 974 3780 1021 toto

2292 1041 2419 1096 vitae
2446 1057 2557 1097 suae
2581 1057 2745 1098 cursu
2769 1052 3100 1110 noscuntur;
3134 1047 3308 1101 nostri
3331 1046 3519 1104 laboris
3557 1053 3780 1110 studiumet

2293 1133 2510 1205 pietatis
2534 1151 2670 1206 opus
2701 1135 2842 1206 apud
2866 1136 3034 1191 Deum
3065 1137 3379 1195 nullatenus
3409 1141 3515 1197 fore
3539 1144 3638 1200 sine
3660 1145 3778 1202 fructu

2292 1227 2582 1293 credimus,
2631 1227 2752 1282 sine
2796 1243 2904 1297 quo
2954 1243 3056 1283 nec
3112 1229 3253 1284 velle
3301 1230 3567 1302 quisquam
3593 1235 3776 1306 benepo-

2289 1325 2418 1384 test,
2451 1326 2650 1389 quanto
2673 1319 2845 1389 magis
2869 1319 3153 1389 perﬁcere.
3200 1320 3366 1391 Igitur
3401 1325 3660 1393 comperiat
3694 1341 3770 1380 om~

2291 1409 2442 1464 nium
2466 1409 2701 1464 ﬁdelium
2730 1420 2934 1466 sanctae
2963 1411 3061 1466 Dei
3098 1410 3374 1478 Ecclesim,
3404 1421 3507 1466 tam
3524 1417 3777 1484 praesentium

2292 1515 2455 1571 quam
2495 1497 2850 1569 futurorum,
2893 1503 3206 1566 sinceritas,
3250 1504 3374 1572 quia
3416 1504 3494 1558 vir
3542 1507 3776 1561 venerabilis

2251 1647 2271 1664 ο
2292 1591 2616 1659 Hieremias,
2642 1602 2844 1649 sanctae
2862 1593 3148 1650 Senonicae
3162 1594 3402 1649 ecclesia:
3423 1594 3777 1664 archiepiscopus,

2292 1685 2486 1740 humili
2528 1687 2874 1756 suggestione
2917 1686 3228 1744 clementiae
3270 1693 3461 1741 nostra:
3505 1684 3706 1751 innotuit,
3736 1703 3776 1743 eo

2215 1773 2263 1833 B
2290 1778 2434 1848 quod
2463 1790 2490 1819 α
2537 1777 2686 1833 cellae
2734 1779 3063 1834 cmnobiales
3088 1779 3367 1850 episcopii,
3396 1780 3475 1834 cui
3504 1789 3682 1834 auctore
3705 1778 3775 1833 Deo

2293 1879 2512 1942 praeest,
2570 1872 2626 1927 id
2656 1880 2739 1928 est
2786 1872 2919 1927 cella
2970 1870 3163 1928 Sancti
3206 1872 3372 1938 Petri,
3422 1879 3472 1926 et
3505 1871 3617 1927 cella
3656 1869 3774 1925 Sancti

2289 1959 2535 2029 Joannis,
2568 1974 2623 2019 et
2647 1964 2779 2021 cella
2807 1965 2992 2021 Sancti
3009 1966 3247 2037 Remigii
3268 1967 3318 2030 ι),
3345 1966 3395 2020 in
3423 1965 3776 2034 quibusmonachi

2292 2056 2393 2110 sub
2409 2064 2597 2111 sancta
2615 2056 2814 2128 regulae
2839 2058 3130 2128 disciplina
3161 2058 3461 2128 religiosam
3487 2056 3626 2110 vitam
3649 2053 3774 2109 divina

2290 2149 2482 2220 pietati
2527 2159 2640 2204 toto
2674 2150 2878 2205 laboris
2909 2151 3107 2205 adnisu
3137 2150 3339 2205 debent
3380 2149 3627 2210 exhibere,
3671 2146 3775 2198 variis

2292 2239 2508 2294 casibus
2548 2241 2884 2311 diversisque
2909 2243 3249 2314 indigentiis,
3300 2241 3485 2311 quibus
3508 2240 3694 2294 humana
3712 2233 3774 2287 lul-

2292 2330 2437 2386 citur
2463 2331 2746 2402 fragilitas,
2798 2343 2922 2390 ante
2950 2335 3156 2390 addicti
3177 2336 3277 2390 sub
3305 2334 3535 2390 manibus
3556 2341 3601 2388 et
3619 2339 3774 2402 potesta-

2291 2430 2346 2478 te
2373 2433 2778 2481 antecessorum
2807 2428 2994 2498 ipsius,
3055 2439 3288 2500 urgente
3329 2426 3605 2483 omnimoda
3636 2423 3770 2494 inopia,

2291 2513 2449 2586 longe
2493 2531 2524 2570 a
2573 2533 2670 2572 suo
2713 2520 2990 2588 pr0posito
3042 2520 3364 2575 aberrantes
3410 2518 3769 2575 exorbitaverunt,

2293 2606 2421 2661 dum
2483 2608 2737 2663 videlicet
2784 2621 3214 2666 memoratarum
3269 2609 3550 2666 substantia
3589 2605 3768 2661 cellarum

2291 2711 2392 2768 per
2428 2698 2750 2754 divisionem
2804 2700 2933 2754 olim
2982 2700 3188 2755 factam
3222 2701 3492 2755 imminuta
3530 2697 3701 2758 fuisset;
3737 2703 3770 2746 et

2293 2788 2386 2858 qui
2417 2797 2691 2859 praeerant
2725 2791 2986 2862 episcopi,
3029 2809 3136 2847 non
3175 2793 3430 2847 habentes
3455 2789 3578 2844 unde
3607 2783 3770 2842 subsidia

2293 2882 2749 2953 Sumpummssuis
2769 2883 2958 2942 usibus
2971 2883 3302 2944 necessaria
3341 2888 3672 2957 capenatng
3693 2876 3768 2937 eis

2293 2973 2416 3029 dem
2445 2974 2618 3040 cellis,
2645 2984 2907 3045 quantum
2926 2986 3255 3050 extorquere
3281 2980 3510 3050 quibant,
3536 2977 3637 3030 dum
3656 2972 3768 3027 aliun-

2295 3069 2361 3124 de
2410 3069 2781 3126 suﬁicientiam
2812 3073 3012 3128 habere
3064 3090 3174 3129 non
3207 3082 3440 3145 possent,
3496 3071 3594 3126 dari
3619 3067 3767 3122 sibico-

2219 3139 2264 3205 C
2296 3163 2493 3232 gebant
2520 3176 2535 3215 :
2567 3163 2753 3232 sicque
2801 3163 2967 3220 ﬁebat
3014 3175 3076 3220 ut
3114 3168 3170 3222 hi
3207 3139 3304 3236 qui
3340 3165 3515 3220 devota
3556 3158 3766 3215 stabilitate

2295 3255 2493 3310 mentis
2535 3263 2589 3310 et
2625 3257 2871 3328 corporis
2918 3257 3121 3314 ibidem
3167 3275 3406 3330 supernae
3448 3254 3608 3328 pietati
3641 3247 3764 3304 laudes

2292 3348 2621 3418 persolvere,
2675 3343 2936 3421 suamque
2984 3355 3156 3408 vitam
3203 3351 3576 3412 commendare,
3606 3357 3679 3414 pro
3705 3351 3765 3392 ηο-

2293 3445 2405 3494 stra
2443 3453 2676 3511 quoque,
2699 3442 2948 3511 conjugis
2978 3457 3044 3496 ac
3073 3443 3366 3498 liberorum
3394 3433 3709 3492 incolumitate,
3728 3433 3762 3478 et

2289 3545 2390 3600 pro
2417 3533 2567 3600 regni
2595 3532 2774 3586 divina
2826 3533 2980 3588 nobis
3013 3533 3360 3588 miseratione
3387 3523 3596 3584 concessi
3621 3530 3763 3576 consct-

2289 3620 2526 3684 vatione,
2584 3637 2791 3692 proque
2830 3623 2993 3678 totius
3027 3623 3283 3678 Ecclesiae
3324 3615 3613 3686 indulgentia
3648 3616 3689 3662 et
3714 3603 3761 3656 [ευ

2287 3710 2380 3768 liei
2445 3713 2514 3767 ad
2555 3721 2812 3769 aeternam
2856 3714 3247 3770 beatitudinem
3295 3707 3604 3782 perveutione
3647 3701 3757 3754 inter

2285 3804 2490 3875 pellare
2535 3806 2822 3872 debebant,
2872 3807 2998 3861 dum
3041 3821 3073 3860 a
3112 3802 3418 3861 monasterii
3451 3792 3655 3854 claustris
3687 3797 3760 3840 tur-

2285 3896 2427 3965 piter
2451 3897 2787 3966 quaeritando
2811 3913 2874 3953 ea
2899 3897 3095 3968 quibus
3122 3911 3275 3954 suam
3303 3899 3559 3950 tuerentur
3576 3881 3756 3950 inopiam.

2287 3983 2445 4056 ¹οηεθ
2474 3987 2690 4056 lateque
2720 3997 3010 4059 vagarent;
3063 3988 3291 4044 confuso
3317 3985 3507 4046 ordine,
3544 3988 3668 4048 quem
3684 3981 3756 4023 ser-

2284 4089 2415 4130 vare
2454 4077 2747 4143 debebant,
2798 4095 2906 4133 non
2946 4079 3124 4135 solum
3159 4093 3345 4134 eorum
3373 4087 3519 4131 causa
3556 4080 3648 4137 qua!
3668 4072 3757 4131 Pm’

2284 4167 2550 4233 misimus,
2575 4170 2730 4224 nobis
2753 4170 2887 4224 nihil
2910 4170 3168 4240 prodesse
3193 4175 3450 4241 poterant,
3473 4173 3626 4216 verum
3648 4150 3755 4241 etiam

2283 4261 2387 4316 sibi
2415 4262 2632 4332 suisque
2663 4263 2905 4333 praelatis
2941 4278 3048 4319 non
3093 4240 3324 4320 absurde
3356 4255 3608 4346 plurimum
3628 4240 3754 4346 ςτεάῗ

2283 4361 2472 4407 rentur
2499 4351 2712 4408 obesse.
2760 4352 2927 4423 Cujus
2947 4355 3026 4410 rei
3055 4354 3252 4426 gratia,
3297 4342 3553 4407 memorati
3583 4342 3749 4426 episcopi

2281 4442 2534 4512 precibus
2573 4422 2854 4510 admoniti,
2915 4422 3140 4516 dignum
3186 4457 3320 4514 opus
3355 4449 3499 4508 supra
3527 4427 3619 4484 ﬁeri

2284 4509 2423 4599 inus,
2477 4542 2556 4600 ut,
2597 4535 2724 4590 dum
2754 4509 2934 4591 adhuc
2962 4509 3018 4591 in
3054 4536 3160 4592 hoc
3189 4509 3396 4590 mortali
3417 4534 3609 4594 corpore
3629 4509 3747 4570 subsi'

2283 4624 2503 4691 stimus,
2530 4641 2638 4682 non
2677 4627 2848 4682 solum
2873 4628 2965 4699 qui
2993 4645 3137 4685 nunc
3159 4624 3409 4697 temporis
3442 4621 3491 4674 in
3527 4609 3684 4669 eisdem
3702 4599 3751 4699 lo:

2283 4717 2362 4772 cis
2411 4717 2609 4773 divinis
2635 4719 2868 4774 cultibus
2910 4721 3203 4791 mancipati
3234 4731 3350 4774 esse
3377 4713 3652 4770 noscuntur;
3690 4685 3750 4746 Sed

2280 4807 2388 4865 illis
2429 4825 2643 4880 quoque
2667 4813 2760 4882 qui
2799 4811 2998 4868 futuris
3036 4811 3361 4884 temporibus
3395 4812 3555 4858 amore
3572 4793 3746 4884 δυρετηξθ

2280 4902 2559 4972 sapientiae
2598 4904 2878 4969 illustrati,
2928 4905 3116 4960 eadem
3145 4883 3211 4958 ad
3239 4893 3550 4958 serviendum
3575 4883 3658 4978 De.0

2281 4994 2539 5064 petierint
2587 4993 2721 5060 loca,
2781 4996 3174 5066 prospiciamus
3204 5009 3218 5048 :
3249 4997 3491 5062 quatenus
3521 4992 3575 5033 ex
3603 4960 3744 5025 eisdem

2281 5089 2655 5160 temporalium
2679 5065 2872 5148 solatia
2891 5101 3200 5163 sumptuum
3224 5102 3319 5143 suo
3342 5077 3501 5139 ordini
3528 5065 3746 5170 εοξιῖξέξξς

2283 5185 2360 5240 tia
2393 5155 2652 5254 habeant,
2691 5187 2888 5258 quibus
2929 5187 2986 5242 in
3015 5155 3132 5242 hac
3163 5172 3557 5255 peregrinatione
3587 5155 3741 5211 ἱιιιεηω

2285 5337 2426 5432 rium
2472 5339 2678 5432 ordinis
2723 5338 2917 5432 sancti.
2942 5305 3741 5432 A'ugustini,rtu’llﬁﬁmmﬂgm

2285 5410 2385 5480 sub
2412 5420 2597 5480 sancta
2626 5410 2830 5480 regula,
2861 5419 2921 5464 ut
2950 5402 3056 5464 alia
3091 5411 3211 5468 duo,
3265 5402 3544 5480 viventium-

2285 5435 2385 5463 δυυ
2412 5435 2597 5463 δὶιηυιὶι
2627 5435 2830 5480 1⁷681]ιὶ1,
2864 5435 2921 5464 ιιι
2950 5435 3055 5464 uua
3091 5435 3211 5468 UUU,
3273 5435 3542 5455 vlvvuuuur
3598 5449 3626 5499 .t
3679 5435 3740 5489 de.

2285 5479 2474 5533 Sancti
2514 5479 2778 5548 Rhemigii
2803 5480 3047 5535 Vallilias
3077 5486 3255 5549 postea
3292 5463 3524 5525 translata
3549 5451 3642 5506 fuit
3669 5507 3738 5557 ,ως

2285 5549 2408 5588 inrita
2434 5550 2487 5588 in
2522 5551 2755 5588 nrimnm
2789 5550 2964 5588 lnmnn
2997 5551 3170 5588 llo-nun
3197 5544 3374 5588 rplﬂla.
3416 5527 3550 5588 modo
3589 5524 3734 5588 pem-2.

3400 5581 3462 5659 ζ
3471 5581 3738 5659 ὶηίεείὶὶηθῐὲί

3457 5653 3645 5726 nasterio
3673 5653 3737 5696 ιη·

2285 5549 2408 5604 inde
2434 5550 2488 5603 in
2522 5544 2758 5618 primum
2789 5550 2965 5605 locum
2997 5544 3170 5604 denuo
3193 5544 3392 5618 relata,"

2281 5621 2466 5693 excisa
2517 5608 2598 5674 est
2636 5638 2648 5672 :
2700 5621 3096 5693 cujusﬂportio
3135 5608 3394 5693 _ab'~atiali

2279 5691 2514 5816 1clericis,
2559 5686 2934 5747 eonveutualis
2979 5690 3148 5748 sancti
3195 5686 3334 5743 Petri
3378 5688 3454 5732 m0

2319 5770 2429 5816 uta.
