4048 6350
299 349 444 409 1113

1439 345 1835 404 DIPLOMATA
1873 343 2430 402 ECCLESIASTICA.

3411 357 3553 414 HM

292 465 598 526 sustentari
644 470 862 536 queant,
914 461 1087 519 donec
1109 463 1178 518 ad
1214 470 1430 518 aeternae
1449 463 1640 534 patriae
1672 459 1867 532 gaudia
1894 459 1949 521 A
1971 459 2040 512 ad
2066 469 2282 515 aeterna:
2319 460 2769 517 remunerationis
2789 465 3012 534 praemia
3042 469 3370 538 capessenda
3393 487 3550 528 vera-

293 559 482 615 divina
508 555 879 612 misericordia
927 555 1106 611 vocati
1133 555 1350 611 valeant
1394 555 1701 626 pervenire.
1734 555 1873 611 Con-

287 652 582 708 stituentes
605 650 786 719 itaque
814 649 916 704 hoc
941 657 1139 703 nostrae
1160 648 1500 704 auctoritatis
1518 656 1871 717 praeceptum,

281 739 780 812 juxta,memorati
831 739 1066 810 episcopi
1123 738 1470 810 petitionem,
1531 737 1872 792 decrevimus

285 835 414 892 ﬁeri
445 853 458 889 :
483 842 543 890 ut
561 849 630 889 ex
654 834 837 900 rebus,
865 846 1218 903 quascunque
1255 849 1418 903 supra
1439 833 1552 902 jam
1581 831 1872 885 nominatte

282 926 438 983 cellae
459 940 602 981 nunc
630 925 890 996 temporis
916 924 1103 981 usibus
1129 925 1517 980 monachorum
1541 922 1739 978 ibidem
1760 922 1872 978 Deo

282 1019 712 1075 deservientium
774 1018 1056 1089 deputatas
1100 1018 1321 1085 habent,
1371 1017 1548 1072 nullus
1593 1017 1871 1087 episcopo-

279 1127 429 1175 rum,
459 1111 767 1182 quicunque
802 1111 983 1166 divina
1013 1112 1297 1166 vocatione
1320 1125 1416 1181 per
1453 1120 1694 1180 tempora
1746 1125 1871 1165 suc-

279 1204 528 1268 cesserit,
582 1212 876 1274 praesumat
935 1205 1137 1274 aliquid
1186 1204 1506 1260 subtrahere
1551 1204 1637 1258 vel
1688 1203 1870 1257 immi-

277 1311 452 1353 nuere
473 1296 712 1368 quolibet
727 1304 1043 1367 argumento
1064 1297 1149 1352 vel
1170 1296 1478 1362 occasione,
1507 1311 1682 1366 neque
1707 1295 1763 1350 in
1783 1295 1870 1349 be-

277 1386 536 1443 neﬁcium
569 1387 723 1453 dare,
749 1396 842 1442 aut
865 1389 978 1443 suis
1001 1388 1188 1444 usibus
1210 1389 1482 1459 applicare
1508 1407 1520 1442 :
1553 1389 1648 1443 sed
1671 1388 1744 1443 ita
1772 1403 1872 1457 per

275 1481 464 1537 omnia
496 1481 812 1536 conservari
853 1481 1088 1548 studeat,
1115 1482 1274 1538 sicuti
1299 1491 1635 1538 memoratus
1660 1482 1869 1552 episco-

274 1587 382 1644 pus
410 1573 467 1626 in
504 1572 670 1628 libelli
701 1573 844 1628 serie
887 1572 1098 1644 singula
1151 1573 1267 1628 loca
1294 1589 1391 1644 per
1429 1573 1676 1629 ordinem
1706 1574 1871 1628 adno-

275 1663 447 1718 tando
475 1661 724 1734 digessit,
779 1670 836 1719 et
881 1679 1045 1719 manu
1083 1679 1178 1720 sua
1213 1665 1552 1735 subscripsit,
1588 1674 1642 1722 et
1670 1665 1724 1720 in
1747 1681 1870 1720 con-

271 1761 443 1809 ventu
477 1753 855 1824 episcoporum
878 1770 974 1811 eos
1015 1756 1110 1826 qui
1131 1757 1378 1823 aderant,
1410 1757 1751 1812 subscribere
1777 1772 1868 1811 ro-

272 1848 442 1918 gavit,
507 1857 728 1919 pr0pter
767 1849 1036 1905 cavendas
1095 1849 1423 1906 omnimodis
1468 1850 1865 1917 contentiones,
1895 1822 1944 1884 Β

270 1955 396 2012 quae
437 1939 635 1996 futuris
680 1942 1018 2012 temporibus
1071 1951 1327 2012 poterant
1355 1942 1592 2009 oboriri;
1634 1943 1728 1998 sed
1769 1959 1870 1999 nec

269 2031 444 2085 etiam
502 2031 646 2087 aliud
672 2034 954 2098 servitium
985 2033 1072 2089 vel
1109 2033 1319 2102 majora
1349 2051 1575 2090 munera
1601 2035 1726 2090 inde
1763 2036 1868 2091 sibi

272 2137 378 2192 pro
403 2129 647 2193 tempore
680 2133 922 2194 usurpet,
952 2132 1152 2195 praeter
1178 2141 1242 2181 ea
1290 2141 1408 2196 qua:
1456 2127 1511 2180 in
1540 2125 1726 2182 libello
1769 2141 1864 2181 eo-

269 2213 398 2267 dem
422 2214 562 2270 idem
597 2215 712 2286 ipse
747 2217 1030 2286 episcopus
1053 2218 1294 2271 inserere
1320 2216 1550 2286 putavit.
1576 2215 1654 2272 Ac
1685 2231 1754 2271 ne
1775 2217 1870 2271 hu-

264 2304 359 2375 jus
392 2305 597 2361 decreti
651 2322 815 2362 causa
855 2307 913 2362 in
963 2307 1170 2363 eisdem
1214 2309 1478 2363 coenobiis
1518 2307 1743 2364 abbates
1780 2307 1868 2364 vel

266 2399 526 2454 monachi
555 2399 836 2455 constituti
865 2406 1053 2454 contra
1087 2415 1245 2455 suum
1275 2401 1536 2470 incipiant
1577 2397 1868 2469 superbire

267 2490 608 2560 episcopum,
647 2489 1006 2560 praecavimus
1043 2506 1260 2545 omnem
1290 2491 1629 2546 occasionem
1671 2507 1864 2562 ampu-

272 2583 521 2650 tandam,
570 2599 745 2652 neque
773 2583 955 2639 locum
999 2584 1212 2640 diabolo
1255 2585 1512 2648 dandum,
1538 2584 1686 2639 salva
1724 2584 1868 2640 scili-

267 2682 360 2730 cet
399 2676 454 2729 in
498 2675 751 2730 omnibus
802 2674 1127 2730 auctoritate
1160 2682 1215 2729 et
1249 2681 1518 2744 potestate
1541 2675 1780 2748 episcopi
1808 2676 1864 2730 in

268 2766 486 2822 cunctis
521 2766 902 2822 ecclesiasticae
929 2765 1132 2837 regulae
1155 2765 1456 2836 disciplinis
1487 2784 1499 2819 :
1525 2765 1780 2821 videlicet
1802 2773 1864 2820 ut

268 2861 488 2916 easdem
517 2860 681 2916 cellas
716 2861 816 2915 sub
851 2860 1076 2930 proprio
1121 2874 1338 2929 semper
1364 2859 1634 2931 regimine
1663 2861 1864 2932 guber-

267 2968 432 3020 nans,
456 2956 750 3010 secundum
788 2954 1184 3010 institutionem
1219 2961 1420 3009 sanctae
1465 2954 1665 3024 regulae
1699 2954 1865 3009 abba~

273 3054 354 3101 tes
390 3048 710 3113 constituat,
735 3054 808 3113 et,
851 3047 897 3101 si
946 3059 1171 3101 necesse
1196 3043 1380 3113 fuerit,
1430 3053 1635 3111 mutet;
1688 3061 1854 3116 prava

264 3156 498 3212 quaeque
528 3141 784 3211 corrigat,
818 3139 1092 3210 superﬂua
1112 3148 1345 3204 resecet,
1371 3139 1600 3193 virtutes
1629 3139 1856 3204 nutriat,

1975 548 2112 604 citer
2141 550 2428 605 credimus.
2469 550 2672 606 Idcirco
2698 559 2885 606 notum
2911 569 3032 610 esse
3063 557 3311 615 volumus
3344 565 3555 621 cunctis

1975 639 2225 697 ﬁdelibus
2251 653 2452 699 sanctae
2484 643 2580 699 Dei
2620 643 2879 701 Ecclesiae
2925 655 2981 701 et
3014 651 3238 717 nostris,
3272 633 3553 724 praesenti-

1973 732 2075 787 bus
2098 734 2304 790 scilicet
2334 743 2388 791 et
2417 735 2612 791 futuris
2630 777 2645 802 ,
2696 737 2821 807 quia
2850 738 3038 795 adiens
3065 743 3412 802 serenitatem
3441 749 3554 802 cul-

1973 825 2137 881 minis
2163 827 2335 882 nostri
2386 828 2470 882 vir
2507 829 2834 884 venerabilis
2862 830 3168 888 Adaleodus
3201 837 3341 892 abba
3366 854 3553 895 mona-

1973 919 2124 974 sterii
2151 920 2326 974 sancti
2348 920 2600 986 Amandi,
2623 937 2732 975 una
2758 937 2881 977 cum
2902 923 3119 979 Aldrico
3147 926 3314 983 misso
3345 940 3548 997 nostro,

1971 1025 2132 1081 quem
2160 1011 2229 1065 ad
2258 1011 2573 1080 praedictum
2619 1014 2927 1068 coenobium
2968 1014 3265 1074 direximus
3304 1019 3372 1074 ad
3409 1023 3554 1076 ordi-

1972 1119 2096 1159 nem
2143 1105 2342 1177 regulte
2389 1106 2560 1161 sancti
2598 1105 2872 1162 Benedicti
2921 1107 3384 1180 conﬁrmandum;
3425 1130 3550 1185 sug-

1972 1206 2254 1268 gesserunt
2275 1199 2670 1254 mansuetudini
2700 1209 2896 1255 nostra:
2922 1201 3153 1270 qualiter
3177 1204 3550 1277 congregatio-

1970 1291 2027 1345 ni
2047 1291 2369 1348 confessoris
2415 1291 2617 1348 Christi
2655 1293 2886 1348 Amandi
2933 1295 3109 1366 aliqua
3167 1298 3234 1353 de
3283 1302 3445 1356 rebus
3493 1309 3550 1356 et

1971 1383 2116 1438 villis
2139 1383 2382 1454 ejusdem
2429 1386 2672 1441 ecclesiae
2716 1388 2973 1457 deputare
3023 1397 3079 1445 et
3125 1391 3447 1448 conﬁrmare
3480 1395 3549 1448 ad

1971 1493 2103 1534 usus
2131 1486 2188 1534 et
2222 1479 2577 1536 necessitates
2600 1480 2813 1536 illorum
2850 1483 3344 1553 prrejudicaremus.
3400 1485 3552 1542 ldeo-

1970 1585 2076 1641 que
2101 1572 2168 1626 ad
2202 1574 2570 1644 precationem
2612 1573 2698 1630 vel
2741 1577 3140 1646 suggestionem
3170 1579 3550 1648 praedictorum

1970 1661 2247 1729 abbatum,
2275 1663 2533 1719 Adaleodi
2559 1664 2809 1720 videlicet
2837 1674 2892 1721 et
2919 1668 3140 1732 Aldrici,
3171 1670 3278 1724 imo
3305 1671 3374 1725 ob
3403 1686 3550 1727 emo-

1969 1753 2269 1810 lumentum
2316 1742 2509 1810 animae
2539 1766 2740 1812 nostrae
2761 1799 2774 1823 ,
2823 1757 3096 1828 conjugis,
3138 1769 3298 1829 atquc
3320 1761 3554 1831 prolium

1971 1853 2309 1911 nostrarum,
2350 1862 2440 1901 res
2469 1848 2655 1902 subter
2681 1848 2964 1905 adnotatas
2994 1851 3267 1921 praedictis
3296 1852 3555 1909 fratribus

1969 1943 2027 1991 et
2051 1937 2455 2007 congregationi
2497 1936 2683 1994 Sancti
2723 1937 2952 1994 Amandi
3004 1942 3072 1996 ad
3112 1941 3348 2009 victum,
3387 1944 3554 1998 vesti-

1969 2037 2152 2084 menta
2186 2038 2241 2084 et
2278 2031 2640 2087 calceamenta
2666 2074 2681 2099 ,
2735 2048 2830 2089 seu
2866 2035 3030 2089 etiam
3072 2044 3300 2091 caeteros
3321 2039 3460 2092 usus
3495 2045 3554 2093 et

1967 2122 2321 2177 necessitates
2350 2123 2622 2193 ipsorum,
2672 2126 2883 2180 tradere
2914 2134 2970 2180 et
3013 2126 3336 2182 conﬁrmare
3370 2128 3554 2184 decre-

1967 2215 2174 2280 vimus,
2219 2223 2274 2269 et
2316 2230 2478 2285 super
2521 2217 2664 2271 hanc
2716 2217 2980 2272 cessionis
3032 2220 3408 2275 auctoritatem
3452 2220 3552 2275 hos

1967 2313 2185 2360 nostros
2226 2305 2534 2377 imperiales
2577 2308 2758 2376 apices
2806 2307 2924 2362 ﬁeri
2971 2308 3338 2374 decrevimus,
3389 2317 3554 2380 atque

1962 2394 2217 2466 jubemus
2244 2404 2307 2450 ut
2343 2397 2542 2452 abhinc
2584 2397 2637 2451 in
2683 2397 2926 2453 futurum
2965 2413 2997 2452 a
3030 2399 3186 2454 nobis
3229 2407 3284 2454 et
3329 2400 3547 2464 nostris,

1967 2485 2078 2541 Deo
2107 2486 2473 2557 dispensante,
2505 2489 2928 2556 successoribus,
2960 2489 3064 2559 piis
3093 2489 3326 2545 oraculis
3348 2490 3552 2545 nostris

1967 2579 2337 2633 conservanda
2369 2579 2766 2648 mandavimus,
2794 2582 2939 2650 quod
2972 2596 3070 2636 nos
3098 2597 3197 2652 pro
3223 2582 3440 2637 aeternis
3461 2597 3553 2636 ca-

1965 2671 2247 2742 pessendis
2270 2671 2509 2741 prtemiis
2527 2713 2541 2736 ,
2576 2679 2634 2726 et
2659 2680 2972 2728 memorata:
3001 2673 3402 2743 congregationi
3425 2687 3554 2726 con-

1966 2761 2206 2818 sulendis
2239 2762 2659 2818 necessitatibus
2689 2762 2885 2818 fecisse
2919 2768 2975 2816 et
3002 2763 3336 2818 concessisse
3369 2770 3552 2817 vestra

1966 2860 2258 2922 cognoscat
2299 2852 2597 2917 industria;
2648 2852 2722 2906 ita
2763 2852 3026 2907 duntaxat
3067 2860 3129 2906 ut
3174 2852 3435 2922 quidquid
3479 2851 3547 2906 de

1965 2942 2097 3012 ipsis
2120 2943 2282 2997 rebus
2314 2943 2426 2998 Deo
2450 2943 2684 2998 donante
2717 2957 2817 3012 per
2852 2944 3055 2999 bonum
3089 2943 3327 2998 studium
3351 2942 3551 3014 poterit

1966 3034 2156 3090 haberi
2180 3034 2265 3090 vel
2287 3035 2496 3105 acquiri
2519 3075 2534 3101 ,
2577 3042 2752 3091 totum
2785 3034 2841 3088 in
2879 3033 3110 3089 fratrum
3141 3034 3257 3090 sine
3286 3033 3396 3088 ulla
3424 3033 3548 3088 sub-

1965 3127 2233 3183 tractione
2259 3127 2449 3183 usibus
2478 3127 2654 3182 cedat.
2700 3126 2824 3182 Pari
2862 3128 3028 3183 etiam
3054 3137 3241 3182 nostra
3281 3125 3548 3196 imperiali

265 3188 512 3288 gradicet
555 3188 705 3296 vitiat:
763 3188 942 3300 atque,
987 3237 1048 3283 ut
1097 3230 1271 3284 bonus
1319 3188 1576 3298 agricola,
1620 3188 1858 3283 evellens
1886 3188 1932 3253 Ο
1962 3220 2287 3275 auctoritate
2333 3220 2678 3290 praecipimus
2719 3235 2783 3276 ac
2811 3220 3064 3291 jubemus
3090 3229 3154 3275 ut
3181 3219 3358 3274 nullus
3382 3217 3540 3288 quili-

265 3321 518 3389 fruticcs,
569 3321 795 3376 Patrum
845 3334 1080 3390 sequens
1109 3319 1374 3386 instituta,
1416 3319 1691 3374 discernat
1733 3336 1861 3389 qua-

265 3411 378 3466 lem
423 3413 618 3483 cuique
646 3421 807 3468 terrae
835 3420 1133 3468 sementem
1166 3411 1429 3466 mandare
1451 3411 1664 3467 debeat.
1708 3411 1860 3469 Hanc

267 3511 454 3559 autem
503 3512 706 3559 nostrae
752 3503 1159 3559 constitutionis
1205 3503 1584 3558 auctoritatem
1617 3502 1738 3559 ideo
1782 3503 1862 3559 fa-

267 3605 435 3660 ctam,
472 3612 541 3651 ne
571 3596 847 3669 religionis
873 3597 1009 3652 ordo
1036 3597 1088 3650 in
1115 3611 1276 3667 supra
1304 3596 1519 3666 scriptis
1567 3596 1720 3658 locis,
1761 3611 1862 3652 no-

267 3692 400 3746 stris
440 3689 744 3761 futurisque
794 3690 1128 3762 temporibus
1175 3688 1560 3755 confundatur,
1620 3689 1715 3744 sed
1751 3705 1859 3760 per

267 3784 457 3839 omnia
487 3783 540 3837 in
570 3783 664 3838 Dei
689 3784 932 3848 servitio,
963 3783 1031 3836 ad
1053 3780 1434 3852 cujuslaudem
1461 3790 1516 3836 et
1539 3781 1861 3852 obsequium

267 3873 473 3929 conditi
503 3889 707 3939 sumus,
738 3871 1119 3928 inviolabiliter
1152 3872 1207 3925 in
1232 3881 1553 3941 perpetuum
1574 3885 1862 3926 conserve-

267 3977 386 4031 tur,
446 3975 506 4022 ut
538 3967 837 4038 pleniorem
866 3966 921 4020 in
957 3964 1052 4018 Dei
1096 3964 1315 4018 nomine
1357 3964 1567 4017 cunctis
1605 3962 1864 4032 temporii

267 4061 376 4115 bus
412 4059 654 4114 obtineat
701 4059 1033 4121 ﬁrmitatem,
1082 4071 1246 4110 manu
1283 4055 1501 4125 propria
1543 4055 1731 4108 subter
1768 4053 1865 4107 ﬁr-

268 4151 562 4217 mavimus,
613 4159 669 4204 et
704 4147 886 4203 annuli
923 4146 1096 4202 nostri
1133 4145 1490 4216 impressione
1512 4143 1716 4216 signari
1737 4143 1860 4215 jus-

270 4241 466 4296 simus.

345 4333 571 4404 Signum
596 4330 855 4388 Ludovici
881 4327 1213 4385 serenissimi
1239 4327 1490 4400 Augusti.

342 4425 633 4481 Durandus
681 4424 942 4479 diaconus
1003 4422 1072 4476 ad
1123 4421 1298 4476 vicem
1362 4417 1638 4491 Fridugisi
1697 4433 1858 4475 reco-

271 4516 458 4588 gnovi.

347 4607 484 4662 Data
521 4621 592 4660 xv
637 4603 756 4660 Kal.
788 4602 957 4668 Junii,
998 4616 1142 4658 anno
1187 4600 1404 4658 Christo
1434 4599 1668 4671 propitio
1691 4601 1724 4655 9
1759 4599 1862 4654 im-

270 4699 416 4773 perii
451 4697 632 4754 domui
678 4696 854 4751 nostri
898 4692 1161 4748 Ludovici
1214 4690 1554 4746 serenissimi
1616 4689 1870 4760 Augusti,

270 4793 579 4850 indictione
623 4790 711 4844 l5.
773 4789 970 4843 Actum
1010 4783 1339 4856 Aquisgrani
1379 4781 1580 4852 palatio
1626 4782 1776 4854 regio
1818 4781 1872 4837 in

274 4884 378 4942 Dei
404 4883 620 4940 nomine
647 4879 894 4938 feliciter.
918 4880 1112 4935 Amen.

1028 4971 1114 5027 Cll

652 5080 754 5122 PRO
791 5079 1130 5122 IONASTERIO
1165 5075 1482 5118 ELNONENSI.

895 5155 1068 5226 (Anno
1113 5154 1265 5224 822.)

502 5249 699 5324 [Apud
729 5249 797 5304 D.
836 5247 1128 5317 Bouquet.,
1155 5247 1306 5312 ibid.,
1339 5260 1464 5317 pag.
1496 5240 1647 5315 530.]

351 5345 412 5400 In
440 5344 660 5398 nomine
703 5339 918 5396 Domini
949 5339 1045 5393 Dei
1091 5345 1148 5393 et
1191 5335 1490 5393 Salvatoris
1529 5332 1702 5389 nostri
1735 5330 1862 5388 Jesu

278 5438 509 5502 Christi,
545 5435 848 5492 Ludovicus
878 5433 1058 5490 divina
1081 5431 1368 5488 ordinante
1394 5425 1730 5499 providentia
1757 5425 1861 5480 im—

276 5537 504 5602 perator
531 5528 824 5599 Augustus.

355 5621 490 5678 Cum
520 5621 653 5676 locis
679 5622 863 5677 divino
893 5620 1062 5678 cultui
1088 5616 1409 5687 mancipatis
1435 5614 1506 5669 ob
1541 5612 1737 5667 divinae
1756 5626 1868 5668 ser-

281 5714 475 5769 vitutis
505 5729 747 5770 amorem
782 5730 937 5786 opem
979 5726 1270 5785 congruam
1316 5709 1555 5770 ferimus,
1584 5715 1640 5762 et
1657 5705 1864 5777 regium

285 5820 500 5864 morem
525 5807 780 5864 decenter
800 5807 1084 5878 implemus
1103 5848 1117 5875 ,
1167 5814 1222 5863 et
1256 5804 1312 5862 id
1339 5802 1496 5860 nobis
1520 5797 1877 5874 profuturum.

1886 4557 1941 4618 D

1959 3315 2052 3369 bet
2077 3319 2278 3367 sancta:
2319 3311 2416 3367 Dei
2467 3312 2748 3379 Ecclesiae,
2790 3313 3142 3383 praesentium
3192 3312 3444 3368 videlicet
3487 3319 3547 3366 et

1960 3404 2298 3471 futurorum,
2345 3404 2412 3458 de
2445 3404 2721 3474 przedictis
2757 3411 2815 3460 et
2849 3405 3243 3461 subternotatis
3271 3404 3434 3458 rebus
3463 3403 3548 3457 in-

1961 3497 2332 3569 quietudinem
2362 3505 2457 3550 aut
2494 3494 2912 3567 refragationem
2943 3495 3030 3551 vel
3061 3493 3434 3565 prtejudicium
3457 3491 3545 3548 vel

1959 3589 2278 3644 violentiam
2327 3586 2511 3643 facere
2558 3595 2732 3643 tentet
2757 3605 2772 3640 :
2821 3587 2915 3643 sed
2943 3586 3122 3658 potius
3151 3586 3267 3642 sine
3296 3584 3404 3639 ulla
3428 3583 3553 3639 sub-

1961 3683 2240 3753 reptione,
2293 3689 2386 3736 aut
2421 3681 2818 3746 subtractione,
2870 3678 2956 3733 vel
2991 3679 3345 3734 diminutione
3387 3685 3549 3747 atque

1964 3775 2252 3839 divisione,
2289 3773 2449 3828 liceat
2479 3787 2573 3826 eas
2601 3772 2778 3827 eidem
2815 3769 3220 3840 congregationi
3249 3769 3548 3822 monacho-

1961 3881 2082 3920 rum
2116 3865 2226 3918 Deo
2253 3861 2608 3917 militantium
2644 3875 2768 3914 cum
2802 3859 2950 3914 omni
2979 3859 3290 3929 integritate
3319 3857 3549 3912 inviola-

1962 3959 2146 4014 biliter
2169 3957 2375 4027 absque
2410 3955 2519 4010 ulla
2548 3955 2818 4010 calumnia
2855 3962 2911 4008 et
2944 3953 3368 4009 contradictione
3393 3968 3549 4008 secu-

1961 4049 2096 4103 riter
2125 4063 2188 4102 ac
2212 4046 2598 4117 perpetualiter
2625 4045 2848 4111 habere,
2877 4045 3160 4115 possidere
3185 4052 3238 4098 et
3269 4043 3394 4098 frui.
3440 4042 3543 4098 So-

1960 4139 2233 4195 lummodo
2279 4138 2529 4194 videlicet
2567 4138 2636 4193 ad
2675 4138 2808 4204 hoc,
2859 4138 3001 4193 sicut
3034 4132 3403 4208 praemissunr
3434 4146 3537 4203 est,

1963 4231 2270 4302 specialiter
2298 4246 2329 4285 a
2363 4229 2521 4286 nobis
2553 4237 2677 4286 sunt
2708 4245 2810 4300 pro
2834 4229 3084 4285 mercede
3109 4237 3296 4285 nostra
3333 4228 3547 4298 delega-

1964 4333 2032 4378 tte
2057 4331 2112 4378 et
2143 4323 2501 4390 conﬁrmatae,
2550 4331 2612 4378 ut
2640 4337 2746 4379 nec
2781 4322 3018 4377 humana
3048 4329 3287 4391 potestas
3319 4321 3436 4375 sine
3463 4318 3546 4375 sui

1961 4415 2206 4485 periculo
2230 4415 2563 4471 discriminis
2596 4414 2770 4486 possit
2794 4427 2888 4469 eas
2919 4420 3255 4476 convertere,
3283 4411 3378 4466 sed
3405 4424 3548 4465 sem-

1964 4524 2063 4579 per
2089 4511 2189 4565 sub
2235 4507 2404 4578 regali
2434 4516 2490 4563 et
2516 4506 2784 4577 imperiali
2829 4507 3058 4561 tuitione
3097 4501 3552 4574 irrefragabiliter

1969 4601 2130 4656 salvae
2163 4599 2396 4654 fratrum
2425 4599 2614 4655 usibus
2643 4598 2944 4654 consistant
2970 4615 2984 4650 :
3013 4603 3278 4666 quatenus
3305 4591 3548 4660 ejusdem

1969 4692 2072 4748 loci
2103 4692 2309 4746 devotae
2336 4691 2447 4746 Deo
2480 4688 2700 4744 amabili
2741 4685 3144 4758 congregationi
3177 4698 3276 4755 pro
3301 4680 3458 4736 nobis
3484 4695 3549 4735 ac

1970 4800 2069 4856 pro
2102 4783 2266 4838 totius
2287 4781 2499 4853 imperii
2528 4781 2689 4851 hujus
2709 4778 3006 4836 stabilitate
3046 4791 3110 4831 ac
3149 4789 3314 4846 pace,
3348 4780 3549 4827 nostra:

1971 4876 2192 4948 pietatis
2223 4888 2447 4929 munere
2489 4870 2718 4940 adjutze,
2763 4867 3051 4922 Dominum
3071 4863 3397 4936 propensius
3420 4876 3549 4917 exo-

1974 4981 2098 5022 rare
2125 4965 2370 5021 delectet.
2408 4963 2477 5017 Et
2517 4963 2634 5017 haec
2661 4959 2882 5015 nomina
2914 4957 2981 5013 de
3013 4955 3147 5026 ipsis
3187 4954 3384 5018 rebus,
3414 4964 3551 5021 quas

1968 5060 2072 5116 illis
2095 5059 2212 5113 dari
2247 5055 2590 5112 decrevimus
2615 5071 2628 5108 :
2661 5053 2720 5107 lu
2747 5066 2884 5123 pago
2904 5045 3286 5112 Bracbatensi,
3316 5045 3372 5099 in
3412 5042 3545 5100 locis

1967 5148 2289 5218 nuncupatis
2313 5144 2580 5201 Baceroth
2613 5138 2951 5215 (Bassarode)
2976 5180 2991 5206 ,
3020 5137 3202 5202 Decla,
3228 5133 3482 5190 Neonisio
3496 5145 3550 5187 et

1968 5241 2280 5307 Securiaco,
2308 5237 2485 5295 mansi
2527 5251 2727 5301 XLVIII;
2779 5235 2834 5289 in
2860 5247 2998 5306 pago
3021 5227 3454 5292 Ostrebantinse,
3492 5224 3544 5278 in

1967 5336 2086 5392 loco
2125 5335 2218 5406 qui
2259 5333 2459 5388 dicitur
2498 5329 2817 5393 Halciacus,
2881 5339 3004 5381 cum
3063 5319 3393 5394 appendiciis
3438 5315 3544 5372 sui:

1964 5429 2142 5486 mansi
2165 5443 2328 5493 LVIII;
2362 5427 2417 5481 in
2463 5439 2602 5496 pago
2639 5422 2730 5493 qui
2768 5421 2965 5477 dicitur
2993 5417 3315 5488 Menpiscus,
3346 5413 3400 5469 in
3431 5410 3546 5465 loco

1963 5529 2312 5594 nuncupante
2361 5520 2574 5586 Roslar,
2634 5531 2758 5572 cum
2801 5512 3131 5586 appendiciis
3177 5510 3321 5576 suis,
3372 5505 3544 5561 mansi

1965 5631 2164 5681 cxvtu;
2192 5611 2544 5669 mansioniles
2569 5609 2716 5666 circa
2755 5604 3143 5662 monasterium
3170 5618 3245 5668 1v,
3284 5608 3338 5654 et
3366 5597 3546 5667 pisca-

1967 5707 2170 5762 tionem
2195 5714 2358 5776 atque
2386 5703 2776 5765 Seoncurtem;
2825 5703 2879 5752 et
2911 5695 2966 5750 in
2996 5692 3262 5749 Flandras
3287 5685 3548 5742 mariscae

1967 5812 2108 5853 vin:
2157 5797 2253 5854 sed
2291 5802 2348 5851 et
2391 5795 2448 5852 in
2488 5806 2628 5866 pago
2666 5787 3012 5851 Lauduneusi
3048 5782 3389 5844 Barisiacum
3424 5787 3548 5831 cum
