4048 6350
517 312 661 367 1115

1629 293 1955 377 ιιωονιοι
1988 293 2012 351 ι
2045 290 2516 365 coenounuro
2552 288 2651 355 PII

3653 293 3819 357 1116

514 426 773 485 omnibus
792 416 1287 493 Mimans.
1333 414 1559 486 lusimu-
1583 412 1898 471 censuimus
1934 409 2101 467 etiam
2126 410 2183 487 Α,
2203 407 2289 464 vel
2320 406 2575 479 deinceps
2622 405 2679 477 in
2720 403 2845 483 iure
2892 404 3064 485 ipsius
3098 405 3274 471 sancti
3307 406 3410 463 loci
3438 409 3691 467 voluerit
3727 415 3816 479 di-

518 518 628 576 illis
656 512 776 573 dari
813 527 1015 575 nonam
1053 518 1266 585 partem
1295 508 1362 565 de
1389 508 1538 564 omni
1570 504 1925 578 suppellectili
1962 502 2105 573 eius-

518 612 643 669 dem
673 606 921 669 ecclesiae.
941 620 1040 676 per
1058 612 1202 661 totas
1229 602 1409 669 villas,
1435 609 1491 657 et
1515 599 1919 675 possessionem
1945 597 2115 669 huius,

518 701 753 761 ctenohii
798 696 1062 761 rectoris,
1110 696 1169 755 id
1212 703 1298 753 est
1326 694 1393 751 de
1418 707 1666 759 annona,
1718 691 1785 747 de
1814 690 2103 764 legumine,

521 797 587 857 de
614 793 769 859 feno,
821 791 889 849 de
918 788 1233 852 formatico,
1277 786 1345 843 de
1376 786 1592 856 porcis,
1629 785 1695 840 de
1734 783 2005 854 poledris,
2040 781 2117 843 de

521 885 787 953 camsiiis,
814 883 1098 958 depastis,
1132 882 1197 943 de
1224 880 1351 939 vino
1368 919 1385 945 ,
1411 879 1478 939 de
1512 879 1651 937 ovis.
1694 878 1761 934 Et
1787 884 1848 939 ut
1874 877 1989 935 haec
2014 892 2110 935 au:

524 979 753 1037 ctoritas
794 993 892 1050 per
938 973 1118 1031 futura
1156 981 1401 1043 tempora
1433 971 1829 1046 imviolabiiem
1870 968 2114 1029 obtineat

477 1055 488 1066 ’
522 1070 860 1134 ﬁrmitatem,
892 1083 1053 1131 manu
1080 1065 1302 1141 propria
1338 1066 1527 1127 subter
1550 1064 1908 1130 ﬁrmavimus,
1941 1071 1996 1119 et
2020 1077 2113 1119 an-

522 1166 634 1221 nuli
661 1166 831 1222 nostri
854 1162 1210 1235 impressione
1236 1161 1441 1234 signari
1460 1152 1745 1231 iussimus.

597 1255 821 1329 Signum
846 1255 1106 1313 Ludovici
1131 1253 1472 1311 screnissimi
1497 1251 1858 1324 imperatoris.

595 1348 883 1405 Durandus
908 1347 1170 1405 diaconus
1199 1346 1271 1407 ad
1292 1346 1469 1402 vicem
1498 1344 1773 1415 Fridugisi
1799 1343 2109 1417 recognovi.

594 1439 727 1497 Data
756 1457 815 1496 ut
842 1440 962 1503 Kal.
988 1439 1149 1508 Julii,
1193 1454 1337 1501 anno
1367 1438 1588 1499 Christo
1623 1438 1856 1513 propitio
1891 1438 1925 1494 8
1949 1450 1975 1477 ει
2010 1436 2112 1497 im-

522 1532 661 1604 perii
703 1533 887 1591 domui
926 1532 1187 1590 Ludovici
1235 1530 1467 1607 piissimi
1505 1528 1774 1601 Augusti,
1814 1528 2114 1592 indictione

525 1623 613 1680 £5.
654 1623 850 1682 Actum
882 1624 1138 1683 Strateila
1184 1624 1314 1687 villa
1360 1624 1417 1683 in
1458 1622 1557 1683 Dei
1590 1621 1810 1687 nomine
1857 1621 2109 1681 feliciter.

524 1713 713 1775 Amen.
1084 1715 1097 1723 ’
1820 1752 1827 1759 ,

1245 1808 1374 1871 Cll].

776 1917 880 1961 PRO
917 1918 1257 1962 IONASTERIO
1289 1920 1507 1963 SANC'I'II
1547 1918 1869 1965 (ιιιιιιετιιω.

1145 1996 1319 2070 (Anno
1349 1997 1504 2072 ses.)

526 2081 719 2160 [Apud
745 2085 931 2145 Baiuz.
954 2087 1196 2172 Capitul;
1232 2097 1375 2172 tamn
1393 2089 1454 2154 ll,
1482 2105 1633 2172 ‘pag:
1648 2088 1820 2158 1422,
1851 2103 1921 2149 ex
1943 2086 2119 2153 veteri

1008 2158 1129 2216 Cod.
1173 2158 1426 2232 Longoba
1435 2158 1635 2233 rdico.]

597 2266 658 2323 in
687 2267 935 2339 nomine)
956 2268 1174 2325 Domini
1220 2269 1316 2325 Dei
1364 2281 1420 2324 et
1455 2268 1757 2328 Salvatoris
1786 2272 1961 2331 nostri
1987 2269 2121 2334 10$“.

524 2358 749 2425 Christi,
804 2360 1109 2417 Ludovicus
1132 2400 1148 2427 ,
1185 2359 1367 2419 divina
1415 2361 1703 2421 ordinante
1748 2362 2117 2434 providentia,

526 2449 823 2523 imperator
846 2451 1140 2524 Augustus.

596 2544 735 2607 Cum
766 2546 1122 2616 petitionibus
1151 2561 1431 2605 servorum
1461 2545 1559 2611 Dei
1581 2547 1746 2618 iustis
1789 2553 1844 2607 et
1876 2546 2121 2609 rationa-

527 2635 728 2695 bilibus
757 2637 925 2709 divini
956 2637 1134 2699 cultus
1160 2653 1348 2697 arnore
1374 2638 1650 2706 favemus,
1681 2639 1904 2710 superni
1930 2653 2122 2701 mune-

529 2729 610 2785 ris
635 2729 838 2787 donum
866 2730 1025 2789 nobis
1055 2746 1089 2789 a
1121 2730 1353 2793 Domino
1378 2731 1644 2803 impertiri
1684 2731 1980 2791 credimus.
2035 2729 2123 2789 ld-

527 2820 678 2877 circo
704 2831 897 2879 notunt
922 2837 1044 2880 esse
1072 2821 1326 2883 volumus
1363 2822 1618 2885 omnibus
1641 2821 1892 2885 fidelibus
1917 2829 2124 2881 sancta:

529 2913 629 2970 Dei
651 2915 914 2973 Ecclesiae
942 2917 1284 2987 nostrisque,
1317 2916 1679 2987 prtesentibus
1708 2917 1918 2974 scilicet
1955 2925 2011 2975 et
2038 2914 2124 2977 fu-

532 3004 696 3071 turis,
745 3006 872 3078 quia
902 3007 987 3063 vir
1017 3008 1345 3065 venerabilis
1369 3008 1594 3074 Petrus,
1648 3010 1817 3067 abbas
1841 3023 1907 3067 ex
1936 3023 2125 3069 mona~

530 3095 707 3155 sterio
728 3094 947 3159 Sanctis
971 3097 1292 3167 Christinae,
1345 3101 1489 3171 quod
1514 3107 1600 3158 est
1634 3100 1799 3159 situm
1824 3113 1993 3170 prope
2021 3098 2125 3157 vii—

2201 503 2329 565 vina
2355 502 2533 573 pietas
2558 500 2777 575 augeri,
2828 498 2896 561 ad
2939 514 3132 559 causas
3162 499 3491 570 audiendas,
3521 504 3614 559 vel
3638 504 3815 567 freda

2203 595 2488 667 exigenda,
2521 602 2616 651 aut
2645 593 2956 649 mansiones
2981 592 3065 647 vel
3094 603 3318 667 paratas
3340 592 3644 664 faciendas,
3685 599 3815 655 sive

2204 689 2553 762 ﬁdeiussores
2587 687 2880 763 tollendosg
2915 695 3011 755 aut
3032 686 3283 753 homines
3315 687 3483 769 ipsius
3513 703 3818 755 monaste-

2206 783 2276 845 rii
2300 780 2723 855 distringendos,
2745 794 2846 847 nec
2867 778 3005 849 ullas
3028 779 3422 845 redhibitiones
3448 791 3546 838 aut
3577 783 3817 847 illicitas

2206 876 2518 937 occasiones
2555 874 2939 947 requirendum
2959 914 2974 939 ,
3003 874 3206 945 nostris
3235 873 3549 947 futurisque
3576 887 3811 949 tempe-

2206 968 2358 1025 ribus
2398 966 2607 1040 ingredi
2646 965 2843 1025 audeat
2867 1005 2889 1037 ,
2929 963 3015 1023 vel
3058 979 3123 1029 ea
3153 980 3273 1036 quae
3295 981 3457 1036 supra
3479 977 3805 1023 memorata

2207 1068 2333 1117 sunt
2360 1060 2574 1129 penitus
2603 1059 2822 1131 exigere
2857 1067 3173 1131 praesumat.
3236 1056 3345 1123 Sed
3376 1058 3541 1115 liceat
3582 1076 3813 1116 memo-

2206 1160 2332 1209 rato
2360 1151 2544 1215 abbati
2565 1150 2788 1222 eiusque
2817 1148 3222 1215 successoribus
3268 1166 3358 1217 res
3396 1152 3651 1225 praedicti
3684 1168 3812 1208 mo-

2210 1225 3806 1301 nasterii......:.......

2216 1336 2357 1392 sicut
2389 1335 2442 1390 in
2470 1342 2745 1407 praecepto
2769 1335 2954 1390 domni
2983 1344 3038 1391 et
3065 1334 3326 1408 genitoris
3359 1335 3535 1401 nostri
3561 1337 3821 1394 contine-

2210 1437 2332 1497 tur,
2379 1430 2482 1493 sub
2520 1428 2884 1491 immunitatis
2920 1438 3124 1491 nostrae
3151 1431 3469 1498 defensione
3497 1432 3698 1513 quieto
3729 1448 3822 1488 or-

2216 1523 2343 1578 dine
2388 1522 2670 1593 possidcre
2721 1530 2779 1587 et
2824 1530 3014 1589 nostro
3044 1522 3272 1589 fideliter
3306 1536 3501 1593 parere
3529 1522 3821 1593 imperio;

2214 1624 2486 1686 quatenus
2529 1614 2939 1695 congregationi
2984 1613 3183 1675 ibidem
3223 1614 3335 1669 Deo
3377 1611 3673 1677 famulanti
3721 1630 3825 1686 pro

2213 1708 2371 1765 nobis
2393 1715 2449 1763 et
2476 1707 2706 1783 coniuge
2734 1707 3003 1783 proleque
3025 1713 3213 1771 nostra
3250 1704 3336 1761 vel
3366 1720 3469 1776 pro
3508 1705 3831 1769 stabilitate

2134 1795 2191 1865 Β
2212 1801 2379 1857 totius
2403 1799 2618 1872 imperii
2645 1799 2819 1859 nostri
2847 1815 2878 1855 a
2900 1798 3013 1859 Deo
3037 1797 3195 1861 nobis
3227 1799 3474 1857 concessi
3496 1805 3667 1877 atque
3687 1812 3826 1859 con-

2214 1891 2466 1948 servandi
2503 1892 2707 1965 iugiter
2737 1889 2953 1951 Domini
2992 1890 3425 1949 misericordiam
3455 1905 3699 1955 exorare
3725 1890 3823 1955 de—

2213 1984 2399 2041 lectet.
2438 1985 2504 2040 Et
2527 1993 2588 2040 ut
2622 1985 2739 2045 lich
2774 1982 3074 2047 auctoritas
3102 1983 3312 2047 nostris
3334 1982 3653 2057 futurisque
3680 1991 3822 2039 tem-

2211 2079 2440 2152 poribus
2480 2077 2658 2134 valeat
2702 2075 3017 2139 inconvulsa
3062 2091 3323 2143 manere,
3381 2092 3547 2141 manu
3594 2076 3823 2147 propria

2220 2173 2413 2239 subter
2444 2171 2782 2233 ﬁrmavimus
2828 2176 2884 2227 et
2930 2168 3116 2227 annuli
3141 2168 3316 2229 nostri
3346 2169 3719 2241 impressione
3746 2169 3820 2227 si-

2217 2270 2375 2345 gnari
2396 2266 2680 2338 iussimus.

2291 2360 2518 2435 Signum
2547 2356 2814 2415 Ludovici
2840 2354 3176 2415 serenissimi
3201 2353 3576 2427 imperatoris.

2291 2453 2580 2517 Durandus
2602 2450 2868 2507 diaconus
2891 2449 2959 2505 ad
2982 2449 3156 2509 vicem
3178 2446 3449 2519 Fridugisi
3470 2442 3822 2517 recognovit.

2290 2545 2488 2601 Datum
2521 2559 2576 2599 iv
2604 2542 2831 2599 Kalend.
2870 2539 3141 2605 Octobris,
3170 2555 3313 2597 anno
3334 2538 3558 2596 Christo
3583 2536 3827 2610 propitio

2219 2638 2256 2695 9
2293 2637 2511 2709 imperii
2554 2634 2739 2692 domni
2790 2632 3053 2697 Ludovici
3092 2631 3323 2702 piissimi
3367 2630 3636 2702 Augusti,
3683 2626 3825 2685 indi-

2220 2732 2403 2795 ctione
2431 2730 2629 2801 prima.
2677 2728 2881 2793 Actum
2908 2726 3197 2801 Cispiaclio
3223 2724 3282 2783 in
3300 2722 3487 2788 Ardua
3513 2722 3573 2785 in
3602 2721 3701 2778 Dei
3726 2735 3824 2783 no-

2220 2824 2372 2889 mine
2405 2822 2659 2891 feliciter.
2686 2821 2889 2889 Amen,

2950 2909 3087 2979 CIV.l

2430 3020 2537 3062 PRO
2568 3019 2820 3065 ECCLESIA
2853 3018 2899 3065 S.
2936 3017 3189 3067 γιςτοωθ
3227 3012 3616 3067 μεδιιιειίειε.

2849 3098 3023 3172 (Anno
3052 3096 3206 3170 822.)

528 3186 642 3245 iam
687 3198 934 3291 nostram
956 3190 1306 3291 _Olionn_am,
1357 3193 1554 3291 obtulit
1591 3193 1888 3291 obtutibus-
1920 3191 2124 3291 nostris
2148 3177 2199 3244 ὓ
2227 3215 2406 3291 [Apud
2435 3215 2499 3270 ι),
2530 3213 2808 3291 Βρρςωι,
2840 3210 3065 3291 pungi
3088 3210 3179 3291 ἀς,
3211 3208 3522 3291 μαστεφῆ
3555 3214 3696 3291 αξη,
3736 3203 3825 3273 γι,

528 3285 913 3341 auctoritatem
954 3287 1317 3343 immunitatis
1360 3288 1545 3347 damni
1575 3296 1631 3345 et
1660 3287 1923 3359 genitoris
1953 3286 2123 3343 nostri

528 3372 713 3431 Caroli
742 3375 901 3435 bona:
945 3379 1225 3437 memoriae
1265 3380 1601 3439 serenissimi
1650 3379 2029 3450 imperatoris,
2064 3378 2124 3435 in

530 3479 638 3535 qua
667 3467 1050 3525 continebatur
1078 3469 1347 3529 insertum
1379 3470 1613 3539 qualiter
1647 3471 1765 3541 ipse
1803 3471 2127 3541 prscdictum

531 3557 924 3615 monasterium
985 3573 1111 3617 cum
1164 3560 1415 3617 omnibus
1472 3562 1638 3617 rebus
1685 3570 1740 3619 et
1788 3561 2122 3626 hominibus.

531 3663 671 3719 quos
708 3658 821 3709 tam
856 3651 927 3709 de
961 3651 1255 3711 donatione
1291 3667 1480 3724 regum
1511 3653 1934 3723 reginarumque
1962 3666 2127 3723 quam

530 3741 696 3799 etiam
736 3742 1069 3814 reliquon
1107 3744 1277 3801 Deum
1316 3744 1626 3803 timentium
1663 3745 1951 3805 hominum
1980 3745 2126 3807 idem

532 3837 930 3895 monasterium
975 3852 1043 3895 eo
1088 3845 1332 3908 tempore
1374 3837 1617 3909 legitime
1646 3837 1992 3909 possidebat,
2023 3837 2127 3901 sub

533 3940 634 3983 suo
683 3928 988 3989 munimine
1030 3936 1088 3989 et
1129 3927 1448 3991 defensione
1495 3928 1798 3987 consistere
1845 3926 2008 3994 fecit,
2073 3934 2129 3985 et

532 4018 650 4089 eius
693 4023 1020 4079 auctoritate
1069 4022 1425 4093 immunitatis
1480 4024 1748 4081 hactenus
1800 4021 1872 4078 ab
1917 4020 2131 4092 inquiin

534 4110 725 4168 tudine
761 4112 1066 4181 iudiciariae
1096 4115 1383 4186 potestatis
1442 4115 1588 4173 idem
1642 4115 1911 4174 munitum
1966 4123 2131 4186 atque

2424 3302 2550 3359 pag.
2576 3276 2702 3349 5ῖὴν
2726 3276 2801 3345 es
2827 3283 3109 3345 chartario.
3134 3280 3296 3353 huius
3324 3276 3631 3351 sceleste]

2295 3380 2357 3445 In
2391 3379 2609 3434 nomine
2654 3376 2751 3435 Dei
2780 3385 2835 3441 et
2868 3361 3167 3439 Salvatoris
3211 3373 3389 3435 nostri
3414 3370 3548 3427 .lesu
3586 3369 3824 3435 Christi,

2223 3473 2537 3537 Ludovicus
2577 3471 2760 3531 divina
2803 3472 3095 3535 ordinante
3134 3466 3481 3541 providentia
3523 3466 3829 3536 imperator

2225 3569 2544 3642 Augustus,
2589 3567 2847 3629 omnibus
2898 3566 3149 3631 fidelibus
3195 3571 3397 3623 sancte
3422 3560 3524 3623 Dei
3568 3559 3829 3627 Ecclesia

2226 3673 2282 3725 et
2302 3661 2533 3727 nostris,
2563 3659 2650 3717 vel
2688 3658 2901 3716 cunctis
2939 3656 3387 3721 ministerialibus
3428 3652 3828 3724 rempublicam

2230 3752 2743 3819 administrantibus
2770 3760 2884 3815 tam
2911 3747 3272 3822 praesentibus
3297 3751 3465 3818 quam
3511 3753 3569 3803 et
3602 3743 3823 3801 futuris.

2302 3844 2501 3903 Notum
2528 3859 2648 3902 esse
2672 3842 2923 3903 volumus
2947 3851 3147 3899 vestra:
3170 3838 3452 3897 industriae
3480 3835 3730 3908 qualiter
3751 3836 3831 3890 rir

2227 3938 2562 3996 venerabilis
2577 3937 2952 3997 Theodhertus
2965 3934 3249 4005 episcopus
3262 3928 3629 3991 Massiliensis
3644 3927 3832 3985 adiens

2231 4033 2586 4091 serenitatem
2635 4029 2891 4089 culminis
2936 4027 3112 4093 nostri
3137 4066 3154 4093 ,
3213 4032 3433 4098 gestans
3476 4022 3537 4078 in
3577 4019 3831 4077 manibus

2231 4130 2524 4199 quamdam
2570 4124 2952 4185 auctoritatem
3000 4120 3184 4178 domui
3215 4119 3478 4192 genitoris
3510 4115 3696 4173 nostri
3734 4111 3827 4167 Ca-

534 4204 875 4262 defensatum
924 4204 1093 4265 fuisse
1138 4208 1551 4265 monasterium.
1627 4208 1696 4265 Et
1739 4223 1839 4278 pro
1897 4207 2131 4265 ﬁrmita-

534 4302 610 4357 tis
660 4303 841 4358 studio
888 4304 1186 4374 postulavit
1227 4303 1372 4360 idem
1434 4302 1630 4361 Petrus
1691 4301 1860 4359 abbas
1909 4303 2128 4361 sereni-
2233 4320 2327 4368 tur
2355 4312 2620 4367 insertum
2653 4309 2895 4381 qualiter.
2925 4305 3174 4365 ecclesias
3210 4302 3388 4367 sancti
3421 4298 3666 4357 Victoris
3692 4311 3812 4353 mar

535 4401 706 4450 tatem
743 4403 990 4452 nostram
1014 4406 1077 4450 ut
1102 4404 1346 4464 paternae
1373 4395 1689 4452 auctoritati
1719 4402 1963 4453 nostram
1989 4411 2131 4468 quo-
2234 4404 2391 4477 tyris,
2415 4401 2505 4457 ubi
2527 4393 2961 4460 sacratissimum
3010 4412 3210 4468 corpus
3240 4396 3360 4467 eius
3394 4394 3693 4455 humatum
3731 4394 3831 4452 σειν

536 4501 644 4559 quo
682 4488 1010 4544 adderem“
1057 4487 1457 4568 auctoritatem.
1541 4486 1709 4557 Cuius
1746 4488 2004 4560 ιπθεὶὺιιῧ
2059 4486 2191 4568 0b_
2236 4494 2598 4551 concessisset
2618 4493 2893 4548 teloneum
2942 4492 3009 4547 de
3050 4490 3180 4545 villa
3223 4502 3344 4558 qum
3370 4485 3577 4541 dicitur
3605 4481 3832 4543 ιωιιὶο.

539 4579 710 4635 divini
739 4579 916 4636 cultus
951 4594 1197 4639 amorem
1224 4587 1282 4634 et
1309 4564 1719 4637 venerationem
1752 4580 1925 4651 ipsius
1950 4577 2128 4637 sancti
2152 4564 2208 4626 Β
2233 4590 2498 4662 quidquid
2536 4589 2701 4647 ﬁscus
2740 4587 2922 4657 regius
2964 4584 3163 4643 exinde
3191 4581 3446 4650 exigebat
3479 4587 3599 4639 tam
3628 4577 3702 4639 de
3726 4574 3830 4635 sale

537 4672 642 4729 loci
672 4688 954 4730 assensum
982 4675 1317 4745 praebentes,
1355 4674 1498 4731 hanc
1523 4675 1904 4731 auctoritatem
1932 4673 2122 4729 immu-

2232 4700 2397 4756 quam
2424 4690 2479 4739 et
2502 4683 2569 4738 de
2593 4681 2714 4737 aliis
2736 4678 3160 4741 conditionibus,
3199 4690 3303 4731 nec
3327 4687 3438 4730 non
3462 4678 3520 4733 et
3549 4668 3829 4725 teloneum

537 4767 728 4823 uitatis
749 4776 951 4825 nostra:
972 4768 1149 4824 eidem
1193 4768 1530 4827 monasterio
1564 4767 1683 4823 ﬁeri
1709 4765 1997 4836 iussimus,
2028 4778 2129 4834 per
2233 4781 2300 4835 de
2347 4777 2581 4834 navibus
2624 4775 2692 4829 ab
2729 4773 2884 4830 [talia
2918 4770 3292 4831 venientibus,
3328 4780 3453 4837 qua:
3480 4763 3555 4827 ad
3582 4761 3829 4823 eamdem

538 4874 701 4930 (illam
746 4860 1090 4932 ρνεεοίρίωυε
1139 4868 1301 4931 atque
1340 4861 1596 4932 iubemus
1646 4867 1707 4914 ιη
1764 4865 2129 4913 memon”!!!
2232 4869 2523 4927 ecclesiam
2562 4867 2809 4937 arripere
2849 4863 3122 4929 videntur,
3157 4868 3221 4918 ut
3243 4856 3509 4931 quidquid
3547 4852 3619 4917 ad
3648 4850 3829 4924 PIIW‘

538 4957 931 5013 monasterium
967 4971 1090 5012 eum
1129 4956 1382 5011 omnibus
1410 4955 1573 5011 rebus
1613 4961 1671 5008 et
1705 4950 2021 5009 hominibus
2050 4950 2121 5006 ad
2234 4978 2358 5013 cum
2385 4976 2521 5013 onus
2552 4960 2639 5013 vel
2686 4959 2755 5013 ad
2794 4956 2987 5013 iisonm
3027 4954 3236 5013 regium
3267 4950 3353 5007 exi

2234 4220 2338 4276 roli
2367 4218 2806 4291 praestantissimi
2857 4213 3225 4286 imperatoris,
3275 4210 3330 4265 in
3362 4224 3473 4280 qua
3504 4203 3829 4269 contineba-

540 5130 629 5198 vei
657 5144 1044 5215 aspicientibus
1070 5146 1169 5201 sub
1198 5141 1559 5200 immunitatis
1588 5149 1787 5196 nostra:
1816 5137 2133 5197 defensione

544 5238 722 5293 modis
752 5240 1003 5295 omnibus
1040 5240 1333 5305 consistat,
1381 5246 1437 5294 et
1475 5237 1653 5293 nullus
1685 5236 1850 5308 iudex
1882 5233 2132 5307 publicus

544 5328 632 5383 vel
656 5329 885 5399 quilibet
922 5348 986 5388 ex
1030 5334 1319 5406 iudiciaria
1360 5340 1627 5404 potestate
1650 5331 1704 5387 in
1740 5329 2007 5387 ecclesias
2038 5334 2132 5383 aut

545 5420 735 5489 villas,
799 5432 1013 5492 curtes,
1088 5427 1207 5482 loca
1243 5467 1258 5492 ,
1311 5425 1396 5480 vel
1447 5440 1609 5496 agros
1636 5464 1652 5491 ,
1718 5438 1816 5478 seu
1894 5420 2131 5491 reliquas

545 5517 918 5588 possessiones
964 5518 1252 5574 memorati
1299 5516 1649 5583 monasterii,
1693 5528 1830 5585 quas
1873 5512 2136 5567 moderno

2237 5150 2317 5206 ris
2342 5148 2600 5220 martyris
2628 5143 2981 5201 Massiliensis
3000 5183 3015 5209 ,
3051 5140 3138 5196 vel
3169 5139 3239 5195 ad
3269 5142 3514 5191 rectores
3549 5128 3672 5199 eius
3707 5142 3827 5182 con-

2238 5243 2576 5298 cederemus.
2633 5237 2973 5309 Quapropter
3010 5230 3263 5303 precibus
3302 5226 3501 5297 quibus
3528 5220 3707 5277 valuit
3736 5230 3828 5271 no-

2234 5343 2410 5392 stram
2454 5331 2704 5389 exoravit
2754 5325 3097 5385 clementiam
3143 5331 3240 5387 ut,
3284 5327 3577 5391 paternum
3622 5322 3827 5371 mortem

2239 5437 2530 5502 sequentes
2556 5468 2571 5494 ,
2622 5432 2865 5483 nostram
2912 5420 3080 5477 etiam
3138 5413 3520 5473 auctoritatem
3570 5403 3825 5502 praedicta

2236 5499 2489 5587 ecclesia,
2522 5521 2577 5575 in
2602 5534 2709 5590 qua
2736 5518 2853 5587 ipse
2882 5514 2995 5568 Deo
3031 5518 3265 5567 auctores
3290 5506 3584 5577 episcopus
3606 5499 3822 5568 praeest.

547 5619 791 5684 tempore
837 5612 987 5683 iuste
1031 5622 1086 5669 et
1139 5614 1388 5686 legaliter
1434 5611 1678 5686 possidet
1722 5611 1779 5665 in
1804 5607 2140 5681 quibuslibet
2235 5615 2440 5671 habere
2460 5616 2784 5667 mereretur.
2809 5603 2975 5674 Cuius
3002 5602 3258 5675 precibus
3299 5598 3821 5686 auremaccotnmo‘

540 5707 698 5795 pagis
744 5706 829 5760 vel
878 5706 1176 5762 territoriis
1211 5708 1352 5763 infra
1387 5708 1647 5764 ditionem
1691 5703 1905 5777 imperii
1938 5699 2137 5769 nostri,

622 5834 649 5862 ι
684 5821 1000 5893 Legendum
1019 5819 1080 5904 9.

2230 5705 2451 5773 dantes,
2474 5703 2576 5760 hos
2598 5705 2816 5759 nostros
2837 5694 3149 5770 imperiales
3178 5692 3359 5765 apices
3388 5684 3510 5743 ﬁeri
3532 5680 3818 5755 iussimus,
3860 5774 3875 5784 θ
