4048 6350
192 387 339 444 ΗΠ

1332 378 1725 436 DIPLOMATA
1764 383 2318 444 ECCLESIASTICA.

3260 354 3439 450 .tlls

182 520 295 576 per
320 516 463 574 quos
483 498 826 573 praecipimus
853 506 1017 571 atque
1028 498 1283 571 jubemus
1302 509 1382 567 ut,
1406 502 1762 572 quemadmo—
1788 516 1842 578 Α
1864 503 1984 559 riali
2014 504 2337 563 auctoritate
2369 502 2737 573 prmeipimus,
2769 515 2835 558 se
2855 501 3128 574 iub-mag
3158 510 3219 560 ut
3257 504 3441 561 nullus

184 600 325 655 dum
358 597 587 652 domnus
630 602 685 649 et
718 593 932 664 genitor
976 600 1163 649 noster
1204 593 1476 664 praedictae
1497 592 1769 651 concessit

179 689 476 755 ecclesite,
525 688 602 743 ita
635 695 707 742 et
726 687 980 756 deinceps
1021 686 1078 740 in
1119 694 1443 757 perpetuum
1470 687 1686 741 ﬁrmum
1715 696 1773 743 et

182 782 389 841 stabile
428 788 746 852 permaneat
769 820 783 844 ,
830 786 885 834 et
927 778 1107 833 nullus
1145 778 1371 849 quilibet
1396 794 1463 833 ex
1482 777 1771 847 iudiciaria

180 882 461 947 potestate
484 872 701 943 aliquod
728 871 998 927 teloneum
1034 872 1101 926 de
1127 872 1450 942 supradictis
1484 871 1618 927 locis
1645 886 1773 926 exa-

184 980 343 1027 ctare
371 977 465 1024 aut
494 968 771 1038 requirere
794 1007 810 1033 ,
855 965 940 1021 vel
969 966 1133 1020 ullam
1168 967 1610 1021 contrarietatem
1640 979 1770 1036 erga

180 1066 507 1137 prredictam
543 1061 827 1118 ecclesiam
866 1059 1050 1116 Sancti
1087 1059 1323 1115 Victoris
1349 1057 1575 1129 ejusque
1596 1064 1774 1112 recto-

184 1173 281 1213 res
305 1157 487 1212 facere
510 1163 603 1209 aut
628 1154 874 1224 ingerere
909 1160 1230 1223 prmsumat;
1267 1150 1363 1207 sed
1392 1150 1596 1205 nostris
1618 1148 1771 1204 futu-

184 1252 377 1320 risque
406 1247 743 1320 temporibus
770 1247 1151 1325 inviolabiliter
1178 1252 1552 1301 conservetur.
1611 1245 1679 1299 Et
1706 1250 1770 1299 ut

183 1346 311 1400 haec
331 1344 626 1398 auctoritas
650 1341 925 1396 ﬁrmitatis
960 1349 1158 1396 nostrae
1180 1354 1280 1410 per
1304 1338 1484 1393 futura
1525 1346 1769 1409 tempora

183 1434 519 1490 inviolabilis
560 1443 933 1497 conservetur,
982 1432 1165 1487 annuli
1207 1430 1377 1486 nostri
1411 1429 1773 1501 impressione

184 1529 396 1600 signari
419 1527 701 1595 iussimus.

261 1618 492 1689 Signum
522 1618 703 1674 domui
739 1617 1001 1673 Ludovici
1038 1615 1387 1687 imperatoris
1411 1612 1766 1671 serenissimi.

261 1710 401 1765 Data
449 1710 567 1765 Kal.
617 1709 968 1776 Novembris,
1019 1723 1162 1764 anno
1189 1708 1392 1763 Christi
1428 1707 1663 1779 propitio
1688 1703 1769 1779 [9]

185 1801 407 1871 imperii
432 1801 615 1855 domui
650 1801 907 1857 Ludovici
938 1801 1167 1873 piissimi
1188 1801 1446 1872 Augusti,
1474 1800 1773 1856 indictione

184 1891 391 1962 prima.
430 1890 624 1947 Actum
644 1891 959 1963 lsemburgo
985 1892 1188 1964 palatio
1216 1892 1390 1961 regio.

927 2005 1036 2062 CV.

510 2115 612 2157 PRO
643 2116 976 2157 MONASTERIO
1010 2115 1198 2156 SANCTl
1234 2112 1454 2157 AMANDI.

812 2192 987 2266 (Anno
1018 2191 1170 2261 822.)

188 2284 373 2361 [Apud
414 2283 640 2354 Mabill.,
683 2286 799 2340 Act.
835 2284 936 2341 SS.
988 2280 1244 2361 Οι·ιι.Δξἠ
1267 2279 1464 2336 Bened.
1515 2295 1641 2336 saec.
1698 2292 1774 2346 ιν,

724 2365 869 2428 part.
904 2373 943 2422 ι,
974 2370 1096 2427 pag.
1131 2352 1245 2425 66.]

260 2449 321 2505 In
360 2450 577 2506 nomine
605 2450 819 2506 Domini
862 2448 963 2504 Dei
1008 2456 1062 2504 et
1106 2446 1406 2503 Salvatoris
1455 2443 1625 2500 nostri
1652 2442 1779 2499 Jesu

190 2543 414 2613 Christi,
446 2545 749 2601 Ludovicus
793 2543 973 2600 divina
998 2543 1284 2599 ordinante
1307 2538 1645 2615 providentia
1679 2539 1780 2594 im-

189 2644 414 2708 perator
448 2634 741 2707 Angustus.

262 2726 400 2782 Cum
427 2726 562 2782 locis
587 2726 771 2782 divino
791 2724 958 2782 cultui
985 2723 1308 2795 mancipatis
1335 2722 1405 2777 ob
1442 2720 1638 2776 divina
1666 2735 1782 2776 ser-

188 2820 381 2876 vitutis
407 2835 647 2875 amorem
689 2835 843 2891 opem
873 2832 1167 2890 congruam
1194 2816 1436 2881 ferimus,
1488 2823 1542 2869 et
1572 2811 1781 2885 regium

191 2930 402 2970 morem
445 2914 700 2970 decenter
728 2912 1035 2985 implemus,
1076 2918 1131 2966 et
1157 2910 1210 2964 id
1238 2908 1395 2963 nobis
1435 2905 1780 2978 profuturum

191 3008 259 3063 ad
306 3015 521 3063 azteruae
551 3005 1008 3062 remunerationis
1056 3003 1278 3079 praemia
1323 2998 1656 3071 capessenda
1685 3011 1778 3052 ve-

188 3099 394 3153 raciter
419 3097 713 3154 credimus.
756 3097 966 3152 Idcirco
1004 3101 1189 3149 notum
1221 3106 1342 3148 esse
1369 3090 1618 3146 volumus
1643 3103 1781 3143 cun-

188 3190 296 3245 ctis
324 3189 571 3246 ﬁdelibus
618 3198 820 3246 sanctre
848 3188 943 3243 Dei
986 3186 1244 3243 Ecclesiae
1287 3192 1342 3239 et
1369 3183 1593 3248 nostris,
1636 3195 1778 3251 pra:-

1875 592 2098 664 quilibet
2129 601 2333 649 sach
2357 591 2455 651 Dei
2480 590 2773 659 Ecclesia,
2815 594 3168 662 mnium
3190 593 3442 653 videlicet
3512 626 3523 635 κ

1870 693 1927 739 et
1950 684 2277 750 futurorum,
2321 684 2388 740 de
2411 683 2684 755 pradictis
2727 691 2782 739 et
2825 683 3015 740 subter
3041 687 3247 741 notatis
3278 687 3444 744 rebus

1870 775 2299 846 inquietudinem
2344 785 2439 831 aut
2478 774 2898 846 refragationem
2938 776 3026 832 vel
3067 777 3443 849 prmjudicium

1868 870 1963 925 vel
1979 868 2290 924 violentiam
2336 868 2517 924 facere
2562 876 2776 924 tentet:
2825 868 2922 929 sed
2964 868 3147 938 potius
3173 870 3295 924 sine
3334 869 3469 935 ulla,

1870 960 2241 1030 subreptione,
2268 967 2361 1014 aut
2387 960 2778 1025 subtractione,
2813 957 2898 1033 vel
2928 958 3315 1024 diminutione,
3357 966 3443 1014 δικ

1870 1068 1975 1123 que
2003 1051 2304 1116 divisione,
2344 1051 2507 1106 liceat
2545 1066 2640 1106 eas
2668 1049 2843 1106 eidem
2889 1050 3291 1120 congregationi
3330 1064 3448 1104 mo-

1869 1146 2168 1201 nachorum
2195 1145 2307 1198 Deo
2328 1142 2674 1197 militantium
2712 1156 2836 1197 cum
2862 1141 3010 1203 omni
3037 1142 3346 1215 integritate
3366 1142 3449 1196 in-

1868 1235 2194 1292 violabiliter
2226 1235 2432 1305 absque
2472 1234 2582 1289 ulla
2625 1234 2894 1290 calumnia
2930 1241 2987 1288 et
3016 1234 3449 1290 contradictione

1870 1328 2133 1385 securiter
2155 1342 2222 1382 ac
2247 1326 2633 1398 perpetualiter
2674 1325 2897 1392 habere,
2932 1324 3215 1397 possidere
3237 1332 3292 1380 et
3316 1323 3445 1380 frui.

1870 1421 2220 1478 Solummodo
2248 1420 2501 1475 videlicet
2537 1418 2603 1473 ad
2630 1419 2757 1483 hoc,
2791 1419 2933 1474 sicut
2965 1417 3307 1488 praemissum
3333 1422 3441 1481 est,

1870 1513 2176 1585 specialiter
2217 1527 2249 1567 a
2282 1512 2442 1567 nobis
2487 1518 2613 1567 sunt
2658 1525 2763 1581 pro
2784 1509 3037 1567 mercede
3082 1517 3271 1565 nostra
3299 1508 3452 1564 dele-

1871 1618 2010 1682 gata:
2054 1617 2111 1664 et
2135 1607 2505 1673 conﬁrmatae,
2544 1614 2605 1661 ut
2647 1621 2748 1661 nec
2791 1606 3028 1660 humana
3065 1611 3313 1675 potestas
3332 1605 3453 1663 sine

1872 1704 1955 1759 sui
1977 1701 2221 1774 periculo
2257 1698 2587 1756 discriminis
2613 1696 2785 1768 possit
2812 1710 2907 1752 eas
2946 1703 3265 1751 convertere
3289 1735 3305 1762 ,
3337 1694 3450 1768 sed

1873 1808 2088 1864 semper
2114 1792 2216 1848 sub
2242 1791 2411 1865 regali
2437 1797 2490 1845 et
2522 1788 2787 1859 imperiali
2816 1788 3041 1845 tuitione
3066 1787 3455 1859 irrel‘ragabili-

1798 1885 1849 1948 B
1878 1894 1963 1941 ter
1980 1884 2143 1940 salvae
2172 1882 2403 1937 fratrum
2429 1882 2617 1936 usibus
2640 1880 2939 1935 consistant
2965 1894 2980 1933 :
3014 1886 3285 1948 quatenus
3305 1876 3451 1946 ejus-

1878 1979 2002 2032 dem
2027 1974 2129 2030 loci
2155 1972 2363 2029 devota:
2390 1971 2502 2027 Deo
2533 1969 2751 2025 amabili
2779 1968 3183 2041 congregationi
3219 1983 3320 2038 pro
3358 1985 3457 2026 no-

1877 2066 1963 2121 bis
1988 2080 2053 2123 ae
2079 2079 2183 2137 pro
2218 2064 2386 2119 totius
2427 2061 2641 2131 imperii
2685 2058 2847 2129 hujus
2874 2059 3166 2115 stabilitate
3198 2073 3262 2114 ac
3296 2072 3454 2129 pace,

1879 2168 2081 2215 nostra
2101 2156 2319 2229 pietatis
2340 2168 2566 2209 munere
2598 2153 2789 2225 adiuti,
2829 2152 3117 2209 Dominum
3138 2150 3458 2221 propensius

1880 2266 2108 2307 exorare
2124 2250 2377 2305 delectet.
2410 2247 2477 2301 Et
2500 2248 2619 2303 haec
2643 2246 2861 2299 nomina
2885 2244 2955 2299 de
2981 2244 3113 2313 ipsis
3140 2245 3304 2300 rebus
3323 2257 3465 2314 quas

1882 2344 1989 2399 illis
2016 2342 2135 2397 dari
2165 2339 2530 2397 decrevimus.
2573 2338 2631 2393 lu
2661 2351 2799 2408 pago
2826 2335 3167 2393 Bracbatinsi
3187 2376 3206 2401 ,
3239 2336 3295 2391 in
3325 2334 3463 2390 locis

1881 2433 2207 2503 nuncupatis
2244 2430 2509 2486 Baceroth
2540 2428 2723 2501 (vulgo
2743 2428 3088 2499 Bauarode),
3120 2426 3304 2493 Deda,
3326 2425 3467 2480 Neo-

1882 2523 2036 2588 niﬁo,
2060 2530 2116 2577 et
2143 2520 2458 2587 Seeuriaco,
2492 2519 2673 2573 mansi
2702 2534 2891 2574 xtvnt.
2927 2518 2989 2573 lu
3012 2533 3151 2588 pago
3172 2517 3468 2573 Ostrebatt-

1884 2617 2043 2680 tinse,
2074 2614 2132 2668 in
2156 2613 2275 2668 loco
2300 2612 2392 2683 qui
2420 2610 2621 2666 dicitur
2644 2608 2944 2673 Halciacus,
2979 2624 3105 2664 cum
3134 2606 3467 2679 appendiciis

1884 2708 1999 2761 suis
2024 2705 2200 2761 ιπηιιεί
2225 2720 2381 2760 ιγιιι.
2422 2701 2481 2757 In
2503 2715 2643 2771 pago
2675 2700 2769 2770 qui
2797 2699 2997 2755 dicitur
3032 2698 3370 2768 Menpiscus,
3404 2696 3462 2751 in

1883 2799 2003 2855 loco
2017 2803 2360 2866 nuncupante
2374 2792 2589 2857 Roslar,
2620 2807 2744 2847 cum
2770 2790 3107 2861 appendiciis
3133 2790 3266 2855 suis,
3292 2788 3471 2845 mansi

1884 2904 2073 2945 cxvm.
2105 2885 2452 2942 Mansioniles
2492 2885 2638 2939 circa
2677 2883 3070 2939 monasterium
3097 2897 3177 2948 tv,
3219 2881 3472 2951 etpisca-

1886 2983 2086 3038 tionem
2117 2989 2278 3049 atque
2308 2976 2703 3042 Seoncurtem;
2750 2975 2885 3031 etin
2909 2973 3177 3029 Flaldras
3205 2970 3481 3028 mariscas

1885 3091 2002 3131 vin.
2059 3074 2170 3129 Sed
2209 3082 2268 3128 et
2308 3073 2365 3127 in
2404 3085 2543 3143 pago
2572 3069 2916 3125 Laudunensi
2967 3067 3305 3123 Barisiaeum
3345 3076 3472 3120 eum

1885 3163 2137 3222 omnibus
2164 3159 2497 3232 appendiciis
2526 3159 2658 3214 suis.
2693 3158 2921 3227 Insuper
2965 3155 3277 3212 censuimus
3302 3152 3472 3208 etiam

189 3280 442 3337 sentibus
471 3280 675 3337 scilicet
704 3289 759 3335 et
784 3279 1011 3346 futuris,
1061 3279 1186 3349 quia
1215 3277 1403 3331 adiens
1432 3240 1781 3331 serenitatem
1809 3256 1855 3320 C
1884 3256 1993 3313 illis
2033 3253 2150 3349 dari
2187 3266 2384 3349 ηρναηὶ
2428 3249 2749 3349 Panem"
2777 3246 2925 3302 οπωί
2967 3240 3473 3348 θυυθμθθδηίξιίξΰ·

188 3374 444 3433 culminis
471 3376 642 3431 nostri
680 3375 762 3429 vir
783 3372 1113 3429 venerabilis
1140 3368 1446 3425 Adaleodus
1468 3366 1628 3433 abba,
1660 3380 1780 3420 mo-

189 3469 420 3525 nasterii
447 3468 634 3523 Sancti
664 3462 920 3531 Amandi,
956 3480 1061 3518 una
1087 3478 1210 3519 cum
1246 3460 1462 3517 Aldrico
1490 3458 1657 3513 misso
1686 3472 1784 3513 no-

188 3573 331 3629 stro,
384 3578 542 3633 quem
572 3563 639 3619 ad
682 3563 1000 3634 prmdictum
1047 3560 1353 3616 coenobium
1385 3557 1684 3611 direximus
1715 3553 1783 3609 ad

187 3655 439 3712 ordinem
495 3656 693 3726 regula:
743 3655 919 3710 sancti
975 3651 1250 3709 Benedicti
1299 3647 1778 3712 conﬁrmandum;

189 3755 583 3819 suggesserunt
621 3745 1025 3802 mansuetudini
1054 3752 1254 3801 nostrae
1295 3742 1529 3815 qualiter
1556 3753 1783 3809 congre-

190 3842 397 3913 gationi
426 3838 757 3897 confessoris
802 3838 1004 3894 Christi
1047 3835 1281 3892 Amandi
1323 3833 1502 3903 aliqua
1531 3834 1597 3888 de
1620 3832 1782 3887 rebus

189 3951 248 3995 et
276 3938 415 3993 villis
444 3937 688 4008 ejusdem
719 3935 960 3991 ecclesiae
990 3934 1247 4003 deputare
1277 3938 1332 3985 et
1361 3928 1688 3984 conﬁrmare
1714 3925 1783 3980 ad

188 4046 328 4087 usus
366 4040 422 4085 et
448 4030 805 4084 necessitates
840 4026 1054 4082 illorum
1086 4020 1582 4093 praeiudicaremus.
1630 4014 1784 4071 Ideo-

189 4138 301 4193 que
332 4121 394 4175 ad
422 4120 791 4191 precationem
821 4116 905 4172 vel
951 4113 1352 4185 suggestionem
1397 4106 1781 4179 praedictorum

190 4214 470 4278 abbatum,
501 4210 759 4267 Adalcodi
785 4209 1035 4264 videlicet
1062 4214 1116 4261 et
1142 4203 1366 4268 Aldrici,
1397 4201 1505 4255 imo
1530 4200 1600 4255 ob
1625 4213 1782 4253 emo-

189 4304 495 4360 lumentum
544 4304 739 4358 animae
787 4308 1009 4363 nostrae,
1057 4295 1300 4367 conjugis
1344 4300 1507 4361 atque
1547 4287 1782 4360 prolium

191 4404 526 4457 nostrarum,
568 4410 658 4450 res
688 4394 875 4449 subter
902 4390 1188 4446 adnotatas
1216 4382 1492 4457 praedictis
1524 4378 1783 4434 fratribus

191 4499 252 4546 et
282 4488 689 4563 congregationi
737 4487 924 4543 Sancti
958 4483 1189 4540 Amandi
1229 4481 1297 4537 ad
1322 4481 1562 4546 victum,
1608 4475 1781 4534 vesti-

191 4590 381 4638 menta
411 4588 466 4635 et
507 4580 873 4635 calceamenta
898 4619 913 4643 ,
959 4591 1055 4632 seu
1097 4574 1262 4631 etiam
1303 4578 1526 4627 caeteros
1560 4584 1693 4624 usus
1726 4575 1782 4623 et

193 4674 553 4730 necessitates
582 4672 847 4743 ipsorum,
878 4666 1093 4723 tradere
1117 4676 1173 4721 et
1192 4663 1519 4720 conﬁrmare
1544 4657 1785 4721 decrevi-

193 4782 340 4831 mus,
371 4775 425 4820 et
457 4781 618 4836 super
663 4765 806 4819 hanc
854 4758 1118 4816 cessionis
1144 4756 1521 4812 auctoritatem
1562 4752 1663 4807 llos
1688 4765 1785 4807 no-

195 4869 343 4915 stros
378 4857 689 4928 imperiales
721 4855 901 4925 apices
946 4851 1065 4908 ﬁeri
1112 4848 1471 4910 decrevimus,
1516 4850 1677 4914 atque
1700 4843 1788 4914 ju—

193 4950 412 5021 bemus,
444 4957 506 5002 ut
537 4948 731 5003 abhinc
757 4946 811 4999 in
837 4943 1079 4998 futurum
1111 4956 1142 4995 a
1164 4936 1321 4993 nobis
1349 4943 1404 4990 et
1423 4933 1645 4998 nostris,
1673 4931 1788 4988 Deo

197 5044 551 5112 diSpensante
580 5081 595 5107 ,
654 5037 1058 5095 successoribus
1083 5074 1097 5100 ,
1147 5032 1252 5104 piis
1302 5028 1538 5086 oraculis
1586 5024 1790 5081 nostris

198 5133 576 5197 conservanda
626 5130 1038 5193 mandavimus,
1094 5122 1238 5196 quod
1284 5138 1387 5179 nos
1431 5137 1532 5192 pro
1573 5117 1790 5175 aeternis

199 5226 552 5298 capessendis
604 5222 842 5294 prmmiis
904 5228 958 5276 et
1010 5224 1323 5275 memorata:
1380 5210 1787 5283 congregationi

199 5317 552 5376 consulendis
579 5313 994 5370 necessitatibus
1019 5310 1211 5365 fecisse
1237 5316 1291 5362 et
1323 5304 1660 5362 concessisse
1687 5318 1784 5357 ve-

199 5423 319 5472 stra
351 5416 640 5482 cognoscat
670 5404 939 5462 industria
960 5444 975 5464 ,
1019 5402 1097 5457 ita
1130 5401 1393 5455 duntaxat
1436 5404 1497 5452 ut
1527 5393 1791 5466 quidquid

200 5505 275 5559 de
305 5503 436 5574 ipsis
476 5502 639 5556 rebus
664 5499 776 5554 Deo
813 5497 1047 5552 donante
1070 5507 1167 5564 per
1196 5493 1398 5547 bonum
1422 5488 1659 5545 studium
1689 5501 1789 5557 po-

202 5591 659 5650 teritbaberivcl
704 5587 929 5660 acquiri,
978 5592 1147 5641 totum
1175 5584 1228 5639 in
1256 5582 1482 5637 fratrum
1514 5579 1633 5635 sine
1680 5578 1789 5633 ulla

204 5682 579 5740 sublractione
604 5681 791 5737 usibus
817 5678 993 5736 cedat.
1036 5675 1161 5733 Pari
1194 5674 1361 5730 etiam
1384 5679 1571 5728 nostra
1613 5672 1786 5742 impe-

284 5828 311 5859 ι
342 5814 423 5873 Ex
466 5816 570 5872 hoc
613 5812 904 5885 diplomate
926 5818 1110 5885 patet,
1143 5808 1473 5885 Adaleodum
1497 5821 1644 5885 anno
1682 5806 1786 5861 im-

209 5890 355 5963 perii
376 5888 636 5946 Ludovici
667 5880 878 5955 octavo,
909 5880 1111 5943 Christi
1129 5883 1253 5953 822,
1277 5880 1391 5952 jam
1422 5880 1578 5938 istius
1602 5891 1786 5934 mona-

1808 4621 1863 4683 D

1887 3349 2011 3404 dem
2040 3343 2285 3401 ecclesia:
2310 3357 2410 3414 per
2434 3349 2576 3396 totas
2597 3338 2777 3405 villas,
2802 3347 2857 3393 et
2877 3336 3276 3407 possessionem
3304 3333 3479 3403 ipsius

1884 3437 2124 3495 emnobii
2156 3433 2422 3499 rectoris,
2475 3431 2532 3487 id
2560 3437 2645 3487 est
2673 3430 2741 3485 de
2770 3444 3019 3494 annona,
3065 3428 3132 3483 de
3179 3424 3471 3497 legumine,

1885 3534 1952 3589 de
1980 3529 2126 3595 feno,
2177 3529 2244 3583 de
2273 3524 2561 3581 formatico
2582 3563 2599 3590 ,
2647 3522 2717 3578 de
2738 3522 2949 3593 porcis,
2999 3517 3361 3590 depoledris,
3408 3515 3481 3571 de

1885 3621 2141 3685 camsilis,
2180 3618 2249 3674 de
2269 3616 2461 3688 pastis,
2494 3614 2563 3670 de
2589 3613 2740 3679 vino,
2770 3612 2838 3668 de
2867 3610 3006 3667 ovis.
3054 3609 3122 3665 Et
3146 3616 3207 3664 ut
3243 3608 3360 3665 haec
3381 3621 3463 3661 au-

1883 3714 2110 3772 ctoritas
2148 3725 2247 3782 per
2285 3708 2469 3764 futura
2516 3715 2763 3774 tempora
2814 3701 3180 3759 inviolabilem
3228 3699 3476 3756 obtineat

1884 3808 2218 3870 ﬁrmitatem,
2255 3817 2419 3857 manu
2450 3798 2672 3870 propria
2702 3796 2891 3852 subter
2922 3792 3262 3849 ﬁrmavimus
3291 3796 3346 3845 et
3377 3803 3461 3843 an-

1883 3897 1995 3954 nuli
2023 3894 2195 3950 nostri
2226 3890 2588 3963 impressione
2615 3886 2822 3958 signari
2848 3883 3130 3954 iussimus.

1956 3987 2181 4058 Signum
2204 3980 2465 4039 Ludovici
2492 3976 2824 4036 serenissimi
2852 3972 3219 4045 imperatoris.

1953 4076 2242 4133 Durandus
2265 4075 2526 4130 diaconus
2545 4070 2616 4126 ad
2644 4070 2821 4125 vicem
2852 4064 3125 4136 Fridugisi
3163 4059 3474 4134 recognovi.

1952 4171 2091 4227 Data
2112 4184 2173 4225 ιιι
2211 4166 2329 4222 Kal.
2358 4164 2510 4232 Julii,
2558 4177 2700 4218 anno
2726 4159 2945 4217 Christo
2978 4156 3215 4229 propitio
3242 4157 3275 4212 8
3307 4155 3470 4224 impe-

1883 4265 1953 4321 rii
2006 4262 2190 4319 domui
2220 4258 2479 4316 Ludovici
2509 4254 2740 4329 piissimi
2764 4252 3015 4324 Augusti,
3063 4248 3359 4305 indictione
3385 4244 3474 4299 15.

1880 4358 2077 4415 Actum
2135 4353 2389 4411 Stratella
2454 4350 2581 4407 villa
2647 4349 2704 4406 in
2772 4347 2870 4404 Dei
2935 4345 3158 4402 nomine
3222 4339 3478 4400 feliciter.

1880 4452 2055 4508 Amen
2082 4460 2131 4504 ι.

2315 4665 2416 4707 Ριιο
2450 4663 2745 4705 ΙΠΤΙΝΕΝδί
2774 4659 3048 4702 Ενιεαοιιο.

2498 4741 2671 4813 (Anno
2722 4737 2874 4810 82⁸2.)

1923 4836 2104 4915 [Apud
2152 4834 2445 4901 Muratori,
2504 4831 2854 4974 Αέιέἒᾳιιξςῖιῗεῖ
2913 4826 3160 4896 Italica,
3219 4832 3351 4880 tom.
3399 4820 3442 4889 Ι,

1964 5013 2025 5069 In
2067 5011 2287 5067 nomine
2331 5005 2546 5063 Domini
2591 5003 2686 5059 Dei
2716 5009 2773 5058 et
2810 5000 3109 5057 Salvatoris
3142 4996 3315 5054 nostri
3352 4992 3481 5051 Jesu

1896 5107 2121 5171 Christi,
2148 5102 2457 5160 Ludovicus
2490 5098 2672 5155 divina
2699 5095 2989 5151 ordinante
3014 5088 3352 5164 providentia
3379 5087 3480 5143 im-

1894 5209 2116 5274 perator
2138 5198 2433 5268 Augustus.

1969 5291 2028 5348 Si
2070 5289 2423 5363 petitionibus
2463 5285 2803 5343 sacerdotum
2830 5295 2896 5336 ac
2925 5291 3206 5334 servorum
3234 5274 3360 5341 Del,
3394 5273 3478 5329 di-

1900 5386 2006 5442 vini
2034 5385 2211 5440 cultus
2243 5396 2452 5448 arnore,
2504 5393 2692 5434 aurem
2724 5373 3221 5436 accommodamus,
3269 5370 3323 5427 id
3371 5383 3479 5433 non

1895 5475 2071 5533 solum
2097 5475 2166 5531 ad
2192 5471 2545 5530 stabilitatem
2570 5467 2723 5541 regni
2762 5464 2935 5522 nostri
2960 5505 2974 5531 ,
3003 5479 3190 5520 verum
3218 5461 3382 5517 etiam
3412 5459 3480 5515 ad

1898 5580 2098 5624 aeterna
2138 5567 2359 5638 praemia
2394 5562 2606 5621 facilius
2647 5557 2982 5630 assequenda
3029 5554 3323 5628 plurimum
3351 5566 3477 5622 per-

1895 5661 2070 5716 tinere
2104 5655 2445 5715 conﬁdimus.
2493 5655 2700 5711 Idcirco
2728 5659 2917 5707 notum
2950 5648 3069 5706 ﬁeri
3096 5646 3342 5703 volumus
3363 5656 3480 5696 om-

1891 5798 2046 5855 sterii
2091 5795 2341 5851 abbatem
2366 5793 2556 5863 fuisse,
2584 5797 2774 5850 contra
2801 5803 2967 5863 quam
2995 5785 3193 5858 legitur
3228 5780 3285 5838 in
3305 5776 3478 5835 Chro-

1890 5872 2018 5932 nico
2044 5866 2354 5927 Elnonensi.
