4048 6350
558 373 696 427 1419

1674 358 1994 418 LUDOVICI
2031 360 2053 416 1
2089 355 2560 418 COGNOMENTO
2595 354 2684 412 Pll

3695 365 3841 421 “‘20

557 490 716 546 nibus
744 484 992 541 ﬁdelibus
1021 487 1223 538 sanctae
1253 478 1350 536 Dei
1379 476 1621 534 ecclesia:
1649 490 1712 530 ac
1739 475 1956 539 nostris,
1995 487 2136 544 prze-
2159 475 2215 536 Α
2235 469 2383 526 niani
2414 469 2769 524 donaverunt.
2808 464 2943 523 Item
2967 466 3277 525 Oratorium
3298 471 3475 526 sancti
3504 470 3842 542 Apolenaris

557 578 799 638 sentibus
837 574 1046 630 scilicet
1069 581 1126 629 et
1164 571 1386 636 futuris,
1425 568 1658 639 qualiter
1706 566 1789 620 vir
1812 563 2141 620 venerabilis

557 666 849 726 Deusdedit
878 664 1121 721 ecclesia:
1169 659 1489 716 Mutinensis
1534 658 1839 728 episcOpus,
1887 656 2014 726 quia
2041 670 2142 725 pro

557 766 835 818 senectute
862 764 920 812 et
960 753 1275 810 inﬁrmitate
1317 751 1561 820 corporis
1605 749 1673 804 ad
1719 763 1819 802 nos
1855 744 2142 816 pervenire

556 867 664 906 non
689 856 920 921 poterat,
953 845 1102 900 misit
1129 843 1418 914 quemdam
1446 841 1826 911 presbyterum
1849 850 2026 895 suum.
2050 849 2144 889 no-

556 941 705 996 mine
753 934 1144 999 Willibianum,
1197 948 1296 1004 per
1335 945 1496 1001 quem
1534 928 1689 983 nobis
1737 925 2005 997 suggessit
2048 938 2144 994 pe-

557 1031 725 1087 tendo
759 1029 826 1083 de
870 1027 1033 1082 rebus
1083 1024 1152 1078 ad
1198 1022 1480 1078 ecclesiam
1529 1036 1685 1076 suam
1722 1014 2141 1090 pertinentibus,

559 1136 696 1192 quas
730 1133 886 1188 reges
935 1116 1409 1188 Langobardorum
1455 1121 1676 1184 propter
1721 1125 1961 1166 amorem
1987 1119 2044 1164 et
2078 1111 2146 1164 ti-

560 1230 768 1270 morem
796 1212 890 1267 Dei
918 1218 974 1267 et
994 1210 1209 1265 Domini
1237 1208 1410 1263 nostri
1437 1206 1566 1262 Jesu
1592 1205 1797 1260 Christi
1821 1245 1836 1269 ,
1886 1211 1941 1257 et
1969 1202 2144 1258 sancti

560 1305 864 1362 Geminiani
909 1302 1236 1359 confessoris
1263 1301 1399 1370 ejus,
1449 1300 1624 1355 eidem
1659 1297 1904 1353 ecclesiae
1931 1297 2018 1352 vel
2044 1298 2142 1351 do-

558 1403 844 1461 naverunt,
870 1394 956 1450 vel
987 1395 1054 1449 ab
1083 1393 1202 1448 aliis
1232 1393 1386 1447 datas
1426 1389 1901 1452 conﬁrmaverunt,
1948 1395 2009 1441 ut
2057 1386 2140 1440 in-

561 1490 762 1561 spectis
787 1488 1099 1543 eorumdem
1145 1501 1334 1555 regum
1377 1482 1663 1554 przeceptis
1689 1490 1742 1536 et
1777 1479 2146 1535 conﬁrmatio-

558 1583 740 1647 nibus,
772 1582 993 1637 easdem
1020 1595 1109 1635 res
1136 1581 1249 1635 sive
1277 1577 1648 1649 possessiones
1688 1576 1757 1630 ad
1784 1575 2030 1631 eamdem
2056 1589 2147 1630 ec-

559 1674 782 1730 clesiam
836 1681 1035 1728 nostra:
1074 1671 1414 1726 auctoritatis
1468 1675 1738 1740 praecepto
1786 1666 2144 1722 conﬁrmare-

555 1781 697 1821 mus.
749 1763 914 1832 Cujus
957 1764 1229 1833 petitioni,
1279 1764 1403 1832 quia
1426 1761 1573 1829 justa
1596 1769 1651 1814 et
1676 1760 1888 1815 ratione
1914 1759 2144 1813 subnixa

2245 568 2300 622 in
2331 565 2604 636 Stagnano
2646 565 2809 621 situm
2861 566 3006 620 intra
3047 563 3341 622 Iudiciaria
3388 567 3841 637 Montebeliensi,

2244 659 2357 713 sive
2404 657 2703 712 oratorium
2753 655 2935 713 Sancti
2962 657 3218 714 Domnini
3249 669 3629 718 constructum
3672 680 3848 734 prope

2243 749 2488 806 Cluxiam
2531 765 2693 820 super
2718 749 2916 806 ﬁumen
2945 751 3254 817 Nizianam,
3282 768 3382 809 nec
3404 770 3516 808 non
3541 763 3600 808 et
3629 754 3848 812 Oliveta

2237 841 2394 914 juxta
2443 856 2625 897 muros
2683 840 2859 897 Castri
2908 842 3341 899 Montebeliensis
3393 846 3573 914 posita
3601 886 3618 909 ,
3673 855 3732 899 et
3781 849 3846 901 ad

2245 933 2489 988 eamdem
2518 932 2805 988 ecclesiam
2834 933 3180 1003 pertinentia.
3226 935 3336 990 Has
3363 951 3452 991 res
3484 936 3603 990 sive
3633 953 3850 1006 posses-

2246 1025 2426 1079 siones
2470 1033 2782 1079 memoratae
2829 1025 3146 1080 Mutinensis
3189 1026 3462 1091 ecclesize,
3516 1028 3606 1082 vel
3662 1026 3850 1084 Sancti

2246 1117 2550 1173 Geminiani
2573 1117 2726 1186 juxta
2754 1119 3066 1188 petitionem
3099 1119 3342 1190 przedicti
3375 1123 3479 1176 viri
3513 1123 3853 1178 venerabilis

2247 1216 2301 1264 et
2336 1209 2568 1264 oratoris
2613 1210 2782 1264 nostri
2838 1210 3130 1266 Deusdedit
3175 1214 3446 1283 episcopi,
3504 1231 3654 1283 quas
3705 1233 3854 1285 reges

2249 1302 2336 1356 vel
2363 1303 2700 1357 donaverunt
2742 1303 2826 1358 vel
2870 1303 3342 1371 conﬁrmaverunt,
3379 1307 3494 1361 sive
3526 1307 3626 1361 alii
3679 1309 3856 1364 devoti

2248 1409 2310 1449 ac
2342 1393 2514 1449 Deum
2556 1395 2807 1449 timentes
2853 1396 3102 1450 homines
3139 1397 3209 1449 ad
3257 1399 3506 1452 eamdem
3559 1399 3854 1453 ecclesiam

2246 1485 2475 1541 solemni
2506 1486 2795 1540 donatione
2831 1486 3205 1553 contulerunt,
3237 1495 3291 1541 et
3325 1487 3486 1542 modo
3521 1488 3578 1542 in
3606 1488 3858 1556 ejusdem

2246 1575 2492 1630 ecclesia:
2511 1573 2636 1645 jure
2664 1584 2936 1640 tenentur,
2965 1575 3050 1631 vel
3081 1576 3204 1631 inde
3243 1577 3437 1646 injuste
3479 1594 3550 1632 ac
3588 1579 3860 1632 violenter

2252 1668 2530 1723 abstracta
2561 1675 2762 1734 erunt,
2801 1669 2907 1723 isto
2943 1676 3142 1724 nostra:
3188 1669 3535 1724 auctoritatis
3583 1682 3864 1739 praecepto

2252 1762 2321 1815 ad
2361 1760 2609 1815 eamdem
2645 1759 2931 1814 ecclesiam
2965 1761 3288 1815 conﬁrmare
3320 1761 3550 1831 placuit.
3607 1761 3862 1831 Quapro-

558 1856 872 1920 videbatur,
919 1870 1108 1912 aurem
1143 1854 1375 1909 libenter
1403 1851 1815 1908 accommodare
1861 1860 1915 1906 et
1957 1865 2145 1906 assen-
2175 1837 2222 1897 Β
2249 1859 2372 1921 pter
2397 1851 2741 1921 przecipimus
2784 1857 2947 1919 atque
2978 1851 3229 1920 jubemus
3251 1862 3310 1906 ut
3345 1852 3530 1906 nullus
3559 1850 3747 1906 Iudex
3774 1869 3860 1922 pu-

559 1967 679 2006 sum
707 1951 951 2021 praebere
978 1949 1134 2005 nobis
1162 1948 1380 2018 placuit.
1423 1948 1685 2018 Inspectis
1727 1947 1892 2017 igitur
1926 1952 1982 1998 et
2010 1943 2148 1998 rele-

560 2043 663 2097 ctis
691 2041 1075 2111 praedictorum
1115 2055 1302 2111 regum
1348 2039 1829 2109 Langobardorum
1859 2035 2148 2106 praeceptis

559 2133 646 2188 vel
673 2118 1206 2197 conﬁrmationibus,
1253 2130 1577 2198 complacuit
1604 2130 1780 2193 nobis,
1832 2127 2150 2183 donationes

561 2230 619 2278 et
650 2223 1029 2279 concessiones
1058 2221 1173 2276 sive
1206 2219 1648 2274 conﬁrmationes
1688 2233 1875 2273 eorum
1914 2216 2019 2271 hoc
2051 2232 2152 2271 no-

557 2324 685 2372 strae
714 2314 1054 2370 auctoritatis
1091 2323 1360 2384 praecepto
1389 2314 1544 2384 juxta
1586 2312 1905 2383 petitionem
1945 2325 2151 2366 memo-

560 2405 667 2460 rati
697 2405 938 2475 episc0pi
981 2404 1048 2460 ad
1091 2405 1337 2460 eamdem
1385 2404 1670 2459 ecclesiam
1696 2402 2041 2459 conﬁrmare.
2094 2401 2153 2457 Id

459 2538 473 2546 .
558 2503 640 2551 est
671 2495 726 2549 in
752 2495 943 2565 primis
972 2495 1470 2558 conﬁrmationem,
1507 2511 1669 2565 quam
1700 2493 2027 2562 Cunipcrtus
2055 2509 2152 2548 rex

561 2585 692 2643 fecit
721 2588 790 2642 ad
810 2587 1092 2642 ecclesiam
1118 2585 1302 2642 Sancti
1325 2585 1632 2642 Geminiani
1657 2586 1723 2641 de
1744 2585 1882 2641 Villa
1911 2584 2151 2652 Poziolo,

563 2678 678 2734 sive
730 2679 1028 2744 tributum,
1077 2678 1164 2733 vel
1209 2677 1530 2733 suceidiales
1565 2689 1612 2742 α,
1667 2684 1828 2746 atque
1876 2675 2152 2745 angarias,

560 2785 697 2840 quas
718 2771 861 2825 servi
883 2770 1125 2842 ejusdem
1155 2769 1339 2825 Sancti
1363 2768 1670 2825 Geminiani
1699 2770 1768 2823 ad
1798 2769 1975 2838 ipsum
2004 2781 2156 2822 casa-

563 2860 670 2915 lem
696 2860 1053 2917 laborandum
1077 2868 1132 2917 et
1157 2861 1508 2916 excolendum
1533 2861 1857 2914 habuerunt.
1892 2857 2157 2914 Similiter

566 2959 622 3006 et
634 2959 961 3022 praeceptum
977 2953 1118 3022 quod
1136 2952 1265 3008 fecit
1281 2952 1644 3024 Liutprandus
1662 2969 1758 3008 rex
1772 2955 1838 3008 ad
1859 2952 2157 3024 suprascri-

565 3050 714 3113 ptam
741 3043 1026 3099 ecclesiam
1055 3046 1122 3100 de
1160 3045 1333 3100 servis
1371 3052 1425 3098 et
1454 3044 1756 3100 aldionibus
1779 3045 1846 3099 ad
1870 3043 1962 3115 jus
1983 3044 2156 3100 eccle-

565 3135 658 3190 siae
688 3133 873 3191 Sancti
904 3136 1208 3192 Geminiani
1236 3137 1634 3206 pertinentibus
1654 3178 1668 3205 ,
1700 3143 1754 3193 et
1789 3137 1846 3191 in
1875 3137 1978 3191 line
2005 3135 2155 3192 Sale-

565 3231 705 3282 stina
749 3229 1113 3285 residentibus
1160 3230 1213 3285 in
1256 3230 1397 3285 villis
1444 3247 1672 3301 quarum
1719 3229 1982 3286 vocabula
2029 3202 2226 3285 suntC

565 3315 923 3374 Galaniticum
944 3361 958 3385 ,
1008 3319 1291 3376 Gabellum
1337 3319 1651 3388 Castellum,
1688 3336 1810 3376 cum
1841 3321 1951 3376 suis
1976 3321 2156 3390 pisea-

565 3408 682 3472 riis,
709 3410 850 3477 quod
881 3409 983 3463 fuit
1012 3411 1079 3463 ab
1109 3411 1330 3479 antiquo
1366 3419 1610 3481 tempore
1637 3411 1810 3466 Massa
1841 3411 2030 3467 Sancti
2059 3411 2162 3466 Ge-

567 3500 793 3555 miniani
817 3516 831 3554 :
879 3516 1042 3570 super
1069 3503 1264 3571 quibus
1289 3505 1374 3558 Est
1396 3513 1728 3574 praeceptum
1758 3505 1971 3575 Ratgisi
2015 3504 2160 3574 regis

568 3591 726 3644 nobis
749 3600 1044 3646 ostensum.
1092 3593 1185 3647 Est
1214 3593 1465 3648 similiter
1489 3604 1544 3649 et
1568 3595 1836 3651 Desiderii
1866 3614 1878 3650 :
1927 3613 2029 3652 nec
2053 3612 2161 3652 non

569 3687 624 3735 et
649 3691 980 3752 praeceptum
1031 3682 1380 3755 Hildeprandi
1418 3686 1590 3756 regis,
1645 3686 1788 3758 quod
1819 3687 1948 3742 fecit
1981 3689 2045 3743 ad
2073 3704 2161 3743 ec-

571 3771 792 3827 clesiam
831 3773 1017 3829 Sancti
1064 3773 1368 3831 Geminiani
1398 3787 1619 3847 propter
1647 3779 1965 3847 petitionem
1999 3778 2162 3834 Joan-

565 3864 651 3918 nis
699 3865 938 3936 episcOpi
990 3865 1056 3921 de
1099 3867 1331 3923 ecclesia
1370 3867 1551 3924 Sancti
1599 3869 1748 3924 Petri
1797 3870 1940 3924 intra
1976 3886 2162 3926 muros

569 3953 804 4010 civitatis
838 3954 1189 4024 Geminiante,
1231 3974 1351 4028 quae
1379 3975 1523 4015 nunc
1566 3959 1715 4015 Nova
1750 3969 1997 4027 vocatur,
2037 3977 2161 4016 cum

571 4045 822 4101 omnibus
851 4047 1018 4102 rebus
1047 4056 1211 4118 atque
1237 4050 1590 4124 appendiciis,
1624 4066 1745 4120 quae
1774 4051 1842 4105 ad
1872 4051 2044 4120 ipsam
2075 4067 2162 4106 ec-

573 4135 794 4190 clesiam
841 4137 1146 4206 pertinent,
1199 4139 1287 4193 vel
1333 4140 1478 4209 quod
1524 4141 1598 4195 ibi
1640 4141 1785 4210 juste
1834 4143 2163 4211 acquisitum

571 4222 754 4280 fuerit.
803 4225 1063 4282 Similiter
1095 4237 1150 4282 et
1193 4229 1537 4285 donationem
1573 4247 1737 4300 quam
1773 4231 1900 4287 fecit
1935 4233 2036 4302 piae
2077 4248 2164 4288 re-

573 4319 903 4375 cordationis
950 4322 1180 4376 domnus
1203 4331 1258 4376 et
1286 4323 1500 4393 genitor
1537 4333 1725 4381 noster
1745 4324 1970 4381 Carolus
1995 4326 2164 4396 impe-

569 4421 720 4466 rator
749 4411 814 4466 de
848 4411 1010 4467 Plebe
1057 4411 1242 4467 Sancti
1289 4412 1510 4471 Thomze
1537 4458 1552 4483 ,
1603 4431 1723 4487 quae
1770 4425 1855 4472 est
1883 4419 2057 4487 posita
2105 4417 2162 4472 in

573 4501 884 4558 Gandaceto
907 4502 1062 4570 juxta
1110 4502 1332 4559 ﬁuvium
1363 4504 1529 4561 Lama
1552 4549 1567 4574 ,
1621 4524 1743 4563 cum
1778 4509 2028 4564 omnibus
2057 4509 2159 4563 sibi

572 4593 993 4661 pertinentibus,
1024 4595 1138 4650 sive
1167 4597 1426 4652 canonica
1455 4606 1616 4668 atque
1638 4600 1866 4655 decima.
1900 4600 2162 4655 Similiter

574 4683 919 4740 donationem
943 4727 957 4751 ,
993 4701 1156 4756 quam
1184 4687 1314 4744 fecit
1356 4690 1585 4745 domnus
1617 4692 1830 4760 genitor
1859 4701 2043 4748 noster
2065 4691 2166 4747 Ca-

574 4773 722 4829 rolus
762 4775 1076 4846 imperator,
1128 4786 1345 4849 petente
1370 4779 1690 4835 Geminiano
1717 4781 2018 4837 Mutinense
2055 4783 2166 4852 epi-

574 4883 759 4939 scopo,
799 4867 868 4924 de
898 4869 1203 4926 Molendino
1233 4887 1404 4943 prope
1434 4880 1662 4928 stratam
1693 4888 1816 4929 cum
1853 4873 2167 4944 acceptione

571 4972 665 5012 sua
695 4959 809 5014 sive
834 4961 1090 5030 aquario,
1119 4964 1212 5032 qui
1252 4965 1560 5034 pertinebat
1587 4965 1655 5019 ad
1684 4974 1895 5021 curtem
1924 4967 2066 5035 regis
2090 4965 2167 5020 ci-

572 5051 758 5106 vitatis
781 5051 944 5108 Nova:
971 5072 984 5107 :
1038 5070 1141 5111 nec
1174 5069 1282 5109 non
1312 5064 1366 5112 et
1395 5072 1484 5113 res
1509 5071 1646 5128 quas
1678 5057 1784 5112 duo
1813 5059 2040 5113 Romani
2068 5059 2162 5114 ho—

575 5141 766 5207 mines,
797 5141 1072 5200 Gondolus
1102 5146 1353 5203 videlicet
1379 5158 1433 5202 et
1458 5148 1867 5214 Constantinus,
1891 5158 1948 5204 et
1971 5166 2160 5204 eorum

575 5247 774 5290 uxores
820 5235 988 5292 Maria
1027 5247 1084 5294 et
1107 5239 1303 5312 Agnita
1329 5241 1396 5296 ad
1421 5241 1707 5297 ecclesiam
1750 5240 1936 5296 Sancti
1977 5240 2161 5298 Gemi-

650 5391 852 5472 '_Quid.
884 5396 1201 5472 succidiales
1221 5398 1456 5472 fuerint”,
1491 5400 1792 5472 decernere
1816 5411 2160 5472 nequaquam

577 5463 774 5540 ausim.
807 5463 944 5520 Num
972 5481 1071 5536 pro
1096 5469 1370 5523 socidiales
1398 5463 1680 5540 scriptum,
1715 5476 1775 5522 ut
1807 5463 2163 5540 designentur

580 5533 1070 5615 retiitus_perccpti
1117 5555 1187 5615 ex
1229 5533 1592 5615 armentis-et
1626 5533 1877 5615 gregibus
1925 5533 1981 5594 in
2020 5542 2164 5615 socio

577 5603 719 5676 deus
743 5607 767 5659 ?
793 5603 926 5661 Num
959 5603 1343 5673 asuccidendo,
1381 5613 1514 5674 sive.
1541 5621 1601 5666 ut
1625 5603 1859 5676 aiebant,
1887 5611 2164 5664 runcando

583 5674 873 5752 silvas,_ac
904 5694 941 5752 a7
976 5681 1286 5750 subigendis
1316 5684 1460 5752 agris
1483 5691 1642 5737 antea
1669 5674 1930 5738 incultis?
1973 5681 2166 5736 llzereo

583 5760 736 5801 sane.
787 5748 1003 5806 Interim
1045 5748 1202 5811 vide,
1250 5752 1294 5804 si
1330 5748 1513 5818 lubet,
1558 5753 1864 5809 Chronicon
1908 5752 2168 5808 Farfense

584 5825 739 5884 parte
768 5835 808 5874 ιι
857 5821 990 5876 tomi
1019 5819 1040 5873 l
1082 5819 1428 5879 Collectiom's
1454 5822 1584 5880 Rer.
1615 5823 1852 5881 Italicar.
1873 5864 1890 5891 ,
1938 5825 2033 5882 ubi
2057 5839 2170 5879 me-

2248 1942 2442 2006 blicus,
2491 1941 2578 1997 vel
2612 1957 2814 2006 comes,
2843 1941 2928 1997 vel
2957 1942 3252 2013 gastaldus,
3281 1944 3393 1997 sive
3425 1943 3688 2012 qualibet
3719 1953 3863 2013 pote-

2250 2043 2390 2090 state
2436 2034 2693 2103 praadicta
2736 2047 2966 2104 persona
3010 2043 3366 2089 memoratum
3416 2036 3756 2105 episc0pum
3784 2038 3859 2090 vel

2252 2140 2597 2182 successores
2623 2124 2770 2192 ejus,
2818 2133 2981 2195 atque
3022 2127 3266 2181 ecclesia:
3297 2125 3483 2180 Sancti
3538 2125 3860 2181 Geminiani

2253 2216 2318 2270 de
2347 2215 2730 2285 suprascriptis
2773 2215 2936 2269 rebus
2981 2230 3045 2269 ac
3086 2215 3550 2285 possessionibus,
3605 2232 3750 2284 quas
3781 2233 3862 2270 su-

2251 2307 2612 2379 pranominati
2647 2321 2803 2376 reges
2828 2306 2894 2360 ad
2939 2307 3185 2361 eamdem
3219 2307 3512 2361 ecclesiam
3569 2309 3862 2362 conﬁrma-

2252 2407 2468 2464 verunt,
2507 2405 2563 2452 et
2600 2413 2698 2452 nos
2726 2397 2830 2452 hac
2858 2405 3042 2452 nostra
3076 2398 3400 2452 auctoritate
3432 2399 3856 2460 conﬁrmamus,

2255 2490 2560 2560 inquietare
2583 2497 2676 2543 aut
2702 2489 2899 2559 injuste
2922 2489 3160 2559 pulsare,
3185 2498 3277 2544 aut
3299 2489 3509 2558 aliquid
3545 2506 3620 2544 ex
3654 2491 3725 2545 iis
3752 2506 3866 2550 eon-

2257 2589 2340 2636 tra
2368 2581 2596 2636 rationis
2640 2581 2888 2636 ordinem
2930 2580 3278 2646 abstrahere,
3329 2592 3425 2636 aut
3453 2582 3737 2645 alienare,
3782 2593 3866 2637 aut

2255 2674 2337 2730 eis
2388 2673 2716 2728 calumniam
2765 2673 3013 2744 ingerere
3055 2683 3384 2744 praesumat;
3439 2675 3542 2729 sed
3577 2675 3748 2729 liceat
3781 2690 3867 2730 eas

2257 2776 2570 2824 memoratae
2591 2767 2835 2822 ecclesiae
2863 2777 2917 2823 et
2940 2769 3244 2823 rectoribus
3286 2767 3388 2822 sub
3415 2775 3620 2822 nostra
3655 2783 3865 2822 succes-

2257 2875 2548 2930 sorumque
2579 2869 2892 2915 nostrorum
2936 2859 3282 2926 defensione,
3317 2860 3512 2930 quieto
3543 2862 3750 2916 ordine
3792 2870 3865 2914 te-

2255 2968 2387 3008 nere
2415 2968 2479 3008 ac
2527 2953 2805 3022 possidere
2834 2954 3036 3022 absque
3063 2952 3370 3022 cujuslibet,
3403 2953 3558 3006 sicut
3590 2952 3709 3021 jam
3737 2954 3865 3008 dixi-

2257 3063 2410 3113 mus,
2442 3045 2643 3115 injusta
2674 3046 3118 3101 contradictione.
3151 3045 3540 3102 Concessimus
3575 3047 3748 3099 etiam
3772 3045 3863 3098 hoc

2256 3139 2595 3211 privilegium
2618 3148 2930 3194 memoratre
2955 3139 3217 3203 ecclesim,
3268 3146 3327 3191 ut
3361 3138 3407 3191 si
3440 3145 3576 3206 post
3600 3139 3864 3191 decessio-

2257 3247 2382 3286 nem
2401 3231 2776 3302 episcoporum
2809 3231 2978 3302 ipsius
3004 3231 3149 3286 sedis
3175 3229 3297 3285 talis
3331 3230 3384 3284 in
3419 3230 3580 3284 clero
3621 3231 3863 3284 inventus

2257 3322 2440 3388 fuerit,
2491 3323 2583 3393 qui
2612 3323 2906 3377 secundum
2947 3336 3184 3376 canones
3218 3321 3573 3390 episcopatus
3603 3321 3858 3375 honorem

2259 3421 2313 3468 ct
2339 3412 2570 3468 oﬁicium
2596 3413 2798 3468 habere
2830 3413 3018 3482 possit,
3051 3411 3324 3466 licentiam
3355 3411 3604 3465 habeant
3630 3411 3859 3482 eligendi

2261 3504 2405 3558 inter
2435 3518 2511 3559 se.
2557 3502 2626 3558 Et
2650 3510 2711 3557 ut
2754 3503 2871 3558 haec
2904 3503 3198 3558 auctoritas
3227 3502 3435 3556 ﬁrmior
3462 3501 3744 3556 habeatur
3765 3544 3780 3566 ,
3810 3515 3859 3556 et

2261 3595 2461 3649 nostris
2491 3609 2554 3649 ac
2579 3592 2776 3648 futuris
2807 3594 3136 3664 temporibus
3159 3594 3387 3649 Domino
3420 3602 3754 3664 protegente
3775 3610 3858 3646 ta-

2261 3689 2372 3743 lcat
2411 3688 2726 3743 inconvulsa
2755 3704 2993 3754 manere,
3045 3704 3208 3742 manu
3251 3688 3470 3758 propria
3521 3688 3853 3757 subscripsi-

2262 3797 2401 3845 mus,
2433 3790 2487 3836 et
2509 3797 2630 3836 eam
2663 3781 2730 3835 de
2765 3780 2963 3836 annulo
2993 3790 3180 3836 nostro
3209 3780 3395 3834 subter
3422 3779 3657 3850 sigillari
3701 3779 3862 3848 jussi-

2263 3891 2406 3941 mus,
2451 3873 2775 3930 violatorem
2811 3874 3019 3929 duabus
3052 3873 3209 3928 libris
3233 3873 3348 3927 auri
3382 3872 3576 3944 obryzi
3615 3873 3863 3927 condem-

2263 3976 2478 4022 nantes.
3063 3976 3068 3980 ’

2336 4058 2562 4128 Signum
2592 4057 2850 4114 Ludovici
2878 4057 3211 4112 serenissimi
3242 4056 3611 4126 imperatoris.

2335 4147 2620 4204 Durandus
2683 4148 2940 4204 diaconus
2993 4147 3061 4203 ad
3116 4146 3295 4202 vicem
3345 4145 3656 4218 Fridugerii
3716 4162 3863 4201 reco-

2264 4240 2446 4310 gnovL

2332 4331 2403 4385 Et
2432 4331 2553 4384 data
2581 4330 2681 4385 sub
2703 4346 2755 4385 v1
2781 4330 2906 4386 ldus
2932 4329 3277 4394 Februarias,
3307 4344 3471 4393 anno,
3500 4327 3727 4383 Christo
3749 4344 3865 4398 pro-

2261 4423 2413 4494 pitio,
2447 4423 2480 4478 9
2507 4423 2720 4492 imperii
2743 4422 2926 4477 domui
2956 4423 3215 4478 Ludovici
3244 4421 3474 4491 piissimi
3508 4420 3774 4490 Augusti,
3803 4434 3862 4473 ac

2265 4512 2556 4569 indictione
2584 4513 2672 4569 15.
2717 4513 2913 4568 Actum
2954 4513 3315 4586 Aquisgrani,
3355 4511 3559 4583 palatio
3591 4513 3768 4581 regis,
3813 4511 3862 4564 in

2266 4605 2360 4660 Dei
2390 4606 2611 4660 nomine
2640 4605 2886 4661 feliciter.
2913 4604 3109 4660 Amen.

2971 4718 3126 4775 CVli.

2646 4848 2746 4888 PRO
2788 4848 3126 4890 HONASTERIO
3164 4847 3470 4889 Ριιυκιεκδι.

2885 4945 3060 5016 (Αηηο
3100 4944 3250 5017 89.3.)

2267 5059 2446 5133 [Apud
2483 5058 2735 5124 Martem,
2759 5058 3211 5133 ᾼηιριηϐοζιεειη
3243 5057 3458 5133 tom._l,
3501 5071 3632 5128 pag.
3662 5056 3754 5125 79,
3793 5073 3854 5111 ex

2727 5130 3004 5186 chartario
3037 5129 3392 5201 Prumiensi.]

2336 5239 2395 5297 In
2425 5240 2643 5297 nomine
2685 5241 2900 5296 Domini
2945 5242 3044 5297 Dei
3087 5251 3143 5297 et
3186 5241 3483 5297 Salvatoris
3523 5242 3701 5297 nostri
3733 5240 3855 5298 Jesu

2267 5405 2550 5453 morantur
2591 5396 2730 5452 servi
2773 5412 2895 5452 cum
2921 5413 3112 5454 eorum
3151 5399 3448 5454 substantia
3495 5401 3545 5454 ὁ.
3575 5418 3628 5454 ιν.
3659 5419 3710 5455 c.
3761 5402 3856 5456 hoc

2266 5478 2349 5542 est
2382 5468 2526 5542 bove,
2558 5485 2737 5533 vacca,
2770 5467 3147 5542 caecitatem.
3193 5471 3402 5526 Nostris
3434 5482 3620 5528 autem
3653 5482 3858 5542 tempo-

2265 5539 2618 5611 ribusadbuc
2661 5540 2802 5611 apud
2833 5538 3254 5611 illediolanenses
3284 5557 3400 5597 mos
3425 5544 3570 5611 viget
3611 5538 3856 5597 tradendi

2266 5609 2467 5679 przedia
2514 5623 2609 5680 sua
2653 5609 2934 5680 agricolis,
2982 5627 3126 5667 nunc
3153 5615 3371 5668 omnino
3402 5609 3622 5678 liberis,
3667 5615 3852 5668 iisdem

2269 5679 2807 5755 fereeondit-ionibus
2827 5721 2842 5746 ,
2892 5697 3028 5752 quas
3058 5699 3232 5755 nuper
3265 5685 3553 5740 innuebam
3577 5726 3592 5748 ,
3645 5685 3750 5739 hoc
3779 5692 3855 5739 est

2269 5751 2769 5832 reddendidomiuo
2812 5751 3021 5810 tantam
3047 5751 3267 5828 frugum
3292 5764 3349 5812 et
3374 5757 3620 5827 pecuniae
3647 5770 3856 5815 mensa-

2271 5837 2388 5880 ram
2414 5828 2724 5894 quotannis.
