4048 6350
167 354 302 410 1121
350 344 355 349 ’

1295 353 1690 413 DIPLOMATA
1725 350 2276 411 ECCLESIASTICA.

3264 349 3410 410 λίίῆ

162 467 390 533 Christi,
414 466 719 524 Ludovicus
745 463 929 522 divina
957 465 1243 523 ordinante
1269 468 1610 538 providentia
1636 467 1739 524 im-
1762 473 1818 536 Α
1840 466 2036 536 prima.
2066 464 2265 522 Actum
2281 459 2560 520 Aristallio
2580 460 2785 534 palatio
2806 461 2977 536 regio,
3002 461 3060 521 in
3080 463 3178 522 Dei
3196 466 3416 525 nomine

162 570 385 632 perator
408 561 699 632 Augustus.

238 673 296 730 Si
332 673 475 728 enim
505 687 566 729 ea
596 687 716 741 quae
746 671 930 730 ﬁdeles
959 670 1171 744 imperii
1201 673 1375 730 nostri
1412 687 1514 745 pro
1547 687 1739 730 eorum

161 764 661 838 opportunitatibus
713 764 855 819 inter
900 779 960 820 se
1004 765 1492 833 commutaverint,
1537 766 1741 821 nostris

162 860 551 916 conﬁrmamus
576 857 789 923 edictis,
817 857 1152 930 imperialem
1177 873 1493 915 exercemus
1515 873 1743 915 consue-

161 953 426 1019 tudinem,
472 960 529 1007 et
565 952 621 1005 in
656 952 1000 1021 postmodum
1032 951 1155 1022 jure
1187 950 1497 1006 ﬁrmissimo
1524 965 1743 1006 mansu-
1810 1000 1813 1003 .

161 1060 283 1099 rum
313 1059 434 1099 esse
458 1042 724 1099 volumus.
758 1043 964 1099 Idcirco
992 1044 1204 1099 noverit
1231 1044 1473 1099 omnium
1500 1042 1740 1098 ﬁdelium

159 1147 471 1192 nostrorum
498 1176 514 1203 ,
564 1143 675 1190 tam
720 1135 1071 1205 prmsentium
1115 1151 1281 1206 quam
1333 1144 1389 1191 et
1435 1135 1741 1190 futurorum

161 1228 461 1300 sagacitas,
505 1226 631 1296 quia
655 1226 740 1280 vir
763 1226 1089 1282 venerabilis
1118 1226 1434 1282 Tancradus
1467 1227 1634 1282 abbas
1671 1241 1741 1281 ex

160 1320 493 1376 monasterio
535 1319 677 1389 quod
721 1319 922 1375 dicitur
960 1318 1181 1374 Prumia
1207 1361 1222 1385 ,
1274 1327 1645 1375 constructum
1686 1318 1745 1373 in

159 1413 363 1468 honore
407 1408 621 1464 Domini
669 1417 724 1464 et
770 1408 1068 1465 Salvatoris
1108 1410 1281 1465 nostri
1327 1408 1457 1465 Jesu
1495 1408 1741 1477 Christi,

160 1503 315 1558 nobis
356 1500 654 1571 suggessit,
698 1516 764 1555 eo
803 1502 946 1570 quod
975 1517 1097 1557 cum
1128 1502 1361 1571 quodam
1391 1501 1611 1556 homine
1644 1516 1743 1555 no-

160 1594 303 1648 mine
341 1591 629 1647 Fulcberto
670 1592 736 1646 de
776 1591 1100 1661 quibusdam
1146 1592 1312 1647 rebus
1355 1592 1739 1648 commutatio-

161 1702 284 1740 nem
314 1685 566 1751 fecisset,
604 1700 705 1755 pro
737 1685 1021 1739 ambarum
1047 1687 1285 1755 partium
1314 1688 1736 1758 Opportunitate.

162 1776 317 1832 Dedit
344 1778 507 1848 igitur
531 1776 826 1847 praedictus
853 1777 939 1831 vir
959 1778 1283 1833 venerabilis
1307 1779 1621 1836 Tancradus
1648 1781 1741 1837 ab-

163 1869 256 1925 bas
296 1885 363 1924 ex
402 1870 615 1925 ratione
652 1869 899 1939 praedicti
943 1871 1292 1937 monasterii,
1333 1888 1441 1927 una
1477 1888 1578 1945 per
1604 1890 1706 1930 con

160 1978 378 2017 sensum
419 1970 475 2018 et
518 1961 920 2019 conhibentiam
957 1964 1351 2019 monachorum
1397 1965 1594 2021 ibidem
1642 1966 1739 2022 de-

161 2055 427 2124 gentium,
468 2053 697 2123 praefato
725 2052 986 2109 Fulberto
1019 2055 1088 2109 ad
1115 2056 1395 2126 proprium
1426 2071 1583 2111 suum
1614 2072 1741 2127 per-

162 2146 449 2217 petualiter
475 2146 542 2200 ad
577 2146 884 2201 habendum
903 2187 918 2213 ,
966 2146 1231 2217 quasdam
1261 2162 1351 2203 res
1378 2164 1500 2218 quze
1528 2157 1653 2204 sunt
1684 2149 1740 2204 in

162 2257 297 2313 pago
323 2239 725 2306 Warmacinse,
770 2240 825 2295 in
853 2240 980 2296 villa
1014 2257 1135 2312 quae
1165 2243 1366 2299 dicitur
1391 2243 1741 2299 Flaconheim

162 2348 378 2388 mansos
403 2331 537 2387 duos
575 2347 699 2387 cum
729 2332 1000 2398 domibus,
1033 2332 1294 2399 aediﬁciis,
1327 2334 1512 2401 terris,
1542 2334 1738 2401 vineis,

164 2424 347 2494 pratis,
380 2422 547 2487 silvis,
574 2423 809 2493 pascuis,
840 2423 1182 2492 adjacentiis,
1206 2425 1414 2480 exitum
1447 2433 1502 2481 et
1530 2440 1744 2496 regres-

162 2532 279 2573 sum
297 2559 313 2583 ,
338 2516 425 2571 vel
454 2524 931 2586 quantumcunque
966 2517 1023 2571 in
1057 2517 1248 2573 eadem
1277 2517 1401 2573 villa
1432 2519 1499 2573 de
1529 2519 1742 2575 ratione

164 2611 399 2682 przedicti
426 2612 742 2666 monasterii
770 2612 1027 2681 praesenti
1058 2620 1301 2682 tempore
1330 2612 1531 2668 ibidem
1565 2613 1743 2683 legiti-

163 2719 251 2759 me
277 2703 476 2759 habere
502 2704 851 2775 dignoscitur.
889 2705 956 2759 Et
976 2712 1197 2760 econtra
1222 2705 1277 2759 in
1300 2705 1744 2775 compensatione

163 2796 353 2850 harum
379 2811 561 2851 rerum
597 2797 745 2852 dedit
780 2796 1071 2867 prtedictus
1106 2796 1397 2853 Fulbertus
1426 2812 1493 2853 ex
1521 2797 1742 2868 proprio

163 2904 261 2945 suo
286 2890 604 2961 praescripto
639 2890 1002 2957 monasterio,
1047 2890 1305 2962 omnique
1334 2890 1744 2962 congregationi

164 2979 358 3035 ibidem
404 2981 515 3037 Deo
563 2996 660 3051 per
701 2989 944 3052 tempora
989 2981 1289 3049 militanti,
1347 2983 1610 3053 quasdam
1655 2996 1743 3037 res

162 3089 280 3145 quae
328 3082 454 3129 sunt
503 3074 559 3129 in
606 3074 796 3129 eodem
845 3088 1023 3145 pago,
1088 3074 1144 3129 in
1189 3074 1318 3130 villa
1370 3089 1491 3144 quae
1544 3073 1744 3128 dicitur

162 3164 548 3223 Glaolfesheim
576 3182 825 3223 mansum
856 3183 1058 3235 unum,
1097 3176 1152 3223 et
1190 3169 1246 3224 in
1278 3167 1383 3223 alia
1412 3167 1539 3221 villa
1561 3206 1577 3233 ,
1622 3181 1742 3237 qute

161 3259 359 3314 dicitur
389 3260 612 3315 Villarie
642 3276 891 3316 mansum
917 3275 1109 3327 unum,
1140 3275 1240 3316 nec
1266 3275 1376 3315 non
1404 3267 1459 3314 et
1493 3260 1549 3315 in
1582 3259 1744 3315 tertio

161 3349 282 3405 loco
325 3350 381 3405 in
424 3350 551 3406 villa
597 3359 943 3422 nuncupante
988 3350 1446 3417 Leiwrdesheim,
1496 3349 1748 3406 curtilem

161 3458 330 3499 unum
349 3484 365 3505 ,
407 3441 658 3498 similiter
685 3451 740 3499 et
767 3444 821 3498 in
852 3450 1046 3513 quarto
1075 3442 1193 3498 loco
1224 3442 1279 3497 in
1302 3441 1431 3496 villa
1463 3440 1619 3510 cujus
1647 3455 1745 3496 vo-

158 3536 415 3593 cabulum
439 3544 526 3593 est
544 3536 937 3601 ancunheim,
960 3535 1095 3590 duas
1110 3542 1294 3604 partes
1308 3534 1376 3589 de
1389 3533 1604 3605 jurnale
1620 3548 1746 3589 cum

161 3629 416 3684 terminis
460 3637 515 3683 et
561 3627 975 3684 laterationibus
1014 3628 1146 3683 suis.
1204 3624 1314 3681 Has
1348 3641 1480 3681 vero
1506 3640 1596 3681 res
1624 3640 1749 3681 cum

161 3720 447 3787 domibus,
497 3720 773 3787 aediﬁciis,
825 3721 1020 3787 terris,
1066 3720 1269 3787 vineis,
1318 3720 1525 3793 pratis,
1574 3718 1746 3785 silvis,

156 3816 400 3889 pascuis,
425 3814 763 3884 adjacentiis,
788 3815 998 3871 exitum
1027 3822 1082 3869 et
1108 3828 1436 3886 regressum,
1467 3813 1553 3869 vel
1578 3829 1752 3883 quan-

156 3919 494 3980 tumcunque
524 3910 579 3964 in
606 3908 882 3979 prmdictis
908 3906 1046 3962 locis
1068 3905 1323 3976 praesenti
1350 3913 1592 3975 tempore
1617 3904 1751 3974 legi-

160 4004 300 4059 time
327 4002 526 4057 babere
556 4010 611 4056 et
638 4000 917 4072 possidere
946 3998 1304 4070 dignoscitur.
1347 3996 1501 4054 Unde
1531 4004 1587 4051 et
1615 3997 1751 4053 duas

157 4093 618 4150 commutationes
645 4091 763 4161 pari
788 4102 978 4146 tenore
1009 4089 1370 4160 conscriptas,
1397 4088 1754 4159 manibusque

154 4188 428 4244 bonorum
456 4186 735 4242 hominum
758 4199 870 4255 prae
894 4182 1145 4239 manibus
1166 4197 1224 4239 se
1246 4182 1453 4237 habere
1472 4180 1753 4252 professus

156 4287 269 4344 est,
294 4278 390 4334 sed
416 4292 516 4349 pro
545 4276 755 4347 integra
786 4274 1045 4328 ﬁrmitate
1071 4273 1229 4345 petiit
1253 4271 1631 4328 celsitudinem
1657 4284 1757 4326 no-

157 4380 368 4437 stram,
412 4377 475 4424 ut
508 4369 655 4439 ipsas
684 4366 1139 4423 commutationes
1174 4365 1351 4420 denuo
1379 4379 1479 4435 per
1506 4371 1753 4418 nostrum

155 4461 601 4520 mansuetudinis
651 4466 980 4531 praeceptum
1030 4454 1359 4512 conﬁrmare
1410 4454 1749 4511 deberemus.

1837 556 2089 615 feliciter.

2273 775 2378 818 ιικο
2414 775 2590 817 BODEI
2629 774 2984 818 IONASTERIO.

2445 872 2620 945 (Anno
2656 872 2807 946 825.)

1929 985 2107 1061 [Apud
2133 987 2386 1057 Martem,
2412 988 2568 1055 ibid.,
2595 1005 2663 1045 ex
2688 990 2963 1045 chartario
2988 989 3339 1063 Prumiensi.]

1910 1098 1971 1154 In
2010 1100 2231 1156 nomine
2259 1101 2473 1156 Domini
2504 1109 2559 1156 et
2588 1100 2884 1160 Salvatoris
2909 1103 3081 1159 nostri
3110 1101 3238 1158 Jesu
3264 1103 3422 1159 Chri-

1840 1190 1933 1257 sti,
1948 1190 2251 1248 Ludovicus
2271 1191 2453 1248 divina
2470 1193 2755 1249 ordinante
2774 1195 3113 1267 providentia
3130 1195 3422 1267 imperator

1840 1283 2137 1355 Augustus.
3438 1288 3454 1355 ξ

1914 1376 1973 1433 Si
2003 1378 2148 1433 enim
2176 1393 2243 1433 ea
2272 1394 2395 1450 quae
2423 1377 2608 1448 ﬁdeles
2646 1379 2864 1451 imperii
2901 1381 3075 1437 nostri
3109 1397 3208 1453 pro
3236 1396 3423 1437 eorum
3458 1391 3465 1402 '

1841 1467 2342 1538 Opportunitatibus
2390 1468 2537 1524 inter
2578 1484 2637 1524 se
2684 1472 3171 1538 commutaverint,
3223 1464 3457 1537 nostrisé

1841 1558 2229 1616 conﬁrmamus
2270 1561 2496 1629 edictis,
2548 1563 2882 1634 imperialem
2929 1581 3248 1622 exercemus
3292 1540 3455 1623 conj

1840 1653 2183 1708 suetudinem
2207 1694 2222 1720 ,
2273 1660 2329 1708 et
2373 1653 2477 1710 hoc
2510 1655 2910 1726 inpostmodum
2947 1657 3072 1729 jure
3116 1658 3428 1715 ﬁrmissimo

1842 1758 2160 1798 mansurum
2209 1759 2330 1799 esse
2357 1743 2625 1802 volumus.
2679 1746 2886 1803 Idcirco
2928 1750 3142 1804 noverit
3186 1750 3430 1806 omnium

1711 1906 1737 1916 _
1765 1857 1814 1918 Β
1841 1834 2079 1890 ﬁdelium
2118 1844 2461 1902 nostrorum,
2508 1840 2858 1910 prmsentium
2895 1841 3101 1897 scilicet
3133 1850 3191 1897 et
3224 1840 3431 1898 futuro-

1842 1942 1984 1993 rum,
2013 1927 2300 1994 industria,
2331 1930 2461 2001 quia
2484 1931 2571 1985 vir
2596 1933 2923 1988 venerabilis
2949 1932 3231 1989 Hildoinus
3260 1935 3432 1992 abbas

1844 2019 2096 2089 sacrique
2124 2021 2311 2091 palatii
2353 2022 2529 2078 nostri
2572 2038 2817 2080 summus
2857 2025 3170 2096 capellanus
3197 2026 3434 2083 innotuit

1843 2110 2156 2166 celsitudini
2184 2121 2406 2179 nostrae,
2437 2128 2504 2169 eo
2532 2114 2677 2183 quod
2697 2115 2983 2186 religiosus
3006 2118 3093 2171 vir
3119 2117 3435 2173 Tancradus

1844 2204 2012 2260 abbas
2049 2207 2366 2261 monasterii
2405 2206 2846 2274 Prumiacensis,
2893 2225 3020 2264 cum
3060 2210 3293 2280 quodam
3335 2209 3436 2265 ho-

1844 2294 1991 2350 mine
2028 2296 2249 2352 nomine
2286 2296 2625 2368 Opillonem,
2670 2300 2738 2355 de
2777 2300 3103 2371 quibusdam
3144 2303 3434 2374 mancipiis

1845 2391 2324 2446 commutationem
2351 2389 2627 2447 fecissent.
2660 2392 2821 2449 Dedit
2843 2394 3011 2465 igitur
3029 2395 3323 2465 praedictus
3344 2394 3432 2450 vir

1846 2481 2174 2538 venerabilis
2196 2483 2513 2540 Tancradus
2541 2499 2611 2540 ex
2638 2486 2852 2543 ratione
2874 2487 3091 2557 praefati
3112 2487 3435 2545 monasterii

1847 2571 1932 2627 sui
1968 2571 2406 2639 Prumiacensis,
2451 2576 2596 2644 quod
2630 2584 2716 2631 est
2741 2584 3116 2634 constructum
3149 2577 3207 2633 in
3229 2578 3439 2633 honore

1844 2659 2058 2715 Domini
2100 2671 2155 2717 et
2198 2662 2497 2719 Salvatoris
2542 2665 2715 2719 nostri
2755 2664 2883 2721 Jesu
2911 2665 3154 2733 Christi,
3202 2680 3437 2723 consen-

1845 2751 2020 2808 tiente
2068 2751 2309 2824 ejusdem
2358 2757 2778 2828 congregatione
2822 2758 3036 2830 praefati
3078 2759 3438 2825 monasterii,

1845 2843 2107 2917 prtedicto
2143 2843 2355 2914 Opiloni
2400 2848 2672 2918 mancipia
2714 2858 2925 2920 septem
2964 2851 3051 2906 his
3092 2850 3437 2917 nominibus,

1848 2935 2262 3003 Theotharium,
2292 2937 2653 3007 Grimoldum,
2679 2940 3111 3013 Theotgaudum,
3136 2941 3443 2997 Werintru—

1846 3026 1977 3093 dim,
2010 3025 2236 3093 Gozam,
2271 3027 2620 3097 Hunlindam,
2653 3030 2997 3089 Bertrudam.
3033 3032 3102 3088 Et
3127 3040 3352 3089 econtra
3381 3032 3439 3087 in

1846 3119 2286 3189 compensatione
2317 3121 2511 3175 horum
2544 3122 2939 3191 mancipiorum
2971 3122 3121 3178 dedit
3146 3123 3440 3193 praedictus

1770 3219 1815 3283 ρ
1847 3208 2003 3279 Opilo
2035 3224 2104 3265 ex
2144 3225 2244 3265 suo
2277 3211 2499 3280 proprio
2544 3212 2615 3267 ad
2654 3210 2770 3280 jam
2802 3213 3006 3267 dictum
3047 3211 3442 3269 monasterium

1850 3300 2117 3372 mancipia
2146 3317 2267 3355 xmr
2295 3302 2380 3357 his
2412 3303 2743 3369 nominibus,
2771 3303 3174 3370 Germundum,
3210 3304 3442 3375 Regiae-

1846 3406 1999 3457 rum,
2031 3390 2414 3459 Nortbertum,
2455 3393 2813 3458 Bernoldum,
2853 3394 3240 3459 Thiedoldum,
3273 3393 3444 3450 Haut-

1847 3498 2087 3548 marum,
2125 3482 2508 3555 Winigodum,
2551 3484 2879 3557 Rotgerum,
2921 3483 3298 3556 Wigiradum,
3336 3482 3444 3538 Bu-

1847 3589 2132 3642 mannum,
2154 3574 2577 3642 Willisuindam,
2606 3575 3012 3642 Thieodulfum,
3039 3574 3440 3641 Tbeotlindam,

1846 3664 2139 3722 Anstilam.
2175 3665 2329 3723 Unde
2365 3675 2421 3723 et
2456 3667 2592 3723 duas
2620 3667 3078 3723 commutationes
3106 3666 3224 3737 pari
3254 3674 3445 3721 tenore

1849 3759 2215 3829 conscriptas,
2265 3760 2625 3829 manibusque
2665 3761 2934 3816 bonorum
2960 3760 3243 3814 hominum
3284 3760 3446 3814 robo-

1849 3860 2020 3917 ratas,
2044 3867 2104 3906 se
2128 3866 2242 3922 prae
2265 3851 2519 3906 manibus
2547 3849 2748 3906 habere
2772 3832 3006 3920 professi
3033 3858 3177 3906 sunt.
3215 3849 3325 3906 Sed
3344 3863 3446 3920 pro

1850 3943 2066 4013 integra
2112 3940 2369 3998 ﬁrmitate
2415 3942 2695 4012 petierunt
2742 3941 3049 3997 celsitudini
3098 3950 3299 3997 nostrae
3322 3981 3338 4007 ,
3385 3947 3447 3995 ut

1852 4032 1999 4104 ipsas
2025 4033 2479 4089 commutationes
2505 4032 2684 4088 denuo
2713 4047 2814 4104 per
2842 4037 3094 4087 nostrum
3125 4030 3313 4103 [Forte
3344 4045 3444 4086 no-

1853 4123 2002 4197 strae]
2041 4122 2476 4180 mansuetudinis
2511 4130 2845 4195 praeceptum
2874 4122 3088 4195 plenius
3116 4122 3445 4180 conﬁrmare

1854 4214 2197 4281 deberemus,
2222 4228 2454 4283 quorum
2479 4212 2834 4285 petitionibus
2858 4213 3127 4286 denegare
3150 4212 3443 4277 noluimus,

1855 4306 1951 4362 sed
1987 4306 2280 4376 unicuique
2321 4305 2560 4360 ﬁdelium
2601 4312 2917 4362 nostrorum
2955 4303 3105 4373 juste
3144 4304 3446 4376 petentium

1854 4397 1933 4452 ita
1970 4412 2071 4452 nos
2110 4397 2445 4453 concessisse
2486 4404 2651 4467 atque
2694 4396 2751 4451 in
2795 4395 3048 4452 omnibus
3091 4394 3447 4451 conﬁrmasse

1857 4490 2190 4563 cognoscite.
2224 4489 2613 4561 Praeeipientes
2642 4507 2774 4562 ergo
2794 4489 3070 4561 jubemus,
3097 4500 3158 4546 ut
3183 4490 3447 4562 quidquid

157 4554 409 4623 Quorum
438 4550 795 4624 petitionibus
824 4551 1094 4621 denegare
1119 4548 1395 4604 noluimus
1430 4560 1747 4613 assensum,

1855 4548 1984 4659 pars
2003 4589 2149 4657 juste
2172 4596 2229 4643 et
2250 4587 2647 4644 rationabiliter
2668 4548 2828 4643 aheri
2853 4587 3082 4644 contulit
3105 4548 3271 4658 parti,
3294 4586 3449 4642 dein-

156 4649 261 4706 sed
286 4647 432 4703 sicut
456 4645 748 4715 unicuique
773 4642 1015 4698 ﬁdelium
1042 4650 1354 4698 nostrorum
1387 4639 1534 4711 juste
1560 4646 1752 4710 peten-

158 4740 327 4805 tium,
357 4738 433 4793 ita
459 4751 560 4793 nos
587 4736 693 4791 illis
721 4734 1062 4791 concessisse
1091 4740 1255 4816 atque
1281 4731 1634 4788 conﬁrmasse
1664 4746 1757 4786 co-

156 4830 435 4903 gnoscite.
484 4826 874 4899 Prmcipientes
908 4841 1037 4898 ergo
1069 4823 1353 4895 jubemus,
1395 4831 1456 4878 ut
1494 4821 1757 4894 quidquid

157 4939 296 4996 pars
341 4923 486 4994 juste
531 4929 589 4977 et
636 4919 1034 4976 rationabiliter
1082 4918 1241 4974 alteri
1293 4917 1524 4975 contulit
1568 4918 1756 4989 parti,

158 5015 429 5085 deinceps
464 5027 561 5084 per
597 5012 740 5067 hanc
778 5020 1024 5069 nostram
1069 5010 1446 5068 auctoritatem
1487 5008 1612 5080 jure
1661 5010 1757 5065 ﬁr-

158 5108 417 5165 missimo
445 5114 628 5162 teneat
652 5113 817 5175 atque
845 5105 1151 5176 possideat,
1195 5111 1251 5160 et
1291 5104 1457 5160 faciat
1493 5103 1758 5176 quidquid

156 5202 424 5259 voluerit.
473 5199 542 5254 Et
580 5204 642 5253 ut
682 5198 798 5253 haec
838 5198 1137 5253 auctoritas
1175 5213 1275 5269 per
1300 5198 1481 5252 futura
1512 5205 1755 5267 tempora

154 5292 539 5352 inviolabilem
564 5291 807 5348 obtineat
834 5288 1166 5355 ﬁrmitatem,
1190 5297 1246 5343 et
1274 5290 1340 5344 ab
1368 5287 1618 5343 omnibus
1642 5303 1757 5343 me-

154 5387 273 5444 lius
312 5386 565 5442 credatur
594 5390 760 5454 atque
797 5388 1171 5449 conservetur,
1217 5379 1402 5435 annuli
1440 5378 1618 5435 nostri
1650 5379 1757 5435 im-

155 5479 457 5552 pressione
495 5476 696 5549 signari
729 5472 1013 5544 iussimus.

240 5589 541 5648 Durandus
566 5589 826 5645 diaconus
856 5587 927 5644 ad
951 5586 1126 5643 vicem
1152 5583 1421 5659 Fridegisi
1446 5585 1756 5659 recognovi.

243 5703 391 5761 Data
418 5703 542 5759 Idus
565 5701 841 5768 Octobris,
871 5715 1014 5758 anno
1039 5698 1258 5756 Christo
1299 5697 1535 5772 propitio
1561 5697 1629 5752 10
1657 5697 1760 5752 im-

158 5797 320 5871 perii
355 5796 539 5854 domui
577 5793 837 5853 Ludovici
880 5793 1114 5866 piissimi
1155 5792 1421 5866 Augusti,
1463 5789 1758 5850 indictione

1856 4697 1986 4752 ceps
2030 4696 2128 4753 per
2172 4681 2315 4737 hanc
2358 4688 2607 4736 nostram
2651 4680 3033 4736 auctoritatem
3077 4679 3202 4750 jure
3246 4677 3449 4734 ﬁrmis-

1856 4776 1996 4832 simo
2042 4781 2226 4830 teneat
2272 4782 2438 4846 atque
2476 4774 2784 4845 possideat,
2835 4782 2898 4828 ut
2940 4770 3207 4843 quidquid
3253 4771 3449 4828 exinde

1854 4868 2040 4923 facere
2071 4866 2339 4934 voluerit,
2391 4865 2563 4922 libero
2604 4865 2663 4921 in
2703 4864 2959 4921 omnibus
2999 4861 3316 4935 perfruatur
3357 4875 3449 4918 ar-

1855 4961 2023 5019 bitrio
2067 4960 2301 5018 faciendi
2346 4958 2611 5031 quidquid
2658 4957 2903 5031 elegerit.
2959 4957 3027 5013 Et
3074 4965 3136 5012 ut
3183 4957 3304 5013 haec
3350 4970 3451 5012 au-

1862 5054 2088 5111 ctoritas
2140 5053 2299 5108 ﬁrma
2354 5052 2657 5119 habeatur,
2713 5058 2774 5106 et
2825 5066 2923 5123 per
2962 5048 3148 5105 futura
3202 5057 3449 5120 tempora

1862 5149 2056 5205 melius
2074 5152 2446 5215 conservetur,
2465 5145 2531 5202 de
2550 5143 2750 5200 annulo
2768 5151 2957 5200 nostro
2975 5143 3167 5200 subtus
3181 5140 3447 5215 iussimus

1862 5239 2106 5314 sigillari.

1931 5333 2220 5389 Durandus
2247 5332 2508 5388 diaconus
2532 5332 2601 5388 ad
2619 5331 2795 5387 vicem
2818 5326 3083 5400 Fridegisi
3111 5324 3443 5398 recognovit.

1933 5425 2074 5482 Data
2111 5441 2167 5482 tv
2204 5424 2325 5481 Kal.
2358 5422 2695 5495 Septembris
2714 5461 2731 5489 ,
2779 5433 2923 5477 anno
2957 5417 3175 5474 Christo
3212 5413 3449 5486 propitio

1865 5519 1934 5577 10
1960 5518 2177 5591 imperii
2213 5517 2397 5574 domui
2433 5513 2691 5572 Ludovici
2727 5510 2959 5585 piissimi
2992 5506 3252 5580 Augusti,
3302 5504 3444 5560 indi-

1864 5616 2046 5673 ctione
2081 5615 2133 5669 1.
2187 5612 2383 5670 Actum
2421 5610 2814 5667 Construentes
2857 5604 3042 5679 [Forte
3077 5593 3445 5671 Conﬂuentes]

1864 5724 2028 5781 super
2051 5706 2355 5775 Mosellam,
2382 5704 2440 5764 in
2467 5702 2566 5762 Dei
2593 5700 2812 5761 nomine
2833 5698 3086 5758 feliciter.
3120 5692 3314 5749 Amen.

2138 5984 2142 5989 .
2245 5968 2290 5989 hr-
