4048 6350
515 365 655 426 1127

507 579 612 634 bus
641 575 745 630 illis
771 588 889 642 quae
932 570 1156 642 praefato
1182 571 1303 626 loco
1325 571 1525 626 donata
1560 578 1686 625 sunt
1716 570 1802 626 vel
1837 571 2088 626 donanda

503 674 681 731 erunt,
715 664 930 720 auferre
957 663 1044 720 vel
1071 664 1375 720 diminuere
1406 683 1420 718 :
1455 663 1552 719 sed
1578 664 1983 732 omnia-libere,
2012 666 2090 721 in-

505 765 655 829 tegrc
681 766 736 812 et
761 757 1080 812 inconcusse
1104 756 1306 811 ibidem
1330 755 1442 812 Deo
1471 756 1865 813 famulantibus
1888 758 1940 813 in
1969 774 2089 830 per-

500 857 722 920 petuum
749 847 1076 903 deserviant.
1110 846 1168 901 Si
1196 847 1321 917 quis
1351 855 1534 903 autem
1565 849 1632 904 de
1663 849 1819 904 bonis
1844 848 2088 919 ejusdem

501 938 745 994 ecclesia:
785 937 889 992 sibi
921 937 1218 1007 quidquam
1247 937 1378 993 velit
1419 940 1698 997 attrahere
1724 940 1860 996 falsa
1895 956 2089 995 causa-

499 1048 622 1088 rum
667 1030 1046 1096 aﬁirmatione,
1091 1031 1315 1086 omnino
1359 1047 1467 1088 non
1509 1032 1685 1097 liceat,
1715 1033 1817 1088 nisi
1859 1034 1912 1088 in
1942 1049 2086 1104 prm-

499 1123 676 1178 sentia
721 1123 1056 1194 primatnum
1107 1124 1282 1193 regni,
1315 1139 1384 1178 ne
1430 1123 1580 1180 locus
1627 1125 1761 1179 falsa
1797 1126 2086 1181 occasione

499 1217 854 1287 deprimatur.
903 1216 1193 1272 Advocatis
1222 1232 1376 1282 vero,
1415 1234 1554 1288 quos
1600 1220 1873 1274 nescimus
1899 1218 2086 1290 quales

497 1308 667 1364 futuri
709 1308 837 1374 sint,
864 1325 932 1364 ex
976 1315 1132 1378 parte
1179 1308 1276 1364 Dei
1320 1318 1376 1364 et
1404 1320 1591 1365 nostra
1629 1312 1979 1381 imperamus,
2025 1321 2087 1367 ut

497 1400 676 1455 nullos
705 1401 1118 1466 subadvocatos,
1149 1410 1457 1468 exactores,
1489 1403 1773 1474 nullosque
1801 1404 2006 1476 legatos
2029 1405 2084 1458 in

500 1491 689 1546 eodem
722 1489 838 1545 loco
872 1490 955 1544 vel
1001 1490 1056 1544 in
1106 1493 1324 1547 cunctis
1353 1491 1470 1560 ejus
1501 1495 1834 1564 appendiciis
1881 1504 2086 1564 ponant

496 1581 582 1635 vel
613 1580 889 1634 habeant:
937 1580 1033 1634 sed
1080 1579 1196 1650 ipse
1223 1582 1543 1648 advocatus,
1582 1584 1670 1636 cui
1698 1599 1799 1639 nos
1837 1583 1921 1638 vel
1962 1599 2084 1638 suc-

495 1687 741 1730 cessores
783 1670 959 1726 nostri
1003 1672 1247 1728 bannum
1305 1690 1468 1744 super
1522 1674 1795 1729 abbatiam
1835 1675 2081 1730 eamdem

497 1764 766 1827 dabimus,
810 1760 954 1817 illius
993 1764 1237 1819 ecclesia:
1265 1764 1399 1820 locis
1425 1765 1660 1836 benigne
1689 1766 2000 1836 provideat,
2031 1773 2085 1818 et

1605 363 1928 423 LUDOVICI
1964 364 1986 420 l
2023 360 2494 422 COGNOMENTO
2529 361 2617 419 PII

510 485 583 540 tis
610 479 856 553 requirat
878 477 964 534 vel
987 483 1327 549 extorqueat,
1357 493 1535 550 neque
1564 478 1768 549 aliquid
1798 481 1866 536 de
1907 479 2089 535 omni-
2118 479 2172 541 Α

3639 365 3783 426 {1%

2513 581 2616 624 PRO
2645 579 2981 622 ιοΝΑετειιιο
3009 577 3250 619 (ΣΟΒΒΕῙΒ
3280 575 3455 620 πίονι.

2789 658 2982 731 (Ληηο
3021 656 3192 729 823.)

2190 751 2386 829 [Apud
2418 753 2658 820 Mabill.,
2695 753 2812 806 Act.
2851 749 2953 806 SS.
2991 748 3208 829 ord.__§._
3246 747 3473 829 Damt,
3510 763 3645 807 saec.
3684 766 3743 808 tv
3767 793 3784 821 ,

2679 831 2825 895 part.
2857 837 2914 888 ι,
2949 835 3074 892 pag.
3109 820 3284 894 524.]

2257 935 2316 992 In
2354 937 2570 993 nomine
2611 935 2823 991 Domini
2862 933 2959 989 Dei
2995 942 3051 989 et
3089 931 3390 989 Salvatoris
3423 934 3608 990 nostri
3660 931 3792 990 Iesu

2186 1025 2430 1095 Christi,
2491 1029 2797 1084 Ludovicus
2855 1025 3037 1082 divina
3091 1025 3378 1082 ordinante
3433 1026 3790 1096 providentia

2187 1120 2482 1191 imperator
2518 1120 2813 1191 Augustus.

2255 1211 2539 1267 Neminem
2571 1211 2805 1265 ﬁdelium
2835 1217 3144 1266 nostrorum
3173 1209 3423 1265 dubitare
3452 1209 3750 1265 credimus
3772 1251 3786 1276 ,

2184 1317 2345 1372 quam
2385 1319 2636 1374 magnum
2674 1301 2944 1372 quondam
2979 1303 3207 1357 domnus
3234 1312 3291 1356 et
3333 1303 3558 1372 genitor
3603 1313 3795 1357 noster

2184 1392 2412 1448 Carolus
2440 1393 2940 1449 Christianissimus
2982 1394 3277 1465 imperator
3302 1413 3426 1451 cum
3474 1395 3791 1452 Saxonibus

2184 1482 2348 1536 subiit
2377 1482 2653 1549 laborem,
2687 1493 2746 1538 ut
2777 1501 2871 1540 eos
2901 1486 2967 1540 ad
2994 1487 3323 1557 agnitionem
3352 1503 3500 1542 vera:
3534 1488 3670 1542 ﬁdei
3703 1487 3792 1541 ad.

2184 1573 2409 1628 duceret
2452 1594 2463 1628 :
2512 1577 2655 1645 quod
2709 1585 2764 1631 et
2811 1577 2990 1632 divina
3030 1577 3204 1647 gratia
3240 1586 3613 1648 cooperante,
3654 1578 3793 1632 sicut

2181 1668 2417 1737 optavit,
2458 1668 2657 1725 ell'ecit.
2694 1669 2803 1726 Nos
2833 1687 2964 1726 vero
3000 1672 3056 1726 in
3091 1672 3208 1740 ejus
3241 1672 3377 1727 solio
3413 1673 3650 1742 superni
3689 1671 3796 1726 Nu-

2185 1760 2348 1815 minis
2377 1760 2520 1816 dono
2561 1762 2864 1829 sublimati,
2897 1764 3110 1818 cuidam
3140 1763 3438 1820 venerabili
3465 1766 3592 1819 viro
3626 1765 3791 1819 Adal-

496 1855 665 1912 semel
693 1856 749 1909 in
779 1867 922 1907 anno
951 1855 1227 1926 publicum
1258 1857 1515 1926 placitum
1562 1857 1703 1927 apud
1750 1855 1934 1911 villam
1961 1872 2082 1925 quae
2109 1840 2157 1900 Β
2185 1849 2355 1904 hardo
2390 1852 2505 1906 seni
2542 1853 2723 1908 abbati
2762 1870 2827 1909 ex
2874 1857 3207 1910 monasterio
3254 1854 3407 1924 cujus
3450 1857 3792 1911 vocabulum

490 1958 718 2004 vocatur
745 1948 1127 2015 Covvenheim,
1177 1949 1268 2003 ubi
1299 1949 1457 2004 sedes
1486 1956 1569 2003 est
1599 1946 1887 2016 judiciaria
1919 1949 2086 2003 totius

491 2041 742 2102 abbatiae,
792 2049 994 2107 teneat,
1027 2057 1153 2097 cum
1206 2040 1314 2095 illis
1347 2049 1530 2096 tamen
1563 2040 1654 2110 qui
1687 2043 1830 2110 quod
1874 2040 2084 2110 justum

495 2143 580 2191 est
607 2136 782 2190 sciant
807 2145 864 2190 et
891 2137 1138 2206 diligant,
1162 2144 1217 2192 et
1245 2136 1320 2192 ibi
1349 2137 1603 2192 omnibus
1624 2136 1878 2205 injuriam
1907 2137 2084 2207 passis

493 2231 791 2284 secundum
835 2229 1058 2286 idoneos
1105 2227 1347 2299 ejusdem
1377 2229 1564 2300 p0puli
1611 2229 1823 2298 judices
1855 2238 2082 2283 caetero-

492 2336 722 2390 rumque
747 2336 1072 2378 consensum
1093 2322 1364 2394 justitiam
1396 2321 1562 2376 faciat
1603 2340 1614 2375 :
1649 2337 1751 2376 nec
1781 2322 1979 2392 aliquis
2017 2323 2083 2378 de

489 2417 606 2466 tota
632 2409 856 2476 familia,
887 2411 1036 2466 dives
1069 2427 1162 2467 seu
1191 2427 1416 2483 pauper,
1453 2418 1601 2466 terra
1629 2425 1728 2464 sua
1755 2420 1810 2465 et
1833 2409 1956 2479 jure
1981 2426 2083 2467 suo

489 2503 754 2572 privetur,
781 2503 887 2558 nisi
912 2503 964 2557 in
996 2503 1252 2573 przedicto
1294 2503 1414 2558 loco
1456 2502 1733 2557 communi
1775 2503 2080 2572 sapientum

487 2589 688 2662 judicio
716 2613 727 2648 :
760 2603 816 2649 et
845 2594 898 2648 in
924 2595 1041 2665 ipsa
1064 2595 1151 2650 die
1177 2595 1378 2664 publici
1402 2594 1587 2665 placiti
1615 2595 1891 2649 abbatissa
1920 2595 2085 2650 advo-

486 2695 609 2742 cato
621 2697 675 2742 et
687 2688 799 2742 suis
814 2689 1094 2743 servitium
1109 2691 1337 2744 honeste
1349 2689 1605 2744 exhibeat
1619 2695 1674 2742 et
1703 2689 1795 2742 det
1816 2707 1827 2742 :
1847 2696 1903 2743 et
1921 2689 2078 2758 quid-

487 2780 617 2849 quid
637 2781 723 2836 vel
744 2783 1052 2854 ubicunque
1079 2783 1193 2854 ipse
1232 2785 1534 2840 advocatus
1569 2784 1624 2838 in
1645 2785 1862 2839 abbatia
1911 2785 2082 2855 placi-

487 2871 652 2926 tando
681 2875 996 2942 acquisierit
1014 2917 1028 2940 ,
1057 2877 1332 2932 abbatissa
1345 2879 1479 2932 duas
1494 2887 1679 2949 partes
1693 2879 1927 2949 accipiat
1946 2919 1960 2944 ,
1988 2879 2080 2935 ille

485 2963 936 3021 tertiam.Cleriei
959 2982 1087 3022 vero
1111 2969 1261 3022 etilli
1292 2969 1412 3023 laici
1437 2970 1528 3040 qui
1556 2984 1754 3040 genere
1779 2980 1836 3024 et
1865 2954 2079 3026 morum

485 3051 769 3112 honestate
781 3055 1002 3113 familiae
1014 3067 1334 3129 prmsunt,et
1351 3060 1596 3116 ecclesise
1610 3064 1942 3132 praesunt,ad
1957 3063 2078 3118 nul-

483 3141 597 3199 lum
625 3149 904 3204 servitium
934 3151 1127 3206 servile
1159 3159 1445 3221 cogantur,
1481 3153 1566 3207 vel
1595 3155 1651 3208 in
1684 3170 1938 3226 corpore,
1991 3154 2076 3211 vel

484 3235 542 3292 in
580 3239 742 3296 rebus
787 3255 1008 3308 eorum;
1055 3243 1150 3298 sed
1179 3243 1468 3298 abbatissa:
1503 3243 1740 3300 ﬁdeliter
1772 3262 1837 3301 ac
1887 3247 2078 3302 devote

483 3326 830 3397 famulentur,
861 3348 996 3401 quos
1025 3341 1080 3387 et
1109 3334 1224 3402 ipsa
1252 3349 1359 3388 non
1389 3343 1448 3388 ut
1480 3349 1668 3389 servos
1693 3377 1707 3401 ,
1753 3335 1849 3391 sed
1874 3344 1936 3391 ut
1961 3351 2078 3390 ma-

488 3426 574 3473 ter
619 3421 757 3477 ﬁlios
787 3430 1022 3478 traetare
1053 3425 1232 3479 debet.
1269 3425 1343 3480 Ut
1373 3434 1555 3480 autem
1596 3441 1940 3482 successores
1980 3442 2079 3482 no-

488 3511 588 3564 stri
624 3527 778 3584 reges
812 3514 898 3568 vel
935 3514 1291 3585 imperatores
1322 3533 1509 3573 curam
1555 3517 1797 3587 ejusdem
1835 3519 2079 3574 ecclesia:

492 3605 752 3672 habeant,
785 3611 1166 3666 constituimus
1191 3620 1250 3665 ut
1279 3613 1708 3682 quotiescunque
1733 3629 1829 3668 rex
1861 3613 1946 3668 vel
1973 3613 2078 3667 im-

488 3707 712 3768 perator
749 3699 1030 3756 Romanus
1062 3701 1332 3759 Basileam
1385 3704 1586 3770 veniat,
1644 3705 1899 3775 quaelibet
1935 3705 2076 3760 lioba

489 3789 574 3843 vel
604 3806 825 3846 mansus
851 3794 920 3847 ad
948 3793 1231 3848 servitium
1256 3793 1373 3863 ejus
1399 3810 1476 3849 xn
1503 3811 1754 3849 nummos
1780 3778 2071 3866 persolvat.

487 3880 832 3952 Quaecunque
872 3899 1001 3954 ergo
1042 3894 1237 3956 potens
1285 3901 1539 3956 persona,
1592 3887 1908 3951 advocatus,
1961 3887 2074 3942 sive

488 3974 627 4029 alius
665 3976 953 4046 quisquam
994 3977 1109 4033 haec
1147 3977 1368 4034 decreta
1409 3988 1598 4035 nostra
1646 3979 1946 4050 infregerit,
1993 3979 2073 4034 ira

490 4066 608 4130 Dei,
647 4075 704 4122 et
743 4069 986 4124 omnium
1020 4079 1357 4136 sanctorum,
1408 4079 1463 4125 et
1490 4071 1755 4126 tremendi
1781 4071 1990 4142 judicii,
2019 4080 2074 4128 et

484 4168 674 4214 nostra
725 4161 1131 4228 contremiscat,
1181 4169 1237 4216 et
1263 4170 1358 4216 aut
1388 4161 1526 4217 ﬁnes
1575 4161 1730 4232 regni
1759 4170 1940 4227 exeat,
1977 4170 2073 4217 aut

486 4250 711 4321 triginta
741 4249 907 4306 libras
936 4251 1054 4306 auri
1080 4251 1273 4322 optimi
1300 4251 1370 4306 ad
1401 4252 1592 4307 ﬁscum
1623 4252 1790 4322 regis,
1819 4253 2072 4309 restituto

423 4397 429 4404 ,
487 4344 637 4414 prius
681 4345 925 4401 ecclesiae
975 4346 1176 4402 damno
1221 4343 1513 4415 persolvat.
1545 4345 1674 4402 Haec
1701 4354 1902 4417 _autem
1946 4355 2074 4402 sunt

418 4428 426 4476 ἓ
484 4436 703 4490 nomina
741 4437 988 4492 villarum
1027 4445 1083 4492 et
1127 4437 1373 4493 locorum
1402 4437 1457 4492 in
1501 4438 1702 4508 quibus
1731 4439 1956 4510 praefata
1983 4455 2073 4494 ec-

481 4526 651 4583 clesia
689 4529 853 4584 habet
876 4528 1238 4600 proprietates
1283 4536 1340 4584 et
1375 4529 1750 4600 possessiones
1777 4537 1932 4585 extra
1959 4530 2074 4584 val-

484 4617 614 4687 lem,
645 4637 765 4691 quze
793 4621 948 4676 vallis
988 4629 1178 4676 tenens
1203 4619 1444 4676 bannum
1472 4627 1528 4676 et
1558 4621 1762 4684 munia,
1795 4622 2076 4692 protendi-

486 4719 577 4766 tur
627 4728 657 4766 a
711 4713 1061 4769 Gowenheim
1110 4727 1285 4782 usque
1334 4711 1402 4768 ad
1459 4713 1827 4767 summitatem
1876 4713 2078 4768 montis

486 4802 771 4869 Grazonis,
817 4803 1244 4868 Brunhobetum,
1287 4801 1628 4866 Giltewillre,
1678 4803 2076 4870 Dannamaria,

485 4895 704 4964 Werza,
722 4897 1066 4970 Boyseigum,
1079 4897 1350 4962 Rotbacb,
1375 4894 1840 4962 Balderchedorﬁ‘,
1871 4895 2078 4966 Spech-

487 4986 644 5052 bach,
689 4988 1016 5060 Rollingum,
1073 4987 1466 5053 Morschviller,
1516 4987 1911 5052 Zullenslieim,
1944 4987 2078 5042 Ves-

489 5078 652 5147 pacb,
677 5077 1078 5145 Stennenbrun,
1106 5079 1450 5144 Bruchbach,
1481 5078 1917 5138 Richenesheim,
1937 5076 2076 5130 Mul-

489 5165 784 5236 lenhusen,
820 5169 1250 5242 Enisigesheim,
1300 5168 1558 5233 Uﬁ‘lioltz,
1611 5167 2075 5234 Herlichesheim,

489 5259 864 5330 Ongersheim,
912 5262 1321 5334 Sigoltesheim,
1382 5260 1775 5330 Langenheim,
1815 5257 2076 5329 Sigenes-

491 5348 658 5405 heim.

563 5437 784 5495 Simeon
815 5441 1072 5500 diaconus
1098 5445 1168 5500 ad
1196 5445 1373 5500 vicem
1401 5444 1672 5516 Fridugisi
1701 5447 2074 5504 archicancel-

490 5531 614 5589 larii
644 5535 956 5604 recognovi.

562 5631 698 5687 Data
725 5649 779 5689 xx
807 5631 1075 5689 Kalendas
1103 5633 1291 5700 Julias,
1322 5651 1465 5691 anno
1492 5634 1710 5691 Christo
1744 5638 1979 5708 propitio
2004 5638 2073 5694 l0

495 5723 706 5795 imperii
733 5725 937 5782 domini
959 5726 1187 5795 piissimi
1209 5728 1456 5800 Augusti,
1485 5731 1780 5788 indictione
1803 5732 1854 5787 l.
1877 5731 2073 5789 Actum

493 5813 819 5876 Francolurt
844 5817 1046 5892 palatio
1071 5817 1319 5876 feliciter.
1351 5822 1545 5879 Amen.

2187 1951 2271 1997 est
2309 1941 2539 1998 Corbcia
2566 1985 2579 2009 ,
2620 1946 2675 1999 in
2715 1947 2902 2001 eadem
2942 1947 3218 2016 provincia
3258 1948 3499 2002 Saxonia
3537 1950 3611 2002 ob
3654 1966 3794 2005 mer-

2184 2030 2334 2087 cedis
2382 2043 2582 2088 nostrze
2633 2045 2979 2104 augmentum
3030 2039 3421 2093 monasterium
3461 2047 3795 2094 construere

2176 2119 2468 2190 iussimus,
2527 2134 2583 2182 et
2631 2127 2700 2180 ad
2753 2128 2896 2182 idem
2947 2129 3254 2184 ecenobium
3305 2130 3686 2186 dedicandum
3735 2149 3794 2186 ex

2182 2230 2342 2272 sacro
2378 2219 2582 2289 palatio
2617 2234 2646 2273 a
2683 2219 2888 2290 capella
2926 2230 3112 2276 nostra
3162 2223 3407 2277 misimus
3441 2223 3796 2278 venerabiles

2182 2323 2250 2365 ac
2290 2322 2668 2369 sacros-auctas
2695 2313 2953 2384 reliquias
2993 2315 3139 2369 beati
3177 2314 3436 2385 Stephani
3473 2326 3796 2386 protomar-

2182 2401 2352 2473 tyris,
2391 2419 2552 2475 super
2587 2404 2868 2473 Wiseraa,
2907 2406 2964 2460 in
2998 2405 3123 2460 villa
3159 2407 3306 2477 regia
3328 2447 3342 2471 ,
3376 2407 3434 2460 in
3471 2406 3605 2461 loco
3648 2423 3792 2460 nun-

2181 2499 2415 2561 cupante
2445 2494 2644 2549 dudum
2675 2494 2879 2550 Huxori
2912 2513 2924 2549 :
2956 2505 3016 2551 ut
3042 2498 3168 2566 quia
3197 2506 3420 2552 auctore
3446 2498 3567 2552 Deo
3597 2498 3796 2566 praedi-

2182 2592 2302 2640 ctus
2351 2586 2488 2642 diva:
2539 2589 2818 2644 memoriae
2867 2590 3101 2645 domnus
3148 2599 3203 2644 et
3248 2591 3464 2662 genitor
3500 2599 3707 2644 noster
3745 2591 3796 2643 in

2183 2678 2376 2733 eadem
2429 2689 2590 2751 gente
2637 2681 2871 2751 primum
2916 2681 3239 2736 Christiame
3283 2681 3574 2752 religionis
3626 2681 3794 2736 ﬁdem

2187 2771 2527 2828 conﬁrmavit
2557 2792 2572 2838 ;
2607 2775 2684 2828 ita
2722 2784 2778 2830 et
2805 2790 2904 2830 nos
2934 2773 3000 2828 ad
3035 2774 3496 2845 augmentandum
3537 2774 3791 2828 solidan-

2187 2864 2423 2934 dumque
2452 2865 2694 2944 ejusdem
2724 2866 2848 2921 ﬁdei
2879 2866 3118 2937 vigorem
3137 2906 3152 2932 ,
3182 2867 3419 2936 primum
3447 2866 3795 2920 monachica

2183 2956 2463 3027 religionis
2516 2959 2766 3013 ordinem
2821 2957 2930 3012 illic
2986 2959 3312 3012 servandum
3373 2957 3792 3026 tenendumque

2182 3050 2562 3105 constituimus
2587 3067 2600 3104 :
2633 3052 2776 3120 quod
2802 3050 2875 3104 ita
2900 3049 3201 3120 opitulante
3227 3049 3640 3119 Omnipotentis
3669 3064 3791 3120 gra-

2187 3143 2258 3198 tia
2292 3143 2361 3197 ad
2386 3142 2635 3198 effectum
2665 3142 2742 3197 rei
2769 3142 3045 3212 pervenit,
3078 3149 3135 3196 et
3161 3141 3420 3212 praedicto
3450 3141 3791 3195 monasterio

2183 3234 2306 3290 ideo
2337 3233 2568 3290 Corbeia
2597 3249 2794 3289 nomen
2823 3233 3138 3304 impositum
3167 3241 3283 3298 est,
3315 3247 3382 3287 eo
3413 3232 3566 3302 quod
3599 3232 3669 3286 de
3700 3248 3790 3284 an-

2183 3323 2337 3394 tiquo
2370 3325 2607 3394 quodam
2642 3323 2976 3379 monasterio
3027 3322 3257 3378 Corbeia
3304 3322 3574 3394 praedicto
3620 3320 3789 3375 Adal-

2183 3417 2353 3472 liardo
2375 3417 2559 3473 abbati
2580 3417 2696 3472 seni
2717 3457 2732 3481 ,
2759 3417 2845 3471 cui
2871 3416 3014 3470 hanc
3041 3429 3228 3470 curam
3253 3412 3784 3468 commiseramus...

2181 3520 2462 3580 assumpto
2492 3527 2677 3567 secum
2709 3527 2971 3582 germano
3002 3526 3102 3566 suo
3136 3509 3360 3564 Walone
3399 3523 3526 3564 cum
3571 3509 3786 3564 caeteris

2180 3605 2405 3674 quantis
2440 3614 2496 3660 et
2529 3605 2726 3675 quibus
2763 3607 3050 3675 oportebat
3081 3605 3389 3671 monachis,
3431 3604 3581 3659 infra
3631 3621 3784 3662 eam—

2179 3695 2301 3750 dem
2336 3697 2671 3765 provinciam
2707 3697 2886 3752 locum
2931 3708 3116 3768 aptum
3162 3708 3217 3753 et
3264 3713 3568 3767 congruum
3618 3697 3788 3768 elige-

2177 3798 2303 3844 rent
2353 3808 2366 3844 :
2407 3799 2571 3860 atque
2622 3790 2735 3857 ibi,
2787 3799 2950 3860 prout
2996 3790 3352 3862 Opportunius
3397 3806 3521 3846 esse
3573 3791 3787 3861 potuis—

2175 3893 2288 3950 set,
2339 3883 2625 3955 pmefatum
2679 3884 3069 3940 monasterium
3116 3884 3421 3940 stabilirent
3452 3894 3625 3954 atque
3655 3899 3786 3938 con-

2175 3983 2470 4031 struerent.
2496 3975 2700 4030 Idcirco
2726 3975 2931 4045 placuit
2958 3975 3293 4030 excellentiae
3321 3983 3522 4030 nostra:
3556 3984 3618 4028 ut
3646 3991 3787 4046 prae-

2163 4071 2377 4127 -dietam
2412 4069 2596 4124 villam
2621 4110 2636 4136 ,
2673 4085 2792 4140 qua:
2831 4068 3031 4124 dicitur
3069 4068 3312 4135 Huxori,
3352 4083 3476 4122 cum
3521 4069 3785 4124 omnibus

2173 4163 2374 4219 ﬁnibus
2401 4164 2488 4218 vel
2515 4163 2762 4218 terminis
2788 4164 2921 4230 suis,
2951 4172 3007 4218 et
3034 4179 3157 4218 cum
3188 4162 3336 4218 silvis
3357 4204 3370 4229 ,
3395 4162 3595 4227 terris,
3626 4163 3785 4231 aquis

2175 4269 2546 4324 aquarumque
2589 4255 2940 4320 decursibus,
2990 4271 3114 4310 eum
3160 4242 3411 4311 omnibus
3456 4252 3783 4321 adjacentiis

2175 4354 2231 4400 et
2265 4346 2598 4416 appendiciis
2635 4347 2751 4402 suis
2787 4348 2856 4402 ad
2896 4347 3039 4402 idem
3075 4346 3467 4402 monasterium
3507 4361 3611 4414 per
3637 4344 3783 4399 hanc

2177 4440 2564 4496 auctoritatem
2592 4439 2716 4508 jure
2751 4450 3016 4512 perpetuo
3051 4441 3334 4505 conferre,
3376 4450 3431 4496 et
3479 4439 3547 4494 de
3590 4451 3781 4494 nostro

2099 4576 2154 4637 Β
2171 4527 2297 4599 jure
2345 4530 2400 4584 in
2448 4531 2540 4602 jus
2584 4539 2639 4587 et
2685 4531 3109 4587 dominationem
3157 4531 3403 4602 prmdicti
3453 4533 3780 4586 monasterii

2178 4623 2597 4694 praesentialiter
2641 4624 2900 4679 tradere:
2935 4639 3036 4680 nec
3075 4638 3184 4678 non
3215 4631 3269 4678 et
3299 4638 3386 4678 res
3420 4637 3516 4678 seu
3556 4639 3781 4694 posses-

2177 4715 2361 4770 siones
2387 4730 2508 4785 qua:
2535 4730 2567 4768 a
2599 4715 2767 4770 Deum
2797 4715 3144 4780 timentibus,
3174 4713 3260 4769 vel
3292 4713 3462 4769 Deum
3495 4715 3778 4785 diligenti-

2177 4806 2280 4863 bus
2319 4806 2628 4864 Saxonibus
2662 4808 2804 4863 infra
2845 4809 3019 4879 ipsam
3059 4807 3351 4863 Saxoniam
3386 4807 3455 4863 ad
3493 4809 3601 4864 hoc
3642 4826 3777 4880 opus

2179 4898 2545 4954 inchoandum
2599 4900 2686 4955 vel
2745 4899 3076 4970 adiutorium
3139 4900 3508 4970 praestandum
3561 4902 3775 4956 collata:

2180 4999 2338 5058 sunt,
2379 5006 2474 5062 per
2511 4991 2652 5046 hanc
2704 4992 3083 5046 auctoritatem
3117 4992 3474 5055 conﬁrmare,
3513 4992 3683 5045 etiam
3722 4999 3774 5044 et

2180 5100 2270 5141 res
2315 5100 2437 5154 quae
2473 5086 2541 5140 ad
2581 5084 2944 5155 antiquiorem
2977 5083 3265 5139 Corbeiam
3302 5084 3517 5138 tradita:
3549 5082 3773 5138 fuerunt

2180 5177 2324 5232 infra
2382 5179 2530 5247 ipsos
2586 5177 2911 5247 supradicta:
2969 5175 3219 5231 Saxonize
3252 5174 3422 5241 ﬁnes,
3469 5173 3526 5229 in
3575 5176 3768 5234 terris,

2180 5271 2363 5334 silvis,
2409 5269 2644 5341 campis,
2688 5270 2892 5339 pratis,
2935 5268 3191 5340 pascuis,
3236 5266 3392 5337 aquis
3431 5282 3770 5336 aquarumve

2181 5362 2498 5418 decursibus
2544 5361 2780 5432 propriis
2822 5360 2908 5416 vel
2952 5359 3359 5426 communibus,
3403 5359 3657 5414 domibus
3702 5374 3768 5412 ac

2180 5453 2452 5519 aediﬁciis,
2483 5452 2566 5506 vel
2601 5452 2752 5522 prius
2789 5451 3021 5518 habitis,
3058 5451 3144 5506 vel
3172 5459 3360 5523 postea
3388 5451 3719 5505 constructis
3749 5465 3763 5513 ;

2177 5546 2460 5615 mancipiis
2507 5560 2720 5616 quoque
2771 5545 2970 5600 diversi
3015 5544 3232 5615 generis
3276 5542 3362 5598 vel
3404 5543 3765 5602 conditionis.

2177 5636 2467 5692 mobilibus
2493 5637 2576 5692 vel
2609 5637 2997 5704 immobilibus,
3025 5636 3214 5692 datum
3239 5636 3324 5692 vel
3353 5634 3611 5691 traditum
3643 5633 3762 5696 fuit,

2178 5744 2301 5785 cum
2348 5728 2495 5783 omni
2544 5728 2856 5797 integritate
2903 5728 2969 5783 ad
3010 5728 3326 5798 praedictum
3373 5725 3762 5781 monasterium

2174 5837 2284 5879 una
2332 5834 2457 5877 cum
2506 5833 2776 5876 consensu
2825 5817 3032 5890 praefati
3077 5818 3294 5878 abbatis
3334 5817 3419 5873 vel
3462 5830 3760 5888 congrega-
