4048 6350
259 353 390 415 1129

1365 344 1762 415 DlPLOMA’I‘A
1795 344 2365 414 ECCLESIASTICA’.’

3367 357 3504 421 1150

259 471 412 527 tionis
442 468 560 542 ejus
587 464 785 525 celebrt
813 462 1098 524 donatione
1121 466 1468 537 contulimus,
1489 477 1546 526 et
1564 476 1826 541 perpetuo
1849 471 1906 533 Α
1927 467 2129 524 bilibns
2167 467 2334 524 divini
2368 465 2544 524 cultus
2577 481 2764 524 amore
2806 469 3082 540 favemus,
3125 475 3344 545 superni
3388 492 3509 553 mu-_

257 564 528 621 monachis
559 563 759 621 ibidem
789 562 900 620 Deo
927 561 1314 630 militantibus,
1346 563 1415 619 ad
1445 561 1830 634 possidendum

256 656 648 727 frnendumque
711 654 1080 712 concessimus
1145 663 1307 726 atque
1368 655 1828 711 conﬁrmavimus.

252 747 371 804 Ideo
401 755 579 802 autem
611 747 684 802 ita
717 746 836 801 ﬁeri
866 746 1062 801 debere
1092 745 1414 801 rationabile
1437 745 1828 816 judicavimus,

254 845 310 891 ut
341 838 466 906 quia
501 837 786 892 constabat
819 835 1133 906 praedictum
1171 834 1349 890 locum
1395 850 1461 890 ex
1513 836 1830 891 monasterii

252 927 442 998 prioris
467 925 712 983 Corbeiac
739 927 1023 982 monachis
1051 935 1420 983 constructum
1449 943 1592 994 esse,
1621 935 1676 982 et
1702 927 1830 997 quia

255 1021 302 1075 in
332 1021 477 1076 omni
508 1020 627 1076 loco
659 1020 751 1075 uni
786 1020 1010 1076 Domino
1047 1021 1300 1086 servitur,
1332 1021 1426 1074 uni
1466 1019 1600 1091 Regi
1632 1019 1832 1074 milita-

255 1119 356 1177 tur,
408 1112 628 1182 dignum
678 1119 796 1166 erat
841 1119 902 1166 ut
948 1113 1320 1182 possessiones
1368 1112 1470 1168 illa:
1516 1113 1831 1168 eorumdem

254 1205 640 1258 monachorum
703 1204 976 1272 obsequiis
1037 1207 1465 1275 deputarentur,
1534 1204 1624 1274 qui
1690 1204 1832 1260 infra

253 1295 418 1365 ipsam
462 1294 800 1366 provinciam
840 1295 1083 1366 ejusdem
1118 1296 1429 1351 monasterii
1469 1296 1628 1367 primi
1663 1295 1833 1351 tradili-

255 1394 463 1442 catores
493 1394 548 1440 et
579 1394 838 1456 perpetuo
870 1386 1203 1442 habitatores
1233 1388 1287 1442 in
1317 1388 1707 1458 omnipotentis
1735 1389 1830 1444 Dei

253 1476 471 1532 servitio
498 1477 597 1532 sub
625 1486 810 1532 sancta
840 1478 1023 1548 regula
1051 1479 1290 1548 deputati
1319 1478 1487 1535 fuisse
1512 1489 1828 1536 noscuntur.

252 1563 380 1620 Nam
411 1568 457 1621 si
484 1564 625 1622 forte
656 1566 779 1622 talis
811 1579 957 1622 esset
985 1583 1150 1623 causa
1180 1577 1240 1624 ut
1269 1570 1408 1625 idem
1437 1570 1589 1626 locus
1618 1587 1684 1626 ex
1709 1586 1834 1643 pro-

250 1657 382 1728 priis
433 1658 486 1712 in
531 1658 721 1713 eadem
767 1661 1046 1731 provincia
1095 1662 1196 1717 sibi
1247 1661 1456 1718 collatis
1503 1662 1834 1733 nequivisset

251 1749 539 1806 subsistere
575 1752 766 1818 rebus,
805 1752 1023 1822 dignum
1059 1763 1176 1808 erat
1213 1762 1272 1808 ut
1313 1755 1379 1809 de
1412 1755 1610 1825 prioris
1645 1771 1834 1812 mona-

254 1842 404 1897 sterii
431 1844 593 1899 rebus
613 1884 627 1910 ,
654 1842 1003 1917 benignitatis
1029 1863 1124 1903 seu
1151 1847 1434 1905 charitatis
1457 1866 1643 1918 causa,
1671 1860 1832 1922 prout

251 1947 311 1988 ex
342 1943 577 2006 utraque
603 1946 757 2007 parte
785 1939 1180 1996 rationabiliter
1205 1957 1326 1998 esse
1353 1943 1649 2013 potuisset,
1682 1944 1832 2017 larga

253 2038 441 2079 manus
466 2027 670 2097 porrigi
700 2027 1010 2084 debuisset:
1045 2039 1248 2100 quanto
1286 2034 1458 2105 magis
1497 2035 1563 2090 de
1600 2035 1686 2092 his
1713 2051 1833 2106 qua:

253 2112 389 2170 infra
427 2117 671 2172 eamdem
705 2120 1039 2188 provinciam
1078 2121 1322 2190 collatae,
1364 2133 1425 2179 ut
1463 2125 1665 2181 dictum
1705 2134 1789 2182 est
1813 2168 1829 2194 ,

251 2205 400 2276 prius
443 2204 612 2262 fuisse
652 2219 968 2277 noscuntur,
1019 2228 1143 2267 cum
1183 2214 1330 2269 omni
1373 2215 1706 2287 benignitate
1745 2233 1832 2272 ar-

253 2296 566 2353 dentissimo
627 2299 910 2357 charitatis
966 2301 1164 2358 affectu
1222 2304 1460 2376 largiri?
1515 2307 1832 2365 Statuentes

253 2390 416 2445 etiam
445 2389 814 2459 decernimus,
848 2400 1012 2464 atque
1037 2408 1134 2464 per
1160 2393 1259 2451 bos
1301 2395 1606 2466 imperiales
1649 2399 1831 2469 apices

255 2485 526 2539 sancimus
545 2524 559 2550 ,
589 2494 649 2539 ut
677 2486 1112 2556 quandoquidem
1139 2487 1319 2542 divina
1346 2489 1626 2546 vocatione
1665 2490 1831 2548 abbas

233 2563 491 2643 ‘prazdicti
517 2575 832 2631 monasterii
858 2573 925 2631 de
947 2576 1049 2632 hac
1074 2575 1194 2632 luce
1219 2577 1563 2648 migraverit,
1592 2581 1830 2650 quandiu

251 2661 352 2732 ipsi
378 2664 630 2719 monachi
659 2666 803 2722 inter
842 2683 900 2722 se
947 2667 1082 2722 tales
1131 2669 1374 2726 invenire
1421 2673 1695 2742 potuerint
1737 2675 1828 2744 qui

253 2751 425 2822 ipsam
454 2756 928 2826 congregationem
951 2758 1246 2814 secundum
1270 2761 1511 2830 regulam
1535 2763 1709 2819 sancti
1730 2765 1831 2819 Be-

250 2845 450 2902 nedicti
477 2861 666 2919 regere
689 2849 938 2918 valeant,
969 2866 1065 2922 per
1097 2852 1237 2909 hanc
1265 2863 1509 2910 nostram
1535 2856 1830 2912 auctorita-

253 2945 360 2992 tem
387 2945 444 2994 et
469 2954 790 2997 consensum
817 2941 1093 2999 licentiam
1125 2945 1362 3002 habeant
1389 2946 1621 3019 eligendi
1663 2947 1829 3003 abba-

251 3038 332 3086 tes
360 3049 373 3085 :
407 3042 672 3104 quatenus
702 3035 848 3105 ipsos
877 3051 1063 3094 servos
1093 3037 1188 3093 Dei
1219 3040 1313 3109 qui
1345 3039 1546 3096 ibidem
1576 3039 1687 3096 Deo
1728 3041 1828 3096 mi-

251 3119 435 3188 litant,
467 3140 567 3195 pro
595 3125 783 3194 nobis,
814 3126 1042 3200 conjuge
1062 3170 1077 3196 ,
1107 3129 1366 3202 proleque
1397 3139 1584 3188 nostra
1623 3140 1677 3187 et
1717 3141 1827 3188 sta-

251 3210 462 3268 bilitate
487 3214 701 3286 imperii
733 3219 904 3272 nostri
926 3217 1133 3289 jugiter
1159 3221 1370 3277 Domini
1400 3223 1825 3279 misericordiam

249 3321 479 3364 exorare
507 3309 754 3368 delectet.
783 3311 892 3368 Sed
917 3322 974 3369 et
1001 3315 1105 3371 hoc
1127 3317 1332 3388 placuit
1356 3319 1514 3376 nobis
1541 3320 1665 3377 huic
1691 3322 1830 3378 inse-

250 3412 372 3452 rere
402 3401 711 3456 auctoritati
735 3442 751 3469 ,
780 3412 841 3458 ut
869 3403 1146 3462 licentiam
1187 3409 1424 3466 habeant
1462 3420 1704 3468 rectores
1729 3413 1830 3469 hu-

249 3490 410 3561 jusce
442 3497 758 3551 monasterii
795 3513 918 3553 cum
951 3500 1281 3570 quibuslibet
1306 3505 1615 3563 hominibus
1643 3508 1830 3566 liberis

249 3586 344 3641 res
381 3593 438 3642 et
477 3588 747 3660 mancipia
786 3587 1032 3663 legaliter
1073 3603 1450 3654 commutare:
1483 3599 1732 3658 videlicet
1770 3610 1831 3658 ut

249 3679 514 3750 quidquid
535 3680 682 3750 juste
710 3693 766 3739 et
797 3685 1186 3745 rationabiliter
1209 3705 1335 3761 pars
1358 3691 1513 3750 alteri
1539 3696 1831 3752 contulerit

153 3847 160 3854 .
248 3771 414 3840 parti,
435 3788 531 3843 per
553 3775 692 3831 hanc
710 3786 951 3833 nostram
976 3795 1042 3835 an
1052 3783 1358 3839 ctoritatem
1372 3786 1496 3856 jure
1518 3789 1830 3845 firmissimo

250 3868 474 3917 teneant
499 3872 661 3935 atque
687 3867 997 3938 possideant
1021 3887 1036 3936 ;
1068 3879 1123 3926 et
1145 3875 1403 3944 quidquid
1429 3878 1624 3935 exinde
1650 3879 1832 3938 facere

248 3953 558 4024 voluerint,
603 3957 772 4014 libero
812 3959 867 4015 in
913 3962 1164 4019 omnibus
1211 3965 1558 4036 perfruantur
1604 3971 1832 4027 arbitrio

248 4041 489 4099 faciendi
531 4046 791 4118 quidquid
833 4048 1114 4122 elegerint.
1165 4053 1235 4110 Et
1275 4065 1335 4112 ut
1376 4057 1492 4114 haec
1535 4061 1832 4117 auctoritas

246 4132 556 4206 largitionis
596 4145 758 4208 atque
799 4139 1227 4200 confirmationis
1271 4156 1472 4205 nostrae
1508 4165 1608 4220 per
1648 4150 1832 4208 futura

247 4233 497 4296 tempora
526 4227 891 4285 inviolabilem
912 4232 1154 4290 obtineat
1175 4235 1510 4310 firmitatem,
1526 4259 1690 4300 manu
1713 4261 1836 4316 pro-

243 4319 371 4388 pria
400 4321 587 4376 subter
613 4319 967 4391 firmavimus,
993 4333 1050 4380 et
1072 4329 1254 4385 annuli
1280 4333 1454 4388 nostri
1477 4335 1834 4407 impressione

243 4410 456 4484 signari
479 4411 762 4482 jussimus.

323 4498 549 4571 Signum
578 4503 831 4565 Ludovici
859 4512 1192 4570 serenissimi
1221 4516 1585 4589 imperatoris.

322 4593 613 4690 Durandus
639 4601 900 4662 diaconus
929 4608 998 4664 ad
1026 4609 1197 4666 vicem
1236 4611 1503 4686 Fridugisi
1543 4619 1832 4690 recognovi

240 4695 303 4742 et
331 4688 648 4761 subscripsi.
694 4693 828 4751 Data
856 4712 908 4753 vi
935 4697 1052 4754 Kal.
1094 4700 1393 4773 Augustas,
1426 4719 1588 4774 anno,
1616 4688 1833 4766 Christo

237 4781 510 4851 propitio,
544 4785 610 4840 10
657 4787 868 4859 imperii
919 4791 1104 4848 domni
1153 4793 1411 4852 Ludovici
1450 4797 1678 4868 piissimi
1723 4800 1835 4858 Au-

237 4875 396 4944 gusti
415 4917 430 4942 ,
460 4877 753 4938 indictione
778 4883 973 4953 prima.
1005 4885 1198 4942 Actum
1240 4888 1592 4960 lngelinheim
1631 4893 1833 4964 palatio

239 4966 437 5037 regio,
469 4969 523 5026 in
551 4969 648 5030 Dei
676 4975 896 5030 nomine
924 4975 1178 5036 feliciter.
1210 4978 1403 5039 Amen.

959 5088 1134 5149 CXIII.

471 5212 570 5255 1⁵Βο
595 5214 930 5261 κοΝΑετειιιο
953 5222 1261 5267 CORBEIENSI
1293 5227 1345 5267 IN
1371 5189 1612 5271 SAXDNIA.

849 5316 1040 5389 (Anno
1067 5319 1234 5394 825.)

305 5419 330 5494 [
354 5422 510 5494 Apud
541 5424 739 5484 Mabill.
760 5470 776 5498 ,
807 5430 872 5486 de
900 5429 978 5488 Re
1006 5432 1346 5506 diplomatica
1366 5477 1381 5503 ,
1424 5452 1547 5510 pag.
1589 5438 1713 5496 534.
1737 5441 1759 5515 ]

319 5533 385 5588 In
431 5539 648 5596 nomine
693 5541 908 5601 Domini
951 5544 1046 5602 Dei
1086 5555 1141 5603 et
1183 5547 1485 5607 Salvatoris
1510 5555 1680 5610 nostri
1707 5553 1832 5612 Jesu

230 5624 497 5694 Christi,
554 5629 890 5703 Ludovicus,
948 5638 1128 5695 divina
1180 5641 1464 5700 ordinante
1504 5643 1829 5714 clementia,

235 5717 550 5788 imperator
575 5724 871 5799 Augustus.

319 5810 462 5871 Cum
489 5817 847 5890 petitionibus
873 5837 1157 5885 servorum
1182 5827 1280 5886 Dei
1313 5826 1478 5902 justis
1511 5840 1567 5889 et
1597 5832 1835 5891 rationa-

613 5930 890 5998 ΡΑΤιιοι.
935 5933 1094 6005 CIV.

1934 558 2082 615 neris
2136 558 2336 616 donum
2387 558 2572 632 largiri
2621 574 2729 615 non
2783 559 3093 618 diffidimus.
3141 562 3354 622 Idcirco
3405 583 3506 625 no-

1932 652 2074 706 verit
2111 652 2352 708 omnium
2383 652 2619 709 ﬁdelium
2648 662 2926 710 notrorum
2950 696 2966 721 ,
3000 665 3108 712 tam
3157 662 3508 730 prmsentium

1932 756 2098 810 quam
2127 750 2184 797 et
2208 741 2512 798 futurorum
2534 785 2549 811 ,
2581 743 2881 816 sagacitas,
2909 746 3034 815 quia
3074 749 3259 805 adiens
3296 753 3509 807 sereni-

1935 839 2101 886 tatem
2133 832 2383 890 culminis
2411 835 2583 890 nostri
2611 834 2694 890 vir
2720 837 3187 894 reverentissimus
3211 840 3511 897 Adalardus

1933 922 2102 978 abbas
2143 938 2210 978 ex
2254 926 2586 981 monasterio
2629 925 2886 990 Corbeia,
2933 929 3075 998 quod
3114 930 3164 984 ci
3209 931 3407 986 dudum
3455 934 3511 989 in

1931 1012 2213 1081 provincia
2245 1011 2515 1070 Saxonica
2542 1017 2609 1071 ad
2639 1027 2986 1088 augmentum
3016 1021 3283 1075 mercedis
3316 1031 3516 1078 nostra:

1933 1118 2001 1159 ex
2031 1119 2170 1160 novo
2200 1117 2517 1162 construere
2543 1106 2801 1177 jussimus
2833 1125 2994 1180 super
3022 1109 3241 1165 fluvium
3275 1111 3513 1180 Wisera,

1934 1195 1988 1250 in
2018 1197 2144 1252 villa
2173 1197 2322 1270 regia
2342 1238 2358 1264 ,
2393 1199 2448 1253 in
2481 1198 2598 1254 loco
2640 1210 2988 1270 nuncupantc
3030 1199 3231 1257 dudum
3273 1203 3512 1271 Huxori,

1935 1289 2177 1345 dicatum
2216 1291 2272 1346 in
2309 1291 2516 1347 honore
2553 1294 2726 1348 sancti
2763 1291 3024 1368 Stephani
3063 1297 3512 1368 protomartyris,

1935 1381 2202 1452 suggessit
2244 1383 2644 1439 mansuetudini
2689 1393 2918 1452 nostrae,
2960 1394 3021 1440 ut
3057 1386 3198 1442 idem
3239 1396 3516 1444 monaste-

1934 1473 2076 1528 rium
2120 1485 2176 1530 et
2214 1475 2508 1531 monachos
2551 1476 2748 1532 ibidem
2787 1492 2886 1548 per
2926 1485 3170 1550 tempora
3215 1480 3512 1551 degentes,

1935 1580 2059 1620 cum
2088 1565 2250 1622 rebus
2277 1575 2333 1623 et
2358 1567 2700 1634 hominibus,
2732 1584 2839 1624 non
2867 1569 3040 1626 solum
3070 1571 3170 1627 sub
3197 1582 3382 1627 nostra
3409 1574 3516 1628 tui-

1936 1659 2081 1714 tione
2129 1667 2184 1714 ct
2228 1657 2543 1715 defensione
2585 1661 3073 1730 constitueremus,
3115 1679 3304 1720 verum
3349 1665 3515 1721 etiam

1934 1758 1992 1806 et
2017 1749 2182 1806 talem
2211 1749 2610 1807 immunitatem
2640 1750 2757 1807 ﬁeri
2779 1749 3119 1822 juberemus,
3150 1754 3367 1824 qualem
3393 1771 3515 1811 om-

1860 1829 1907 1888 B
1935 1853 2034 1894 nes
2069 1837 2313 1894 ecclesiae
2342 1840 2398 1894 in
2427 1839 2658 1896 Francia
2687 1841 2910 1898 habent.
2954 1841 3118 1912 Cujus
3155 1845 3405 1915 petitioni
3435 1845 3518 1902 di-

1936 1945 2097 2002 gnam
2133 1938 2190 1986 et
2222 1931 2522 2002 proficuam
2560 1932 2901 2004 judicantes,
2947 1935 3088 1992 hanc
3132 1938 3514 1994 auctoritatem

1935 2021 2293 2079 immunitatis
2336 2039 2464 2096 erga
2508 2024 2828 2096 praedictum
2875 2029 3264 2085 monasterium
3310 2030 3516 2086 Corbe-

1933 2112 2035 2184 gite
2073 2111 2299 2186 ejusque
2337 2123 2580 2170 rectores
2620 2115 2736 2170 ﬁeri
2760 2115 3057 2186 jussimus,
3087 2135 3186 2190 per
3223 2137 3386 2191 quam
3418 2122 3516 2178 de-

1933 2205 2210 2262 cernimus
2250 2214 2413 2278 atque
2434 2205 2688 2276 iubemus
2726 2217 2784 2262 ut
2811 2209 2991 2266 nullus
3025 2209 3192 2281 judex
3235 2213 3516 2284 publicus,

1932 2293 2018 2350 vel
2048 2295 2279 2366 quilibet
2303 2313 2370 2353 ex
2393 2298 2682 2369 judiciaria
2708 2309 3001 2371 potestate,
3035 2303 3090 2357 in
3121 2305 3398 2373 ecclesias,
3427 2316 3522 2362 aut

1933 2383 2050 2440 loca
2071 2427 2086 2452 ,
2113 2387 2198 2443 vel
2229 2403 2388 2457 agros
2407 2431 2422 2457 ,
2449 2406 2546 2446 seu
2573 2392 2809 2464 reliquas
2836 2396 3208 2465 possessiones
3234 2402 3521 2456 memorati

1936 2477 2288 2545 monasterii,
2331 2495 2466 2550 quas
2507 2484 2762 2551 praesenti
2808 2493 3050 2556 tempore
3079 2488 3147 2542 in
3193 2490 3522 2559 quibuslibet

1931 2571 2087 2641 pagis
2117 2583 2172 2626 et
2201 2574 2492 2630 territoriis
2521 2576 2715 2642 habet,
2747 2578 2831 2633 vel
2871 2579 3126 2652 deinceps
3166 2581 3364 2638 ibidem
3403 2582 3518 2639 col-

1933 2660 2058 2717 lata:
2086 2663 2322 2731 fuerint,
2353 2665 2423 2721 ad
2452 2680 2646 2722 causas
2668 2667 2956 2738 judiciario
2993 2685 3144 2724 more
3184 2671 3517 2739 audiendas,

1931 2752 2018 2809 vel
2050 2752 2203 2810 freda
2231 2756 2494 2827 exigenda
2516 2799 2530 2824 ,
2563 2765 2658 2812 aut
2681 2759 3024 2826 mansiones,
3056 2761 3140 2816 vel
3169 2772 3390 2832 paratas
3433 2763 3515 2820 fa-

1933 2844 2186 2913 ciendas,
2244 2856 2340 2902 aut
2387 2847 2734 2920 fidejussores
2783 2851 3082 2919 tollendos,
3129 2863 3222 2909 aut
3267 2856 3518 2912 homines

1935 2937 2105 3009 ipsius
2161 2940 2515 3008 monasterii,
2560 2949 2671 2996 tam
2717 2942 2981 3013 ingenuos
3041 2961 3204 3016 quam
3247 2955 3302 3001 et
3344 2947 3518 3004 leutos

1933 3029 2364 3103 distringendos,
2415 3042 2509 3088 aut
2549 3032 2686 3090 ullas
2735 3035 3123 3092 redhibitiones
3164 3047 3257 3092 aut
3297 3039 3516 3096 illicitas

1934 3123 2250 3178 occasiones
2294 3124 2675 3194 requirendas,
2723 3124 2832 3180 ullo
2875 3141 3111 3196 unquam
3154 3135 3395 3196 tempore
3437 3128 3520 3182 in-

1933 3211 2084 3282 gredi
2112 3213 2340 3280 audeat,
2373 3213 2458 3269 vel
2486 3229 2550 3269 ea
2581 3230 2699 3284 quae
2737 3230 2902 3286 supra
2938 3224 3236 3270 memorata
3278 3225 3404 3272 sunt
3426 3233 3521 3289 pe-

1931 3304 2078 3359 nitus
2102 3305 2320 3375 exigere
2342 3314 2634 3377 przcsumat
2659 3325 2672 3361 :
2701 3307 2794 3362 sed
2817 3307 2978 3363 liceat
3001 3318 3301 3365 memorato
3329 3311 3517 3366 abbati

1929 3392 2149 3463 suisque
2171 3395 2575 3450 successoribus
2594 3396 2836 3466 praedicti
2858 3399 3174 3454 monasterii
3201 3400 3513 3455 subimmu-

1930 3487 2119 3543 nitatis
2144 3497 2343 3544 nostrae
2358 3487 2670 3545 defensione
2697 3505 2785 3546 res
2807 3505 2987 3562 agere,
3015 3492 3199 3562 quieto
3225 3493 3418 3550 ordine
3439 3495 3520 3550 vi—

1933 3592 2058 3632 vere
2079 3586 2134 3634 et
2156 3580 2398 3636 residere
2428 3599 2440 3636 :
2466 3589 2522 3636 et
2542 3581 2802 3652 quidquid
2824 3582 3022 3637 exinde
3038 3581 3129 3652 jus
3153 3585 3273 3641 ﬁsci
3297 3586 3519 3656 exigere

1928 3678 2174 3740 poterat,
2218 3679 2391 3728 totum
2429 3680 2486 3727 et
2523 3673 2589 3727 ad
2629 3673 2899 3744 integrum
2942 3689 3042 3729 nos
3070 3689 3172 3744 pro
3197 3685 3400 3732 aeterna
3431 3692 3518 3732 re-

1929 3759 2226 3815 tributione
2253 3761 2322 3816 ad
2347 3775 2616 3832 pauperes
2655 3761 2908 3828 alendos,
2939 3771 2996 3817 et
3023 3762 3308 3819 luminaria
3338 3767 3517 3822 eidem

1931 3852 2264 3907 monasterio
2305 3853 2678 3909 concinnanda
2703 3854 3089 3910 concedimus:
3138 3856 3370 3925 qualiter
3399 3874 3516 3915 mo-

1932 3944 2094 3999 nachi
2138 3945 2336 4000 ibidem
2375 3947 2631 4018 degentes
2669 3962 2770 4017 pro
2811 3947 2969 4002 nobis
2996 3947 3257 4019 proleque
3286 3959 3510 4017 nostra,

1932 4045 2094 4108 atque
2123 4045 2267 4093 statu
2298 4039 2463 4095 totius
2493 4040 2667 4096 nostri
2695 4040 2908 4111 imperii
2939 4042 3095 4098 nobis
3120 4043 3188 4098 ad
3217 4046 3514 4117 regendum

1932 4133 2242 4200 commissi,
2277 4134 2492 4190 Domini
2521 4135 2953 4193 misericordiam
2983 4142 3245 4200 attentius
3284 4158 3515 4201 exorare

1931 4225 2180 4283 delectet.
2214 4226 2321 4284 Sed
2350 4238 2405 4284 et
2433 4229 2536 4285 hoc
2562 4229 2766 4300 placuit
2792 4229 2950 4286 nobis
2977 4232 3104 4289 huic
3133 4234 3374 4292 inserere
3411 4253 3515 4292 au-

1932 4319 2202 4385 ctoritati,
2232 4329 2292 4375 ut
2318 4321 2592 4377 licentiam
2621 4321 2855 4378 habeant
2881 4331 3122 4382 rectores
3147 4325 3372 4396 hujusce
3397 4344 3515 4384 mo-

1933 4411 2158 4466 nasterii
2201 4426 2326 4466 cum
2371 4411 2699 4482 quibuslibet
2740 4414 3050 4473 hominibus
3095 4415 3280 4474 liberis
3327 4434 3414 4476 res
3459 4429 3520 4475 et

1935 4502 2204 4574 mancipia
2232 4503 2477 4572 legaliter
2506 4513 2859 4571 commutare,
2891 4507 3142 4564 videlicet
3165 4518 3226 4564 ut
3252 4511 3516 4582 quidquid

1932 4594 2080 4666 juste
2119 4584 2175 4650 et
2214 4595 2610 4651 rationabiliter
2648 4613 2775 4668 pars
2815 4598 2973 4654 alteri
3013 4601 3310 4657 contulerit
3335 4605 3512 4672 parti,

1935 4700 2034 4756 per
2062 4686 2204 4743 hanc
2233 4695 2478 4743 nostram
2509 4689 2889 4744 auctoritatem
2926 4690 3049 4761 jure
3078 4691 3392 4749 firmissimo
3435 4703 3515 4750 te-

1935 4786 2100 4834 neant
2139 4789 2300 4851 atque
2346 4782 2695 4852 possideant:
2739 4790 2794 4838 et
2821 4783 3082 4854 quidquid
3109 4785 3305 4842 exinde
3334 4785 3516 4843 facere

1935 4869 2237 4938 voluerint,
2287 4871 2460 4927 libero
2507 4872 2561 4926 in
2608 4873 2858 4928 omnibus
2901 4873 3254 4943 perfruantur
3281 4878 3512 4935 arbitrio

1935 4959 2169 5016 faciendi
2216 4962 2478 5033 quidquid
2521 4963 2802 5035 elegerint.
2855 4964 2923 5021 Et
2962 4973 3020 5021 ut
3065 4966 3182 5024 haec
3217 4973 3514 5027 auctoritas

1934 5051 2294 5109 immunitatis
2322 5063 2484 5124 atque
2511 5054 2938 5112 confirmationis
2962 5066 3163 5114 nostra;
3198 5074 3296 5130 per
3331 5059 3513 5118 futura

1937 5153 2177 5216 tempora
2231 5147 2595 5204 inviolabilem
2645 5150 2888 5205 obtineat
2940 5149 3290 5222 firmitatem,
3348 5171 3510 5211 manu

1935 5238 2150 5307 propria
2181 5239 2368 5294 subter
2399 5239 2755 5308 firmavimus,
2785 5250 2841 5297 et
2868 5242 3053 5298 annuli
3083 5245 3255 5300 nostri
3282 5245 3514 5319 impres-

1933 5331 2084 5388 sione
2110 5331 2310 5403 signari
2331 5333 2614 5404 jussimus.

2005 5443 2230 5514 Signum
2259 5445 2513 5504 Ludovici
2545 5447 2879 5504 serenissimi
2908 5447 3270 5519 imperatoris.

2004 5555 2291 5613 Durandus
2320 5559 2580 5617 diaconus
2608 5562 2676 5619 ad
2704 5562 2877 5619 vicem
2917 5563 3192 5639 Fridugisi
3215 5566 3526 5664 recognovi

1935 5655 1992 5703 et
2025 5649 2343 5720 subscripsi.
3518 5649 3521 5679 ³

2004 5733 2142 5792 Data
2167 5753 2221 5792 v1
2242 5737 2462 5797 Kalend.
2479 5741 2727 5814 Augusti,
2750 5760 2913 5814 anno,
2929 5745 3144 5803 Christo
3162 5744 3414 5819 propitio,
3444 5744 3514 5801 1ο

1935 5826 2152 5919 imperii
2180 5829 2362 5889 domni
2389 5830 2647 5893 Ludovici
2673 5837 2906 5912 piissimi
2931 5839 3188 5914 Augusti,
3218 5837 3518 5898 indictione

3077 5955 3154 6036 36.
