4048 6350
561 389 696 451 “31

1686 388 2010 453 LUDOVlCl
2047 392 2073 451 Ι
2103 384 2576 453 COGNOMENTO
2612 382 2698 450 PII

3692 391 3841 454 1133

552 513 750 586 prima.
796 509 992 569 Actum
1033 506 1375 586 lngilinheim
1416 512 1621 585 palatio
1663 513 1720 571 in
1760 515 1857 572 Dei
1919 514 2138 573 nomine
2163 513 2217 576 A
2240 509 2310 566 ob
2369 523 2609 589 amorem
2651 507 2747 563 Dei
2794 508 2849 563 et
2894 496 3255 561 reverentiam
3295 495 3354 559 S.
3400 497 3632 561 Martini
3684 504 3842 569 circa

504 620 513 626 ·
551 601 804 662 feliciter.
833 603 1032 662 Amen.

1246 700 1430 759 CXIV.

897 810 994 849 PRO
1033 807 1374 850 IONAS'I'ERIO
1416 808 1792 851 TRAJECTINSI.

1161 880 1335 956 (Anno
1373 880 1524 956 825.)

548 978 741 1053 [Apud
762 977 989 1044 Hedam,
1033 976 1383 1050 Episcopatus
1423 977 1774 1049 Trajectemis
1798 1021 1814 1048 ,
1860 997 1984 1052 pag.
2008 980 2134 1055 45.]

502 1068 505 1071 λ
618 1071 675 1126 lu
728 1070 943 1125 nomine
976 1068 1189 1124 Domini
1220 1069 1315 1124 Dei
1366 1077 1421 1125 et
1455 1068 1756 1126 Salvatoris
1795 1072 1966 1127 nostri
2007 1071 2137 1130 Jesu

545 1165 769 1229 Christi,
794 1162 1114 1227 Ludovicus,
1134 1163 1314 1220 divina
1340 1163 1627 1220 ordinante
1641 1164 2001 1236 providentia,
2036 1166 2137 1223 im-

544 1263 765 1326 perator
790 1252 1084 1325 Augustus.

615 1347 951 1418 lmperialem
974 1345 1349 1402 celsitudinem
1361 1347 1514 1404 decet
1532 1348 1986 1418 praedecessorum
2011 1365 2137 1406 suo-

542 1457 667 1497 rum
693 1442 779 1511 pia
811 1439 950 1495 facta
992 1454 1102 1495 non
1152 1439 1325 1495 solum
1356 1440 1741 1497 inviolabiliter
1769 1457 2096 1498 conservare
2117 1483 2133 1509 ,

545 1534 642 1589 sed
671 1536 834 1588 etiam
856 1548 1100 1588 censura:
1126 1548 1237 1588 sum
1264 1532 1587 1588 auctoritate
1611 1533 1957 1591 conﬁrmare.
1981 1534 2135 1590 Unde

541 1626 756 1681 noverit
791 1625 1058 1680 industria
1089 1639 1183 1679 seu
1209 1625 1479 1695 sagacitas
1497 1626 1742 1681 omnium
1766 1625 2008 1682 ﬁdelium
2037 1640 2135 1681 no-

542 1727 803 1783 strorum,
827 1726 938 1772 tam
968 1717 1316 1788 praesentium
1367 1733 1529 1789 quam
1552 1725 1610 1774 et
1647 1717 1973 1785 futurorum,
2008 1716 2135 1789 quia

539 1807 821 1865 Rixfridus
873 1806 1209 1882 [Rixl‘rcdus]
1237 1809 1564 1867 venerabilis
1613 1809 1713 1873 vir,
1745 1808 1957 1866 Veteris
1991 1809 2119 1864 Tra-

538 1902 667 1974 jecti
706 1900 950 1957 ecclesia:
989 1900 1294 1971 episcopus,
1328 1916 1449 1971 quze
1475 1912 1559 1957 est
1612 1908 1927 1957 constructa
1955 1901 2011 1956 in
2034 1901 2134 1958 ho-

437 2023 443 2029 -
539 2010 675 2051 norc
698 1994 758 2051 S.
803 1994 1020 2048 Martini
1054 1994 1413 2063 confessoris,
1439 1996 1525 2052 vel
1568 2004 1887 2053 caeterorum
1917 2005 2135 2053 sancto-

538 2103 682 2153 rum,
718 2085 911 2143 detulit
938 2087 1339 2142 mansuetudini
1365 2096 1566 2143 nostrae
1613 2089 1877 2158 quasdam
1905 2088 2135 2144 auctori-

538 2186 681 2234 tates
723 2177 1167 2233 coustitutionum
1196 2217 1210 2243 ,
1252 2177 1485 2247 qualiter
1523 2176 1781 2233 Dominus
1821 2186 1877 2234 et
1922 2179 2157 2259 genitor‘

538 2278 727 2325 noster
764 2268 1012 2334 Carolus,
1043 2269 1199 2324 bona:
1235 2269 1547 2336 memoria),
1591 2270 1866 2341 piissimus
1894 2271 2132 2342 impera-

539 2368 628 2415 tor
646 2358 810 2429 Aug.,
829 2366 886 2415 et
913 2373 1046 2414 avus
1065 2366 1250 2414 noster
1276 2358 1536 2429 Pippinus
1559 2367 1616 2415 et
1638 2369 2012 2418 antecessores
2035 2377 2131 2418 eo-

539 2473 659 2513 rum
706 2458 775 2514 ad
804 2457 977 2529 ipsam
1008 2455 1293 2513 ecclesiam
1315 2456 1717 2513 concessissent
1742 2473 1958 2515 omnem
1982 2458 2132 2515 deci-
2206 2532 2209 2539 ‘

536 2563 714 2616 mam,
741 2549 807 2605 de
830 2546 1135 2618 mancipiis,
1160 2548 1342 2614 terris,
1371 2562 1436 2603 ac
1461 2548 1526 2604 de
1550 2548 1784 2615 teloniis,
1812 2548 1898 2604 vel
1927 2550 1993 2604 de
2033 2566 2134 2607 ne-

518 2636 704 2716 gotio,
730 2642 817 2701 vel
838 2642 905 2701 de
925 2642 1076 2698 omni
1102 2656 1183 2711 re,
1208 2641 1570 2714 undecunque
1600 2641 1669 2697 ad
1696 2652 1905 2712 partem
1926 2642 2132 2714 regiam

535 2738 702 2794 ﬁscus
722 2736 979 2793 telouium
1002 2735 1224 2807 exigere
1267 2740 1360 2789 aut
1393 2733 1642 2806 accipere
1662 2733 1970 2800 videbatur,
1995 2739 2049 2788 et
2072 2741 2133 2791 ut

536 2830 791 2886 homines
828 2827 1071 2898 ejusdem
1102 2825 1348 2883 ecclesia:
1377 2826 1479 2881 sub
1505 2824 1868 2881 mundiburdo
1898 2837 1923 2865 α
1956 2833 2013 2879 et
2028 2825 2134 2881 tui-

538 2922 690 2977 tione
710 2922 879 2992 ipsius
901 2918 1146 2976 ecclesia:
1164 2918 1486 2985 existerent,
1504 2934 1606 2975 nec
1627 2934 1732 2974 non
1759 2919 1888 2974 etin
1918 2919 2050 2990 ripis
2074 2920 2132 2974 in

536 3011 862 3077 Dorestado,
884 3017 946 3065 ut
979 3023 1081 3066 nec
1102 3007 1345 3064 bannum
1371 3008 1401 3049 δ
1426 3016 1519 3062 aut
1562 3007 1774 3064 fredum
1803 3020 1850 3077 ο,
1882 3018 1976 3064 aut
2004 3026 2132 3067 con-

530 3101 739 3174 jectum
777 3099 826 3169 ἀ,
860 3100 1005 3172 quod
1035 3098 1104 3155 ab
1130 3099 1266 3173 ipsis
1292 3099 1528 3155 verso/tat
1560 3097 1832 3173 [geschot]
1863 3108 2090 3157 vocatur
2110 3142 2127 3168 ,

536 3195 854 3268 contingere
881 3200 977 3250 aut
997 3200 1255 3249 exactare
1294 3201 1671 3264 praesumeret,
1693 3201 1748 3265 et
1768 3195 2016 3267 quisquis
2062 3211 2130 3252 ex

534 3288 967 3359 nogotiatoribus
994 3287 1050 3344 in
1071 3303 1258 3344 eorum
1284 3287 1435 3357 ripas
1463 3287 1670 3343 intrare
1696 3286 1987 3353 voluisset,
2011 3279 2131 3345 nul-

530 3377 645 3434 lam
669 3377 1071 3435 contentionem
1098 3392 1163 3433 ex
1194 3378 1298 3434 hoc
1324 3376 1547 3434 fecisset
1572 3377 1673 3442 eis,
1699 3392 1803 3433 nec
1816 3378 2128 3435 mansiones

535 3469 594 3524 in
623 3483 814 3525 eorum
847 3468 1128 3532 domibus,
1174 3466 1293 3522 sine
1320 3468 1591 3539 permissu
1632 3485 1824 3526 eorum
1880 3468 2130 3547 accipere

537 3559 822 3640 auderent,
846 3573 949 3615 nec
979 3572 1169 3615 eorum
1196 3573 1285 3614 res
1309 3558 1437 3614 dum
1474 3560 1733 3625 vixerint,
1767 3558 2001 3627 auferre,
2035 3567 2131 3615 aut

534 3659 660 3724 post
684 3659 917 3708 mortem
957 3667 1146 3709 eorum
1203 3651 1539 3724 contingere,
1573 3668 1676 3709 nec
1703 3653 1814 3708 ullo
1839 3652 2001 3709 modo
2049 3652 2129 3708 eis

536 3744 591 3798 in
622 3742 801 3814 aliqua
838 3758 900 3801 re
942 3743 1267 3807 calumniam
1294 3742 1556 3815 generare
1576 3745 1700 3815 quis
1749 3752 2123 3815 praesumeret,

534 3835 709 3908 quiin
748 3835 838 3892 illa
865 3837 1073 3894 decima
1098 3844 1275 3910 parte,
1300 3837 1385 3893 vel
1428 3839 1528 3893 sub
1566 3838 1932 3896 mundiburdo
1959 3838 2129 3896 eccle-

536 3928 632 3984 sim
661 3928 720 3984 S.
746 3927 963 3985 Martini
1005 3930 1336 3997 consistunt;
1377 3929 1629 3987 videlicet
1668 3939 1728 3987 ut
1768 3930 1910 3988 sicut
1936 3931 2014 3986 illi
2059 3933 2128 3989 de

533 4019 642 4078 illis
665 4037 857 4079 novem
901 4022 1147 4095 partibus
1188 4022 1393 4095 aliquid
1437 4024 1685 4095 accipere
1722 4024 1810 4081 vel
1861 4039 2127 4097 usurpare

535 4129 637 4170 nec
656 4114 842 4181 velint,
879 4129 982 4170 nec
1009 4117 1250 4186 possint;
1288 4115 1363 4172 ita
1390 4122 1444 4172 et
1471 4124 1854 4187 procuratores
1880 4130 2024 4188 resp.
2058 4118 2126 4175 de

536 4208 727 4264 eadem
751 4207 957 4263 decima
977 4216 1135 4281 parte
1161 4209 1407 4279 accipere
1427 4216 1520 4265 aut
1546 4224 1813 4280 usurpare
1837 4210 1904 4265 ad
1931 4210 2123 4269 ﬁscum

535 4314 643 4354 non
672 4307 1024 4370 prazsumant,
1048 4299 1283 4371 qualiter
1298 4298 1495 4372 pracsul
1525 4300 1692 4371 ipsius
1720 4301 2122 4370 ecclesize,cum

533 4380 681 4446 Omni
710 4391 856 4448 clero
879 4400 934 4449 et
958 4393 1153 4465 populo
1183 4394 1287 4451 sibi
1324 4393 1588 4463 subjecto,
1622 4394 1936 4452 alimoniam
1965 4398 2123 4453 mini-

533 4490 731 4549 strare,
753 4493 809 4538 et
829 4483 1117 4540 luminaria
1149 4484 1205 4540 in
1226 4486 1415 4540 eadem
1444 4486 1571 4542 sede
1590 4488 1929 4555 continuare,
1958 4499 2119 4561 atque

2238 588 2415 673 ipsam
2440 586 2746 656 ecclesiam
2779 596 2898 653 ﬁeri
2942 610 3307 653 censeremus.
3352 592 3524 668 Cujus
3578 597 3842 668 petitioni

2237 694 2426 750 libenti
2469 693 2651 750 animo
2699 706 2884 748 aurem
2922 688 3336 746 accommodare
3364 686 3597 759 placuit,
3650 696 3711 744 et
3738 704 3845 760 qm

2235 791 2379 846 hanc
2410 795 2653 844 nostram
2691 784 3067 841 auctoritatem
3120 781 3470 848 conﬁrmare,
3507 788 3574 836 ut
3615 794 3845 837 omnem

2236 882 2537 948 decimam,
2584 889 2695 934 tam
2724 878 2789 933 de
2813 870 3096 947 mancipiis
3129 889 3293 945 quam
3316 872 3383 929 de
3405 871 3598 939 terris,
3629 881 3732 927 aut
3778 872 3845 928 de

2239 975 2457 1042 telonio,
2490 981 2584 1033 aut
2611 972 2678 1029 de
2706 971 2941 1045 negotio,
2966 969 3052 1025 vel
3083 968 3444 1040 undequaque
3504 967 3576 1023 ad
3625 977 3845 1038 partem

2237 1067 2440 1137 regiam
2464 1066 2556 1138 jus
2583 1064 2699 1119 ﬁsci
2722 1062 2946 1120 oensum
2975 1062 3195 1133 exigere
3217 1060 3399 1127 debet,
3433 1058 3527 1115 vel
3562 1059 3639 1114 de
3667 1060 3847 1113 omni-

2235 1156 2339 1215 bus
2362 1170 2482 1227 quze
2510 1170 2674 1224 supra
2724 1151 2924 1223 scripta
2955 1159 3082 1206 sunt
3106 1147 3331 1222 praefata
3384 1147 3631 1204 ecclesia
3671 1146 3845 1203 libero

2237 1247 2292 1303 in
2314 1255 2631 1319 perpetuum
2660 1241 2783 1314 jure
2812 1243 3106 1313 possideat.
3139 1242 3208 1296 Et
3240 1257 3309 1297 ne
3349 1240 3478 1312 quis
3515 1238 3847 1309 contingere

2237 1347 2331 1395 aut
2361 1338 2617 1408 injustam
2665 1335 3152 1406 interpellationem
3178 1332 3359 1387 facere
3386 1340 3728 1403 prmsumat,
3755 1330 3847 1385 sed

2238 1430 2379 1487 sicut
2411 1445 2442 1484 a
2467 1428 2689 1485 domino
2713 1429 3039 1498 imperatore
3060 1433 3115 1481 et
3141 1440 3241 1480 avo
3264 1434 3471 1490 nostro,
3504 1432 3563 1480 et
3598 1432 3849 1478 anteces-

2197 1524 2205 1533 ’
2238 1527 2452 1584 scribus
2481 1524 2749 1596 regibusa
2781 1522 3071 1593 nobis-per
3116 1521 3260 1576 hanc
3293 1519 3697 1576 auctoritatem
3723 1532 3848 1574 cou-

2237 1620 2487 1676 stitutum
2513 1624 2600 1672 est
2644 1624 2807 1687 atque
2848 1612 3247 1678 conﬁrmatum,
3271 1612 3347 1667 ita
3390 1610 3548 1667 omni
3598 1621 3848 1681 tempore

2237 1711 2623 1770 inviolabiliter
2653 1716 3007 1767 conservetur
3034 1716 3199 1776 atque
3223 1704 3571 1761 custodiatur
3592 1745 3613 1771 ,
3658 1713 3849 1775 quate-

2237 1820 2341 1859 nus
2364 1803 2512 1874 ipsos
2537 1816 2723 1858 servos
2748 1800 2845 1857 Dei
2873 1799 2965 1870 qui
2997 1799 3198 1854 ibidem
3221 1796 3537 1852 consistunt
3575 1810 3717 1852 cum
3763 1812 3849 1852 eo-

2161 1878 2211 1938 Β
2238 1913 2359 1953 rum
2391 1895 2677 1967 pontiﬁce,
2721 1902 2775 1950 et
2806 1893 2923 1949 illos
2945 1908 3082 1964 quos
3113 1910 3142 1948 a
3179 1891 3365 1965 gentili
3397 1891 3513 1946 ritu
3548 1890 3624 1945 ad
3648 1888 3846 1947 Christi

2233 2003 2421 2045 veram
2451 1993 2834 2044 converterunt
2865 1984 3046 2049 ﬁdem,
3087 1998 3187 2054 pro
3222 1982 3394 2046 nobis,
3423 1980 3699 2051 conjuge,
3730 1994 3846 2050 pro-

2233 2083 2391 2154 leque
2420 2091 2628 2149 nostra,
2661 2089 2717 2137 et
2751 2081 2898 2137 omni
2938 2079 3136 2153 populo
3164 2077 3475 2134 Christiano
3496 2072 3724 2146 iugiter
3756 2074 3849 2128 mi-

2235 2175 2590 2232 sericordiam
2623 2162 2717 2232 Dei
2752 2188 2983 2228 exorare
3009 2171 3259 2226 delectet.
3292 2168 3359 2224 Et
3382 2176 3445 2223 ut
3471 2168 3600 2223 hmo
3658 2173 3845 2221 aucto-

2233 2266 2369 2321 ritas
2423 2263 2617 2320 melius
2666 2263 2736 2318 ab
2774 2261 3025 2317 omnibus
3074 2259 3369 2325 credatur,
3415 2266 3473 2313 et
3525 2256 3847 2328 diligentius

2202 2352 2207 2357 ’
2235 2362 2607 2421 conservetur,
2649 2369 2812 2409 manu
2840 2346 3060 2423 propria
3085 2350 3538 2422 subscripsimus,
3560 2358 3622 2406 et
3668 2348 3846 2405 annuli

2233 2449 2408 2505 nostri
2436 2447 2795 2518 impressione
2830 2447 3030 2520 signari
3058 2444 3305 2501 fecimus.

2307 2540 2533 2613 Signum
2560 2540 2820 2596 Ludovici
2846 2539 3183 2596 serenissimi
3208 2538 3586 2610 imperatoris.

2306 2637 2442 2693 Data
2464 2652 2575 2691 xvn
2603 2635 2829 2692 Kalend.
2857 2634 3078 2705 Aprilis,
3107 2649 3252 2689 anno
3285 2632 3375 2701 ll,
3408 2631 3643 2689 Christo
3669 2633 3847 2705 propi-

2236 2729 2333 2795 tio,
2366 2726 2577 2799 imperii
2611 2726 2819 2783 domini
2856 2724 3116 2782 Ludovici
3144 2724 3374 2798 piissimi
3410 2724 3676 2797 Augusti,
3708 2724 3845 2779 indi—

2212 2821 2415 2895 _ctione
2461 2818 2717 2875 secunda.
2748 2818 2943 2874 Actum
2972 2817 3299 2891 Aquisgrani
3330 2816 3544 2891 palatio
3581 2817 3769 2891 regio,
3793 2817 3844 2874 in

2234 2912 2333 2969 Dei
2357 2913 2577 2968 nomine
2604 2911 2853 2969 feliciter.
2880 2910 3073 2969 Amen.

2306 3004 2623 3062 Helisachar
2641 3004 2979 3077 recognovit.

2952 3117 3112 3177 CXV.

2408 3232 2512 3274 ιιιιο
2537 3231 2830 3276 ειοααεκει
2867 3232 2914 3275 8.
2953 3230 3246 3275 ηοκεκτιι
3280 3230 3663 3274 ιιοΜιηιιο.

2860 3311 3035 3383 (Δηηο
3074 3308 3229 3383 826.)

2218 3399 2427 3476 .[Apud
2451 3401 2675 3471 Mabill.,
2691 3402 2834 3458 Ann.
2861 3405 2977 3476 prd.
3000 3399 3065 3476 3ἐ
3078 3400 3545 3476 BenedutomJl,
3559 3418 3632 3476 pa
3648 3420 3697 3460 ν.
3720 3403 3836 3461 739.

2655 3490 2724 3531 ex
2764 3473 2988 3530 archiva
3027 3471 3373 3545 Clonnensi.)
3532 3481 3540 3488 '

2300 3565 2361 3622 In
2398 3567 2620 3624 nomine
2661 3566 2877 3623 Domini
2925 3564 3021 3621 Dei
3058 3574 3113 3623 et
3157 3563 3460 3624 Salvatoris
3502 3569 3694 3626 nostri
3719 3567 3836 3626 Iesu

2231 3655 2457 3727 Christi,
2478 3657 2806 3726 Ludovicus,
2830 3659 3013 3715 divina
3031 3659 3320 3717 ordinante
3337 3661 3723 3731 providentia,
3743 3663 3835 3718 im-

2226 3760 2456 3824 perator
2478 3750 2778 3824 Augustus.

2303 3841 2363 3901 Si
2410 3860 2537 3917 erga
2578 3844 2699 3902 loca
2738 3845 2935 3905 divinis
2975 3846 3211 3906 cultibus
3258 3851 3577 3922 mancipata
3612 3864 3833 3925 propter
3872 3826 3883 3837 ’

2230 3954 2473 3996 amorem
2497 3939 2593 3995 Dei
2620 3939 2852 4012 ejusque
2868 3940 2926 3997 in
2952 3942 3158 4000 eisdem
3193 3943 3328 4001 locis
3351 3945 3459 4001 sibi
3498 3946 3831 4005 famulantes

2226 4035 2492 4095 beneﬁcia
2515 4043 2821 4109 opportuna
2848 4035 3131 4109 largimur,
3154 4040 3442 4111 praemium
3474 4043 3646 4103 nobis
3693 4044 3828 4116 apud

2220 4127 2400 4207 Deum
2442 4138 2663 4185 mternaa
2705 4130 3163 4188 remunerationis
3208 4134 3432 4204 rependi
3474 4151 3591 4192 non
3638 4136 3830 4193 diuidi-

2226 4234 2369 4278 mus.
2390 4220 2598 4277 Idcirco
2635 4229 2824 4279 notum
2869 4238 2990 4280 esse
3032 4222 3283 4280 volumus
3319 4226 3536 4283 cunctis
3572 4226 3824 4284 ﬁdelibus

2223 4323 2428 4371 sanctae
2451 4314 2548 4371 Dei
2571 4314 2828 4373 Ecclesia
2870 4325 2929 4374 et
2969 4317 3191 4383 nostris,
3220 4319 3593 4389 praesentibus
3619 4322 3826 4377 scilicet
3926 4330 3933 4337 ‘

2224 4413 2280 4463 et
2304 4398 2519 4474 futuris,
2550 4409 2677 4477 quia
2712 4410 3001 4479 quemdam
3043 4410 3409 4467 venerabilem
3440 4403 3628 4470 virum
3666 4413 3824 4469 Fret-

2222 4498 2441 4555 bertum
2479 4516 2603 4557 cum
2633 4504 2918 4560 monachis
2942 4504 3074 4569 suis,
3118 4520 3256 4575 quos
3292 4504 3347 4561 in
3392 4504 3550 4561 Italia
3595 4507 3825 4563 misera-

531 4575 762 4646 gentiles
807 4575 899 4647 qui
948 4576 1015 4632 ad
1043 4574 1503 4632 Christianitatem
1546 4586 1940 4637 convertuntur
1974 4581 2119 4636 alere
2143 4615 2197 4676 Ι)
2223 4609 2345 4651 mus
2370 4635 2385 4663 ,
2427 4595 2622 4652 “inde
2666 4597 2866 4659 reveni
2910 4574 3170 4666 fecimus,
3217 4607 3275 4655 ει
3316 4601 3702 4657 concessimus
3745 4602 3822 4657 είς

529 4674 586 4722 et
615 4668 811 4724 docere
830 4666 1020 4741 possit.
1050 4666 1133 4724 Ob
1160 4667 1473 4725 ﬁrmitatem
1499 4677 1680 4727 tamen
1705 4669 1865 4741 huius
1896 4672 1973 4728 rei
2021 4689 2119 4745 po-

2233 4688 2495 4760 quoddam
2529 4690 2921 4747 monasterium
2945 4691 3091 4760 quod
3111 4701 3195 4746 est
3233 4691 3397 4747 situm
3427 4691 3485 4747 in
3535 4695 3819 4750 territorio

528 4757 749 4814 stulavit
779 4773 812 4815 a
839 4758 996 4816 nobis
1026 4759 1319 4832 praedictus
1349 4760 1634 4833 episcopus
1656 4803 1671 4829 ,
1718 4770 1778 4818 ut
1828 4772 2117 4836 paternum

529 4849 645 4905 sive
700 4853 1161 4923 prredecessorum
1193 4862 1506 4912 nostrorum
1559 4871 1745 4930 regum
1794 4875 2004 4916 morem
2032 4876 2117 4921 se-

529 4951 777 5014 quentes,
814 4941 1078 5016 ejusmodi
1114 4957 1316 5004 nostrae
1360 4949 1702 5008 auctoritatis
1742 4963 2073 5025 praeceptum
2096 4997 2114 5023 ,

602 5094 629 5122 ι
668 5079 1067 5149 Mundeburde,
1119 5084 1174 5140 id
1206 5093 1312 5151 est,
1354 5086 1510 5143 tuitio
1555 5085 1643 5143 vel
1687 5086 1952 5145 defensio.
1976 5090 2115 5147 Galli

527 5152 928 5235 mantbotere;
1166 5156 1452 5235 members“
1473 5166 1680 5213 tutores
1726 5160 1956 5235 dit-uoti
1972 5163 2115 5235 legi-

526 5229 619 5299 t_ur
652 5222 708 5276 in
755 5222 1023 5299 F_‘o_rmu_lis
1070 5222 1365 5299 Marculﬁ,
1398 5228 1491 5284 lib.
1527 5246 1582 5294 ι,
1622 5244 1743 5299 cap.
1767 5230 1869 5296 24,
1914 5222 2114 5289 Charta

526 5290 592 5372 ξιξ
628 5294 983 5372 mundeburde
1001 5298 1272 5372 principis,
1301 5290 1369 5372 ad
1401 5290 1765 5372 quemjlocum
1807 5290 1927 5358 vide
1957 5302 2106 5359 Hier.

523 5359 778 5437 Bignonii
812 5359 1363 5437 notaszdde'ca'pit.
1397 5359 1573 5425 Caroli
1610 5379 1665 5427 et
1717 5370 1851 5425 Lud.
1882 5373 1974 5426 lib.
2022 5389 2070 5428 vr
2092 5416 2107 5437 ,

526 5447 647 5515 cap.
674 5432 803 5502 225,
832 5442 884 5490 et
1012 5446 1214 5515 notata,
1244 5432 1310 5496 ac
1342 5440 1557 5509 glossas
1576 5441 1697 5499 Lat.
1722 5442 1835 5498 Bal.
1864 5442 2019 5515 Lydii
2042 5432 2109 5499 ad

526 5502 896 5573 Clemangem,
924 5505 1002 5560 lit.
1033 5507 1108 5561 IlI.
1200 5502 1208 5505 ’
1344 5502 1372 5509 ”
1911 5502 1961 5528 ”·

597 5576 628 5616 δ
662 5575 723 5654 ις
744 5584 850 5654 est,
875 5578 1075 5634 mulcta
1104 5576 1396 5654 iudicialis.
1432 5580 1571 5654 Xide
1603 5581 1939 5639 Glossarium
1981 5600 2109 5654 pro-

522 5645 999 5727 ximeﬂl-zudatum,
1030 5656 1086 5727 et
1112 5645 1399 5727 notasad
1430 5652 1620 5719 Marc,
1651 5654 1744 5727 lib.
1782 5645 2105 5727 ιμωρὶιο.

598 5727 636 5788 αθ
661 5715 993 5788 Compositio
1041 5717 1173 5776 ﬁsco
1228 5722 1445 5788 debita,
1506 5741 1537 5780 a
1576 5715 1758 5779 vrcvel.
1800 5715 1869 5780 Μ.
1918 5715 2077 5787 Cold.

598 5734 622 5758 α
661 5734 993 5844 homﬁosmo
1041 5734 1173 5776 nsco
1228 5734 1445 5788 debita,
1506 5741 1537 5780 a
1576 5734 1758 5779 ureret.
1800 5734 1869 5780 Μ.
1923 5734 2105 5794 Gold.,

525 5784 749 5872 Lydius,
847 5830 860 5845 .
891 5788 1208 5872 Dignoniug,
1230 5792 1292 5872 in
1326 5794 1497 5872 notisL
1518 5794 1952 5872 ad_Marcull‘um,
1973 5796 2109 5872 Lin-

527 5854 817 5923 dobrogius
843 5860 913 5917 ad
952 5854 1122 5929 legem
1154 5854 1410 5927 Salicum,
1443 5864 1525 5917 tit.
1556 5864 1644 5931 14,
1690 5880 1757 5921 ex
1783 5854 1950 5937 Greg.
1972 5867 2105 5924 Tur.

2224 4780 2530 4838 Pietavensi
2563 4798 2725 4853 supra
2746 4785 2919 4853 ripam
2939 4781 3166 4854 Ligeris,
3192 4785 3337 4855 quod
3373 4784 3580 4841 dicitur
3605 4786 3815 4844 Clouna

2224 4872 2337 4929 sive
2374 4881 2593 4930 sanctus
2630 4874 2959 4941 Florentius,
2991 4874 3081 4931 ubi
3112 4876 3256 4931 idem
3295 4877 3492 4933 beatus
3528 4878 3815 4936 confessor

2221 4962 2423 5020 Christi
2446 4980 2673 5036 corpore
2697 4967 2927 5037 quiescit
2956 4981 3064 5024 :eo
3112 4968 3275 5026 modo
3295 4978 3357 5025 ut
3400 4970 3477 5028 ibi
3507 4974 3805 5030 mundum

2289 5094 2317 5134 δ
2353 5095 2556 5167 Lydius
2591 5098 2881 5167 conjectum
2911 5098 3257 5156 collationem
3283 5101 3350 5157 de
3385 5101 3713 5160 substantiis
3736 5106 3807 5159 in-

2218 5172 2549 5242 terpretatur
2591 5168 2649 5242 in
2698 5168 2892 5238 glossis
2925 5186 3089 5242 supra
3132 5173 3441 5242 nominatis.
3490 5173 3801 5235 Flodoard..

2217 5235 2298 5290 De
2321 5238 2553 5314 conjecto
2581 5235 2906 5314 Norinannis
2928 5235 3126 5314 daindo.
3158 5240 3319 5314 Greg.
3354 5242 3584 5312 Turon.,
3620 5245 3710 5299 lib.
3728 5262 3803 5307 γι.

2218 5322 2337 5377 cap.
2364 5307 2435 5362 45
2456 5349 2469 5372 ,
2523 5309 2589 5385 de
2621 5323 2746 5385 rege
2775 5309 3081 5385 Chilperico
3107 5331 3121 5367 :
3158 5331 3178 5364 ι
3198 5307 3521 5385 Apparatus
3568 5307 3803 5385 magnus

2214 5393 2487 5458 expensae_
2506 5380 2571 5433 de
2603 5380 2832 5458 diversis
2855 5380 3162 5458 civitatibus
3194 5383 3247 5438 in
3264 5380 3474 5458 itinere
3514 5380 3804 5458 congrega—

2213 5456 2313 5529 tus.
2327 5459 2413 5503 est
2437 5468 2449 5502 :
2474 5451 2528 5529 in
2565 5465 2675 5529 quo
2702 5451 2835 5506 nihil
2863 5452 2928 5508 de
2957 5451 3088 5510 ﬁsco
3108 5470 3213 5529 suo
3238 5471 3333 5529 rex
3361 5456 3478 5511 dari
3520 5451 3798 5529 praecepit,

2183 5519 2315 5604 pisi
2341 5521 2523 5604 omnia
2561 5519 2949 5604 depaupernm
2998 5526 3346 5604 coniecturis;
3390 5547 3415 5604 ξ
3438 5519 3801 5604 qu6d__ita're-¥

2210 5588 2318 5644 fert
2350 5590 2605 5663 Aymon.,
2632 5588 2722 5669 lib.
2760 5588 2848 5669 in,
2876 5612 2995 5669 cap.
3034 5588 3125 5662 56,
3154 5608 3209 5651 ut
3240 5599 3304 5653 de
3326 5588 3640 5654 substantiis
3664 5615 3801 5669 pa!-

2277 5678 2393 5716 rum
2426 5665 2720 5719 necessaria
2758 5667 2832 5719 eis
2876 5665 2955 5721 in,
2979 5668 3166 5722 itinere
3206 5665 3681 5725 subministrentur.
3734 5668 3795 5725 In

2212 5733 2455 5803 Miropeo
2488 5750 2587 5789 ms.
2626 5736 2693 5790 ad
2730 5738 3032 5811 marginem
3069 5740 3428 5799 adnotatum:
3466 5737 3591 5797 Vidi
3633 5755 3794 5798 ωιτη-

2212 5803 2353 5860 chat.
2381 5803 2473 5859 sed
2499 5804 2699 5860 dubito.
