4048 6350
284 361 407 424 1135

275 572 543 630 naebicam
569 612 585 637 ,
641 587 801 642 quem
868 572 1236 643 supradictum
1297 573 1608 645 religiosum
1664 575 1843 629 virum

271 666 608 722 Frotbertum
633 666 749 722 sive
774 669 1093 734 monachos,
1132 683 1340 724 necnon
1370 675 1426 724 et
1464 668 1843 738 praascriptnm

270 757 570 815 venerabile
592 762 982 817 monasterium
1007 777 1131 817 cum
1150 763 1403 818 omnibus
1425 763 1589 817 rebus
1611 769 1666 816 et
1684 776 1844 816 man—

233 886 238 887 κ
270 852 414 922 cipiis
455 853 716 909 moderno
746 863 991 923 tempore
1023 855 1094 910 ibi
1121 853 1512 924 aspicientibus
1537 853 1625 909 vel
1670 854 1842 924 perti-

266 941 513 998 nentibus
557 945 656 1002 sub
698 953 884 1000 nostra
929 946 1269 1016 suscepimus
1291 945 1605 1001 defensione
1645 953 1701 1000 et
1737 945 1844 998 im-

269 1033 541 1086 munitatis
579 1033 826 1098 tuitione,
853 1035 1086 1104 qualiter
1107 1050 1204 1105 per
1224 1035 1362 1090 banc
1392 1043 1635 1090 nostram
1661 1041 1847 1089 aucto-

271 1121 478 1178 ritatem
504 1123 710 1194 absque
741 1126 903 1181 ullius
931 1124 1130 1195 iniusta
1168 1127 1544 1198 inquietudine
1581 1127 1747 1198 quieti
1789 1134 1846 1182 et

269 1213 411 1270 illaesi
432 1216 743 1285 persistent.
761 1217 828 1272 Et
841 1217 962 1273 ideo
981 1218 1081 1273 bos
1096 1226 1316 1273 nostros
1335 1217 1648 1287 imperiales
1664 1217 1846 1287 apices

268 1305 680 1376 ﬁerijussimus,
709 1326 806 1380 per
826 1325 962 1380 quos
999 1311 1348 1380 praecipimus
1389 1320 1553 1380 atque
1589 1309 1844 1379 jubemus

269 1406 320 1452 ut
343 1399 518 1454 nullus
538 1399 700 1468 judex
730 1402 1001 1470 publicus,
1025 1403 1110 1456 vel
1133 1399 1391 1472 quislibet
1414 1402 1711 1472 superioris
1755 1409 1848 1456 aut

267 1486 533 1544 inferioris
557 1492 764 1546 ordinis
787 1493 1096 1562 reipublicae
1141 1503 1484 1562 procurator,
1509 1494 1564 1547 in
1587 1492 1846 1548 ecclesias

265 1587 355 1634 aut
395 1580 511 1636 loca
553 1582 637 1637 vel
682 1598 842 1654 agros
871 1599 967 1640 seu
1010 1585 1250 1655 reliquas
1290 1586 1684 1656 possessiones,
1727 1599 1847 1654 quae

153 1692 167 1704 -
263 1671 518 1738 tuoderno
542 1682 785 1743 tempore
812 1675 1054 1746 legaliter
1080 1677 1133 1731 in
1160 1677 1488 1746 quibuslibet
1528 1678 1648 1748 pagi
1690 1678 1846 1732 terri-

263 1762 411 1818 toriis
439 1762 576 1817 infra
606 1765 864 1821 ditionem
889 1767 1102 1837 imperii
1144 1769 1317 1823 nostri
1361 1777 1544 1826 tenent
1564 1769 1649 1824 vel
1672 1769 1846 1840 possi-

1402 357 1801 424 DIPLOIIA’I‘A
1836 356 2394 424 ECCLESIASTICA.

277 476 503 547 regulam
545 477 692 536 beati
722 471 902 534 Patris
943 471 1223 536 Benedicti
1247 477 1416 534 vitam
1443 480 1705 551 degerent
1726 496 1847 559 mo-
1875 482 1929 542 Α

3384 356 3526 425 ll“

2649 477 2835 537 CXVI.

2475 608 2810 650 IONASTERIO
2849 609 3124 652 FARFENSI.

2549 696 2721 778 (Ᾰηηο
2767 704 2919 781 824.)

1949 817 2129 891 [Apud
2157 818 2485 886 Chesnium,
2518 816 2904 876 Francicarum
2933 784 3529 895 Rerum'Scriptqtom.

2518 910 2560 965 ll
2579 951 2594 976 ,
2634 927 2758 982 pag.
2805 910 2966 984 659.]

2019 1023 2344 1092 Ludovicus,
2362 1023 2542 1081 divina
2556 1025 2842 1082 ordinante
2862 1026 3220 1098 providentia,
3236 1027 3536 1100 imperator

1947 1115 2244 1188 Augustus.

2021 1208 2078 1264 Si
2127 1208 2493 1278 przeveniente
2528 1209 2700 1279 gratia
2755 1207 2852 1265 Dei
2905 1210 3078 1265 nostri
3113 1210 3416 1268 devotionis
3441 1210 3531 1267 af-

1948 1300 2151 1356 fectum
2175 1301 2373 1355 divinis
2418 1302 2714 1371 satagimus
2737 1310 2926 1371 aptare
2963 1301 3260 1371 obsequiis,
3291 1313 3346 1359 et
3375 1319 3537 1360 vene-

1948 1393 2211 1449 rabilibus
2237 1394 2453 1464 Deoque
2478 1395 2786 1464 sanctisque
2814 1395 2970 1461 locis,
3007 1407 3168 1466 atque
3190 1396 3284 1452 Dei
3314 1397 3536 1454 familiis

1950 1502 2199 1558 superna:
2244 1485 2525 1564 majestati
2563 1487 2954 1543 lamulantibus
3003 1488 3269 1558 imperiali
3319 1489 3535 1544 muniﬁ-

1949 1580 2125 1634 centia
2155 1594 2314 1651 opem
2351 1586 2406 1633 et
2446 1565 2695 1634 solatium
2731 1588 2934 1634 nostra:
2959 1579 3289 1635 defensionis
3329 1581 3540 1651 impen-

1949 1671 2148 1736 dimus,
2181 1670 2228 1726 si
2278 1670 2512 1740 denique
2541 1668 2870 1740 prazjudiciis
2898 1672 3064 1728 variis
3108 1687 3172 1727 ac
3210 1671 3539 1727 calamitati-

1945 1762 2050 1818 bus
2085 1764 2362 1834 oppressis
2387 1764 2629 1834 patulum
2661 1773 2716 1818 et
2742 1765 3032 1835 benignum
3066 1765 3541 1821 accommodamus

2327 611 2428 652 PRO

261 1855 404 1920 dent,
431 1856 514 1910 vel
539 1873 658 1926 quae
678 1859 932 1929 deinceps
950 1860 1002 1914 in
1019 1860 1142 1930 jure
1165 1862 1336 1931 ipsius
1356 1862 1458 1918 loci
1484 1870 1573 1917 aut
1603 1877 1700 1932 per
1721 1877 1838 1929 nos,
1875 1846 1921 1905 Β
1948 1855 2216 1922 auditum,
2245 1856 2331 1910 bis
2350 1856 2630 1912 exercitiis
2658 1857 2871 1928 piisque
2916 1858 3112 1913 studiis
3140 1858 3412 1914 credimus
3445 1872 3540 1912 su-

265 1955 352 2002 aut
386 1963 481 2017 per
503 1949 799 2018 quamlibet
829 1951 1124 2022 ingenuam
1165 1967 1454 2022 personam
1495 1953 1730 2009 voluerit
1759 1953 1841 2008 dio

266 2044 378 2100 vina
419 2045 593 2114 pietas
622 2062 837 2117 augere,
866 2046 1162 2116 judiciario
1211 2064 1362 2105 more
1407 2050 1475 2104 ad
1509 2064 1705 2105 causas
1750 2065 1847 2104 au-

264 2135 497 2201 diendas,
525 2135 610 2191 vel
635 2136 788 2192 freda
838 2138 1122 2210 exigenda,
1155 2147 1250 2194 aut
1289 2141 1601 2196 mansiones
1630 2149 1723 2196 aut
1751 2155 1846 2210 pa-

265 2236 404 2282 ratas
442 2225 744 2293 faciendas,
772 2239 867 2283 aut
890 2229 1259 2299 fideijussores
1285 2231 1584 2298 tollendos,
1613 2240 1709 2286 au-t
1749 2233 1847 2288 bo-

266 2317 429 2374 mines
467 2319 637 2387 ipsius
671 2321 986 2376 monasterii
1029 2337 1193 2392 super
1237 2331 1440 2378 terram
1491 2324 1661 2394 ipsius
1698 2340 1849 2381 com-

264 2420 540 2467 manentes
561 2413 987 2484 distringendos,
1012 2424 1107 2470 aut
1131 2415 1268 2472 ullas
1306 2416 1720 2483 redhibitiones,
1755 2425 1850 2473 aut

263 2503 474 2558 illicitas
499 2504 823 2561 occasiones
864 2507 1238 2576 requirendas,
1281 2508 1392 2564 ullo
1421 2524 1659 2578 unquam
1706 2517 1846 2565 tem-

263 2613 388 2668 pore
416 2598 623 2670 ingredi
645 2600 861 2666 audeat,
894 2602 976 2656 vel
1000 2618 1064 2658 ea
1094 2619 1213 2674 quae
1236 2620 1398 2675 supra
1425 2615 1849 2661 commemorata

262 2699 386 2745 sunt
402 2691 616 2760 penitus
637 2693 857 2763 exigere
877 2703 1203 2763 praesumat:
1221 2697 1314 2752 sed
1335 2698 1652 2752 memoratis
1669 2697 1849 2752 abbati

263 2781 484 2853 ejusque
526 2785 932 2840 successoribus
960 2802 1049 2842 res
1093 2787 1334 2857 praedicti
1379 2789 1692 2844 monasterii
1724 2805 1850 2844 cum

263 2874 514 2930 omnibus
555 2875 656 2930 sibi
695 2877 948 2945 przesenti
990 2887 1234 2950 tempore
1271 2877 1418 2949 jnste
1462 2880 1722 2950 subjectis
1751 2880 1852 2936 sub

265 2966 622 3022 immunitatis
664 2969 894 3024 tuitione
933 2970 1115 3040 quiete
1159 2973 1344 3027 vivere
1389 2988 1450 3027 ac
1479 2973 1739 3027 residere.
1787 2973 1855 3028 Et

262 3057 524 3127 quidquid
560 3059 627 3129 de
655 3059 819 3113 rebus
857 3059 1068 3130 przefati
1093 3062 1406 3116 monasterii
1440 3061 1606 3116 ﬁscus
1631 3075 1853 3132 sperare

263 3151 485 3222 poterit,
520 3160 688 3206 totum
739 3167 841 3208 nos
867 3169 964 3223 pro
1003 3165 1206 3208 aeterna
1233 3155 1674 3210 remuneratione
1709 3171 1844 3225 pra:-

264 3243 411 3297 dicto
458 3245 788 3300 monasterio
829 3246 1198 3312 concedimus,
1245 3256 1306 3301 ut
1354 3247 1686 3316 perennibus
1721 3255 1856 3301 tem-

265 3338 487 3410 poribus
517 3340 571 3394 in
611 3340 868 3396 alimonia
914 3356 1214 3412 pauperum
1255 3349 1310 3396 et
1359 3341 1628 3410 stipendia
1665 3355 1857 3395 mona-

263 3435 494 3490 chorum
523 3434 722 3490 ibidem
752 3435 863 3490 Deo
906 3435 1286 3490 famulantium
1333 3435 1580 3506 proﬁciat
1626 3435 1681 3489 in
1730 3450 1861 3505 aug-

267 3533 532 3580 mentum.
561 3525 628 3580 Et
655 3527 1090 3596 quandoquidem
1121 3526 1302 3580 divina
1336 3525 1620 3581 vocatione
1664 3540 1858 3596 supra-

268 3617 452 3672 dictus
481 3618 649 3674 abbas
680 3618 764 3672 vel
790 3633 1134 3674 successores
1159 3615 1276 3687 ejus
1300 3617 1367 3672 de
1389 3616 1490 3672 hac
1519 3615 1639 3671 luce
1661 3615 1862 3687 migra-

266 3711 471 3776 verint,
495 3712 732 3781 quandiu
762 3713 863 3782 ipsi
905 3713 1154 3768 monachi
1196 3713 1338 3768 inter
1363 3727 1420 3767 se
1458 3710 1594 3768 tales
1616 3710 1862 3766 invenire

269 3804 570 3875 potuerint,
613 3805 703 3874 qui
748 3804 920 3874 ipsam
951 3806 1426 3876 congregationem
1455 3803 1752 3858 secundum
1782 3815 1864 3856 re-

273 3894 460 3966 gulam
486 3896 661 3950 sancti
687 3895 965 3950 Benedicti
994 3911 1182 3965 regere
1207 3895 1442 3959 valeant,
1471 3909 1570 3964 per
1600 3893 1739 3948 hanc
1770 3907 1864 3947 no—

267 3996 448 4043 stram
471 3987 853 4042 auctoritatem
877 3993 931 4041 et
953 4000 1283 4041 consensum
1325 3984 1597 4038 licentiam
1625 3981 1866 4036 habeant

269 4081 510 4152 eligendi
533 4080 803 4145 abbatem,
833 4095 938 4148 qua
969 4079 1069 4149 ipsi
1109 4078 1248 4133 servi
1280 4078 1372 4132 Dei
1401 4077 1491 4147 qui
1526 4075 1725 4131 ibidem
1752 4075 1864 4129 Dee

270 4173 628 4238 famulantur,
659 4186 758 4240 pro
781 4171 937 4225 nobis
957 4180 1009 4225 et
1030 4169 1258 4240 conjuge
1290 4168 1552 4239 proleque
1591 4175 1776 4221 nostra
1808 4172 1864 4221 et

270 4264 572 4320 stabilitate
600 4265 770 4318 totius
806 4262 1020 4332 imperii
1049 4262 1222 4317 nostri
1248 4277 1275 4315 a
1300 4262 1410 4316 Deo
1443 4259 1596 4316 nobis
1620 4258 1865 4315 concessi

268 4366 443 4426 atque
468 4355 822 4411 conservandi
837 4354 1040 4426 jugiter
1063 4354 1493 4410 misericordiam
1517 4353 1611 4407 Dei
1637 4367 1866 4408 exorare

269 4445 634 4502 delectentur.
665 4447 730 4501 Et
759 4456 819 4501 ut
841 4449 952 4502 haec
985 4447 1280 4503 auctoritas
1323 4447 1526 4502 nostris
1564 4445 1868 4516 futurisque

1948 1962 2178 2019 pernum
2228 1949 2429 2019 ubique
2483 1949 2746 2004 auxilium
2792 1951 3109 2020 promereri,
3160 1957 3216 2005 et
3263 1950 3543 2021 prosperis

1950 2044 2153 2116 pollere
2192 2044 2556 2110 successibus,
2575 2053 2737 2114 atque
2759 2045 3002 2100 imbelles
3024 2045 3276 2117 gloriosis
3304 2044 3544 2116 gaudere

1949 2136 2257 2207 triumphis,
2298 2136 2397 2191 sed
2433 2143 2487 2190 et
2515 2144 2638 2206 post
2658 2135 2972 2206 temporalis
2999 2134 3198 2191 infulas
3225 2135 3435 2206 imperii
3464 2135 3542 2190 si-

1950 2229 2116 2286 derea
2170 2229 2398 2285 feliciter
2465 2231 2722 2301 consequi
2778 2217 2966 2298 regna.
3021 2229 3366 2300 Quapropter
3420 2238 3546 2284 cum

1951 2323 2308 2394 plurimarum
2349 2323 2706 2380 ecclesiarum
2753 2323 3252 2394 venerabiliumque
3295 2322 3546 2378 custodes

1953 2417 2218 2480 locorum,
2249 2417 2697 2487 diversorumque
2726 2418 3007 2472 hominum
3035 2416 3104 2472 de
3137 2416 3335 2471 ﬁnibus
3378 2414 3546 2470 Italia:

1949 2510 2230 2579 multiplex
2253 2509 2473 2579 querela
2498 2518 2742 2565 nostrum
2766 2510 3038 2579 pulsasset
3067 2509 3331 2575 auditum,
3357 2523 3544 2565 eorum
3605 2555 3610 2558 _

1955 2604 2277 2674 lacrymosis
2303 2604 2525 2658 vocibus
2572 2604 2776 2673 pietate
2815 2615 3044 2675 cogente
3093 2603 3259 2668 moti,
3290 2602 3549 2658 charissi-

1955 2713 2104 2752 mum
2135 2705 2294 2765 atque
2326 2696 2699 2752 dulcissimum
2746 2697 2915 2754 ﬁlium
2949 2705 3194 2753 nostrum
3225 2695 3548 2751 Lotharium

1956 2789 2254 2844 direximus
2288 2802 2388 2856 pro
2435 2787 2736 2843 munimine
2784 2803 2850 2844 ac
2905 2786 3224 2844 defensione
3263 2801 3548 2842 sacrorum

1955 2879 2458 2948 venerabiliumque
2503 2878 2776 2946 locorum,
2822 2888 2877 2935 et
2931 2895 3031 2950 pro
3064 2878 3292 2948 justitiis
3341 2885 3554 2935 cunctae

1955 2971 2151 3044 plebis,
2183 2988 2304 3042 quae
2351 2975 2594 3032 molestis
2642 2972 2878 3044 querelis
2915 2981 3157 3040 nostras,
3188 2979 3250 3028 ut
3293 2972 3550 3038 diximus,

1957 3064 2297 3121 incessanter
2326 3066 2678 3137 pulsaverant
2698 3081 2879 3124 aures.

2031 3157 2200 3228 Igitur
2237 3174 2338 3230 ego
2369 3160 2666 3216 Lotltarius
2717 3158 3014 3231 Augustus,
3051 3167 3292 3230 paterna:
3322 3171 3554 3214 concor-

1965 3248 2099 3304 dans
2126 3249 2391 3303 voluntati
2446 3259 2502 3305 et
2544 3249 2931 3321 obtemperans
2976 3249 3161 3321 jussis,
3200 3264 3324 3304 cum
3373 3256 3559 3318 prote-

1959 3346 2123 3410 gente
2147 3339 2257 3395 Dco
2284 3341 2467 3411 quieta
2499 3342 2863 3414 prosperitate
2906 3343 2974 3398 ad
3015 3341 3205 3396 limina
3231 3341 3379 3396 beati
3404 3339 3559 3396 Petri

1961 3432 2225 3503 principis
2269 3433 2660 3502 apostolorum,
2693 3435 2960 3497 orationis
3004 3441 3169 3503 atque
3208 3434 3559 3491 exaltationis

1962 3521 2206 3592 ejusdem
2241 3532 2444 3580 sanctae
2490 3525 2588 3580 Dei
2637 3525 2886 3584 ecclesia:
2937 3525 3134 3596 gratia,
3195 3525 3558 3591 venissemus,

1962 3618 2108 3674 inter
2138 3618 2376 3690 reliquos
2409 3620 2523 3690 qui,
2567 3628 2627 3675 ut
2657 3620 2912 3684 diximus,
2945 3619 3207 3690 plurimas
3253 3619 3562 3689 proclama-

1962 3711 2092 3766 bant
2142 3713 2391 3781 querelas
2417 3753 2432 3778 ,
2479 3714 2627 3768 venit
2676 3712 2966 3783 Ingualdus
3020 3713 3346 3768 venerabilis
3391 3714 3563 3768 abbas

1964 3804 2279 3860 monasterii
2311 3805 2481 3858 beatae
2521 3811 2577 3858 et
2609 3803 2859 3874 gloriosae
2909 3819 3127 3874 semper
3162 3803 3390 3874 virginis
3442 3802 3562 3858 Ma-

1964 3897 2078 3964 riae,
2113 3898 2418 3963 constituti,
2452 3898 2505 3952 in
2536 3897 2736 3953 ﬁnibus
2759 3896 3072 3962 Sabinens.,
3103 3913 3356 3954 asserens
3398 3914 3560 3954 suum

1963 3991 2378 4057 monasterium,
2410 3990 2588 4047 ablata
2626 3991 2857 4060 pristina
2893 3991 3176 4059 libertate,
3227 3994 3327 4047 sub
3356 3993 3562 4049 tributo

1964 4099 2032 4139 ac
2085 4085 2346 4156 pensione
2400 4101 2430 4139 a
2482 4085 2742 4142 Romanis
2778 4084 3126 4156 pontificibus
3182 4087 3561 4156 constrictum,

1967 4178 2275 4249 multasque
2325 4179 2700 4250 possessiones
2730 4179 2906 4235 eidem
2937 4180 3270 4237 monasterio
3295 4181 3564 4236 violenter

1966 4271 2197 4330 ablatas.
2224 4272 2377 4329 Unde
2414 4273 2758 4330 sciscitantes
2801 4273 3044 4330 studiose
3098 4274 3562 4347 interrogavimus

1967 4382 2075 4436 qua
2106 4365 2319 4422 ratione
2360 4373 2455 4420 aut
2502 4365 2792 4436 prmdictas
2821 4381 2911 4422 res
2950 4366 3253 4436 acquirere,
3287 4377 3380 4423 aut
3429 4384 3566 4439 prte-

1968 4459 2126 4514 dictae
2152 4457 2439 4528 potestatis
2481 4456 2783 4512 dominium
2815 4469 3063 4529 speraret
3085 4459 3336 4515 evadere.
3369 4459 3474 4528 Qui
3503 4460 3567 4516 il-

270 4541 614 4609 temporibus
640 4540 749 4595 Deo
770 4547 1081 4610 protegente
1113 4538 1320 4594 ﬁrmior
1353 4538 1638 4602 habeatur,
1681 4545 1736 4593 et
1770 4553 1855 4607 pet

1970 4550 2075 4606 lico
2104 4548 2307 4604 nostris
2347 4540 2544 4604 obtulit
2570 4548 2880 4618 aspectibus
2906 4550 3128 4620 antiqua
3171 4550 3565 4621 Longobardo-

268 4633 462 4688 futura
491 4641 731 4703 tempora
779 4633 974 4688 melius
1017 4640 1393 4697 conservetur,
1444 4646 1605 4684 manu
1650 4630 1863 4700 propria

267 4725 472 4780 subter
495 4725 849 4792 ﬁrmavimus,
876 4733 931 4781 et
963 4725 1148 4780 annuli
1177 4723 1348 4780 nostri
1391 4722 1754 4793 impressione
1799 4721 1872 4778 si-

270 4818 438 4890 gnari
465 4817 747 4887 iussimus.
1001 4809 1005 4813 ’

356 4929 584 5001 Signum
619 4929 876 4987 Ludovici
917 4930 1145 5001 piissimi
1182 4929 1345 5001 regis.

355 5042 574 5100 Simeon
615 5045 874 5100 diaconus
916 5045 983 5100 ad
1013 5045 1185 5101 vicem
1215 5042 1486 5114 Fridugisi
1538 5041 1871 5114 recognovit.

354 5161 490 5216 Data
513 5159 685 5230 pridie
707 5160 1178 5225 Kalendaslulias,
1203 5175 1364 5223 anno,
1381 5158 1598 5214 Christo
1622 5157 1874 5227 propitio,

267 5249 497 5320 imperii
529 5251 701 5304 nostri
731 5249 821 5316 ll,
867 5251 1159 5306 indictione
1198 5252 1266 5304 η
1309 5248 1481 5321 [Lege
1513 5245 1626 5318 2i].
1677 5245 1875 5299 Actum

265 5339 618 5410 Compendio
660 5340 864 5414 palatio
909 5341 1060 5413 regio
1111 5341 1167 5397 in
1209 5341 1307 5396 Dei
1354 5338 1573 5394 nomine
1623 5335 1873 5392 feliciter.

262 5429 479 5487 Amen.

1974 4661 2095 4700 rum
2129 4659 2320 4714 regum
2365 4650 2669 4713 prtecepta,
2715 4641 3052 4696 continentia
3107 4642 3564 4711 quemadmodum

1975 4738 2151 4808 ipsum
2187 4745 2446 4794 sanctum
2487 4735 2667 4791 locum
2724 4733 2894 4806 regali
2945 4735 3268 4792 auctoritate
3319 4737 3420 4792 sub
3463 4751 3568 4792 sua

1976 4827 2288 4884 defensione
2336 4838 2499 4897 atque
2526 4827 2868 4881 immunitate
2897 4829 3048 4881 omni
3097 4835 3341 4898 tempore
3381 4841 3569 4899 perse-

1976 4937 2167 4979 verare
2209 4929 2535 4978 statuerunt.
2565 4919 2841 4991 Praecipue
2877 4920 3060 4992 itaque
3087 4919 3325 4976 ostendit
3351 4927 3407 4976 et
3428 4935 3568 4991 prae-

1976 5022 2191 5082 ceptum
2219 5010 2652 5067 conﬁrmationis
2688 5011 2791 5081 piae
2819 5011 3093 5066 memoriae
3119 5010 3324 5066 domini
3353 5011 3439 5066 avi
3469 5026 3568 5067 no-

1978 5103 2078 5159 stri
2113 5101 2290 5158 Caroli
2317 5103 2648 5158 serenissimi
2676 5103 2923 5172 Augusti,
2973 5111 3303 5174 praeceptum
3351 5119 3570 5176 quoque

1980 5197 2183 5255 domini
2211 5205 2266 5254 et
2291 5197 2551 5268 genitoris
2577 5198 2752 5252 nostri
2787 5197 3047 5254 Ludovici
3092 5198 3436 5255 invictissimi
3465 5200 3571 5254 im-

1977 5290 2274 5362 peratoris;
2297 5303 2419 5360 quae
2464 5288 2639 5344 eidem
2675 5289 3008 5346 monasterio
3050 5289 3302 5346 beneﬁcii
3340 5298 3394 5346 et
3418 5289 3570 5362 puri-

1980 5386 2110 5441 tatis
2137 5399 2332 5440 munus
2351 5398 2451 5453 pro
2479 5383 2746 5440 mercedis
2767 5397 2880 5440 suae
2914 5391 3202 5455 augmento
3241 5383 3566 5440 emiserunt.

1975 5481 2036 5536 In
2059 5481 2256 5552 quibus
2284 5479 2662 5534 continebatur
2685 5477 2918 5549 qualiter
2935 5479 3255 5548 praadictum
3293 5484 3570 5534 monaste-

1976 5574 2119 5630 rium
2163 5574 2264 5630 sub
2299 5587 2410 5628 suaa
2439 5570 2767 5627 defensionis
2796 5568 3076 5642 privilegio
3125 5568 3339 5626 cunctis
3371 5566 3566 5623 diebus

1974 5684 2295 5742 permanere
2345 5669 2738 5731 decreverunt,
2790 5666 2930 5721 sicut
2975 5672 3172 5721 caetera
3226 5659 3560 5717 monasteria

1973 5780 2095 5834 qua:
2124 5763 2180 5818 in
2209 5778 2375 5835 regno
2402 5778 2432 5816 a
2459 5761 2656 5816 finibus
2691 5759 3042 5815 Franciarum
3073 5755 3412 5818 consistunt;
3457 5751 3564 5807 sci-

1973 5856 2104 5915 licet
2130 5865 2190 5914 ιιι
2211 5856 2345 5914 nulli
2372 5869 2610 5926 unquam
2637 5855 2973 5925 pontificum,
3003 5852 3414 5924 episcoporum,
3457 5848 3568 5936 duc}
