4048 6350
237 395 381 468 H57

1381 397 1780 459 DIPLOMATA
1819 392 2378 459 ECCLESIAS'I‘ICA.~

3357 404 3497 471 l138

236 519 360 578 riali
387 531 490 589 ope
537 527 598 572 se
620 493 820 571 muniri
871 512 1164 585 quaesierit,
1196 518 1258 568 ut
1297 513 1364 569 ab
1392 512 1510 583 ejus
1532 513 1815 570 clementia
1844 516 1898 576 Α
1921 515 2034 569 rius
2056 514 2330 587 Augustus
2361 499 2702 572 invictissimi
2729 502 2932 577 domini
2958 521 3302 596 imperatoris
3321 525 3496 586 Ludo-

238 613 528 675 relevetur,
561 624 592 662 a
618 623 726 678 quo
755 622 814 662 se
841 606 1014 662 credit
1037 605 1381 676 imploratum
1413 605 1670 661 auxilium
1696 620 1822 675 pos-

237 715 298 758 se
325 698 571 771 adipisci.
602 697 837 752 Proinde
867 695 1079 752 noverit
1115 697 1406 764 sagacitas,
1435 711 1532 751 seu
1557 695 1818 751 industria

235 792 478 850 omnium
505 787 745 844 ﬁdelium
771 794 1102 853 nostrorum,
1151 795 1259 840 tam
1281 785 1629 857 praesentium
1658 801 1819 857 quam

236 882 565 946 futurorum,
616 894 681 934 eo
729 878 872 948 quod
902 877 986 932 vir
1034 877 1359 934 venerabilis
1405 877 1516 933 Leo
1540 876 1820 933 Comensis

236 974 528 1044 episcopus
580 977 780 1024 nostra:
833 969 1065 1023 innotuit
1113 970 1415 1034 serenitati,
1455 969 1686 1040 qualiter
1721 984 1822 1040 per

237 1065 530 1138 quamdam
577 1061 960 1134 negligentiam
1010 1068 1173 1131 atque
1203 1061 1470 1116 incuriam
1517 1060 1699 1116 omnia
1733 1060 1818 1115 in-

235 1164 540 1213 strumenta
571 1155 904 1217 chartarum,
951 1166 1050 1223 per
1079 1168 1200 1224 quae
1253 1168 1342 1208 res
1384 1160 1495 1205 tam
1522 1167 1552 1206 a
1581 1150 1821 1221 parenti-

233 1254 358 1329 bus,
393 1265 662 1322 quamque
687 1250 757 1304 ab
797 1249 1072 1305 extraneis
1116 1250 1364 1319 personis
1415 1249 1519 1304 sibi
1568 1249 1818 1316 traditas,

233 1356 327 1399 aut
346 1345 414 1400 ab
441 1358 508 1399 eo
533 1353 765 1414 emptas,
795 1357 892 1398 seu
920 1350 1302 1409 commutatas,
1325 1343 1449 1414 jure
1473 1343 1822 1413 proprietatis

235 1447 418 1494 tenere
444 1446 604 1507 atque
630 1435 921 1492 defendere
953 1435 1227 1502 debuisse,
1251 1447 1550 1508 exustaque
1573 1438 1657 1493 vel
1687 1453 1818 1493 eon-

233 1542 473 1587 cremata
493 1529 724 1586 fuissent
749 1546 762 1584 :
786 1529 989 1585 idcirco
1009 1530 1165 1599 petiit
1183 1531 1531 1586 serenitatem
1553 1538 1816 1594 nostram,

233 1632 293 1677 ut
316 1637 416 1694 pro
443 1630 644 1678 nostrae
666 1621 952 1682 ,mercedis
995 1630 1289 1692 augmento
1330 1631 1387 1678 et
1409 1621 1677 1678 ﬁrmitatis
1706 1633 1821 1680 stu-

231 1711 322 1767 dio
372 1720 616 1767 nostram
668 1711 1049 1767 auctoritatem
1096 1714 1404 1784 superhoc
1452 1714 1728 1785 negotium
1767 1712 1818 1767 ei

229 1803 350 1859 ﬁeri
379 1803 718 1873 juberemus,
747 1820 847 1875 per
877 1819 1039 1876 quam
1070 1803 1347 1861 modernis
1371 1812 1425 1861 et
1460 1805 1658 1861 futuris
1680 1813 1819 1860 tem-

227 1897 451 1967 poribus
476 1912 563 1953 res
583 1906 638 1952 et
654 1897 924 1968 mancipia
947 1913 1068 1968 qua:
1091 1912 1190 1970 per
1215 1897 1441 1968 przefata
1459 1899 1820 1954 instrumenta
1846 1877 1894 1937 Β

229 1989 546 2044 chartarum
590 1989 642 2044 ei
693 1989 908 2045 traditae
955 1989 1192 2057 fuerant,
1239 1999 1333 2046 aut
1385 1992 1454 2047 ab
1484 2006 1550 2047 eo
1598 2000 1817 2061 emptae,

229 2095 327 2136 seu
356 2089 721 2147 commutatze,
763 2081 875 2136 sive
902 2096 1001 2152 per
1027 2081 1324 2152 quamlibet
1379 2082 1706 2153 scripturam
1731 2082 1818 2152 ju-

227 2181 309 2227 ste
333 2181 389 2226 et
419 2171 663 2243 legaliter
711 2171 768 2226 in
811 2169 936 2241 jure
993 2172 1184 2242 ipsius,
1235 2181 1346 2228 tam
1383 2173 1438 2228 in
1465 2188 1604 2245 pago
1631 2172 1819 2246 [Forte

224 2261 324 2333 leg.
343 2261 495 2336 agro]
510 2262 764 2319 Comensi
783 2278 946 2334 quam
971 2263 1025 2318 in
1055 2264 1254 2320 ﬁnibus
1271 2263 1570 2320 Sibriensis
1595 2262 1808 2336 [Forte,

228 2350 564 2425 Sepriensis]
595 2352 930 2423 pervenisse,
958 2360 1122 2423 atque
1173 2354 1355 2424 quiete
1383 2369 1480 2409 seu
1511 2369 1701 2409 secure
1729 2353 1815 2408 di-

225 2443 504 2514 gnoscitur
539 2443 865 2514 possedisse,
921 2452 1104 2500 tenere
1152 2454 1315 2517 atque
1353 2447 1633 2517 possidere
1669 2445 1818 2501 vale-

227 2541 330 2588 ret.
364 2533 534 2589 Nobis
556 2535 738 2606 itaque
761 2535 919 2591 libuit
947 2537 1192 2607 ejusdem
1239 2539 1566 2594 venerabilis
1593 2538 1699 2593 viri
1721 2553 1816 2608 pe-

225 2627 509 2684 titionibus
532 2644 813 2685 assensum
839 2630 1105 2700 przebere,
1144 2637 1200 2687 et
1229 2631 1299 2686 ad
1352 2631 1469 2702 ejus
1497 2631 1814 2703 petitionem

227 2723 368 2778 hanc
402 2730 644 2779 nostram
681 2722 1018 2794 imperialem
1070 2725 1448 2782 auctoritatem
1485 2724 1606 2781 ﬁeri
1632 2723 1817 2780 decre-

224 2816 423 2872 vimus.
456 2815 812 2887 Praicipimus
861 2829 992 2888 ergo
1046 2823 1210 2885 atque
1230 2814 1508 2885 jubemus,
1538 2824 1601 2870 ut
1625 2830 1816 2870 omnes

227 2920 316 2961 res
347 2913 507 2976 atque
529 2905 800 2976 mancipia
826 2919 946 2975 qute
970 2905 1020 2960 ei
1042 2920 1141 2976 per
1165 2905 1463 2976 quamlibet
1486 2904 1813 2976 scripturam

227 3012 258 3052 a
283 2997 692 3069 quibuscunque
724 2996 994 3068 personis,
1053 3003 1164 3050 tam
1208 3012 1237 3050 a
1266 2997 1588 3068 propinquis
1616 3011 1809 3067 quam-
1843 3038 1850 3040 -

226 3107 331 3164 que
358 3086 750 3157 ab'extraneis,
786 3087 933 3158 juste
960 3097 1016 3144 et
1054 3087 1299 3162 legaliter
1329 3089 1539 3144 collata:
1570 3088 1811 3153 fuerunt,

226 3191 281 3237 et
307 3196 478 3252 usque
508 3182 576 3236 ad
605 3180 746 3236 diem
783 3195 946 3249 supra
977 3181 1194 3251 scriptae
1240 3180 1605 3236 exsecutionis
1632 3181 1812 3250 quiete

1920 608 2028 664 vici
2055 607 2215 664 ﬁlius.

1993 700 2051 756 Si
2089 704 2329 772 provide,
2363 713 2588 776 propter
2647 709 3004 764 reverendam
3065 714 3279 768 venturi
3335 723 3496 787 atque

1921 795 2147 864 pavendi
2168 794 2374 852 Judieis
2401 814 2664 864 amorem,
2686 798 2850 868 justis
2893 817 2959 856 ac
2981 803 3498 865 rationabilibussa-

1921 887 2201 942 cerdotnm
2252 897 2414 960 atque
2467 907 2744 946 servorum
2793 893 2888 948 Dei
2948 896 3318 965 petitionibus,
3362 917 3498 971 quas

1922 980 2079 1035 nobis
2113 989 2335 1052 propter
2387 984 2622 1052 quietem
2651 994 2852 1041 sanctae
2882 995 3042 1056 atque
3071 989 3363 1057 catholicte,
3402 1009 3496 1049 seu

1922 1073 2172 1129 decorem
2200 1077 2484 1144 praesentis
2533 1085 2706 1132 status
2756 1079 3026 1145 Ecclesize,
3082 1081 3237 1151 cujus
3262 1083 3373 1139 Deo
3404 1101 3499 1139 au-

1922 1175 2073 1222 ctore
2103 1169 2341 1239 regimen
2371 1171 2550 1225 sortiti
2585 1179 2728 1236 sunt,
2776 1172 3115 1230 innotescere
3165 1177 3496 1243 curaverint,

1924 1277 2085 1319 aures
2116 1263 2417 1319 clementiae
2465 1275 2664 1320 nostrae
2717 1267 2974 1323 divinitus
3019 1267 3257 1341 instigati
3289 1285 3498 1326 accom-

1922 1354 2222 1417 modamus,
2284 1369 2485 1426 easque
2519 1357 2769 1411 aestuanti
2823 1357 3090 1413 desiderio
3141 1358 3207 1413 ad
3235 1359 3494 1426 debitum,

1921 1442 2033 1499 Deo
2089 1445 2342 1515 prepitio,
2400 1447 2811 1516 perduxerimus
2857 1447 3128 1515 effectum,
3177 1465 3282 1506 non
3322 1452 3497 1509 solum

1922 1534 2258 1606 imperialem
2306 1537 2753 1592 consuetudinem
2802 1552 3140 1604 exercemus,
3173 1547 3336 1609 atque
3363 1557 3499 1612 prae-

1921 1627 2266 1684 decessorum
2302 1637 2634 1696 nostrorum,
2654 1630 2908 1687 videlicet
2932 1648 3118 1704 regum
3143 1631 3493 1700 Francorum,

1919 1717 2065 1776 facta
2102 1723 2492 1788 conservando,
2525 1730 2579 1780 et
2598 1732 2783 1779 nostra
2809 1725 2862 1778 in
2911 1735 3186 1796 posterum
3212 1741 3242 1780 a
3267 1728 3500 1797 posteris

1927 1811 2309 1868 inviolabiliter
2356 1813 2587 1870 favendo
2631 1817 2972 1884 roboramus,
3016 1833 3203 1874 verum
3233 1819 3396 1874 etiam
3429 1820 3501 1876 ad

1920 1904 2142 1975 praemia
2167 1905 2354 1976 patriae
2379 1906 2616 1962 caelestis
2650 1908 2994 1978 percipienda
3022 1907 3327 1976 hujusmodi
3356 1907 3500 1965 facta

1920 1997 2125 2067 absque
2149 1998 2377 2068 ambage
2403 1996 2585 2054 valere
2609 1998 2952 2054 conﬁdimus.
2988 1999 3324 2071 Quapropter
3347 2015 3498 2056 com-

1918 2091 2094 2161 periat
2138 2091 2369 2148 ﬁdelitas
2407 2093 2649 2148 omnium
2706 2101 3015 2150 nostrorum
3072 2096 3333 2163 ﬁdelium,
3386 2113 3502 2153 mo-

1919 2183 2212 2239 dernorum
2241 2185 2496 2241 videlicet
2519 2195 2573 2240 et
2619 2186 2947 2252 futurorum,
2988 2188 3114 2257 quia
3150 2188 3258 2242 Leo
3305 2191 3390 2245 vir
3414 2206 3495 2246 ve-

1918 2277 2178 2331 nerabilis
2211 2286 2571 2333 sacrosanctm
2598 2278 2853 2333 Ecclesia:
2886 2279 3168 2335 Comensis
3195 2281 3499 2351 episcOpus,

1917 2368 2009 2422 ubi
2063 2378 2287 2424 sanctus
2332 2369 2618 2425 confessor
2667 2369 2872 2425 Christi
2933 2370 3216 2427 Abundius
3263 2372 3504 2442 pretioso

1917 2473 2146 2529 corpore
2172 2461 2484 2530 requiescit,
2511 2460 2858 2532 magnificum
2889 2462 3104 2518 culmen
3135 2470 3338 2517 nostra:
3363 2477 3506 2518 sere-

1916 2549 2104 2604 nitatis
2139 2550 2327 2606 adiens
2349 2591 2364 2617 ,
2405 2551 2598 2606 detulit
2637 2551 2912 2607 obtutibus
2945 2553 3148 2607 nostris
3214 2552 3504 2622 quamdam

1919 2641 2301 2698 auctoritatem
2328 2657 2424 2698 seu
2471 2643 2940 2698 conﬁrmationem
2967 2643 3168 2700 domini
3202 2652 3257 2700 et
3295 2646 3504 2716 genito-

1917 2733 1994 2789 ris
2031 2734 2203 2789 nostri
2259 2735 2518 2789 Ludovici
2567 2735 3002 2791 excellentissimi
3031 2737 3276 2808 Augusti,
3312 2738 3368 2793 in
3397 2754 3506 2808 qua

1917 2828 2298 2884 continebatur
2327 2827 2560 2897 qualiter
2610 2835 2940 2899 prmeeptum
2975 2829 3078 2898 piae
3115 2829 3507 2886 recordationis

1917 2920 2003 2974 avi
2030 2919 2202 2975 nostri
2221 2917 2402 2974 Caroli
2432 2919 2806 2987 gloriosissimi
2844 2919 3206 2988 imperatoris,
3245 2935 3339 2976 seu
3368 2936 3507 2990 prte-

1917 3019 2134 3082 ceptum
2162 3010 2612 3077 conﬁrmationis,
2645 3012 2853 3067 scilicet
2899 3011 3195 3083 Cumperti,
3243 3011 3506 3082 Ariperti,

1916 3109 1972 3158 et
2022 3102 2362 3172 Liutprandi,
2415 3102 2682 3172 Ratigisii,
2727 3102 3051 3174 Heistulphi,
3086 3103 3370 3165 Desiderii,
3420 3105 3507 3160 vel

1859 3243 1882 3265 η
1915 3193 2374 3263 praedecessorum
2425 3209 2636 3262 eorum,
2666 3210 2786 3264 quae
2823 3195 2927 3264 ipsi
2965 3197 3106 3252 circa
3134 3197 3380 3252 eumdem
3409 3213 3504 3252 ve-

228 3283 281 3331 et
307 3289 516 3339 secure,
548 3273 761 3328 nemine
809 3271 1146 3342 inquietante
1203 3281 1366 3341 atque
1393 3271 1812 3342 pulsante,jure

1920 3284 2211 3339 nerabilem
2241 3283 2417 3339 locum
2447 3301 2545 3355 pro
2581 3285 2762 3340 divino
2787 3301 2970 3342 amore
3014 3286 3262 3342 fecerunt
3289 3287 3356 3342 de
3384 3303 3504 3342 om-

226 3364 588 3436 proprietario
648 3372 836 3420 tenere
886 3373 1048 3434 atque
1100 3364 1380 3418 dominare
1413 3364 1590 3418 visum
1624 3363 1813 3430 fuerit,

226 3471 324 3526 per
347 3456 487 3509 hanc
509 3461 710 3510 nostrae
739 3453 1081 3509 auctoritatis
1110 3453 1580 3509 conﬁrmationem
1609 3453 1816 3524 absque

230 3547 394 3602 ullius
441 3547 836 3618 inquietudine,
890 3545 977 3602 vel
1022 3544 1222 3615 injusta
1252 3545 1688 3616 interpellatione
1712 3545 1816 3601 rite

230 3647 286 3695 et
315 3655 506 3694 secure
529 3639 730 3693 habere
760 3637 846 3693 vel
885 3638 1167 3709 possidere
1191 3637 1391 3692 valeat.
1430 3637 1584 3706 Quod
1611 3637 1656 3692 si
1678 3636 1818 3692 forte

229 3745 396 3801 super
419 3727 660 3798 ejusdem
691 3730 853 3784 rebus
883 3737 1010 3784 ante
1058 3730 1372 3800 prtedictam
1409 3730 1817 3785 exsecutionem

227 3821 298 3877 ab
340 3836 406 3877 eo
427 3821 550 3892 jure
575 3828 631 3876 ct
671 3821 851 3891 quiete
880 3822 1154 3890 possessis
1199 3822 1425 3891 quaestio
1476 3829 1597 3876 orta
1628 3818 1814 3886 fuerit,

228 3923 289 3971 ut
328 3929 427 3985 pro
456 3915 535 3969 eis
592 3913 836 3985 legaliter
867 3913 922 3968 in
961 3912 1080 3969 foro
1132 3914 1436 3984 disceptare
1471 3927 1695 3967 necesse
1722 3913 1815 3979 sit,

227 4004 243 4062 ἴ
251 4013 305 4059 ta
336 4019 435 4074 per
463 4005 604 4061 hanc
635 4013 882 4060 nostram
934 4003 1314 4059 auctoritatem
1349 4003 1624 4074 prmdictae
1649 4018 1737 4056 res
1764 4011 1822 4058 et

227 4097 501 4168 mancipia
530 4095 889 4151 defendamur
916 4096 1074 4151 sicuti
1098 4110 1197 4166 per
1218 4095 1406 4151 eadem
1435 4094 1815 4159 instrumenta,

228 4190 275 4246 si
309 4191 432 4262 igne
470 4190 760 4260 absumpta
797 4203 905 4244 non
941 4188 1191 4255 fuissent,
1243 4187 1452 4258 legibus
1484 4185 1698 4242 defendi
1727 4202 1821 4258 po-

229 4289 430 4336 terant.
465 4281 590 4336 llaec
617 4296 748 4351 vero
773 4281 1093 4348 auctoritas,
1122 4289 1183 4336 ut
1205 4289 1392 4337 nostra
1419 4295 1539 4336 esse
1568 4281 1820 4335 credatur

228 4379 286 4427 et
311 4387 342 4425 a
372 4370 621 4427 ﬁdelibus
652 4371 811 4427 dictae
857 4380 1057 4428 sanetae
1109 4371 1367 4428 Ecclesiae
1393 4380 1449 4427 et
1491 4372 1692 4428 nostris
1719 4386 1818 4442 per

228 4464 415 4520 futura
471 4474 716 4538 tempora
759 4472 1133 4544 conservetur,
1180 4481 1341 4521 manu
1371 4465 1592 4538 propria
1623 4472 1677 4520 et
1725 4479 1820 4519 an-

230 4558 348 4616 nuli
381 4560 552 4615 nostri
602 4559 777 4631 effigie
823 4560 1014 4616 subtus
1052 4573 1173 4615 eam
1209 4558 1478 4614 voluimus
1503 4571 1624 4613 esse
1653 4556 1818 4611 robo-
1843 4599 1898 4660 Β

231 4654 486 4709 randam.

308 4743 535 4816 Signum
570 4744 811 4802 Lotharii
836 4744 1212 4819 gloriosissimi
1243 4741 1606 4815 imperatoris.

306 4837 530 4893 Maredo
557 4839 623 4893 ad
651 4839 822 4894 vicem
852 4837 1084 4910 Vitgagii
1118 4835 1424 4908 recognovi.

303 4930 500 4984 Datum
518 4932 755 4986 secundo
767 4930 950 4986 Nonas
971 4929 1135 4994 Junii,
1152 4943 1316 4992 anno,
1335 4925 1552 4982 Christo
1565 4923 1820 4996 propitio,

232 5021 457 5092 imperii
489 5020 965 5077 dominiLudovici
993 5019 1327 5076 serenissimi
1358 5017 1704 5089 imperatoris
1733 5017 1825 5072 de—

227 5115 401 5179 cimo,
463 5112 728 5183 regnique
783 5111 1027 5167 Lotharii
1076 5110 1456 5184 gloriosissimi
1504 5108 1733 5181 Augusti
1766 5109 1822 5162 in

227 5206 391 5261 Italia
443 5203 639 5274 primo,
702 5203 997 5258 indictione
1051 5204 1250 5274 prima.
1301 5203 1495 5257 Actum
1549 5201 1826 5256 Venonica

227 5297 362 5352 villa
387 5293 614 5352 V'ilfredi
634 5293 873 5360 comitis,
897 5293 954 5349 in
981 5294 1076 5362 Dei
1101 5293 1319 5350 nomine
1343 5291 1595 5348 feliciter.
1632 5291 1823 5347 Amen.

229 5389 395 5445 Anno
425 5388 640 5444 Domini
673 5386 798 5444 825.

973 5478 1158 5536 CXIX.

336 5607 683 5652 ratmsomu
725 5610 981 5652 ιοτιωιιι
1017 5611 1120 5652 PRO
1155 5610 1334 5652 EODEM
1364 5609 1722 5652 NONASTERIO.

875 5688 1224 5763 (AnnoSﬂAJ

708 5779 884 5853 [Apud
917 5781 1108 5853 Ughel.
1121 5823 1134 5848 ,
1161 5782 1316 5856 ibid.]

313 5869 379 5932 In
402 5871 624 5930 nomine
647 5873 865 5931 Domini
885 5873 1016 5931 Jesu
1043 5874 1246 5931 Christi
1268 5875 1363 5931 Dei
1391 5873 1604 5944 aeterni,
1629 5871 1832 5928 Lotha-

1916 3376 2074 3431 nibus
2129 3376 2292 3431 rebus
2347 3392 2466 3445 qua:
2500 3377 2676 3432 eidem
2724 3392 2879 3432 sacro
2928 3378 3068 3442 loco,
3135 3386 3243 3432 tam
3277 3379 3345 3433 ab
3372 3379 3505 3448 ipsis

1917 3481 2186 3536 quamque
2215 3482 2246 3520 a
2272 3467 2683 3536 quibuseunque
2712 3469 2980 3536 personis,
3007 3468 3154 3538 juste
3175 3477 3228 3524 et
3261 3468 3508 3540 legaiiter

1918 3561 2120 3616 fuerint
2149 3561 2375 3627 traditae,
2405 3561 2518 3617 sive
2551 3561 2616 3616 de
2641 3562 2708 3616 iis
2729 3577 2850 3631 qua:
2879 3561 2933 3615 in
2963 3569 3120 3616 antea
3150 3577 3272 3617 cum
3293 3559 3508 3629 justitia
3603 3623 3614 3631 η

1919 3654 2202 3724 acquirere
2229 3654 2488 3724 potuerit,
2519 3669 2670 3710 more
2699 3653 2963 3724 imperiali
2992 3652 3360 3709 conﬁrmaret.
3392 3654 3502 3710 Sed

1918 3753 1974 3800 et
2001 3744 2308 3814 specialiter
2362 3745 2416 3798 in
2459 3744 2648 3798 eodem
2704 3744 2965 3798 insertum
3021 3753 3138 3796 erat
3181 3745 3247 3799 de
3272 3744 3504 3809 teloneo,

1921 3850 2017 3890 seu
2055 3844 2317 3899 mercato,
2366 3843 2422 3889 et
2454 3833 2634 3903 Gegis,
2688 3848 2811 3887 cum
2866 3834 2983 3904 ipso
3038 3833 3179 3900 loco,
3209 3850 3419 3890 necnon
3447 3835 3506 3890 in

1920 3925 2234 3982 canonicale
2289 3925 2612 3994 stipendium
2664 3925 3011 3980 concedimus
3051 3925 3304 3980 Comanis
3332 3925 3510 3982 eccle-

1921 4016 2156 4071 siasticis
2186 4015 2395 4080 Clusas,
2427 4015 2483 4070 et
2509 4023 2726 4086 pontem
2765 4014 2906 4084 juris
2937 4017 3106 4072 nostri
3141 4016 3208 4071 de
3237 4017 3509 4073 Clavenna
3572 4066 3577 4071 .

1921 4106 2252 4164 aeternaliter
2285 4125 2296 4160 :
2336 4106 2556 4175 insuper
2603 4107 2657 4160 in
2689 4106 2876 4161 eadem
2905 4107 3286 4162 continebatur
3319 4115 3510 4164 aucto-

1922 4201 2085 4256 ritate
2128 4200 2194 4255 de
2245 4198 2595 4254 altercatione
2651 4215 2770 4269 quae
2817 4207 2937 4255 orta
2967 4197 3069 4255 fuit
3118 4201 3261 4254 inter
3282 4199 3507 4255 Petrum

1921 4293 2037 4363 ejus
2060 4293 2536 4362 praedecessorem,
2563 4300 2723 4362 atque
2745 4290 3032 4347 Rectorem
3057 4299 3256 4347 sanctre
3280 4291 3511 4347 Comen-

1923 4386 1999 4440 sis
2036 4385 2290 4440 Ecclcsim
2325 4385 2565 4454 episcop.
2607 4391 2660 4438 et
2697 4382 3029 4437 Vualdonem
3063 4382 3236 4437 sancti
3267 4381 3510 4453 Dionysii

1922 4477 2196 4542 abbatem,
2233 4475 2466 4546 qualiter
2495 4475 2639 4529 idem
2687 4472 2894 4529 devota:
2937 4472 3326 4528 recordationis
3377 4487 3511 4526 avus

1923 4579 2126 4634 noster,
2153 4569 2274 4639 pius
2324 4582 2387 4622 ac
2423 4567 2690 4638 gloriosus
2731 4566 3024 4636 imperator
3061 4565 3304 4631 Carolus,
3333 4565 3397 4620 de
3420 4580 3512 4618 ca-

1925 4664 2047 4732 dem
2079 4661 2374 4716 intentione
2426 4661 2756 4724 decreverat,
2813 4659 3060 4714 videlicet
3087 4660 3152 4714 de
3186 4660 3347 4714 rebus
3373 4672 3511 4727 quas

1925 4755 2119 4811 Waldo
2171 4756 2338 4811 abbas
2401 4756 2658 4826 prtedicto
2722 4754 2885 4809 Petro
2936 4753 3188 4824 episcopo
3240 4753 3511 4823 quaesivit,

1925 4865 2046 4920 quae
2075 4857 2232 4903 erant
2262 4848 2381 4904 sitm
2430 4847 2482 4902 in
2512 4846 2662 4903 Valle
2716 4845 2920 4901 Tellina
2952 4846 3007 4900 in
3035 4846 3231 4900 ducatu
3259 4844 3513 4899 Mediola-

1926 4957 2112 5005 nense,
2167 4949 2227 4995 ut
2256 4941 2394 4997 sicut
2422 4941 2683 4995 hactenus
2718 4954 2816 5010 per
2868 4938 3332 4994 conﬁrmationem
3360 4945 3512 4993 ante-

1927 5049 2202 5089 cessorum
2243 5049 2453 5104 regum,
2485 5032 2701 5087 easdem
2733 5047 2838 5097 res,
2871 5047 3006 5102 quas
3028 5031 3306 5087 Comensis
3331 5031 3514 5085 Eccle-

1927 5126 2007 5181 sia
2034 5132 2301 5190 tenuerat,
2333 5125 2411 5178 ita
2441 5131 2495 5177 et
2524 5124 2577 5177 in
2605 5122 2845 5178 futurum
2873 5138 2972 5193 per
2998 5121 3115 5191 ejus
3139 5121 3510 5176 conﬁrmatio-

1927 5233 2050 5273 nem
2084 5225 2310 5273 teneret.
2352 5216 2484 5286 lpsze
2509 5230 2638 5269 vero
2667 5230 2754 5270 res
2779 5226 2936 5269 erant
2954 5213 3196 5268 ecclesite
3217 5213 3514 5284 baptisma-

1927 5307 2027 5373 les,
2066 5322 2171 5362 una
2201 5307 2253 5362 in
2304 5304 2544 5370 Amatia,
2577 5312 2632 5359 et
2677 5304 2847 5358 altera
2875 5304 2930 5358 in
2974 5303 3206 5369 Burmis,
3263 5303 3422 5357 tertia
3459 5301 3514 5354 in

1927 5398 2199 5464 Postlavo,
2240 5405 2296 5453 et
2345 5396 2790 5453 monasteriolum
2822 5394 2880 5450 S.
2909 5392 3108 5450 Fidelis
3141 5393 3420 5466 pertinens
3449 5396 3516 5449 ad

1929 5493 2297 5563 episcopatum
2325 5490 2666 5546 Comensem.
2715 5485 2979 5544 Videlicet
3001 5502 3099 5558 pro
3129 5487 3289 5558 lmjus
3310 5489 3386 5543 rei
3424 5485 3515 5540 ﬁr-

1930 5587 2119 5640 mitate
2177 5584 2331 5655 petiit
2375 5584 2666 5654 praedictus
2713 5582 3039 5638 venerabilis
3091 5582 3200 5636 Leo
3233 5581 3514 5651 episcopus

1930 5676 2168 5745 quietem
2214 5675 2524 5729 serenitatis
2555 5682 2778 5740 nostrte,
2817 5680 2878 5727 ut
2908 5689 3014 5728 non
3041 5672 3211 5727 solum
3245 5673 3515 5739 przecepta

1933 5767 2134 5825 domini
2162 5773 2217 5822 et
2241 5765 2502 5837 genitoris
2527 5765 2719 5832 nostri,
2761 5779 2853 5820 seu
2885 5772 3084 5819 sancta:
3125 5757 3516 5815 recordationis

1933 5865 2015 5919 avi
2046 5864 2223 5921 Caroli
2255 5872 2436 5920 nostra
2464 5861 2783 5920 auctoritate
2837 5857 3294 5920 conﬁrmaremus,
3323 5867 3516 5908 verum
