4048 6350
521 376 690 454 uso?

1628 385 1955 448 LUDGVICI
1988 384 2013 442 Ι
2045 384 2519 448 COGNOMENTO
2557 387 2645 447 Pll

3664 395 3821 455 1140

516 518 684 573 etiam
721 525 812 570 ru
835 520 958 584 quas
983 510 1337 584 suprascripti
1367 523 1546 581 reges,
1599 522 1694 563 seu
1738 515 2115 563 antecessores
2132 506 2193 575 Α
2214 521 2316 577 per
2348 516 2563 565 nostras
2587 508 2796 565 litteras
2827 506 3028 566 Notoni
3057 509 3360 571 Arelatensi
3389 514 3824 594 archiepiscopo

517 621 728 673 eorum,
775 603 1026 660 videlicet
1076 603 1351 674 principes
1378 598 1877 671 Longobardorum,
1910 598 1963 653 hi
1985 603 2114 653 sunt

517 699 895 771 Anspran'dus,
924 696 1253 753 Cumbertus
1292 704 1350 750 et
1376 694 1714 761 Ber‘tbarius,
1763 700 1863 764 per
1921 705 2110 748 eorum

517 794 875 852 auctoritates
924 792 1196 864 praedicta:
1248 789 1506 845 Ecclesiae
1564 788 1966 860 delegaverant,
2024 786 2119 842 vel

519 885 1003 950 conﬁrmaverunt,
1050 882 1233 939 omnia
1286 888 1473 937 nostra
1503 881 1827 937 auctoritate
1868 879 2108 950 comple-

515 985 759 1043 ctantur,
811 984 974 1045 atque
1019 973 1258 1046 praefatae
1289 981 1491 1030 sanctae
1543 972 1796 1029 Comensi
1850 972 2111 1027 Ecclesiae

518 1084 625 1142 pro
651 1082 841 1125 amore
863 1066 960 1124 Dei
1010 1075 1066 1123 et
1086 1066 1389 1122 reverentia
1432 1064 1606 1121 sancti
1653 1063 1887 1120 Abundii
1913 1072 2121 1120 nostrae

513 1161 902 1235 praeceptionis
966 1158 1379 1215 conﬁrmatione
1435 1157 1891 1214 conﬁrmarentur
1948 1164 2121 1227 atque

516 1255 1023 1311 corroborarentur.
1055 1251 1220 1322 Cujus
1245 1253 1494 1324 petitioni
1512 1260 1737 1324 propter
1761 1266 2003 1307 amorem
2028 1251 2113 1306 di-

517 1346 704 1402 vinum
738 1360 1019 1402 assensum
1047 1345 1399 1417 prtebuimus,
1434 1345 1592 1417 juxta
1625 1345 1770 1415 quod
1794 1344 1970 1415 petiit,
2002 1359 2101 1399 an-

515 1437 721 1493 tedicta
761 1444 1031 1507 praecepta
1079 1444 1327 1492 veterum
1376 1450 1567 1508 regum
1613 1445 1803 1492 nostro
1842 1435 2109 1508 imperiali

514 1537 790 1601 praecepto
822 1527 1303 1595 conﬁrmavimus;
1335 1529 1647 1599 specialiter
1674 1528 2027 1583 decernentes
2050 1534 2127 1584 uta

517 1621 783 1695 quidquid
825 1622 880 1677 in
930 1622 1218 1694 praeceptis
1270 1622 1481 1678 domini
1527 1637 1591 1677 ac
1620 1622 1882 1692 genitoris
1910 1622 2107 1688 nostri,

515 1727 614 1768 seu
644 1711 920 1785 magniﬁci
953 1713 1297 1784 imperatoris
1332 1698 1512 1770 Caroli
1543 1713 1630 1768 avi
1664 1714 1837 1769 nostri
1867 1714 2117 1768 contine-

514 1811 624 1869 tur,
653 1803 740 1859 vel
760 1818 882 1875 qua
925 1804 1224 1875 prescripti
1271 1819 1429 1877 reges
1464 1805 1946 1873 Longobardorum
1970 1819 2114 1876 prte~

2213 607 2473 672 utrasque
2498 616 2587 658 res
2610 604 2943 676 perspicere,
2976 613 3035 662 et
3061 607 3108 663 si
3142 622 3443 680 congruum
3492 621 3665 686 atque
3704 617 3823 673 uiis

2214 693 2478 750 iissimum
2523 697 2785 754 ambabus
2818 700 3065 771 partibus
3113 710 3283 771 esset,
3329 703 3613 762 licentiam
3638 706 3820 764 habe-

2213 794 2335 842 rent
2401 788 2545 845 inter
2606 802 2667 846 se
2732 791 3118 859 commutandi,
3150 801 3207 850 et
3265 795 3598 864 chartulam,
3651 798 3821 857 sicuti

2213 882 2381 938 moris
2404 892 2509 951 est,
2552 883 2701 940 inter
2724 900 2785 942 se
2813 884 3069 944 faciendi.
3104 886 3343 946 Veniens
3391 889 3582 962 itaque
3613 895 3816 963 praedi-

2213 980 2333 1031 ctus
2390 976 2476 1031 vir
2528 978 3003 1036 reverentissimus
3055 978 3196 1037 Noto
3249 981 3712 1056 archiepiscopus
3764 986 3818 1042 in

2210 1068 2552 1137 praesentiam
2614 1077 2879 1137 nostram,
2939 1072 3076 1128 dixit
3128 1089 3187 1130 se
3238 1078 3735 1133 commutationem
3764 1079 3819 1134 in

2211 1160 2462 1217 manibus
2509 1161 2731 1231 habere,
2772 1180 3028 1224 asserens
3062 1168 3376 1240 praedictam
3423 1168 3819 1231 commutatio-

2210 1270 2333 1311 nem
2366 1268 2738 1338 congruamet
2763 1261 3109 1319 utilissimam
3161 1281 3301 1335 esse,
3335 1269 3671 1337 obsecrans,
3703 1279 3815 1327 tant

2210 1362 2277 1404 ex
2315 1358 2470 1421 parte
2514 1367 2611 1408 sua
2657 1368 2819 1424 quam
2852 1370 2920 1411 ex
2961 1359 3204 1427 praedicti
3259 1361 3518 1428 Leibniﬁ,
3556 1372 3618 1419 ut
3653 1380 3821 1436 super

2210 1444 2427 1501 easdem
2458 1451 2911 1508 commutationes
2936 1464 3183 1511 nostrum
3223 1455 3343 1513 ﬁeri
3381 1461 3821 1517 decerneremus

2208 1546 2558 1608 pneceptum.
2614 1539 2780 1612 Cujus
2827 1543 3078 1614 petitioni
3137 1560 3419 1605 assensum
3473 1553 3816 1623 praebentes,

2202 1629 2469 1702 iussimus
2520 1633 2595 1689 ita
2630 1635 2748 1691 ﬁeri
2793 1637 2933 1693 sicut
2982 1637 3083 1710 ipsi
3120 1632 3501 1699 obsecrabant.
3547 1643 3818 1703 Contine-

2209 1722 2371 1778 batur
2391 1724 2535 1780 enim
2564 1725 2620 1781 in
2648 1728 2853 1783 eisdem
2894 1733 3409 1791 commutationibus
3437 1738 3590 1807 quod
3624 1740 3822 1808 pnedi-

2214 1818 2334 1872 ctus
2355 1815 2496 1873 Noto
2525 1821 2964 1895 archiepiscopus
3014 1839 3123 1879 una
3148 1841 3247 1897 per
3276 1834 3613 1883 consensum
3647 1840 3710 1885 et
3737 1846 3823 1885 vo-

513 1894 645 1951 fataa
674 1895 935 1953 Ecclesiae
963 1912 1088 1953 cum
1134 1898 1348 1969 justitia
1379 1898 1773 1969 delegaverunt‘
1793 1898 1877 1955 vei
1911 1899 2110 1954 contir-
2135 1882 2185 1943 Β
2212 1907 2471 1963 laxitatem
2530 1882 2918 1968 canonicam-tn
2978 1882 3201 1970 διιοηιξη
3253 1882 3505 1974 dedisset,
3532 1882 3605 1975 exi

511 1996 824 2056 mavernnt,
871 1999 927 2046 et
952 1990 1136 2062 quiete
1183 1998 1237 2045 et
1261 1979 1407 2061 ju'ste
1432 1991 1734 2062 possidere,
1771 1993 2104 2063 perenniter,

515 2088 575 2137 et
595 2081 717 2137 sine
766 2082 880 2137 ulla
918 2082 1274 2138 resultatione
1328 2082 1543 2137 ﬁrmum
1570 2090 1629 2138 et
1668 2083 1862 2139 stabile
1893 2098 2109 2155 perma-

511 2180 662 2229 neat.
699 2172 1054 2229 Decernimus
1083 2173 1306 2244 insuper
1334 2182 1499 2243 atque
1528 2174 1805 2230 sancimus
1832 2183 1895 2229 ut
1916 2188 2110 2233 omnes

511 2279 607 2321 res
652 2264 926 2335 praedictae
973 2264 1233 2320 Ecclesia:
1272 2264 1557 2322 Comensis
1586 2266 1688 2320 sub
1716 2265 2029 2323 defensione
2052 2274 2109 2322 et

510 2356 741 2410 mundio
785 2354 973 2424 palatii
1014 2354 1212 2421 nostri,
1253 2355 1395 2411 sicut
1447 2364 1689 2427 tempore
1733 2359 1907 2427 patris
1939 2367 1994 2413 et
2020 2360 2108 2413 avi

510 2444 686 2499 nostri
738 2443 976 2511 fuerunt,
1028 2446 1352 2516 perenniter
1388 2448 1709 2503 consistant.
1768 2447 1837 2503 Et
1861 2448 1908 2503 si
1931 2448 2111 2519 aliqua

510 2530 795 2592 altercatio
822 2536 890 2592 de
916 2536 1078 2592 rebus
1103 2538 1381 2609 praedictae
1408 2538 1688 2605 Ecclesiae,
1729 2554 1849 2611 quae
1883 2557 1981 2612 per
2007 2542 2117 2598 hoc

506 2635 759 2685 nostrum
814 2637 1172 2702 praeceptum,
1218 2640 1275 2687 et
1325 2646 1427 2702 pro
1454 2633 1724 2688 mercedis
1770 2642 1971 2689 nostras
2012 2650 2110 2689 au-

509 2728 733 2790 gmento
761 2722 1226 2791 conﬁrmavimus,
1254 2730 1375 2779 orta
1404 2721 1591 2789 fuerit,
1635 2736 1757 2794 quae
1785 2723 1860 2779 ibi
1884 2725 2110 2781 minime

508 2812 727 2870 deﬁniri
767 2813 1020 2881 valuerit,
1052 2815 1123 2871 ad
1170 2829 1387 2871 sacrum
1436 2814 1702 2886 palatium
1751 2823 2117 2870 nostrumre‘

506 2913 779 2971 servetur,
817 2914 1087 2976 quatenus
1115 2907 1192 2962 ibi
1215 2906 1513 2962 secundum
1542 2905 1885 2961 rectitudinis
1913 2906 2129 2961 trami—.

506 3005 620 3054 tem
658 2996 950 3053 terminum
992 2998 1243 3069 accipiat.
1282 2998 1351 3053 Et
1390 3007 1454 3053 ut
1482 2998 1599 3054 haec
1648 2998 1948 3054 auctoritas
1993 3010 2095 3068 per

505 3088 786 3146 curricula
813 3104 1078 3144 annorum
1119 3090 1483 3145 inviolabilem
1516 3098 1681 3161 atque
1736 3090 2107 3146 inconvulsam

505 3185 751 3243 obtineat
787 3185 1121 3253 ﬁrmitatem,
1176 3200 1341 3242 manu
1391 3186 1611 3259 propria
1640 3187 1829 3242 subter
1862 3186 2107 3242 ﬁrmavi-

398 3290 401 3291 '
504 3289 650 3345 mus,
699 3286 755 3335 et
804 3279 989 3334 annuli
1038 3252 1210 3335 nostri
1264 3252 1625 3350 impressione
1677 3279 1884 3351 signari
1933 3276 2105 3349 jussi—
2131 3252 2177 3317 (ἶ

578 3460 807 3534 Signum
836 3461 1079 3518 Lotharii
1111 3464 1486 3536 gloriosissimi
1525 3464 1898 3535 imperatoris.

578 3550 804 3610 Mal-edo
831 3553 901 3609 ad
922 3555 1095 3610 vicem
1126 3556 1364 3611 Vitharii
1397 3558 1708 3628 recognovi.

579 3645 780 3701 Datum
800 3646 965 3703 tertio
985 3646 1123 3703 Non.
1141 3646 1407 3713 Januarii,
1424 3658 1587 3715 anno,
1609 3648 1830 3704 Christo
1849 3651 2101 3721 propitio,

507 3738 572 3795 Η
597 3738 811 3811 imperii
835 3738 897 3795 D.
922 3739 1181 3796 Ludovici
1205 3740 1432 3812 piissimi
1458 3741 1706 3814 Augusti,
1741 3743 1981 3800 Lotharii
2006 3744 2105 3802 ﬁlii

504 3828 625 3900 eius
676 3830 1053 3904 gloriosissimi
1101 3833 1380 3905 regnantis
1410 3834 1464 3900 2,
1520 3834 1818 3891 indictione
1863 3837 1919 3903 2,
1962 3852 2104 3894 anno

573 4012 773 4088 Actum
814 4014 1147 4087 Compendio
1186 4017 1390 4088 palatio
1424 4017 1596 4089 regio,
1653 4018 1708 4073 in
1759 4017 1855 4075 Dei
1886 4021 2105 4079 nomine

503 4104 760 4164 feliciter.
791 4107 985 4164 Amen.

1239 4181 1383 4238 CXX

501 4262 577 4307 DE
602 4263 820 4314 QUADAI
874 4266 1298 4309 COIMUTATIONE
1336 4269 1497 4333 INITER
1536 4267 1835 4311 LEIBULFUI
1866 4269 2113 4313 οοιιιτει.

754 4337 824 4378 ΕΤ
848 4338 1100 4380 NOTONEI
1127 4339 1814 4387 ARCHIEPo'ﬁRELATENSEM.

1106 4417 1281 4490 (Anno
1333 4417 1486 4492 825.)

508 4504 693 4582 [Apud
721 4506 787 4564 D.
816 4506 1109 4579 Bouquet.,
1140 4519 1271 4564 tom.
1304 4508 1393 4577 Vl,
1431 4525 1487 4582 p.
1536 4508 1665 4577 540,
1707 4526 1776 4568 ex
1819 4508 2102 4568 Tabulario

1116 4600 1454 4676 Anianensi

575 4696 637 4752 In
664 4697 883 4755 nomine
937 4697 1153 4754 Domini
1192 4697 1289 4754 Dei
1323 4706 1377 4754 et
1404 4696 1709 4755 Salvatoris
1762 4702 1932 4757 nostri
1975 4701 2106 4759 Jesu

503 4785 731 4857 Christi,
773 4788 1104 4857 Ludovicus,
1159 4789 1340 4846 divina
1389 4790 1677 4846 ordinante
1732 4792 2098 4862 providentia,

500 4879 803 4953 imperator
830 4882 1131 4956 Augustus.

577 4972 636 5030 Si
664 4976 809 5032 enim
837 4992 900 5033 ea
929 4992 1048 5047 qua:
1076 4975 1262 5031 ﬁdeles
1311 4976 1530 5047 imperii
1560 4977 1732 5034 nostri
1763 4992 1865 5049 pro
1908 4993 2099 5035 eorum

503 5066 1001 5135 opportunitatibus
1028 5067 1170 5122 inter
1182 5081 1242 5122 se
1256 5067 1734 5134 commutaverint,
1752 5069 1953 5126 nostris
1969 5086 2100 5125 con-

502 5152 790 5214 ﬁrmamus
826 5158 1038 5226 edictis,
1095 5157 1430 5230 imperialem
1469 5173 1787 5216 exercemus
1811 5170 2099 5218 consuetu-

501 5246 715 5314 dinem,
745 5257 800 5303 ct
825 5250 929 5307 hoc
965 5250 1020 5305 in
1074 5250 1421 5322 postmodum
1447 5248 1571 5320 jure
1600 5249 1914 5306 ﬁrmissimo
1945 5267 2100 5307 man-

501 5352 693 5394 surum
721 5352 843 5395 esse
879 5340 1145 5398 volumus.
1198 5339 1407 5397 Idcirco
1435 5341 1647 5396 noverit
1694 5341 1938 5396 omnium
1967 5341 2099 5397 ﬁde-

502 5430 638 5486 lium
693 5439 1022 5500 nostrorum,
1054 5433 1405 5504 prmscntium
1436 5433 1646 5490 scilicet
1681 5444 1737 5490 et
1764 5432 2093 5502 futurorum,

500 5523 797 5591 industria,
825 5524 951 5597 quia
977 5525 1061 5580 vir
1107 5525 1315 5585 illuster
1343 5525 1621 5583 Leibulfus
1658 5542 1840 5583 comes
1866 5542 1964 5598 per
1985 5525 2096 5582 ilii-

2209 2000 2552 2072 episcopatus
2595 2004 2678 2059 sui
2714 2005 2781 2061 de
2816 2006 3082 2064 beneﬂcio
3106 2008 3353 2065 videlicet
3404 2012 3670 2082 praedicti
3704 2013 3822 2070 Lei-

2207 2091 2359 2161 buiﬁ,
2390 2093 2563 2149 eidem
2608 2090 2856 2152 Leibull‘o
2881 2098 2947 2153 ad
2984 2112 3139 2154 suum
3190 2102 3469 2172 proprium
3515 2104 3589 2157 ad
3610 2104 3822 2159 baben-

2209 2184 2336 2242 dum
2364 2187 2572 2258 aliquas
2599 2204 2687 2244 res
2716 2190 2781 2245 de
2814 2190 3022 2247 ratione
3042 2188 3101 2249 8.
3136 2191 3316 2248 Mariae
3338 2202 3393 2248 et
3425 2184 3484 2248 8.
3517 2180 3817 2267 Stephani,

2208 2278 2294 2333 vel
2321 2278 2379 2335 8.
2423 2278 2639 2337 Genesii
2677 2282 2729 2337 in
2757 2299 2894 2356 pago
2936 2284 3054 2355 ipso
3083 2284 3389 2344 Arelatensi
3419 2289 3670 2345 insulam
3702 2293 3820 2347 sub-

2208 2371 2470 2426 urbanam
2501 2372 2667 2442 ipsius
2710 2375 2948 2430 civitatis
3001 2392 3121 2447 qum
3152 2379 3219 2434 de
3268 2379 3517 2450 utrisque
3568 2383 3820 2454 partibus

2208 2460 2579 2518 circumdatur
2602 2477 2632 2518 a
2663 2462 2927 2521 Rhodano
2951 2462 3192 2534 ﬂumine,
3222 2482 3346 2524 cum
3388 2470 3657 2529 ecclesiis
3689 2475 3819 2529 dua-

2208 2553 2349 2620 bus;
2381 2563 2437 2609 ct
2463 2555 2652 2611 domos
2685 2558 2751 2611 ad
2788 2557 3142 2616 habitandum
3194 2570 3304 2619 tres
3350 2579 3474 2619 cum
3502 2565 3631 2622 aliis
3668 2584 3811 2639 mare

2209 2646 2467 2704 siunculis
2505 2651 2714 2707 tribus:
2749 2659 2805 2708 et
2837 2650 2903 2707 de
2927 2655 3084 2709 Vinea
3126 2654 3392 2712 modiatas
3418 2667 3519 2726 xit,
3555 2659 3628 2716 de
3658 2671 3819 2732 prato

2208 2743 2474 2800 modiatas
2528 2760 2605 2812 γι,
2655 2745 2721 2802 de
2750 2747 2910 2804 horto
2960 2748 3255 2806 modiatam
3304 2768 3491 2819 unam,
3549 2753 3621 2811 de
3674 2762 3833 2811 terra

2208 2836 2351 2891 culta
2396 2844 2451 2893 et
2479 2837 2681 2893 inculta
2701 2841 2971 2896 modiatas
2996 2858 3102 2909 xc;
3139 2851 3196 2899 et
3226 2843 3279 2898 in
3309 2842 3430 2901 loco
3458 2847 3559 2917 qui
3584 2857 3820 2903 vocatur

2207 2929 2470 2997 Rubinas,
2508 2947 2664 2987 casas
2701 2949 2821 3001 vm,
2874 2933 3066 2991 hortos
3104 2936 3259 3003 duos,
3294 2936 3362 2992 de
3397 2937 3562 2994 vinea
3597 2941 3814 2995 modia—

2208 3030 2293 3078 tas
2322 3038 2413 3090 1v;
2452 3031 2507 3080 et
2537 3024 2756 3092 inloco,
2808 3025 2901 3097 qui
2926 3034 3158 3085 vocatur
3184 3027 3606 3095 Ferromannis,
3666 3048 3813 3087 nian-

2209 3113 2391 3170 siones
2419 3130 2481 3181 v,
2519 3115 2738 3171 hortum
2768 3133 2970 3184 unum,
3008 3104 3077 3175 de
3104 3128 3247 3176 terra
3284 3123 3562 3179 modiatas
3598 3140 3812 3190 ccux;

2208 3214 2263 3261 ct
2285 3207 2337 3262 in
2370 3201 2847 3281 territorioipsius
2875 3212 3149 3279 civitatis,
3196 3213 3251 3268 in
3284 3211 3492 3287 Campo
3542 3216 3811 3288 Lapideo,

2207 3315 2406 3370 pascua
2431 3300 2496 3354 de
2520 3300 2847 3371 supradictis
2875 3302 3141 3378 ecclesiis,
3160 3321 3279 3375 qua:
3306 3304 3508 3362 dicitur
3531 3306 3805 3364 Prinnan-

2206 3408 2326 3453 nus,
2366 3393 2456 3447 ubi
2483 3400 2677 3465 puteus
2708 3408 2862 3464 aqua:
2890 3395 3140 3451 defossus
3162 3411 3282 3452 esse
3314 3396 3688 3469 dignoscitur,
3732 3419 3813 3457 so-

2208 3483 2402 3539 lidatas
2425 3500 2501 3540 xu
2528 3500 2648 3540 cum
2681 3485 2929 3540 terminis
2957 3494 3014 3541 et
3040 3485 3456 3545 laterationibus
3482 3506 3709 3558 earum,
3740 3494 3809 3548 si-

2207 3583 2299 3630 cut
2344 3575 2398 3630 in
2446 3576 2780 3647 praescriptis
2813 3578 3331 3635 commutationibus
3362 3581 3714 3639 continetur.
3746 3583 3809 3639 Et

2207 3683 2238 3724 e
2262 3676 2451 3724 contra
2482 3670 2537 3724 in
2562 3672 3009 3742 compensatione
3039 3671 3231 3727 barum
3262 3688 3444 3728 rerum
3479 3675 3637 3731 dedit
3668 3692 3807 3748 prte-

2208 3758 2384 3817 dictus
2404 3761 2681 3821 Leibult‘us
2705 3780 2887 3822 comes
2915 3765 3161 3836 partibus
3187 3766 3582 3838 prtedictarum
3624 3771 3801 3826 eccle-

2208 3858 2413 3914 siarum
2443 3857 2502 3915 S.
2535 3859 2717 3916 Mariae
2755 3870 2812 3916 et
2841 3858 2899 3916 S.
2932 3857 3195 3933 Stephani
3238 3869 3298 3917 et
3347 3859 3405 3918 S.
3460 3861 3695 3920 Genesii
3741 3880 3805 3920 ex

2208 3952 2371 4007 rebus
2400 3952 2750 4023 proprietatis
2781 3968 2921 4019 suae,
2972 3969 3093 4024 qua:
3139 3962 3267 4009 sunt
3296 3948 3438 4007 infra
3479 3969 3685 4026 agrum
3717 3952 3807 4025 qui

2204 4051 2433 4100 vocatur
2451 4042 2747 4116 Argenteo,
2779 4045 2833 4100 in
2866 4043 2993 4100 villa
3018 4042 3223 4117 Campo
3247 4042 3476 4108 Publice
3506 4034 3803 4107 ecclesiam

2208 4149 2330 4207 cum
2368 4135 2635 4192 altaribus
2664 4135 2868 4203 tribus,
2912 4150 3033 4208 quae
3066 4146 3195 4192 sunt
3239 4137 3296 4191 in
3336 4137 3549 4195 honore
3599 4148 3806 4195 sanctae

2207 4225 2392 4282 Mariae
2424 4235 2479 4283 et
2500 4226 2673 4282 sancti
2701 4224 2849 4282 Petri
2872 4233 2927 4282 et
2957 4227 3132 4284 sancti
3175 4224 3429 4293 Joannis,
3462 4243 3596 4284 cum
3625 4243 3802 4284 secre-

2207 4318 2347 4373 tario
2371 4360 2386 4385 ,
2426 4326 2481 4375 et
2508 4317 2671 4375 cellas
2697 4318 2831 4375 duas
2858 4334 2981 4375 cum
3014 4327 3172 4376 curte
3215 4327 3272 4374 et
3300 4319 3461 4375 horto
3488 4329 3548 4375 et
3590 4320 3802 4377 arbori-

2206 4409 2307 4465 bus
2332 4428 2347 4477 ;
2388 4414 2444 4467 et
2480 4412 2547 4468 de
2572 4412 2727 4468 vinea
2760 4410 3026 4467 modiatas
3054 4410 3241 4484 xv,_de
3272 4420 3418 4467 terra
3448 4411 3657 4468 arabili
3684 4428 3798 4467 mo-

2207 4501 2382 4557 diatas
2403 4519 2502 4576 nx;
2529 4503 2691 4558 etiam
2717 4503 2771 4558 in
2794 4498 3059 4576 ipsa'villa
3089 4501 3279 4559 domos
3304 4502 3439 4559 duas
3469 4519 3601 4558 cum
3626 4504 3799 4559 curti-

2126 4620 2182 4681 Β
2206 4591 2307 4648 bus
2336 4602 2391 4649 et
2412 4569 2616 4649 hortis.
2666 4592 2735 4649 Et
2761 4569 2969 4648 in’villa
3009 4609 3130 4664 qua:
3158 4594 3361 4650 dicitur
3388 4594 3684 4651 Rannessa
3705 4637 3721 4661 ,
3745 4604 3799 4650 ct

2209 4682 2263 4738 in
2285 4683 2412 4739 villa
2451 4698 2569 4754 quae
2607 4684 2806 4740 dicitur
2828 4682 3139 4750 Gelariano,
3163 4700 3319 4741 casas
3349 4701 3453 4748 tm,
3484 4686 3793 4747 vineasnu,

2206 4788 2263 4835 et
2308 4781 2375 4837 de
2422 4780 2583 4835 horto
2618 4779 2914 4835 modiatam
2956 4795 3141 4846 unam,
3177 4779 3327 4836 etde
3354 4780 3460 4836 alia
3491 4779 3659 4837 vinea
3688 4797 3798 4837 mo-

2204 4872 2379 4928 diatas
2410 4888 2475 4940 x;
2512 4873 2646 4927 etin
2672 4871 2798 4927 villa
2835 4887 2957 4943 qua:
2992 4880 3219 4927 vocatur
3248 4872 3591 4939 Occisianus,
3640 4886 3794 4929 casas

2204 4961 2338 5018 duas
2350 4976 2474 5018 cum
2498 4963 2641 5018 areis
2663 4963 2893 5029 duabus,
2911 4972 2967 5017 et
2990 4963 3045 5018 in
3072 4962 3215 5019 villis
3231 4979 3352 5035 quae
3366 4971 3641 5019 vocantur
3655 4962 3795 5019 Gan-

2202 5055 2411 5127 giacus,
2444 5052 2672 5110 Curicus
2700 5063 2756 5110 et
2797 5052 3121 5111 Occisianus
3145 5096 3161 5122 ,
3215 5064 3271 5111 et
3323 5055 3377 5110 in
3413 5055 3541 5110 villa
3585 5053 3791 5127 Campo

2201 5146 2425 5203 Publico
2473 5148 2538 5203 de
2567 5155 2713 5203 terra
2766 5147 3035 5203 modiatas
3073 5151 3237 5213 cccc',
3266 5146 3333 5202 de
3360 5146 3524 5202 vinea
3578 5148 3788 5201 modia-

2200 5248 2284 5296 tas
2338 5256 2480 5307 xtm,
2543 5254 2668 5295 cum
2732 5239 2982 5295 terminis
3022 5247 3077 5294 et
3107 5238 3523 5294 laterationibus
3572 5252 3787 5302 earum,

2200 5332 2659 5404 quemadmodum
2709 5331 2763 5386 in
2815 5330 3017 5387 eisdem
3078 5328 3598 5385 commutationibus
3660 5343 3791 5383 con-

2200 5426 2423 5480 tinetur.
2477 5423 2631 5480 Unde
2674 5430 2730 5478 et
2772 5422 2908 5478 duas
2957 5421 3445 5487 commutationes,
3505 5420 3650 5476 sicut
3698 5434 3789 5473 su-

2197 5517 2380 5589 perius
2422 5516 2874 5587 comprehensum
2929 5521 3013 5569 est
3043 5554 3058 5579 ,
3113 5513 3231 5585 pari
3290 5523 3480 5569 tenore
3545 5508 3789 5567 conseri.

504 5617 728 5675 duinum
768 5616 1265 5688 archicapellanum
1320 5626 1567 5676 nostrum
1602 5618 1758 5675 nobis
1781 5618 2010 5691 subjecit
2034 5627 2096 5676 ut
2196 5618 2336 5683 ptas;
2370 5600 2725 5680 manibusque
2751 5607 3018 5664 bonorum
3040 5606 3321 5663 hominum
3346 5604 3631 5662 roboratus
3648 5616 3785 5674 prae-

501 5708 694 5768 liceret
716 5710 769 5768 ei
796 5711 865 5769 de
893 5711 1216 5782 quibusdam
1253 5710 1415 5767 rebus
1436 5711 1786 5783 proprietatis
1811 5726 1921 5767 suae
1945 5727 2094 5768 com-
2196 5703 2342 5759 fatus
2368 5701 2508 5759 Noto
2553 5700 2996 5772 archiepiscopus
3039 5712 3155 5770 pra:
3200 5696 3449 5753 manibus
3496 5711 3556 5751 se
3584 5694 3785 5753 habere

502 5805 860 5861 mutationem
909 5803 1092 5861 facere
1145 5819 1270 5860 cum
1316 5806 1479 5859 rebus
1524 5803 1868 5875 episcopatus
1903 5803 2093 5859 Arela-
2195 5795 2473 5869 professus
2516 5802 2619 5849 est.
2663 5790 2771 5848 Sed
2812 5806 2914 5862 pro
2937 5790 3147 5862 integra
3200 5787 3459 5844 ﬁrmitate
3507 5787 3782 5860 petierunt

501 5894 674 5963 tensis
700 5910 769 5950 ex
798 5895 1063 5955 beneﬂcio
1091 5895 1340 5951 videlicet
1360 5909 1478 5948 suo.
1499 5893 1609 5951 Nos
1632 5894 2091 5971 itaquejussimus
2195 5888 2502 5947 celsitudini
2564 5893 2766 5942 nostra
2807 5892 2868 5941 ut
2908 5883 3055 5956 ipsas
3102 5882 3556 5939 commutationes
3608 5879 3785 5936 (1611110
