4048 6350
553 383 689 441 1143

543 589 791 666 conjugis
821 609 933 650 suae
961 595 1248 662 Mumanaz,
1273 597 1365 668 qui
1393 596 1677 668 praefatum
1723 594 2116 652 monasterium

543 683 600 739 in
625 699 724 740 suo
769 686 994 756 proprio
1039 695 1475 752 construxerant,
1506 696 1563 743 et
1585 687 1640 744 id
1662 702 1763 758 per
1806 684 2119 743 testamenti

541 776 798 848 paginam
841 777 911 832 ad
931 777 992 833 Β.
1020 777 1265 852 Dionysii
1306 779 1564 852 martyris
1609 778 1812 840 Christi
1844 785 2120 837 monaste-

540 867 683 923 rium
705 866 934 925 solemni
957 869 1246 927 donatione
1265 871 1628 952 contulerant,
1654 886 1880 930 necnon
1905 880 1961 926 et
1981 885 2122 942 prai-

541 967 762 1029 eeptum
824 959 1252 1020 conﬁrmationis
1315 963 1560 1021 Lotharii
1616 963 1888 1040 quondam
1940 962 2117 1032 regis.

541 1051 687 1120 quod
727 1067 891 1122 super
923 1054 1166 1111 eamdem
1222 1056 1567 1112 donationem
1617 1055 1959 1112 conscribere
1999 1054 2118 1125 ius-

540 1148 712 1208 serat,
739 1135 987 1200 nobis'ad
1023 1144 1370 1217 relegendum
1400 1145 1640 1206 ostendit
1667 1164 1679 1201 :
1722 1147 1918 1216 quibus
1945 1145 2122 1216 inspe-

542 1234 650 1292 ctis
675 1236 880 1306 placuit
903 1238 1059 1294 nobis
1081 1238 1330 1309 petitioni
1355 1247 1668 1295 memorata:
1690 1238 1898 1294 dilectae
1915 1236 2121 1293 sororis

543 1337 749 1385 nostrae
795 1329 1127 1386 Theodradaa
1159 1346 1418 1399 annuere,
1449 1341 1526 1401 et,
1563 1333 1704 1390 sicut
1749 1331 1987 1403 petebat,
2022 1343 2122 1402 per

538 1428 786 1477 nostram
847 1423 1228 1479 auctoritatem
1287 1425 1660 1496 supradictum
1728 1422 2121 1495 monasterium

537 1511 950 1585 Argentogilnm
992 1515 1060 1573 ‘ad
1100 1524 1424 1588 potestatem
1453 1517 1629 1574 sancti
1651 1517 1892 1590 Dionysii
1919 1516 2122 1588 pretio-

537 1606 739 1662 sissimi
763 1605 966 1664 Christi
1014 1611 1273 1682 martyris
1299 1626 1591 1678 revocare;
1627 1620 1956 1683 quapropter
1979 1611 2122 1666 hanc

537 1705 740 1757 nostrai
755 1701 1098 1759 auctoritatis
1121 1703 1589 1762 conﬁrmationem
1614 1705 1732 1761 ﬁeri
1755 1703 2118 1776 praecipimus,

535 1802 636 1860 per
689 1806 853 1862 quam
907 1794 1235 1852 omnimodis
1271 1796 1615 1853 decernimus
1665 1803 1828 1867 atque
1868 1796 2122 1868 iubemus

1682 384 2001 446 LUDOVIC]
2039 386 2061 442 Ι
2095 383 2569 444 COGNOMENTO
2605 383 2691 442 PII

550 502 793 558 timentis
820 518 885 558 ac
933 503 1173 577 religiosi
1215 506 1452 562 hominis
1485 503 1704 561 nomine
1730 502 2033 560 Ermenrici
2056 515 2123 559 ac
2145 513 2201 575 Α

3671 378 3814 436 HM

2891 494 3122 554 CXXIII.

2664 606 2766 650 PRO
2791 605 3042 648 εαοιεειΑ
3065 603 3350 647 ωιειεκει.

2861 681 3035 756 (Anno
3063 681 3218 754 sas.)

2221 794 2400 871 [Apud
2437 795 2504 854 D.
2555 795 2848 868 Bouquet.,
2877 796 3034 864 ibid.,
3062 811 3188 868 pag.
3222 794 3436 862 545,ex
3473 793 3817 863 Flodoardo,

2473 889 2590 964 (lib.
2618 905 2658 946 tt
2686 888 2829 944 Hist.
2865 886 3068 944 Eccles.
3097 886 3310 954 Rhem.,
3359 902 3412 942 c.
3440 885 3558 961 19.]

2287 982 2347 1040 in
2391 984 2609 1040 nomine
2651 981 2864 1038 Domini
2900 982 2996 1038 Dei
3031 989 3088 1036 et
3124 980 3424 1037 Salvatoris
3457 978 3642 1035 nostri
3689 976 3822 1034 Iesu

2219 1075 2438 1142 Christi,
2498 1073 2804 1131 Ludovicus
2850 1080 2907 1129 et
2952 1073 3260 1138 Lotharius,
3289 1072 3476 1129 divina
3525 1070 3824 1128 ordinante

2217 1168 2578 1238 providentia,
2605 1167 2962 1239 imperatores
3002 1165 3250 1238 Augusti.

2289 1257 2351 1335 Si
2393 1258 2734 1315 liberalitatis
2773 1267 2976 1314 nostra:
3015 1272 3240 1315 munere
3286 1255 3421 1313 locis
3448 1256 3568 1314 Deo
3625 1255 3824 1312 dicatis

2219 1351 2472 1424 quiddam
2503 1351 2830 1409 conferimus
2858 1350 3127 1417 beneﬁcii,
3169 1357 3227 1407 et
3251 1351 3622 1407 necessitates
3651 1347 3824 1405 eccle-

2218 1443 2466 1500 siasticas
2497 1451 2686 1499 nostro
2720 1442 3022 1499 relevamus
3043 1440 3341 1512 iuvamine,
3373 1441 3430 1497 id
3474 1440 3651 1496 nobis
3678 1447 3738 1495 et
3757 1438 3825 1494 ad

2219 1537 2507 1594 mortalem
2541 1537 2709 1592 vitam
2750 1535 3122 1607 temporaliter
3162 1533 3601 1606 transigendam,
3652 1539 3713 1588 et
3759 1530 3825 1586 ad

2219 1636 2479 1685 aeternam
2521 1625 2753 1683 feliciter
2809 1625 3158 1682 obtinendam
3210 1622 3563 1695 profuturum
3614 1620 3827 1693 liquido

2221 1719 2510 1777 credimus.
2558 1717 2766 1775 Idcirco
2795 1715 3137 1772 notum‘ﬁeri
3162 1715 3412 1772 volumus
3443 1713 3719 1771 omnibus
3768 1712 3830 1768 ﬁ-

2224 1806 2434 1864 delibus
2467 1806 2690 1873 nostris,
2713 1806 3071 1878 praesentibus
3090 1805 3296 1862 scilicet
3313 1812 3369 1860 et
3409 1803 3640 1868 futuris,
3681 1801 3826 1874 quod

536 1887 602 1968 ut
655 1878 770 1949 iam
841 1881 1047 1940 dictum
1114 1887 1506 1943 monasterium
1541 1887 1954 1960 Argentogilum
1997 1894 2122 1958 post
2147 1883 2196 1946 B
2223 1906 2466 1955 sanctam
2489 1897 2850 1956 Rhemensem
2874 1897 3186 1964 ecclesiam,
3220 1897 3277 1952 in
3305 1911 3411 1968 qua
3446 1896 3829 1968 praedecesso-

537 1967 712 2039 ipsius
737 1970 948 2029 dilectae
977 1976 1180 2032 sororis
1207 1985 1409 2034 nostrae
1432 1978 1502 2033 ab
1528 1978 1634 2035 hac
1652 1978 1766 2033 vita
1791 1977 2113 2044 discessum,

539 2059 611 2114 ad
646 2065 1038 2121 monasterium
1088 2075 1145 2122 et
1184 2076 1513 2139 potestatem
1560 2084 1705 2141 saepe
1743 2068 1874 2125 dicti
1920 2068 2119 2125 beatis-

535 2151 664 2208 simi
699 2152 904 2211 Christi
934 2158 1191 2230 martyris
1214 2159 1476 2233 Dionysii,
1499 2161 1567 2216 ad
1589 2175 1750 2233 quam
1770 2161 2023 2233 primitus
2046 2159 2118 2216 ob

535 2243 635 2300 Dei
701 2260 940 2302 amorem
966 2254 1024 2304 et
1081 2249 1323 2319 ipsorum
1374 2259 1687 2307 sanctorum
1755 2251 2118 2308 reverentiam

536 2336 797 2408 piamque
832 2339 1278 2398 intercessionem
1304 2359 1336 2399 a
1371 2343 1696 2414 supradictis
1726 2343 1824 2399 Dei
1872 2343 2121 2401 ﬁdelibus

536 2426 798 2484 traditum
853 2430 940 2486 vel
991 2432 1352 2490 condonatum
1398 2431 1566 2493 fuisse
1601 2435 1864 2503 noscitur,
1918 2436 2124 2509 absque

538 2517 704 2574 ullius
727 2535 976 2590 personae
999 2525 1446 2593 contradictione,
1471 2533 1566 2582 aut
1588 2534 1774 2582 nostra
1796 2527 1881 2582 vel
1906 2542 2122 2584 succes-

537 2625 726 2668 sorum
751 2623 1064 2673 nostrorum
1083 2618 1512 2692 interrogatione
1527 2622 1842 2692 recipiatur,
1857 2631 1914 2678 et
1927 2622 1981 2678 in
1998 2621 2124 2691 iure

536 2719 602 2761 ac
638 2707 1010 2768 dominatione
1033 2713 1204 2784 ipsius
1221 2716 1559 2782 monasterii,
1582 2731 1704 2772 cum
1729 2717 1877 2772 omni
1903 2716 2125 2787 integri-

535 2809 652 2859 tate
679 2805 764 2860 vel
793 2807 1119 2878 appenditiis
1147 2811 1284 2877 suis,
1329 2812 1591 2883 quidquid
1632 2811 1832 2869 ibidem
1872 2810 2124 2883 praesenti

536 2901 784 2965 tempore
829 2897 1071 2953 cernitur
1113 2901 1408 2971 pertinere,
1431 2910 1732 2958 revocetur.
1790 2900 1858 2956 Et
1903 2901 1948 2957 si
1985 2899 2126 2956 forte

539 2986 833 3057 contigerit
859 2997 921 3043 ut
957 2989 1150 3047 eadem
1195 3006 1351 3048 soror
1388 2992 1562 3064 ipsum
1611 2991 1995 3049 monasterium
2033 2999 2127 3048 aut

538 3088 843 3151 spontanea
872 3081 1174 3151 voluntate,
1208 3091 1269 3139 ut
1296 3083 1553 3150 diximus,
1579 3091 1674 3140 aut
1700 3098 1800 3156 pro
1829 3090 2128 3141 commuta-

539 3172 687 3229 tione
711 3173 935 3230 alterius
963 3176 1281 3233 monasterii
1307 3183 1434 3233 ante
1462 3176 1628 3232 ﬁnem
1656 3176 1781 3232 vitae
1806 3191 1917 3232 suae
1944 3175 2126 3232 dimit-

540 3270 654 3320 tere
689 3264 849 3331 velit,
882 3273 1014 3323 tunc
1052 3267 1403 3324 nihilominus
1453 3268 1658 3338 absque
1705 3266 1810 3321 ulla
1855 3266 2126 3323 contradi-
2151 3249 2196 3314 C

539 3357 721 3412 ctione
750 3365 844 3413 aut
869 3367 1181 3429 exspectata
1209 3360 1637 3432 consignatione,
1689 3360 1756 3414 ad
1781 3358 1992 3430 praefati
2017 3373 2129 3415 mo-

541 3449 768 3504 nasterii
796 3451 1051 3521 martyris
1091 3449 1293 3506 Christi
1318 3450 1561 3522 Dionysii
1587 3452 2000 3516 monasterium,
2024 3450 2129 3506 sic-

539 3547 602 3594 ut
630 3555 792 3610 supra
838 3540 1104 3596 insertum
1148 3549 1250 3606 est,
1299 3542 1686 3613 perpetualiter
1713 3541 1783 3597 ad
1822 3542 2127 3598 habendum

539 3631 872 3701 recipiatur:
903 3640 958 3687 et
984 3632 1040 3687 in
1070 3633 1414 3704 postmodum
1443 3632 1589 3689 nullo
1623 3648 1863 3704 unquam
1887 3640 2129 3702 tempore

540 3725 649 3781 ulla
679 3724 919 3796 qualibet
947 3727 1208 3800 dignitate
1230 3736 1324 3784 aut
1347 3734 1616 3799 potestate
1644 3726 1866 3798 praedita
1894 3739 2127 3797 persona

539 3822 848 3878 rectoribus
877 3823 1194 3879 monasterii
1239 3821 1452 3895 prmfati
1486 3837 1552 3878 ac
1589 3819 1890 3878 beatissimi
1928 3817 2129 3876 Christi

541 3915 799 3985 martyris
823 3914 1063 3988 Dionysii
1091 3915 1324 3986 aliquam
1350 3912 1760 3984 requisitionem
1784 3910 1986 3978 facere,
2034 3917 2129 3966 aut

539 4006 704 4061 ullam
751 4006 1082 4064 calumniam
1127 4008 1374 4078 ingerere
1417 4012 1758 4078 praesumat:
1831 4003 1926 4061 sed
1970 4002 2130 4058 liceat

539 4097 665 4165 illis,
712 4099 829 4156 sine
875 4099 1161 4169 cujuslibet
1200 4096 1403 4168 iniusta
1437 4096 1882 4168 interrogatione,
1925 4091 2124 4165 prafa-

540 4200 656 4246 tum
683 4193 1073 4250 monasterium
1101 4189 1533 4264 Argentogilum,
1580 4189 1720 4245 sicut
1743 4194 1964 4242 caeteras
2013 4199 2122 4250 res,

541 4284 612 4340 ad
638 4283 783 4339 beati
823 4284 1064 4356 Dionysii
1102 4289 1425 4355 potestatem
1472 4280 1633 4338 simili
1660 4279 1820 4336 modo
1857 4277 2126 4333 condona-

541 4386 627 4434 tas
671 4392 738 4433 ac
758 4377 1116 4448 pertinentes,
1159 4374 1346 4446 quieto
1378 4372 1569 4429 ordine
1612 4379 1801 4428 tenere
1844 4383 1909 4425 ac
1945 4368 2126 4439 dispo-

541 4483 710 4535 nere;
745 4476 801 4523 et
827 4467 1088 4539 quidquid
1126 4483 1224 4538 pro
1248 4463 1648 4536 Opportunitate
1691 4468 1853 4533 atque
1893 4459 2126 4516 utilitate

541 4560 715 4631 ipsius
743 4558 988 4615 ecclesiae
1025 4558 1318 4615 secundum
1365 4553 1687 4610 Christianae
1724 4551 1998 4623 religionis
2039 4565 2126 4606 re-

542 4653 725 4726 gulam
753 4651 932 4710 facere
955 4650 1261 4715 voluerint,
1302 4647 1529 4704 liberam
1574 4645 1630 4700 in
1655 4643 1906 4701 omnibus
1926 4641 2128 4699 habere

543 4752 889 4816 potestatem.
937 4740 1006 4797 Et
1031 4748 1092 4796 ut
1111 4741 1228 4798 haec
1254 4738 1549 4796 auctoritas
1577 4733 2003 4792 conﬁrmationis
2032 4749 2128 4790 seu

544 4838 866 4894 redditionis
898 4843 1100 4891 nostrae
1125 4849 1223 4905 per
1265 4833 1447 4889 futura
1477 4841 1721 4900 tempora
1763 4828 2128 4885 inviolabilem

546 4940 709 5001 atque
738 4928 1109 4985 inconvulsam
1129 4926 1372 4983 obtineat
1392 4923 1724 4988 ﬁrmitatem,
1739 4918 1989 4976 manibus
2007 4933 2131 4990 pro-

544 5023 679 5096 priis
707 5022 908 5078 nostris
933 5021 1122 5076 subter
1150 5032 1272 5072 eam
1296 5014 1720 5080 ﬁrmavimus,et
1746 5009 1932 5068 annuli
1955 5009 2129 5065 nostri

545 5111 902 5182 impressione
925 5108 1128 5183 signari
1152 5107 1432 5180 iussimus.

576 5190 580 5194 ”
617 5202 842 5273 Signum
863 5201 1125 5259 Ludovici
1150 5197 1482 5257 serenissimi
1505 5193 1872 5268 imperatoris.

619 5292 844 5364 Signum
869 5291 1115 5349 Lotharii
1146 5287 1518 5364 gloriosissimi
1546 5285 1791 5359 Augusti.
1927 5313 1947 5341 ε

617 5385 904 5444 Durandus
924 5385 1184 5444 diaconus
1214 5385 1282 5444 ad
1300 5384 1474 5440 vicem
1499 5376 1770 5452 Fridugisi
1798 5375 2132 5447 recognovit.

621 5713 649 5746 ι
694 5695 863 5760 Putat
896 5699 1156 5758 Marlotus
1208 5703 1310 5757 hoc
1350 5709 1676 5771 praeceptum
1714 5701 1897 5758 datum
1946 5701 2132 5766 fuisse,

550 5762 869 5842 Eboneiam
903 5779 1308 5832 exauctaurato.
1342 5762 1466 5828 cum
1512 5762 1674 5843 liuius
1697 5773 1750 5830 in
1785 5787 1851 5830 eo
1898 5787 2008 5830 non
2027 5762 2136 5830 me;

2217 2004 2308 2046 res
2333 1990 2526 2057 nostri,
2554 2005 2709 2062 reges
2735 1989 2988 2048 videlicet
3013 1988 3369 2056 Francorum,
3413 1988 3582 2045 ﬁdem
3601 1997 3666 2045 et
3689 1990 3828 2046 sacri

2217 2079 2558 2151 baptismatis
2584 2080 2812 2152 gratiam
2839 2088 3219 2152 perceperunt,
3251 2081 3309 2135 in
3347 2094 3454 2151 qua
3490 2087 3553 2136 et
3585 2094 3700 2136 nos
3734 2095 3830 2151 per

2217 2169 2620 2242 impositionem
2649 2185 2846 2227 manus
2875 2170 3058 2227 domui
3079 2170 3338 2242 Stephani
3376 2185 3539 2241 papa
3560 2170 3830 2242 imperia-

2219 2259 2292 2316 lia
2319 2261 2649 2332 sumpsimus
2670 2261 2921 2335 insignia,
2957 2262 3028 2318 ob
3062 2261 3424 2320 reverentiam
3459 2262 3595 2318 ﬁdei
3641 2261 3833 2319 Chris-

2220 2352 2383 2408 tianae
2418 2359 2474 2408 et
2492 2351 2562 2408 ob
2589 2351 2785 2410 animae
2821 2360 3021 2410 nostra:
3057 2352 3284 2410 salutem
3321 2353 3393 2409 ab
3419 2353 3534 2410 imo
3578 2354 3833 2412 construi

2220 2445 2468 2512 fecimus,
2521 2460 2751 2516 eamque
2805 2445 2861 2501 in
2904 2446 3166 2503 honorem
3215 2446 3431 2502 Domini
3469 2447 3660 2502 nostri
3703 2447 3833 2504 Iesu

2222 2536 2422 2614 Christi
2451 2536 2736 2594 salvatoris
2755 2537 2962 2603 mundi,
3000 2537 3161 2594 simul
3205 2546 3263 2593 et
3309 2537 3365 2594 in
3394 2537 3672 2594 honorem
3694 2538 3836 2610 eius-

2224 2632 2347 2687 dem
2383 2639 2583 2687 sanctae
2623 2640 2679 2688 et
2710 2632 3048 2688 intemerata:
3083 2629 3362 2702 genitricis
3399 2629 3612 2694 Mariae,
3638 2645 3836 2687 coisse-

2223 2722 2364 2779 crari
2405 2723 2783 2790 decrevimus;
2819 2722 3004 2793 itaque
3041 2723 3224 2779 divina
3276 2722 3646 2793 inspiratione
3687 2738 3838 2779 com-

2222 2818 2410 2890 puncti
2447 2826 2503 2875 et
2523 2818 2761 2876 caelestis
2785 2819 2977 2892 patriae
3019 2833 3206 2876 amore
3253 2819 3532 2886 succensi,
3575 2822 3837 2892 quadam

2224 2910 2427 2984 pmdia
2462 2927 2583 2984 qure
2609 2911 2788 2969 eidem
2816 2920 3020 2969 sanctae
3048 2913 3163 2970 sedi
3184 2912 3457 2984 quondam
3496 2913 3698 2969 ablata
3719 2911 3840 2968 fue-

2227 3009 2373 3069 rant,
2403 3001 2598 3059 devota
2625 3011 2807 3059 mente
2833 3002 3052 3060 restitui
3095 3003 3374 3076 iussimus,
3405 3003 3464 3060 id
3491 3010 3588 3061 est
3616 3005 3682 3060 in
3705 3005 3839 3060 sub-

2227 3094 2450 3152 urbanis
2477 3095 2648 3167 ipsius
2685 3104 2888 3152 sanctaa
2917 3095 3171 3152 Ecclesia:
3199 3096 3419 3152 titulum
3446 3092 3508 3152 S.
3528 3093 3703 3164 δίιΰ,
3732 3111 3835 3154 nec

2227 3198 2336 3240 non
2374 3191 2432 3240 et
2471 3185 2687 3241 titulum
2714 3185 2774 3241 S.
2814 3185 3056 3251 Martini,
3097 3202 3219 3242 cum
3249 3184 3585 3259 appenditiis
3615 3200 3833 3244 eorum:

2228 3276 2468 3332 exterius
2495 3276 2661 3330 etiam
2682 3275 2739 3331 in
2762 3276 2948 3332 eadem
2968 3277 3246 3348 parochia,
3270 3275 3326 3331 in
3345 3285 3534 3333 castro
3559 3277 3837 3334 Vonzensi

2229 3368 2446 3424 titulum
2486 3367 2884 3439 baptismalem,
2929 3375 2986 3424 et
3007 3368 3221 3423 titulum
3245 3368 3302 3423 in
3329 3365 3526 3423 eadem
3569 3369 3837 3440 parochi:

2229 3459 2288 3516 S.
2311 3457 2536 3516 Joannis
2557 3459 2808 3516 similiter
2834 3459 3238 3542 baptismalem,
3261 3474 3384 3514 cum
3412 3459 3534 3515 suis
3572 3462 3838 3533 appendi-

2227 3552 2320 3607 tiis
2343 3561 2399 3607 et
2423 3551 2790 3608 Bretiniacum
2822 3566 2838 3606 :
2878 3551 3064 3607 villam
3092 3565 3307 3622 quoque
3338 3548 3696 3622 Spernacum
3717 3567 3837 3609 cum

2227 3644 2550 3714 appenditiis
2591 3644 2704 3712 suis
2723 3651 2778 3700 et
2804 3644 2860 3700 in
2891 3645 3018 3700 villa
3043 3659 3163 3715 qua:
3191 3651 3418 3700 vocatur
3453 3643 3693 3711 Lucida,
3740 3661 3837 3704 nec

2227 3748 2338 3790 non
2363 3740 2418 3788 et
2456 3733 2513 3789 in
2554 3733 2859 3792 Proviliaco
2881 3735 2938 3791 in
2983 3736 3174 3793 eodem
3213 3750 3356 3807 pago
3387 3733 3706 3794 Rhemensi
3734 3752 3752 3793 :
3784 3738 3838 3794 in

2225 3840 2367 3898 pago
2391 3840 2521 3882 vero
2563 3825 2906 3883 Dnlcomensi
2941 3827 3127 3882 villam
3168 3842 3290 3898 qua:
3321 3834 3559 3882 vocatur
3597 3827 3837 3894 Canem,

2227 3932 2438 3974 necnon
2475 3925 2533 3974 et
2579 3917 2635 3975 in
2660 3919 2784 3975 villa
2805 3935 2926 3991 qua:
2961 3921 3162 3977 dicitur
3205 3920 3388 3976 Verna
3411 3919 3469 3975 in
3512 3936 3666 3993 pago
3716 3923 3838 3979 Ver-

2227 4008 2468 4075 tudensi,
2510 4009 2598 4064 vel
2623 4010 2670 4066 si
2707 4010 2848 4067 forte
2891 4011 3148 4085 deinceps
3186 4013 3253 4070 de
3279 4012 3444 4070 rebus
3491 4021 3714 4070 sancta
3737 4016 3837 4072 Ee-

2226 4100 2406 4158 clesiae
2426 4102 2700 4172 praedictae
2735 4104 3069 4176 temporibus
3096 4103 3301 4160 nostris
3340 4104 3520 4160 adhuc
3567 4108 3836 4177 superad-

2225 4191 2460 4250 dendum
2487 4194 2846 4261 decrevimus,
2899 4196 3191 4252 statuimus
3211 4210 3309 4266 per
3329 4195 3435 4252 hoc
3453 4205 3666 4252 nostra:
3706 4212 3836 4253 aue-

2225 4285 2461 4342 toritatis
2487 4297 2515 4327 ι
2544 4294 2870 4358 praeceptum
2907 4295 2970 4342 ut
3004 4301 3114 4344 non
3148 4294 3356 4343 tantum
3405 4287 3474 4343 de
3502 4289 3633 4345 istis
3668 4290 3834 4346 resti-

2224 4376 2376 4442 tutis,
2404 4375 2499 4433 sed
2536 4377 2699 4433 etiam
2746 4377 3139 4446 restituendis,
3161 4377 3421 4450 quidquid
3461 4380 3530 4434 de
3566 4380 3707 4450 ipsis
3755 4381 3836 4438 vel

2223 4452 2280 4524 in
2316 4468 2445 4540 ipsis
2485 4477 2726 4528 rectores
2763 4479 2820 4526 et
2846 4471 3082 4528 ministri
3109 4480 3538 4544 pmmemorataa
3563 4472 3835 4531 Ecclesia:

2229 4558 2509 4630 elegerint,
2548 4560 2624 4614 ita
2661 4561 2893 4616 debeant
2928 4550 3316 4635 perpetualiter
3340 4562 3627 4634 possidere
3667 4574 3836 4638 atque

2233 4649 2508 4716 ordinare,
2560 4650 2644 4706 vel
2674 4651 2837 4707 etiam
2886 4651 3086 4721 facere,
3132 4662 3504 4726 proutcunque
3555 4655 3661 4711 sibi
3709 4672 3836 4728 pro-

2233 4740 2455 4810 pensius
2514 4740 2778 4809 voluerit,
2809 4751 2872 4799 ut
2919 4745 3126 4818 absque
3167 4745 3329 4803 ullius
3368 4745 3572 4816 iniusta
3611 4759 3833 4805 contra-

2235 4830 2473 4888 dictione
2519 4833 2773 4889 ordinent
2817 4843 2980 4907 atque
3010 4836 3316 4909 disponant,
3342 4846 3401 4894 et
3428 4836 3639 4893 faciant
3680 4841 3834 4911 quid-

2235 4922 2364 4993 quid
2401 4923 2620 4980 utilitati
2665 4925 2938 4996 praedictm
2973 4927 3216 4984 ecclesia:
3264 4943 3564 4998 congruere
3607 4938 3664 4983 et
3703 4947 3833 4986 con-

2235 5012 2422 5069 venire
2447 5016 2838 5085 perspexerint.
2879 5017 2948 5073 Et
2976 5026 3034 5073 ut
3072 5018 3189 5074 hac
3234 5025 3437 5073 nostra:
3487 5020 3831 5077 auctoritatis

2233 5102 2574 5167 cmﬁrmatio
2593 5107 2952 5178 praesentibus
2974 5109 3276 5181 futurisque
3305 5109 3610 5167 ﬁrmiorem
3632 5111 3690 5165 in
3718 5128 3808 5168 om
3828 5147 3851 5159 ο

2233 5193 2395 5252 nibus
2441 5211 2655 5270 semper
2695 5199 2940 5258 obtineat
2973 5201 3236 5273 vigorem,
3287 5201 3540 5258 manibus
3589 5203 3830 5272 propriis

2234 5285 2425 5344 subter
2461 5287 2799 5346 ﬁrmavimus
2830 5298 2887 5348 et
2912 5292 3098 5350 annuli
3127 5293 3301 5352 nostri
3343 5291 3704 5366 impressione
3779 5295 3852 5353 si-

2237 5380 2393 5453 gnari
2412 5379 2695 5452 iussimus.

2235 5699 2493 5785 minerint
2513 5700 2886 5785 imperatores,
2909 5701 3238 5785 cathedralis
3252 5715 3386 5785 vero
3409 5701 3662 5764 ecclesia
3679 5710 3819 5769 stru-

2235 5780 2446 5832 cturam
2475 5774 2690 5842 penitus
2713 5774 3034 5848 completam
3058 5774 3385 5846 signiﬁcent.
