4048 6350
222 415 359 478 1145

889 524 1128 588 CXXIV.

418 663 523 708 PIO
547 661 854 708 IICIACENSI
887 659 934 700 S.
975 656 1226 700 IAXIIINI
1254 649 1614 697 IONAS'I‘ERIO.

809 737 983 811 (Anno
1011 729 1163 805 89.5.)

219 837 487 916 [Apud_D.
527 836 820 916 Bouquet._,
858 827 1074 916 Recuet'l.
1094 816 1660 916 diesIlii“.,Mttiméll,1
1674 830 1800 902 pag.

360 887 502 976 ἐῠιξ
529 887 869 968 eradi-utin,
897 897 1094 957 Annal.
1119 895 1329 961 eccles.,
1357 907 1480 965 pag.
1511 887 1696 962 756.)"

285 1023 346 1078 ln
376 1018 597 1077 nomine
630 1013 847 1071 Domini
891 1010 989 1068 Dei
1017 1019 1073 1066 et
1122 1003 1420 1063 Salvatoris
1461 999 1632 1057 nostri
1677 995 1806 1053 Jesu

219 1111 444 1177 Christi,
492 1105 798 1164 Ludovicus
845 1110 906 1159 et
948 1098 1262 1164 Lotharius,
1287 1093 1469 1152 divina
1517 1089 1806 1146 ordinante

216 1201 580 1277 providentia,
606 1199 965 1269 imperatores
992 1190 1240 1262 Augusti.

289 1293 427 1350 Cum
476 1289 832 1363 petitionibus
875 1283 1219 1342 sacerdotum
1268 1276 1473 1337 Christi
1527 1275 1596 1331 ad
1639 1270 1806 1329 divini

219 1385 395 1445 cultus
422 1386 682 1440 honorem
705 1377 1106 1453 pertinentibus
1136 1373 1444 1437 annuimus,
1475 1376 1531 1426 et
1555 1366 1811 1440 imperia-

220 1480 326 1537 lem
351 1475 802 1536 consuetudinem
829 1470 1206 1543 adimplemus,
1239 1474 1295 1524 et
1318 1466 1373 1521 id
1412 1461 1598 1537 procul
1643 1458 1809 1516 dubio

221 1570 380 1628 nobis
423 1568 491 1624 ad
549 1574 809 1622 aeternam
869 1558 1370 1619 remunerationem
1421 1550 1811 1625 capessendam

221 1662 565 1736 profuturum
609 1656 842 1714 ﬁdeliter
887 1653 1181 1711 credimus.
1210 1649 1422 1706 'Notum
1473 1645 1639 1718 igitur
1688 1656 1811 1699 esse

221 1755 470 1812 volumus
551 1749 790 1808 ﬁdelium
850 1754 1167 1803 nostrorum
1199 1783 1215 1810 ,
1294 1749 1405 1796 tam
1461 1734 1812 1810 praesentium

224 1862 387 1920 quam
413 1844 740 1907 futurorum,
767 1836 1090 1910 prudentia,
1117 1847 1329 1890 necnon
1353 1837 1408 1886 et
1433 1839 1810 1886 successorum

225 1919 537 1999 nostrorum
577 1928 960 2005 magnitudini,
1005 1925 1151 1999 quod
1191 1920 1488 1996 postulavit
1535 1919 1620 1973 vir
1645 1929 1812 1972 vene-

224 2029 410 2089 rabilis
445 2027 610 2084 Jonas
650 2019 1058 2080 Aurelianensis
1098 2014 1358 2073 Eeclesia
1405 2011 1710 2083 episcopus,
1751 2013 1814 2060 ut

225 2121 589 2198 privilegium,
620 2115 767 2188 quod
803 2113 874 2170 ob
903 2111 1099 2168 divinae
1127 2107 1409 2165 servitutis
1450 2104 1712 2160 honorem
1755 2105 1814 2156 et

225 2196 587 2270 monasticum
645 2205 895 2263 ordinem
943 2201 1216 2258 veraciter
1275 2196 1640 2269 religioseque
1699 2207 1815 2248 ser-

225 2306 463 2363 vandum
488 2303 634 2359 circa
662 2297 854 2356 cellam
883 2295 1058 2353 sancti
1095 2290 1393 2357 Maximini,
1424 2303 1545 2360 qua
1569 2294 1653 2343 est
1669 2284 1811 2356 juris

226 2395 486 2470 episcopii
537 2393 647 2459 sui,
699 2405 827 2447 cum
877 2384 1225 2444 conniventia
1273 2377 1677 2451 metmpolitani
1732 2376 1817 2433 sui

226 2467 513 2547 Jheremia
563 2480 955 2552 archiepiscopi
1005 2485 1062 2533 et
1115 2473 1499 2531 canonicorum
1550 2467 1816 2534 ecclesia,

225 2582 324 2639 cui
351 2581 464 2636 Deo
499 2575 762 2648 largiente
807 2565 1104 2635 ministrat,
1147 2579 1319 2638 nuper
1350 2563 1559 2618 fecerat
1598 2560 1685 2616 vel
1726 2559 1821 2615 ﬁr-

225 2678 492 2737 maverat,
513 2676 698 2726 nostra
726 2664 1051 2722 auctoritate
1078 2657 1346 2732 imperiali
1372 2655 1820 2712 conﬁrmaremus

227 2765 373 2836 quod
413 2759 756 2833 privilegium
785 2755 990 2814 nostris
1014 2751 1298 2810 obtutibus
1344 2747 1632 2813 exhibuit;
1665 2743 1822 2814 cujus

228 2853 688 2930 constitutionem,
716 2849 842 2920 quia
878 2847 1026 2918 juste
1056 2861 1122 2902 ac
1152 2840 1552 2900 rationabiliter
1579 2840 1650 2895 ob
1677 2852 1824 2893 amo-

229 2962 347 3006 rem
377 2945 471 3002 Dei
500 2951 556 3000 et
597 2941 905 2998 animarum
953 2937 1184 2994 salutem
1211 2932 1413 2990 factam
1454 2945 1576 2988 esse
1602 2942 1824 3001 perspe-

229 3039 412 3096 ximus
453 3075 470 3104 ,
542 3046 758 3104 aquum
810 3030 1144 3101 dignumque
1193 3019 1552 3094 indicavimus
1604 3025 1668 3072 ut
1708 3015 1825 3089 ejus

229 3128 482 3205 petitioni
531 3137 816 3182 assensum
868 3119 1254 3193 praberemus.
1337 3112 1676 3183 Quapropter
1727 3123 1826 3180 per

231 3231 377 3289 hanc
413 3232 613 3283 nostra
647 3218 1029 3295 praeceptionis
1063 3213 1443 3314 auctoritatem
1477 3205 1734 3276 jubemus
1768 3207 1825 3256 et
1849 3248 1896 3314 ϐ

231 3318 455 3377 omnino
480 3314 825 3372 decernimus
851 3318 936 3377 ut,
961 3308 1106 3366 sicut
1126 3305 1196 3361 ab
1220 3301 1412 3360 eodem
1442 3298 1698 3369 episcopo
1721 3306 1823 3363 per

233 3417 603 3471 memoratum
640 3404 984 3479 privilegium
1025 3413 1156 3473 erga
1179 3395 1426 3454 eamdem
1460 3390 1651 3448 cellam
1688 3400 1822 3443 con-

235 3505 488 3564 stitutum
546 3510 655 3567 est,
695 3498 772 3553 ita
821 3493 1027 3552 nostris
1086 3487 1391 3556 futurisque
1435 3479 1772 3552 temporibus
1795 3490 1828 3531 a

237 3595 547 3654 rectoribus
574 3595 891 3648 memoratae
927 3581 1171 3644 ecclesia
1218 3578 1395 3635 modis
1437 3573 1692 3632 omnibus
1731 3569 1831 3626 ob-

237 3695 524 3754 servetur;
553 3685 632 3741 ita
661 3684 925 3740 duntaxat
968 3686 1031 3733 ut
1072 3676 1127 3732 in
1170 3670 1398 3745 prafata
1443 3667 1600 3733 cella,
1633 3666 1690 3721 in
1723 3678 1831 3735 qua

236 3782 369 3840 olim
392 3781 542 3836 viros
568 3776 670 3833 sub
695 3772 996 3830 monastico
1027 3767 1218 3824 ordine
1241 3758 1601 3833 probabiliter
1625 3754 1832 3810 vixisse

239 3871 465 3943 Deoqne
498 3866 770 3940 placuisse
816 3858 1088 3918 evidentia
1135 3858 1459 3925 argumenta
1507 3852 1829 3908 testantur;

245 3934 478 4039 quorum
500 3934 677 4020 etiam
706 3960 1018 4015 interventu
1049 3949 1191 4005 idem
1226 3944 1363 4020 ordo
1397 3942 1453 3997 in
1497 3939 1688 3996 eodem
1716 3934 1836 3990 loco

242 4027 486 4116 creditur
531 4067 654 4111 esse
699 4048 1006 4111 restitutus,
1049 4044 1377 4097 memorata
1429 4031 1573 4089 sedis
1619 4027 1840 4101 pontiﬁ-

244 4151 403 4208 cibus
431 4142 871 4221 procurantibus,
914 4125 1426 4206 sempenregularis
1461 4124 1594 4181 ordo
1622 4119 1841 4189 religio-

247 4245 468 4304 sissime
521 4245 773 4296 teneatur
824 4247 890 4289 ac
937 4225 1277 4286 custodiatur
1318 4236 1334 4288 ;
1391 4224 1448 4274 et
1497 4230 1618 4272 cum
1673 4211 1840 4268 abbas

248 4338 424 4411 ipsius
466 4327 785 4390 monasterii
818 4325 984 4382 rebus
1033 4315 1287 4376 humanis
1328 4317 1612 4382 exemptus
1652 4304 1841 4371 fuerit,

237 4406 572 4505 providente
601 4423 842 4497 ejusdem
870 4417 1017 4476 sedis
1053 4411 1333 4486 pontiﬁce,
1378 4423 1444 4464 ac
1469 4406 1618 4478 piam
1643 4409 1834 4474 pater-

243 4540 487 4597 namque
540 4517 959 4579 sollicitudinem
1005 4517 1247 4584 gerente,
1299 4520 1364 4562 eo
1408 4502 1600 4560 ordine
1643 4496 1843 4570 prafe—

249 4625 411 4675 ratur
458 4615 540 4671 eis
577 4611 766 4676 abbas,
807 4607 949 4664 sicut
998 4603 1052 4659 in
1083 4600 1274 4657 eodem
1322 4594 1630 4653 continetur
1671 4587 1844 4661 privi-

248 4709 417 4781 legio.
457 4706 566 4760 Res
602 4714 837 4774 quoque,
891 4696 1006 4752 sive
1053 4705 1174 4763 qua
1222 4689 1400 4746 eidem
1444 4682 1594 4739 cella
1618 4678 1765 4749 juste
1796 4684 1853 4734 et

249 4768 506 4874 legaliter
534 4768 832 4869 pertinent,
871 4803 995 4846 cum
1038 4781 1259 4855 praediis
1308 4777 1537 4841 duobus,
1585 4768 1852 4841 Quasellis

249 4863 464 4951 scilicet
493 4863 554 4945 et
592 4887 860 4943 Castaneo
887 4875 1076 4936 Villari
1101 4892 1116 4943 ;
1147 4874 1261 4931 sive
1297 4885 1434 4941 quas
1465 4867 1606 4923 idem
1642 4863 1854 4934 episco-

250 5002 360 5062 pus
385 4991 573 5054 postea
602 4980 669 5035 de
703 4989 870 5032 causa
915 4966 1174 5042 episcopii
1218 4963 1325 5030 sui,
1354 4961 1422 5017 de
1466 4958 1676 5014 ratione
1702 4951 1853 5010 scili-

252 5041 349 5135 cet
375 5041 601 5131 alterius
627 5067 778 5125 cella
820 5041 992 5120 sancti
1037 5053 1314 5114 Maximini
1346 5051 1414 5106 ad
1459 5048 1706 5105 divinum
1732 5041 1853 5098 olli-

253 5173 408 5230 cium
458 5160 904 5222 honoriﬁcentius
946 5151 1315 5226 peragendum
1349 5147 1400 5202 ei
1445 5139 1844 5216 superaddidit,

255 5263 321 5320 in
346 5262 617 5330 integrum
641 5252 845 5321 absque
870 5245 980 5302 ulla
1011 5243 1094 5299 sui
1117 5238 1492 5302 diminutione,
1522 5234 1664 5289 sicut
1692 5229 1761 5285 ab
1785 5243 1853 5284 eo

254 5322 620 5414 constitutum
650 5352 736 5402 est
763 5344 818 5398 in
841 5353 973 5396 usus
1015 5335 1409 5392 monachorum
1443 5327 1660 5383 cedant.
1700 5322 1854 5390 Quod

255 5448 314 5506 si
362 5447 503 5502 forte
550 5442 636 5498 his
681 5437 845 5494 rebus
895 5435 1120 5502 propter
1165 5422 1262 5480 Dei
1313 5432 1554 5476 amorem
1604 5414 1858 5485 episcOpo

266 5540 444 5613 ipsius
488 5535 632 5593 sedis
659 5530 936 5605 quippiam
965 5519 1358 5613 superaddere-
1380 5509 1618 5613 libuerit,
1653 5509 1858 5610 idcum

267 5598 373 5688 Dei
405 5627 604 5701 gratia,
651 5598 982 5694 suffragante
1030 5611 1134 5670 sibi
1174 5602 1471 5682 pontiﬁcali
1512 5598 1858 5663 auctoritate,

269 5692 637 5782 libentissime
680 5692 945 5790 peragat:
987 5717 1042 5767 et
1076 5706 1124 5764 si
1171 5705 1313 5761 forte
1358 5699 1463 5756 hoc
1512 5695 1562 5752 ei
1594 5692 1775 5749 facere
1807 5696 1863 5744 et

1293 451 1298 455 .
1359 399 1755 465 DlPLOMA'l'A
1794 398 2342 459 ECCLESIASTICA.

1825 519 1880 582 Α
1905 517 2158 573 suasione
2211 527 2509 572 succensus
2560 509 2803 584 quolibet
2856 509 3017 570 modo
3069 511 3328 579 auferat;
3383 513 3483 568 sed

3339 396 3482 458 H46

1901 608 2084 680 potius
2113 607 2362 664 monachi
2402 607 2570 678 ipsius
2615 603 2765 662 cella
2801 603 2887 660 his
2918 612 2976 660 et
3015 605 3224 661 caeteris
3260 605 3425 661 rebus
3451 618 3486 660 a

1903 699 2076 757 Deum
2123 699 2439 756 timentibus
2492 697 2594 754 sibi
2648 696 2860 754 collatis
2908 695 3204 769 suffragati,
3258 695 3487 753 liberius

1905 793 2258 864 devotiusque
2304 792 2498 849 divina
2542 793 2796 864 potentia
2839 790 3090 846 famulari
3138 791 3375 857 valeant,
3431 798 3488 847 et

1903 899 2004 957 pro
2032 884 2210 951 nobis,
2239 883 2468 956 conjuge
2495 891 2550 938 et
2575 881 2745 955 prole,
2775 888 2830 937 et
2874 881 3169 938 stabilitate
3215 881 3427 951 imperii
3454 896 3488 936 a

1905 979 2018 1034 Deo
2046 978 2203 1034 nobis
2226 977 2427 1043 collati,
2455 986 2508 1032 et
2536 991 2633 1047 per
2671 977 2992 1032 immensum
3039 990 3138 1031 sua
3179 974 3489 1047 gratissima

1905 1070 2105 1141 pietate
2138 1069 2514 1135 conservandi,
2548 1084 2756 1124 necnon
2807 1075 2864 1123 et
2894 1083 2994 1139 pro
3040 1068 3351 1122 rectoribus
3399 1081 3492 1121 ec-

1907 1162 2086 1218 clesia
2111 1162 2266 1233 cujus
2295 1161 2413 1217 loco
2444 1169 2500 1215 et
2525 1161 2687 1216 rebus
2728 1167 2974 1224 utuntur,
3013 1159 3217 1230 jugiter
3246 1159 3490 1214 divinam

1907 1253 2198 1324 implorent
2224 1251 2675 1309 misericordiam.
2727 1250 2786 1307 Si
2829 1267 2962 1307 vero
2986 1251 3253 1322 quispiam
3296 1249 3493 1322 prala-

1909 1353 2090 1402 torum
2143 1353 2460 1402 memorata
2525 1343 2670 1400 sedis
2722 1342 3002 1414 praefatam
3055 1341 3496 1398 constitutionem

1908 1447 2098 1498 contra
2143 1438 2286 1494 hanc
2335 1445 2578 1492 nostram
2634 1434 3054 1506 praceptionem
3101 1433 3500 1506 quodammodo

1910 1533 2124 1588 irritam
2153 1529 2333 1586 facere
2361 1543 2426 1584 ac
2465 1528 2682 1598 penitus
2720 1527 3024 1583 convellere
3068 1527 3318 1590 voluerit,
3348 1525 3503 1581 volu-

1910 1636 2032 1678 mus
2060 1628 2222 1690 atque
2257 1617 2596 1674 decernimus
2632 1624 2692 1671 ut
2721 1632 2810 1672 res
2854 1617 2922 1672 ad
2967 1616 3216 1672 notitiam
3247 1615 3503 1670 Senonici

1911 1711 2267 1784 metmpolita
2294 1710 2620 1781 perferatur,
2673 1717 2944 1780 quatenus
2991 1709 3056 1774 is,
3107 1707 3364 1763 adhibitis
3393 1723 3505 1762 sua

1913 1807 2212 1864 dimceseos
2265 1802 2621 1876 suilraganeis
2680 1803 2970 1874 episcopis,
3029 1802 3172 1858 idem
3226 1801 3507 1873 negotium

1837 1884 1886 1946 Β
1914 1897 2156 1970 diligenti
2185 1895 2438 1966 indagine
2460 1894 2720 1950 discutiat
2744 1901 2800 1950 et
2825 1894 3080 1964 corrigat,
3107 1899 3162 1947 et
3187 1891 3255 1946 ad
3301 1898 3504 1946 statum

1912 1992 2222 2066 pristinum,
2271 1988 2419 2046 salva
2461 1995 2778 2044 memorata
2823 1985 2967 2041 sedis
3012 1984 3274 2058 dignitate
3317 1997 3382 2039 ac
3405 1997 3507 2052 po-

1915 2095 2134 2154 testate,
2165 2098 2424 2142 revocare
2450 2089 2724 2154 procuret.
2759 2080 2932 2136 Porro
2961 2080 3007 2155 si
3033 2077 3326 2150 contigerit
3363 2076 3508 2132 idem

1915 2179 2193 2252 negotium
2235 2184 2456 2249 propter
2502 2174 2739 2244 aliquam
2785 2171 2869 2227 sui
2909 2169 3280 2226 difﬁcultatem
3326 2167 3395 2222 ab
3435 2180 3502 2220 eo

1916 2269 2140 2326 minime
2181 2282 2342 2339 posse
2382 2263 2621 2331 difliniri,
2668 2261 2920 2318 volumus
2961 2267 3022 2315 ut
3049 2259 3165 2329 ejus
3211 2258 3385 2314 relatu
3414 2270 3512 2312 no-

1918 2361 2050 2418 stris
2087 2372 2571 2428 successorumque
2604 2364 2919 2411 nostrorum
2962 2351 3187 2408 auribus
3231 2366 3320 2408 res
3355 2349 3514 2404 inno-

1919 2459 2116 2518 tescat,
2141 2451 2392 2507 videlicet
2436 2457 2498 2504 ut
2525 2456 2726 2505 nostra
2758 2444 3101 2501 auctoritatis
3147 2443 3426 2499 sanctione
3457 2439 3528 2495 in

1920 2546 2159 2619 generali
2197 2552 2467 2601 conventu
2500 2543 2880 2614 episcoporum
2909 2539 3072 2610 hujus
3109 2534 3515 2593 constitutionis

1921 2635 2210 2694 convulsor
2238 2634 2566 2706 corripiatur
2586 2638 2640 2688 et
2665 2631 2994 2701 corrigatur,
3017 2635 3078 2682 ut
3097 2641 3286 2682 eorum
3311 2621 3516 2678 salubri

1918 2729 2124 2803 judicio
2164 2735 2462 2784 memorata
2509 2723 2826 2782 constitutio
2871 2720 3163 2794 pristinum
3200 2724 3375 2773 status
3425 2711 3512 2768 sui

1924 2834 2248 2892 recuperare
2277 2817 2457 2875 valeat
2483 2816 2747 2888 vigorem.
2785 2812 2990 2869 Prasul
3019 2808 3287 2881 siquidem
3315 2817 3520 2861 memo—

1926 2919 2060 2969 rata
2109 2908 2354 2966 ecclesia
2412 2920 2757 2978 summopere
2813 2902 3096 2976 provideat
3150 2907 3212 2956 ut
3262 2893 3518 2953 monachi

1927 3003 2098 3074 ipsius
2127 3000 2279 3058 cellae
2303 3001 2468 3056 rebus
2491 3004 2807 3054 memorata
2829 2995 3023 3052 matris
3045 2991 3287 3049 ecclesia
3313 2987 3520 3054 donati,

1927 3095 2206 3165 otiumque
2232 3101 2433 3149 sancta
2452 3090 2649 3162 quietis
2675 3104 2775 3160 per
2799 3093 3156 3143 memoratum
3180 3080 3522 3154 privilegium

1929 3195 1985 3244 et
2036 3187 2177 3242 hanc
2230 3193 2472 3242 nostram
2533 3181 2911 3238 auctoritatem
2967 3175 3167 3246 adepti,
3223 3174 3281 3228 in
3338 3172 3424 3226 his
3458 3170 3516 3225 in

1927 3279 2124 3351 quibus
2151 3292 2210 3333 se
2230 3275 2342 3332 Deo
2369 3275 2751 3338 devinxcrunt,
2779 3269 2965 3327 divina
2993 3267 3283 3338 adjuvante
3317 3263 3515 3335 gratia,

1927 3369 2313 3429 inviolabiliter
2354 3372 2710 3440 permaneant
2740 3380 2758 3418 :
2805 3363 2882 3417 ita
2924 3358 3179 3416 videlicet
3207 3365 3270 3412 ut
3296 3369 3399 3410 uec
3435 3353 3524 3407 in-

1928 3465 2100 3523 terius
2146 3478 2178 3518 a
2223 3475 2323 3516 suo
2372 3458 2649 3531 proposito
2693 3453 2912 3510 deviare
2938 3492 2954 3518 ,
3011 3465 3112 3506 nec
3150 3446 3392 3504 exterius
3436 3458 3527 3499 res

1929 3557 2034 3614 sibi
2070 3556 2338 3626 deputata
2361 3567 2552 3608 eorum
2577 3546 2868 3604 insolentia
2904 3550 2997 3598 aut
3024 3541 3232 3598 incuria
3252 3536 3525 3610 quomodo

1931 3649 2129 3723 negligi
2156 3655 2251 3705 aut
2276 3644 2482 3716 subripi
2519 3642 2731 3714 possint
2755 3657 2770 3707 ;
2802 3638 2898 3695 sed
2921 3635 3188 3700 ecclesia,
3221 3630 3377 3701 cujus
3407 3629 3528 3685 loco

1931 3755 1989 3803 et
2017 3745 2179 3800 rebus
2203 3747 2454 3804 utuntur,
2481 3739 2536 3792 in
2561 3733 2815 3791 omnibus
2844 3731 3005 3786 ﬁdem
3032 3735 3086 3782 et
3118 3724 3377 3780 humilem
3404 3735 3530 3776 con-

1935 3849 2234 3910 gruamque
2258 3827 2669 3898 subjectionem,
2708 3823 2852 3877 sicut
2872 3821 3026 3875 decet
3048 3824 3104 3871 et
3141 3820 3376 3886 oportet,
3408 3825 3530 3866 ser-

1935 3942 2066 3982 va-re
2112 3921 2479 3984 meminerint,
2525 3932 2627 3972 nec
2673 3929 2732 3970 se
2779 3917 2970 3984 putent
3015 3915 3240 3980 propter
3284 3911 3530 3959 nostram

1938 4017 2323 4078 auctoritatem
2347 4028 2377 4068 a
2395 4014 2517 4082 jure
2545 4017 2601 4066 et
2629 4013 2898 4080 potestate
2925 4002 3101 4074 ipsius
3128 3997 3374 4056 ecclesia
3401 3996 3532 4052 sub-

1941 4112 2182 4174 trahere,
2214 4114 2309 4161 aut
2337 4102 2554 4160 easdem
2581 4115 2671 4156 res
2712 4095 2950 4168 qualibet
2976 4089 3379 4149 machinatione
3405 4085 3536 4142 alie.-

1941 4218 2075 4261 nare
2119 4214 2302 4272 posse,
2335 4192 2642 4269 prasertim
2687 4204 2811 4246 cum
2859 4194 2916 4242 et
2943 4185 3096 4241 locus
3123 4189 3180 4239 et
3221 4197 3312 4238 res
3340 4177 3538 4250 quibus

1943 4268 2173 4352 utuntur
2205 4268 2350 4363 juris
2369 4287 2479 4344 sint
2504 4283 2677 4356 ipsius
2710 4278 2973 4344 ecclesia,
2999 4284 3057 4332 et
3098 4274 3166 4330 ab
3199 4273 3315 4344 ejus
3341 4268 3538 4326 merito

1944 4360 2221 4459 pendeant
2237 4386 2527 4453 potestate.
2560 4375 2691 4443 Quae
2713 4378 2773 4426 ut
2797 4369 3096 4443 pleniorem
3116 4367 3173 4421 in
3196 4365 3292 4420 Dei
3321 4360 3540 4417 nomine

1947 4451 2253 4536 obtineant:
2272 4471 2540 4543 vigorem,
2591 4473 2655 4521 ut
2682 4464 2800 4521 hac
2831 4460 2996 4516 etiam
3022 4456 3206 4512 verius
3234 4451 3543 4520 certiusque

1951 4569 2246 4627 credantur
2293 4577 2359 4618 ac
2403 4559 2599 4616 melius
2646 4559 3063 4614 conserventur,
3099 4545 3338 4603 nominis
3368 4540 3541 4598 nostri

1954 4662 2276 4718 charactere
2323 4649 2548 4717 muniri,
2605 4653 2662 4703 et
2711 4640 2895 4699 annuli
2955 4637 3130 4695 nostri
3182 4631 3546 4706 impressione

1954 4751 2156 4826 signari
2177 4747 2460 4820 jussimus.

2025 4816 2300 4902 Data'xm
2347 4837 2467 4895 Kal.
2518 4835 2699 4899 Mart,
2738 4845 2904 4897 anno,
2939 4826 3158 4884 Christo
3184 4819 3441 4896 propitio,
3482 4816 3549 4872 12

1955 4935 2170 5008 imperii
2200 4931 2385 4990 domni
2411 4925 2670 4984 Ludovici
2698 4921 2930 4996 piissimi
2967 4916 3220 4990 Augusti,
3250 4909 3550 4968 indictione

1957 5030 2011 5085 '5.
2033 5001 2240 5089 -Actum
2284 5018 2612 5092 Aquisgrani
2639 5015 2842 5089 palatio
2892 5011 3041 5083 regio
3087 5009 3144 5064 in
3193 5004 3292 5063 Dei
3334 5001 3554 5059 nomine

1955 5119 2208 5178 feliciter.
2236 5114 2431 5171 Amen.

2645 5199 2858 5260 CXXV.

2320 5314 2422 5356 PRO
2450 5309 2675 5354 ALBOINO
2704 5306 2910 5349 ΔΒΒΑΤΕ
2940 5300 3268 5346 ΑΝιεοιιεΝει.

2583 5388 2758 5461 (Anno
2784 5382 2934 5454 825.)
2973 5433 2977 5439 .

2203 5484 2454 5544 Concedit
2483 5480 2788 5555 facultatem
2817 5473 3044 5547 eligendi
3077 5471 3301 5527 abbatis.

2091 5582 2271 5658 [Apud
2304 5578 2487 5643 Mart.,
2519 5573 2822 5629 Thesaurus
2851 5566 3065 5633 anecd.,
3091 5573 3132 5620 t.
3165 5562 3207 5628 l,
3239 5577 3294 5632 p.
3334 5556 3450 5658 25:]

2035 5643 2339 5734 ln‘nomine
2378 5668 2596 5726 Domini
2635 5664 2732 5736 Dei
2762 5669 2817 5719 et
2867 5658 3170 5717 Salvatoris
3213 5643 3407 5709 nostri'
3430 5647 3560 5703 Iesu

269 5739 637 5782 libentissnne
680 5739 945 5790 peragat;
987 5739 1042 5767 cu.
1076 5739 1124 5764 an
1171 5739 1313 5761 ιυηυ
1359 5739 1463 5756 ..νυ
1513 5739 1562 5752 ν.
1594 5739 1773 5749 ην---
1814 5739 1861 5744 η

268 5816 524 5874 voluntas
555 5819 612 5868 et
629 5808 862 5866 facultas
885 5796 1252 5874 denegaverit,
1277 5794 1343 5850 de
1363 5790 1451 5848 his
1473 5803 1594 5861 quae
1623 5782 1866 5841 collecta
1967 5768 2194 5835 Christi,
2209 5763 2536 5828 Ludovicus,
2557 5757 2738 5816 divina
2759 5755 3046 5812 ordinante
3071 5741 3434 5823 providentia,
3457 5739 3559 5795 im-

261 5915 428 5987 sunt,
453 5904 588 5965 nihil
624 5909 717 5966 aut
743 5896 1037 5970 cupiditate
1077 5891 1290 5955 ductus,
1337 5889 1429 5940 aut
1474 5875 1702 5952 alicujus
1741 5887 1864 5948 per-

1967 5869 2186 5942 perator
2211 5858 2502 5932 Augustus.
