4048 6350
525 384 667 480 ιὶιτ

1664 410 1992 474 Lunov1c1
2029 416 2050 473 ι
2089 410 2566 475 σορΝοΜΕΝτο
2604 394 2693 470 ru

3656 417 3806 481 1148

589 533 854 595 Omnibus
923 529 1175 591 ﬁdelibus
1217 536 1421 589 sanctae
1468 527 1567 588 Dei
1613 528 1871 587 Ecclesiae
1912 540 1970 588 et
2009 546 2106 587 no-
2131 537 2185 598 Α
2207 532 2375 606 sibus,
2416 530 2710 597 farinariis,
2742 530 2980 588 exitibus
3013 541 3068 589 et
3090 534 3451 605 regressibus,
3486 551 3617 594 cum
3646 556 3807 598 mane

523 630 675 692 stris,
716 642 811 683 seu
837 625 1002 682 etiam
1045 625 1156 680 Deo
1184 623 1535 694 dispensante
1580 623 1982 680 successoribus
2009 638 2107 679 no-

521 723 671 788 stris,
724 729 914 777 notum
963 720 1036 776 sit
1081 720 1210 792 quia
1261 719 1586 776 venerabilis
1631 719 1892 777 Alboinus
1936 721 2107 776 abbas

520 814 842 872 monasterii
866 810 926 869 S.
963 811 1203 878 Carileﬁ,
1243 811 1387 882 quod
1409 811 1608 868 dicitur
1643 811 1881 876 Anisola,
1915 810 1984 866 ad
2010 828 2107 868 no-

520 917 691 967 stram
740 906 1008 963 accedens
1055 905 1417 968 clementiam,
1468 905 1738 976 suggessit
1788 913 2104 960 mansuetu-

518 998 632 1056 dini
655 1000 874 1064 nostraz,
903 1000 963 1052 ut
991 997 1130 1053 sicut
1155 997 1451 1053 auctoritas
1479 996 1739 1051 canonica
1767 1005 1823 1052 et
1843 994 2107 1067 regularis

512 1091 688 1166 jubet,
716 1088 1046 1146 monasterio
1072 1090 1159 1146 cui
1186 1090 1300 1160 ipse
1332 1089 1446 1145 Deo
1482 1097 1706 1145 auctore
1745 1096 1964 1159 praeest,
2006 1100 2110 1158 per

519 1194 765 1241 nostrum
789 1194 1116 1257 praeceptum
1146 1182 1468 1239 conﬁrmare
1497 1190 1554 1239 et
1579 1189 1702 1253 post
1735 1180 1852 1251 ejus
1869 1182 2101 1248 obitum,

519 1276 565 1332 si
595 1276 719 1332 talis
739 1277 991 1333 inventus
1020 1277 1075 1331 in
1098 1276 1358 1348 praedicto
1396 1274 1727 1331 monasterio
1769 1272 1983 1339 fuisset,
2009 1272 2103 1343 qui

519 1371 815 1427 secundum
858 1370 1099 1442 regulam
1149 1368 1321 1425 sancti
1367 1367 1643 1423 Benedicti
1675 1366 1956 1422 monachis
1992 1366 2105 1421 Deo

518 1463 720 1519 ibidem
767 1460 1126 1518 militantibus
1178 1469 1455 1533 praeesset,
1505 1460 1763 1530 prodesse
1813 1460 2100 1530 potuisset,

515 1554 787 1611 licentiam
812 1557 1080 1611 haberent
1123 1554 1267 1610 inter
1290 1570 1349 1610 se
1376 1553 1605 1624 eligendi
1633 1550 1900 1609 abbatem.
1938 1552 2104 1624 Cujus
2128 1558 2133 1569 ‘

2126 1638 2131 1645 ‘
2188 1636 2417 1693 satione
2445 1636 2605 1708 huius
2646 1640 2727 1694 rei
2772 1639 2920 1697 dedit
2945 1638 3282 1698 memoratus
3327 1640 3593 1701 Warinus
3622 1660 3814 1703 comes

517 1646 951 1717 deprecationem
981 1644 1107 1717 quia
1138 1644 1285 1716 iusta
1330 1653 1385 1700 et
1421 1644 1757 1700 rationabilis
1800 1644 1957 1700 nobis
1986 1646 2101 1701 visa

516 1744 623 1802 est,
655 1753 841 1793 aurem
886 1735 1435 1802 accommodavimus,
1466 1738 1521 1790 et
1549 1735 1649 1790 bos
1689 1743 1904 1791 nostros
1932 1736 2104 1805 impe-

514 1826 679 1884 riales
723 1828 905 1900 apices
942 1827 1060 1883 ﬁeri
1105 1828 1389 1901 iussimus,
1439 1842 1539 1897 per
1579 1840 1715 1897 quos
1759 1825 2103 1883 decernimus

2210 624 2368 694 cipiis
2397 625 2599 680 ibidem
2646 624 3134 693 commaneutibus,
3158 642 3305 683 cum
3329 630 3481 685 omni
3508 633 3808 702 agnatione

2207 731 2417 783 eorum,
2447 717 2629 773 omnia
2651 725 2706 772 et
2737 731 2805 773 ex
2828 717 3103 787 omnibus,
3132 727 3306 777 totum
3327 730 3384 779 et
3407 722 3478 777 ad
3500 723 3804 797 integrum,

2208 808 2470 879 quidquid
2509 809 2575 864 ad
2618 810 2795 881 ipsam
2840 809 3023 865 villam
3067 811 3316 882 aspicere
3360 813 3581 871 videtur
3622 832 3639 881 ;
3702 834 3811 874 nec

2207 916 2318 957 non
2357 900 2491 957 etin
2518 914 2657 973 pago
2695 901 3028 960 Nivernense
3055 902 3239 960 villam
3272 905 3427 978 cujus
3469 908 3809 964 vocabulum

2206 1000 2291 1048 est
2338 991 2711 1063 Aptannacus,
2760 1009 2885 1051 eum
2940 995 3176 1053 ecclesia
3227 998 3429 1055 ibidem
3455 1010 3808 1064 constructa,

2205 1098 2329 1139 cum
2384 1085 2608 1151 mansis,
2667 1084 2934 1152 domibus,
2994 1087 3261 1155 adiﬁciis,
3315 1089 3511 1157 vineis,
3569 1093 3808 1162 campis,

2164 1224 2169 1227 _
2204 1178 2393 1247 pratis,
2422 1178 2661 1248 pascuis,
2686 1179 2842 1250 aquis
2876 1194 3206 1250 aquarumve
3234 1182 3577 1249 decursibus,
3628 1183 3809 1248 silvis,

2204 1267 2440 1323 exitibus
2490 1278 2547 1325 et
2608 1271 2947 1340 regressibus
2976 1311 2993 1338 ,
3049 1280 3106 1328 et
3161 1289 3289 1330 cum
3345 1275 3646 1346 mancipiis
3710 1276 3813 1331 ibi-

2206 1359 2327 1414 dem
2372 1361 2842 1418 commanentibus
2869 1402 2885 1429 ,
2952 1363 3038 1420 vel
3102 1379 3228 1421 cum
3287 1367 3437 1421 omni
3493 1367 3803 1438 agitatione

2204 1465 2412 1519 eorum,
2457 1455 2639 1510 omnia
2685 1463 2743 1511 et
2788 1470 2855 1512 ex
2903 1458 3175 1525 erunibus,
3225 1461 3813 1531 quantumcunquead

2205 1543 2378 1614 ipsam
2412 1544 2596 1600 villam
2618 1547 2865 1617 aspicere
2891 1550 3145 1606 videtur:
3173 1550 3216 1606 Ε
3246 1560 3435 1608 contra
3459 1553 3518 1607 in
3546 1568 3815 1625 compen-

2204 1735 2258 1785 et
2286 1745 2427 1786 uxor
2453 1730 2663 1787 Albana
2699 1732 2767 1788 de
2812 1734 2977 1789 rebus
3004 1735 3354 1806 proprietatis
3382 1730 3579 1793 eorum
3624 1739 3813 1794 eidem

2204 1817 2520 1877 Hildebaldo
2571 1822 2824 1894 episcopo
2879 1824 2947 1879 ad
3000 1833 3213 1896 partem
3258 1825 3519 1882 Ecclesia
3570 1843 3700 1885 suae
3760 1830 3815 1883 in

513 1927 677 1991 atque
713 1919 965 1992 iubemus
996 1931 1055 1975 ut
1095 1927 1217 1991 post
1243 1917 1487 1988 praedicti
1519 1917 1729 1973 abbatis
1777 1916 2100 1984 discessum,
2130 1935 2179 1995 Β
2205 1913 2396 1970 eodem
2436 1928 2576 1985 pago
2605 1913 2938 1972 Matescense
2980 1916 3185 1982 villam,
3232 1918 3322 1973 cui
3362 1919 3708 1976 vocabulum
3733 1929 3817 1981 est

513 2010 559 2067 si
583 2011 706 2066 talis
734 2011 804 2066 ibi
833 2011 900 2067 de
926 2011 1117 2067 eadem
1142 2011 1563 2083 congregatione
1584 2010 1836 2065 inventus
1856 2017 2104 2079 repertus

513 2100 697 2169 fuerit,
729 2102 821 2174 qui
851 2112 1075 2159 caeteros
1102 2102 1399 2158 secundum
1438 2101 1679 2171 regulam
1727 2100 1903 2155 sancti
1931 2097 2106 2155 Bene-

513 2192 645 2249 dicti
691 2209 879 2266 regerc
904 2194 1098 2264 possit,
1143 2193 1417 2249 licentiam
1462 2193 1699 2247 habeant
1749 2193 1894 2246 inter
1920 2206 1978 2247 se
2005 2191 2105 2247 eli-

515 2284 678 2357 gendi
708 2284 980 2351 abbatem,
1013 2285 1247 2355 qualiter
1288 2284 1461 2355 ipsam
1504 2284 1978 2356 congregationem
2003 2298 2104 2355 pro

511 2375 695 2442 nobis,
717 2374 947 2449 conjuge
972 2384 1180 2441 nostra,
1208 2376 1466 2448 proleque
1492 2383 1700 2440 nostra,
1727 2382 1782 2431 et
1811 2372 2127 2431 stabilitate

513 2467 678 2523 totius
706 2466 917 2539 imperii
949 2468 1119 2523 nostri
1144 2467 1389 2523 hilariter
1417 2467 1630 2523 Domini
1674 2467 2104 2524 misericordiam

511 2577 742 2617 exorare
771 2560 1020 2617 delectet.
1066 2561 1133 2616 Et
1178 2569 1237 2617 ut
1281 2563 1421 2617 hanc
1467 2560 1855 2618 auctoritatem
1885 2574 1916 2615 a
1947 2562 2103 2618 nobis

511 2649 712 2706 factam
768 2652 952 2708 verius
994 2651 1233 2708 credatis
1284 2659 1339 2708 et
1385 2653 1699 2725 diligentius
1742 2654 2100 2719 censervetls,

511 2757 679 2797 manu
726 2743 946 2814 propria
992 2750 1176 2799 nostra
1220 2744 1408 2800 subter
1438 2738 1872 2811 ﬁrmavimu‘s,et
1915 2744 2103 2802 annuli

511 2833 687 2888 nostri
719 2833 1079 2904 impressione
1109 2836 1325 2907 signare
1348 2836 1633 2909 jussimus.

583 2923 810 2998 Signum
834 2926 1093 2983 Ludovici
1120 2927 1455 2984 serenissimi
1482 2926 1850 2999 imperatoris.

582 3017 870 3077 Durandus
925 3019 1185 3079 diaconus
1242 3023 1310 3078 ad
1371 3022 1545 3079 vicem
1602 3020 1873 3093 Fridegisi
1945 3032 2102 3078 rec»

510 3108 692 3193 gnovi.
1044 3105 1063 3133 ‘
1956 3114 1965 3121 ’

581 3203 720 3258 Data
766 3200 940 3275 pridie
986 3202 1257 3263 Kalendas
1302 3204 1472 3274 Junii,
1515 3222 1680 3275 anno,
1702 3204 1921 3264 Christo
1965 3220 2098 3278 pro-

2206 2003 2568 2075 Gemuliacus,
2600 2023 2723 2064 cum
2760 2009 2993 2066 ecclesia
3033 2009 3235 2066 ibidem
3287 2020 3635 2081 constructa,
3690 2032 3815 2072 mm

2204 2097 2428 2164 mansis,
2479 2098 2748 2166 domibus,
2802 2102 2964 2167 casis,
3012 2101 3280 2169 aediliciis,
3328 2104 3533 2172 vineis,
3570 2108 3813 2177 campis,

2203 2189 2399 2261 pratis,
2427 2190 2595 2259 silvis,
2626 2193 2863 2264 pascuis,
2894 2196 3052 2265 aquis
3092 2210 3427 2266 aquarumve
3454 2199 3813 2265 decursibus,

2205 2284 2499 2351 farinariis,
2532 2287 2769 2343 exitibus
2812 2293 2871 2342 et
2899 2288 3261 2359 regressibus,
3291 2296 3350 2343 et
3378 2290 3691 2360 mancipiis
3717 2292 3815 2348 ibi-

2206 2376 2328 2432 dem
2372 2379 2867 2445 commanentibus,
2897 2393 3021 2434 cum
3070 2381 3217 2435 omni
3264 2382 3560 2454 lignatione
3587 2399 3813 2452 eorm,

2206 2468 2386 2524 omnia
2412 2476 2469 2523 et
2500 2484 2567 2524 ex
2594 2470 2871 2537 omnibus,
2900 2479 3165 2541 quantum
3193 2472 3263 2528 ad
3291 2474 3464 2546 ipsam
3494 2476 3815 2533 Ecclesium

2207 2558 2455 2629 aspicere
2480 2554 2714 2627 videtur,
2758 2568 2817 2615 et
2846 2575 3033 2617 eorum
3062 2566 3331 2639 possessio
3367 2581 3493 2623 esse
3524 2568 3833 2641 dim:

2207 2655 2313 2705 tur.
2370 2650 2437 2706 Et
2476 2650 2531 2707 in
2571 2664 2711 2722 pago
2737 2650 3058 2709 Nivernensi
3087 2653 3268 2711 villam
3290 2655 3447 2726 cuius
3474 2661 3816 2717 vocabula:

2204 2748 2293 2797 est
2310 2741 2677 2814 Calda-Aqua,
2704 2758 2832 2799 cum
2858 2744 3021 2811 casis,
3051 2744 3323 2814 domibus,
3346 2747 3627 2817 aediﬁciis,
3656 2767 3818 2806 man-

2118 2852 2125 2881 :
2203 2831 2317 2899 sis,
2345 2832 2547 2897 vineis,
2589 2835 2829 2904 corripis,
2872 2835 3073 2904 pratis,
3116 2836 3369 2906 pascuis,
3408 2838 3603 2907 silvis,
3655 2843 3816 2913 aquis

2203 2936 2538 2996 aquarumve
2563 2927 2899 2994 decursibus,
2930 2930 3169 2986 exitibus
3194 2938 3255 2987 et
3278 2933 3657 3003 mglcssibtrs,
3687 2951 3814 2993 cum

2201 3016 2488 3088 mancipiis
2516 3018 2718 3076 ibidem
2741 3026 3247 3093 commanentibus,
3284 3028 3410 3083 eum
3446 3030 3603 3085 omni
3637 3045 3812 3104 agna-

2204 3113 2350 3170 tione
2379 3127 2590 3182 eorum,
2623 3117 2806 3172 omnia
2834 3124 2892 3172 et
2914 3132 2982 3173 ex
3007 3120 3284 3186 omnibus,
3315 3131 3813 3196 quantumcunque

2204 3203 2404 3261 ibidem
2433 3220 2621 3261 eorum
2649 3208 2929 3278 proprium
2957 3223 3082 3266 esse
3108 3210 3342 3267 videtur.
3376 3211 3492 3269 Nec
3522 3229 3638 3269 non
3671 3226 3730 3271 et
3758 3219 3811 3272 in

507 3288 662 3363 pitio,
689 3292 758 3348 12
782 3293 963 3350 domni
1003 3292 1260 3353 Ludovici
1286 3296 1655 3369 imperatoris,
1678 3298 1974 3355 indictione
1998 3306 2103 3353 ter-
2128 3332 2174 3396 Ο
2205 3297 2401 3354 ducatu
2428 3296 2716 3356 Alvernico
2757 3300 2811 3354 in
2853 3315 2994 3370 pago
3021 3301 3363 3360 Donobrinse
3390 3305 3619 3371 villam,
3650 3307 3813 3391 cuius

510 3383 609 3441 tia.
637 3384 836 3443 Actum
861 3387 1204 3460 Aquisgrano
1226 3389 1430 3461 palatio
1452 3391 1620 3464 regio.

1189 3502 1421 3558 CXXVI.

1028 3612 1095 3652 DE
1120 3613 1280 3654 VILLA
1307 3611 1591 3654 ςιυΜΑοο.

1119 3686 1293 3760 (Anno
1339 3689 1488 3763 825.)

510 3776 625 3852 [Ex
674 3777 1029 3857 chartulario‘
1060 3781 1403 3857 Cluniacensi
1429 3783 1640 3857 ,mapud
1689 3784 1771 3857 Dr
1796 3781 2115 3857 inquct.,~

755 3850 970 3906 Recueil
992 3851 1081 3907 des
1103 3852 1252 3919 Irish,
1277 3862 1408 3909 tom.
1434 3850 1672 3928 'Vl,'pag.
1710 3853 1863 3928 546.]

576 3939 635 3996 ln
678 3942 897 3999 nomine
928 3944 1142 3999 Domini
1174 3944 1269 3999 Dei
1314 3953 1370 4001 et
1414 3944 1715 4002 Salvatoris
1758 3946 1929 4001 nostri
1971 3943 2099 4001 Iesu

505 4030 732 4101 Christi,
756 4033 1081 4103 Ludovicus,
1110 4035 1290 4093 divina
1310 4037 1598 4095 ordinante
1620 4039 1979 4110 providentia,
2000 4039 2100 4093 im-

502 4134 723 4199 perator
746 4125 1040 4199 Augustus.
1313 4195 1323 4203 ρ

577 4216 637 4274 Si
678 4218 823 4275 enim
847 4234 912 4275 ea
939 4236 1059 4291 quae
1084 4220 1270 4278 fideles
1303 4220 1519 4294 imperii
1564 4224 1738 4280 nostri
1783 4241 1883 4298 pro
1906 4243 2097 4286 eorum

502 4310 999 4382 Opportunitatibus
1052 4314 1194 4368 inter
1244 4328 1303 4369 se
1361 4316 1836 4384 commutaveriut,
1895 4323 2098 4379 nostris

501 4402 893 4460 conﬁrmamus
945 4405 1157 4473 edictis,
1208 4407 1545 4477 impcrialem
1596 4425 1919 4485 exercemus
1968 4426 2099 4471 con-‘-

501 4492 872 4561 suetudinem,
901 4501 958 4550 et
990 4495 1094 4551 hoc
1120 4496 1175 4551 in
1216 4499 1560 4569 postmodum
1609 4499 1734 4572 jure
1782 4504 2097 4564 ﬁrmissimo

500 4599 824 4641 mansurum
856 4601 978 4653 esse
1022 4586 1289 4644 volumus.
1336 4588 1544 4646 idcirco
1593 4595 1808 4650 noverit
1854 4597 2097 4654 omnium

503 4678 748 4735 ﬁdelium
803 4690 1135 4752 nostrorum,
1186 4688 1538 4757 praesentium
1590 4690 1798 4746 scilicet
1847 4701 1902 4747 et
1951 4690 2095 4749 futu-

506 4788 717 4843 rorum,
774 4776 1063 4846 industria,
1123 4781 1252 4852 quia
1296 4783 1380 4836 vir
1432 4785 1759 4840 venerabilis
1810 4785 2092 4844 Hilduinus

496 4869 673 4925 abbas
710 4878 769 4927 et
810 4873 955 4928 sacri
986 4874 1174 4945 palatii
1216 4892 1463 4933 summus
1512 4880 1823 4951 capellanus
1858 4882 2092 4938 innotuit

496 4964 777 5020 serenitati
807 4972 1026 5034 nostrm,
1066 4981 1136 5024 eo
1183 4971 1325 5041 quod
1348 4971 1694 5031 Hildebaldus
1740 4974 2090 5034 Matescensis

496 5049 753 5109 Ecclesia:
781 5056 1071 5127 episcopus
1100 5068 1157 5114 et
1199 5061 1287 5115 vir
1334 5062 1544 5119 illustcr
1592 5064 1857 5122 Warinus
1907 5081 2089 5124 comes

498 5144 564 5197 de
591 5146 912 5213 quibusdam
941 5152 1106 5206 rebus
1144 5167 1244 5222 pro
1287 5158 1560 5211 communi
1602 5160 1837 5216 utilitate
1865 5170 1920 5216 et
1942 5177 2089 5217 com-

495 5236 695 5306 pendio
721 5242 1199 5311 nuperrime'iuter
1223 5261 1282 5301 se
1302 5251 1781 5307 commutationem
1813 5251 2087 5309 fecissent.

500 5326 659 5381 Dedit
719 5328 881 5400 igitur
939 5336 1235 5404 praedictus
1286 5338 1634 5398 llildebaldus
1688 5344 1972 5415 episcopus
2022 5360 2090 5401 ex

497 5419 711 5476 ratione
735 5423 1073 5499 episcopatus
1097 5430 1183 5486 sui
1207 5430 1381 5487 eidem
1403 5432 1627 5489 Warino
1647 5437 1832 5491 comiti
1855 5446 1911 5491 et
1932 5439 2089 5493 uxori

496 5525 611 5568 sua:
633 5512 875 5583 Albana},
922 5520 990 5574 ad
1024 5534 1214 5579 eorum
1256 5526 1536 5597 proprium
1583 5530 1977 5600 perpetualiter
2019 5533 2089 5589 ad

497 5604 833 5678 habendum,
867 5610 922 5666 in
951 5614 1144 5671 eodem
1168 5633 1308 5690 pago
1334 5617 1669 5676 Matescense
1695 5621 1899 5690 villam,
1933 5622 2087 5693 cujus

496 5697 823 5755 vocabulum
864 5710 952 5758 est
994 5703 1292 5772 Anniacus,
1339 5724 1467 5765 cum
1514 5709 1744 5767 ecclesia
1792 5712 1848 5767 in
1897 5714 2087 5770 eadem

499 5789 652 5858 villa,
679 5800 883 5850 etcum
916 5798 1081 5865 casis,
1104 5797 1378 5866 domibus,
1417 5801 1683 5871 aediﬁciis,
1719 5802 1913 5872 vineis,
1942 5821 2089 5862 cam-

501 5880 610 5959 pis,
635 5885 830 5952 pratis,
873 5887 1046 5955 silvis,
1077 5888 1313 5960 pascuis,
1345 5892 1855 5963 aquis'aquarumve
1893 5897 2088 5955 decur-

2204 3389 2525 3446 vocabulum
2553 3398 2637 3446 est
2662 3390 2948 3460 Lituinias,
2975 3407 3103 3448 cum
3130 3395 3297 3461 casis,
3327 3394 3611 3466 domibus,
3642 3386 3812 3454 aedili-

2207 3481 2323 3545 ciis,
2356 3483 2579 3548 mensis,
2611 3483 2813 3550 vineis,
2846 3486 3084 3556 campis,
3115 3487 3320 3557 pratis,
3346 3473 3533 3553 silvis,
3562 3492 3809 3560 pascuis,

2206 3575 2363 3645 aquis
2391 3591 2723 3646 aquarumve
2748 3576 3104 3643 decursibus,
3148 3588 3205 3635 et
3228 3594 3355 3635 cum
3380 3583 3686 3653 mancipiis
3714 3585 3809 3639 ibi.

2205 3665 2327 3722 dem
2355 3669 2853 3735 commanentibus,
2890 3684 3014 3725 cum
3043 3672 3331 3742 agnatione
3356 3685 3587 3739 eorum,
3621 3677 3808 3731 omnia

2204 3764 2259 3811 et
2278 3770 2344 3812 ex
2365 3758 2633 3824 omnibus,
2658 3768 3136 3831 quantumcunque
3161 3774 3352 3817 eorum
3373 3764 3668 3833 proprium
3694 3780 3810 3821 esse

2204 3848 2559 3920 dignoscitur.
2588 3851 2742 3908 Unde
2760 3860 2817 3907 et
2834 3852 2970 3908 duas
2991 3856 3451 3912 commutationes
3469 3859 3597 3928 pari
3621 3868 3807 3915 tenore

2203 3943 2571 4013 conscriptas,
2618 3945 2981 4017 manibusque
3017 3948 3286 4003 bonorum
3315 3949 3611 4005 hominum
3640 3952 3808 4009 robo-

2204 4042 2352 4089 ratas
2383 4049 2442 4091 se
2468 4048 2580 4106 prae
2604 4036 2857 4094 manibus
2884 4038 3089 4094 habere
3116 4038 3397 4109 professus
3419 4051 3540 4108 est;
3576 4044 3680 4099 sed
3711 4059 3809 4115 pro

2203 4129 2412 4199 integra
2454 4126 2713 4184 firmitate
2753 4129 2910 4201 petiit
2950 4129 3260 4199 celsitudiui
3303 4142 3508 4190 nostra
3553 4145 3619 4190 ut
3664 4138 3808 4207 ipsas

2201 4219 2658 4278 commutationes
2677 4220 2854 4277 denuo
2874 4234 2974 4293 per
2990 4232 3195 4278 nostra:
3210 4226 3656 4283 mansuetudinis
3676 4244 3807 4299 pres

2200 4319 2415 4381 ceptum
2436 4310 2650 4381 plenius
2671 4310 2727 4366 in
2749 4309 2845 4366 Dei
2867 4310 3086 4367 nomine
3108 4312 3435 4370 conﬁrmare
3453 4315 3803 4374 deberemus.

2201 4402 2441 4472 Quorum
2471 4402 2718 4473 petitioni
2746 4403 3014 4476 denegare
3042 4404 3347 4473 noluimus;
3378 4406 3477 4463 sed
3501 4408 3661 4465 sicut
3688 4411 3803 4465 uni-

2203 4494 2403 4564 cuique
2434 4494 2675 4550 ﬁdelium
2703 4502 3015 4552 nostrorum
3045 4495 3190 4565 iuste
3218 4499 3555 4567 petentium,
3596 4501 3675 4562 ita
3709 4518 3805 4559 nos

2201 4589 2313 4646 illis
2341 4591 2697 4658 concessisse,
2741 4598 2905 4661 atque
2941 4592 2997 4646 in
3032 4592 3288 4648 omnibus
3310 4592 3682 4653 conﬁrmasse
3716 4613 3803 4653 co-

2202 4681 2464 4753 gnoscite.
2521 4679 2904 4753 Praecipientes
2953 4698 3086 4755 ergo
3126 4682 3382 4751 iubemus
3431 4694 3495 4740 ut
3531 4687 3802 4759 quidquid

2196 4788 2326 4845 pars
2345 4771 2493 4841 iuste
2519 4779 2576 4828 et
2603 4771 2998 4829 rationabiliter
3018 4772 3173 4828 alteri
3198 4774 3428 4830 contulit
3449 4777 3625 4848 parti,
3649 4778 3802 4832 dein—

2198 4878 2326 4934 ceps
2354 4878 2452 4932 per
2480 4864 2622 4918 hanc
2647 4871 2892 4918 nostram
2922 4865 3304 4919 auctoritatem
3326 4863 3454 4934 jure
3481 4865 3797 4925 ﬁrmissimo

2196 4962 2380 5009 teneat
2417 4961 2579 5024 atque
2618 4954 2926 5026 possideat;
2964 4955 3052 5011 vel
3078 4954 3341 5027 quidquid
3380 4958 3586 5014 exinde
3616 4959 3796 5017 facere

2194 5045 2282 5100 vel
2314 5044 2565 5115 judicare
2592 5045 2859 5111 voluerit,
2903 5046 3077 5101 libero
3110 5056 3167 5101 et
3194 5046 3449 5103 omnibus
3476 5049 3796 5120 perfruatur

2195 5143 2425 5200 arbitrio
2453 5142 2689 5200 faciendi
2719 5145 2982 5217 quidquid
3005 5146 3249 5217 elegerit.
3284 5147 3352 5202 Et
3376 5156 3439 5204 ut
3460 5150 3585 5205 hac
3612 5161 3794 5206 aucto-

2192 5235 2329 5292 ritas
2371 5234 2582 5293 ﬁrmior
2616 5236 2906 5305 habeatur,
2950 5245 3007 5294 et
3051 5252 3150 5309 per
3179 5237 3359 5301 futura
3389 5248 3638 5312 tempora
3672 5257 3789 5296 me-

2189 5326 2297 5385 lius
2321 5338 2697 5397 conservetur,
2739 5330 2806 5387 de
2841 5329 3045 5386 annulo
3084 5339 3275 5387 nostro
3300 5331 3496 5388 subura
3522 5330 3790 5402 iussimus

2188 5419 2440 5491 sigillari.

2188 5532 2195 5539 '
2262 5527 2552 5586 Durandus
2578 5528 2839 5587 diaconus
2860 5528 2929 5589 ad
2947 5532 3123 5589 vicem
3142 5531 3419 5607 Fridugisi
3444 5536 3781 5607 recognovit.

2260 5618 2396 5676 Data
2430 5635 2493 5676 ιιι
2527 5620 2709 5678 Nonas
2736 5620 2948 5691 lunias,
2979 5639 3142 5693 anno,
3170 5624 3392 5681 Christo
3425 5626 3682 5696 propitio,
3716 5622 3785 5678 12

2190 5708 2406 5783 imperii
2434 5711 2618 5767 domui
2648 5711 2905 5770 Ludovici
2933 5714 3163 5786 piissimi
3191 5714 3451 5787 Augusti,
3487 5714 3781 5770 indictione

2188 5800 2244 5861 3.
2298 5804 2492 5861 Actum
2533 5804 2859 5880 Aquisgrani
2897 5806 3100 5881 palatio
3135 5808 3289 5882 regio
3326 5807 3385 5866 in
3424 5806 3525 5865 Dei
3560 5808 3781 5874 llo-ile

2192 5895 2444 5958 feliciter.
2472 5896 2664 5955 Amen.
2905 5898 2910 5905 ‘

2379 6154 2423 6166 δ
