4048 6350
252 418 401 481 1149

896 529 1153 590 CXXVII.

249 640 506 693 ιυυογιαι
528 642 600 687 ΕΤ
630 639 888 684 ιοτωιιιι
917 641 1062 681 IIPP.
1088 639 1319 682 DONATIO
1352 640 1523 681 FACTA
1557 640 1839 682 BICBODONI

788 712 981 752 ABBATI
1011 712 1335 752 SENOXIENSI.

881 789 1056 862 (Anno
1087 788 1240 863 825.)

344 884 367 959 [
392 880 616 950 Mabiii.,
645 876 837 937 Annal.
862 878 1058 936 Bened.
1092 922 1107 948 ,
1132 889 1263 937 tom.
1313 878 1388 946 ll,
1420 892 1546 951 pag.
1576 874 1746 953 735.]

317 976 379 1033 In
405 976 625 1032 nomine
660 973 875 1030 Domini
918 971 1015 1030 Dei
1056 982 1112 1030 et
1155 973 1452 1030 Salvatoris
1492 974 1665 1029 nostri
1710 970 1837 1029 Jesu

247 1070 478 1137 Christi,
534 1069 838 1125 Ludovicus
884 1075 941 1123 et
986 1068 1300 1136 Lotharius,
1324 1067 1507 1123 divina
1548 1066 1838 1124 ordinante

244 1162 609 1233 providentia,
640 1163 996 1232 imperatores
1017 1159 1267 1234 Augusti.

326 1251 595 1308 Omnibus
623 1250 872 1308 ﬁdelibus
923 1252 1145 1318 nostris,
1170 1251 1529 1325 praesentibus
1549 1252 1755 1310 scilicet
1782 1258 1839 1309 et

245 1341 468 1408 futuris,
497 1351 683 1398 notum
712 1337 830 1398 fieri
862 1342 1127 1409 volumus,
1158 1343 1282 1413 quia
1310 1344 1677 1400 concessimus
1716 1340 1849 1401 cui?

244 1426 565 1494 dam/ﬁdeli
610 1444 798 1493 nostro
847 1432 1144 1492 Ricbodoni
1190 1434 1369 1490 abbati
1410 1436 1464 1491 in
1516 1436 1837 1493 beneficium

243 1529 494 1586 cellulam
521 1544 643 1601 quae
663 1537 748 1586 est
772 1536 1078 1585 constructa
1109 1528 1163 1584 in
1193 1526 1398 1583 honore
1421 1527 1634 1583 Domini
1666 1527 1835 1584 nostri

244 1621 378 1679 Jesu
409 1622 611 1680 Christi
638 1622 693 1678 in
716 1622 954 1692 Vosago,
988 1620 1044 1677 in
1072 1620 1190 1676 loco
1212 1622 1303 1693 qui
1323 1629 1551 1676 vocatur
1577 1618 1837 1676 Aiuwini-

244 1718 421 1783 Mons,
449 1728 612 1787 super
645 1715 866 1770 fluvium
891 1713 1102 1779 Prusia,
1128 1729 1288 1785 quam
1309 1713 1628 1783 jamdudum
1668 1725 1843 1769 avun-‘

242 1810 403 1868 cuius
431 1822 583 1875 suus,
635 1804 930 1863 Wicbodus
974 1807 1212 1870 nomine,
1258 1805 1535 1876 episcopio
1583 1804 1832 1871 Metensi,

1396 412 1788 474 DIPLOMATA
1826 414 2382 477 ECCLESIASTICA.

1866 534 1922 597 Α
1944 531 2025 589 dit
2046 547 2143 589 rex
2175 531 2324 606 [Leg.
2340 529 2454 607 res]
2474 546 2541 589 ex
2562 530 2830 590 beneﬁcio
2854 544 2975 602 suo,
3005 533 3214 593 scilicet
3251 534 3317 592 de
3362 538 3526 596 rebus

3383 421 3523 477 I130

1938 626 2208 697 praedictae
2255 627 2498 684 ecclesiae
2538 626 2713 684 sancti
2761 625 2983 695 Juliani,
3024 645 3244 687 mansos
3285 638 3522 699 centum,

1938 719 2080 775 unde
2101 734 2289 775 eorum
2309 720 2662 777 necessitates
2695 718 2943 777 fuicirent
2963 730 3018 777 et
3037 721 3527 782 substentationem

1936 812 2137 870 habere
2161 815 2479 885 potuissent,
2510 814 2764 872 videlicet
2780 815 3051 889 praedictis
3067 816 3347 874 clericisin
3372 834 3524 875 com-

1937 918 2101 960 mune
2128 905 2427 977 sexaginta,
2453 915 2509 962 et
2537 905 2742 973 abbati,
2791 923 2950 978 quem
2994 907 3097 979 ipsi
3135 910 3340 978 pariter
3366 926 3530 981 super

1937 994 1997 1054 se
2019 998 2319 1071 elegerunt,
2346 1014 2564 1055 mansos
2599 1000 2980 1072 quadraginta,
3027 1001 3282 1072 precibus
3331 1005 3530 1075 quibus

1935 1089 2106 1145 valuit
2152 1089 2293 1147 idem
2330 1090 2679 1161 Beringarius
2713 1091 2885 1148 ﬁdelis
2931 1108 3113 1149 comes
3153 1098 3397 1149 nostram
3435 1111 3530 1151 ex-

1937 1179 2112 1237 oravit
2140 1181 2481 1237 clementiam
2500 1191 2560 1238 ut
2581 1199 2679 1254 per
2698 1193 2947 1239 nostrum
2972 1184 3309 1241 auctoritatis
3326 1200 3530 1257 praece-

1935 1280 2089 1344 ptum
2104 1272 2557 1331 constitueremus
2574 1276 2807 1348 qualiter
2825 1276 3083 1348 praedicta
3106 1286 3322 1334 centum
3339 1296 3530 1337 mansa

1937 1364 2113 1420 nullus
2141 1366 2335 1423 exinde
2366 1367 2679 1424 abstrahere
2711 1379 3085 1441 praesumeret,
3112 1380 3165 1427 et
3191 1382 3253 1429 ut
3281 1374 3533 1431 abbatem

1938 1470 2099 1526 super
2127 1472 2184 1512 se
2217 1458 2461 1514 canonici
2488 1458 2542 1515 in
2581 1460 2853 1531 praedictis
2889 1460 3023 1520 locis
3059 1464 3339 1521 constituti
3387 1467 3531 1523 inter

1936 1546 2253 1620 seeiigendi
2297 1548 2574 1605 licentiam
2614 1550 2900 1619 haberent,
2950 1561 3006 1609 et
3060 1555 3175 1627 ipse
3225 1555 3390 1612 abbas
3442 1555 3529 1614 vel

1936 1641 2285 1713 congregatio
2310 1640 2427 1710 ejus
2458 1642 2557 1698 sub
2583 1642 2782 1701 nullius
2820 1642 3026 1702 ditione
3075 1646 3309 1704 fuissent
3333 1656 3388 1703 et
3426 1665 3525 1706 ne-

1937 1735 2069 1791 mini
2105 1735 2326 1792 cuilibet
2356 1738 2676 1809 obsequium
2719 1754 2818 1810 pro
2867 1743 3138 1811 praedictis
3171 1743 3333 1801 rebus
3366 1742 3527 1801 fecis-

1936 1835 2080 1893 sent,
2111 1827 2215 1883 nisi
2244 1835 2456 1884 tantum
2485 1829 2551 1885 ad
2583 1838 2793 1901 partem
2821 1833 2965 1904 regis
3013 1835 3292 1889 annuatim
3336 1832 3521 1890 cabal-

240 1900 390 1973 (ιιιοά
420 1907 504 1955 θεῖ
540 1898 594 1953 in
635 1898 842 1953 δοηοτθ
893 1892 1066 1951 sane“
1113 1895 1373 2005 §mphani
1420 1894 1833 2005 ΡτοξῨΤθξξΥτίδ
1860 1902 1909 1963 Β
1936 1927 2048 1983 lum
2070 1892 2250 1985 unum
2273 1944 2395 1984 cum
2423 1892 2652 1987 scuto-et
2673 1929 2859 1988 lancea
2883 1892 3322 2005 prasentassent,
3354 1943 3410 1990 ct
3443 1937 3526 1992 iu-

240 1996 639 2055 constructum,
655 2003 751 2058 per
772 1995 1071 2045 strumcnta
1091 1988 1400 2043 chartarum
1430 1984 1667 2043 tradidit.
1683 1986 1835 2043 Hanc

243 2082 432 2153 itaque
457 2079 702 2135 cellulam
727 2093 849 2134 cum
876 2078 1126 2133 omnibus
1148 2075 1295 2148 juste
1319 2079 1387 2135 ad
1406 2094 1466 2135 se
1508 2079 1832 2150 pertinenti-

240 2172 368 2236 bus,
416 2178 584 2226 totum
628 2175 683 2223 et
732 2164 801 2223 ad
842 2168 1115 2239 integrum
1158 2167 1418 2239 praedicto
1462 2166 1604 2224 ﬁdeli
1652 2177 1836 2225 nostro

241 2260 546 2321 Ricbodoni
590 2261 773 2318 abbati
818 2262 875 2317 in
927 2258 1251 2317 beneﬁcium
1300 2275 1398 2333 per
1449 2262 1592 2317 hanc
1635 2272 1836 2319 nostrce

238 2355 585 2413 auctoritatis
611 2352 953 2425 largitionem
971 2352 1340 2417 concedimus,
1364 2365 1428 2409 eo
1450 2352 1657 2410 scilicet
1678 2354 1838 2409 modo

238 2457 302 2504 ut
331 2447 582 2502 omnibus
624 2443 813 2500 diebus
852 2445 979 2499 vitae
1026 2458 1137 2499 sum
1186 2444 1390 2516 absque
1436 2444 1597 2502 ullius
1639 2445 1836 2516 injusta

236 2535 676 2594 contradictione
706 2534 854 2589 illam
888 2535 1071 2605 quieto
1099 2533 1289 2591 ordine
1332 2543 1512 2591 teneat
1535 2545 1696 2609 atque
1720 2528 1841 2610 pos;

236 2628 447 2695 sideat;
477 2635 601 2699 post
627 2627 835 2683 obitum
867 2642 996 2682 vero
1018 2628 1155 2699 ejus,
1186 2642 1310 2683 cum
1358 2629 1608 2684 omnibus
1658 2630 1726 2686 ad
1778 2644 1838 2687 se

238 2719 662 2794 pertinentibus,
694 2719 762 2773 ad
783 2719 874 2791 jus
900 2719 1217 2775 monasterii
1255 2717 1555 2787 Senonicae,
1602 2722 1746 2791 quod
1784 2730 1839 2778 et

236 2813 313 2871 ad
375 2812 695 2884 praedictum
772 2813 1104 2884 episcopium
1170 2812 1409 2870 Metense
1464 2816 1718 2887 pertinet,
1769 2816 1839 2874 ad

238 2905 515 2977 integrum
543 2904 718 2962 modis
752 2906 1002 2961 omnibus
1027 2914 1352 2962 revertatur.
1382 2906 1449 2962 Et
1478 2916 1537 2964 ut
1567 2908 1683 2964 hzec
1734 2898 1837 2965 ηοὲ

237 3000 372 3055 atrae
416 2999 756 3054 auctoritatis
799 2997 1014 3071 largitio
1058 2996 1267 3055 ﬁrmior
1306 3001 1595 3070 habeatur,
1636 3012 1692 3059 et
1740 3019 1841 3075 per

237 3090 427 3148 futura
454 3101 694 3163 tempora
722 3082 915 3148 melius
950 3092 1205 3147 credatur
1245 3099 1299 3147 et
1350 3093 1662 3166 diligentius
1703 3112 1837 3153 con-

238 3193 514 3252 servetur,
545 3185 795 3241 manibus
829 3184 1065 3255 propriis
1110 3185 1294 3239 subter
1339 3201 1460 3241 eam
1503 3188 1836 3247 ﬁrmavimus

239 3276 299 3333 et
324 3274 505 3330 annuli
533 3276 705 3330 nostri
732 3274 1089 3345 impressione
1116 3276 1315 3347 signari
1339 3278 1618 3349 jussimus.

266 3366 275 3377 ”
316 3362 545 3437 Signum
571 3363 829 3419 Ludovici
858 3364 1190 3420 serenissimi
1218 3366 1581 3436 imperatoris.

315 3452 543 3529 Signum
569 3455 810 3511 Lotharii
839 3455 1214 3527 gioriosissimi
1236 3458 1483 3530 Augusti.
1520 3470 1533 3491 ν

312 3548 696 3604 Hirminmaris
722 3549 967 3604 notarius
984 3549 1052 3605 ad
1068 3549 1237 3606 vicem
1255 3548 1527 3624 Fridugisi
1546 3555 1839 3627 recognovi

242 3640 299 3700 et
322 3640 641 3711 subscripsi.

312 3732 453 3790 Data
473 3748 543 3788 xv
571 3731 688 3789 Kal.
710 3728 973 3798 Januarii,
1003 3746 1166 3798 anno,
1196 3731 1413 3790 Christo
1433 3737 1781 3808 prapitio,12
1809 3752 1836 3782 ιι

243 3818 461 3900 imperii
522 3828 703 3884 domni
782 3825 1039 3884 Ludovici
1107 3834 1164 3882 et
1222 3828 1402 3884 domni
1465 3830 1708 3888 Lotharii
1769 3834 1834 3903 4,

246 3922 437 3979 indict.
460 3921 516 3977 4.
552 3921 747 3978 Actum
775 3918 1103 3995 Aquisgrani
1133 3922 1333 3994 palatio
1365 3925 1513 3996 regio
1540 3927 1595 3981 in
1618 3924 1714 3981 Dei
1736 3942 1834 3982 no-

244 4017 395 4074 mine
422 4014 671 4074 feliciter.

272 4136 275 4137 .
952 4090 1229 4149 CXXVIII.
1288 4112 1299 4123 δ

353 4196 603 4239 ιυυονιοι
624 4197 959 4241 Ρηιεεῑντυυ
983 4201 1085 4242 PRO
1109 4202 1364 4243 ECCLESIA
1392 4201 1729 4246 BRIVATENSI.

892 4273 1065 4349 (Anno
1103 4276 1253 4351 825.)

409 4367 649 4441 [Baluz.,
682 4366 943 4440 Capitul.,
968 4379 1099 4427 tom.
1135 4370 1202 4439 Il,
1232 4387 1355 4444 pag.
1381 4372 1579 4445 1426.]

317 4456 378 4513 In
397 4460 620 4514 nomine
643 4459 855 4515 Domini
886 4469 941 4517 et
962 4460 1260 4519 Salvatoris
1288 4466 1457 4520 nostri
1471 4463 1600 4521 Jesu
1615 4463 1836 4537 Christi,

244 4551 575 4631 LudOvicus,
605 4554 787 4611 divina
809 4555 1094 4612 ordinante
1127 4557 1489 4628 providentia,
1542 4558 1840 4631 imperator

244 4630 546 4715 Augustus.

319 4734 519 4791 Notum
546 4750 668 4793 esse
696 4737 945 4793 volumus
970 4738 1181 4793 cunctis
1212 4736 1458 4794 fidelibus
1500 4746 1699 4795 sancta:
1739 4741 1837 4796 Dei

247 4824 510 4886 Ecclesia:
534 4839 588 4884 et
606 4830 810 4885 nostris
834 4845 929 4885 seu
960 4830 1146 4895 etiam,
1172 4829 1282 4883 Deo
1315 4829 1682 4901 dispensante,
1720 4846 1840 4889 suc-

246 4924 578 4991 cessnribus,
597 4923 722 4993 quia
767 4933 1056 4995 postquam
1101 4924 1418 4981 comitatum
1467 4923 1839 4983 Brivatensem

250 5013 399 5070 ﬁdeli
427 5022 614 5070 nostro
639 5014 963 5086 Berengario
990 5015 1188 5070 illustri
1210 5014 1396 5070 comiti
1442 5017 1834 5086 concessimus,

250 5102 343 5160 ille
370 5103 584 5174 ingenio
609 5118 717 5173 quo
737 5104 906 5159 valuit
934 5107 1220 5174 quamdam
1242 5106 1550 5175 ecclesiam,
1575 5108 1667 5164 ubi
1711 5126 1836 5166 san-

251 5203 375 5252 ctus
417 5191 664 5249 Julianus
717 5202 925 5265 martyr
967 5210 1196 5267 corpore
1238 5197 1549 5266 requiescit,
1594 5215 1713 5269 qua:
1754 5208 1840 5255 est

251 5292 569 5343 constructa
614 5284 672 5340 in
698 5286 819 5340 vico
869 5283 1192 5352 Brivatensi,
1243 5304 1352 5343 non
1385 5290 1572 5359 procul
1600 5307 1631 5346 a
1657 5300 1845 5349 castro

253 5376 586 5443 Victoriaco,
612 5390 733 5448 qua:
754 5390 785 5430 a
811 5374 1103 5432 Saracenis
1137 5377 1411 5434 destructa
1440 5387 1495 5435 et
1523 5380 1645 5452 igne
1691 5395 1843 5436 com-

251 5471 416 5527 busta
469 5475 602 5534 erat,
654 5467 722 5525 ad
741 5468 1027 5539 pristinum
1073 5475 1273 5524 statum
1308 5470 1544 5540 reduxit,
1573 5471 1703 5528 etin
1750 5488 1842 5529 ea-

254 5561 380 5618 dem
409 5560 640 5617 ecclesia
681 5561 963 5618 constituit
992 5562 1210 5634 triginta
1248 5569 1482 5633 quatuor
1529 5566 1840 5634 canonicos,

252 5653 391 5710 etin
441 5660 621 5709 castro
681 5652 934 5724 praedicto
983 5654 1310 5719 Victoriaco,
1372 5670 1535 5725 quam
1594 5657 1846 5713 similiter

257 5742 631 5810 reaediﬁcavit,
676 5743 884 5815 viginti,
929 5752 991 5799 ut
1022 5745 1176 5815 juxta
1228 5746 1546 5804 canonicum
1594 5748 1841 5804 ordinem

257 5835 492 5904 Domino
516 5835 809 5891 militarent
833 5844 889 5889 et
914 5835 1175 5892 canonice
1200 5836 1464 5906 viverent,
1498 5838 1694 5911 quibus
1740 5839 1838 5895 de-

336 5942 362 5979 ιι
391 5929 481 5986 Sic
511 5930 755 5987 authent.
787 5943 803 5995 ;
835 5924 973 5983 forte
1001 5926 1107 6001 leg.
1144 5927 1228 5985 i5.
1520 5930 1525 5940 '
1786 5922 1793 5925 ’

1934 2020 2277 2092 postmodum
2305 2022 2374 2079 ab
2408 2022 2555 2079 omni
2592 2025 2875 2082 exactione
2911 2026 2997 2082 vel
3037 2027 3384 2107 defunctione
3426 2045 3526 2101 pu-

1935 2115 2075 2171 blica
2098 2125 2189 2172 aut
2210 2116 2422 2187 privata
2452 2116 2718 2175 immunes
2740 2127 2797 2174 et
2822 2116 2979 2175 liberi
3001 2130 3204 2176 essent.
3229 2120 3396 2191 Cujus
3435 2123 3527 2179 de-

1936 2207 2255 2284 precationi,
2284 2208 2410 2280 quia
2428 2207 2573 2277 justa
2602 2218 2659 2265 et
2687 2210 3024 2267 rationabilis
3070 2213 3226 2269 nobis
3262 2214 3377 2270 visa
3422 2222 3528 2283 est,

1937 2318 2124 2358 aurem
2141 2304 2551 2360 accommodare
2564 2305 2782 2377 placuit,
2802 2308 2971 2364 ethos
2985 2319 3199 2367 nostros
3215 2310 3533 2381 imperiosos

1941 2391 2089 2465 [Leg.
2113 2393 2442 2468 imperiales]
2468 2397 2649 2467 apices
2694 2397 2831 2464 fieri,
2868 2415 2968 2470 per
3005 2417 3144 2473 quos
3185 2403 3532 2461 decernimus

1937 2485 2367 2555 atquejubemus
2406 2496 2467 2543 ut
2501 2489 2955 2559 quemadmodum
2997 2493 3288 2563 praedictus
3333 2495 3532 2554 Berin-

1937 2575 2120 2646 garius
2145 2575 2210 2631 de
2234 2578 2618 2650 suprascriptis
2648 2580 2781 2636 locis
2826 2590 2882 2639 et
2911 2583 3107 2640 abbate
3153 2595 3317 2656 atque
3368 2603 3534 2645 cano—

1938 2665 2077 2722 nicis
2120 2667 2205 2722 vel
2249 2668 2412 2725 rebus
2457 2669 2659 2726 ibidem
2701 2669 2991 2740 concessit,
3040 2676 3323 2731 constituit
3369 2686 3534 2748 atque

1937 2759 2340 2828 pmordinavit,
2367 2769 2423 2817 et
2447 2776 2480 2818 a
2513 2763 2675 2821 nobis
2714 2764 3030 2821 conﬁrmari
3077 2766 3391 2837 postulavit,
3449 2768 3534 2824 vel

1938 2852 2391 2921 quemadmodum
2416 2856 2666 2926 superius
2689 2857 2894 2914 dictum
2920 2866 3026 2926 est,
3050 2860 3125 2915 ita
3148 2858 3406 2932 deinceps
3435 2875 3536 2917 no-

1940 2944 2070 3001 stris
2122 2945 2426 3018 futurisque
2495 2951 2849 3023 temporibus,
2922 2953 3152 3009 Domino
3216 2954 3532 3023 auxiliante,

1942 3033 2107 3091 ﬁxum
2138 3048 2301 3111 atque
2355 3041 2549 3098 stabile
2600 3052 2936 3113 permaneat.
2979 3043 3085 3101 Sed
3118 3054 3173 3101 et
3218 3047 3324 3103 hoc
3378 3047 3534 3104 nobis

1939 3124 2185 3184 inserere
2206 3130 2429 3201 placuit,
2460 3140 2520 3187 ut
2543 3133 2801 3206 quidquid
2823 3134 3022 3191 abhinc
3048 3134 3289 3191 futurum
3326 3136 3379 3191 in
3403 3152 3531 3207 prae-

1864 3264 1911 3335 Ο
1942 3217 2101 3275 dictis
2136 3220 2269 3277 locis
2296 3224 2477 3279 divina
2530 3225 2704 3296 pietas
2753 3242 2851 3296 per
2888 3243 2987 3284 nos
3044 3236 3139 3283 aut
3192 3243 3535 3287 successores

1944 3319 2160 3335 Mm“
2191 3313 2394 3335 ηιμ-
2648 3326 2688 3335 ,.
2870 3334 2879 3335 ,
2997 3328 3008 3335 .
3058 3320 3100 3335 τε
3283 3321 3316 3335 -.
3454 3329 3466 3335 -
3528 3320 3533 3321 κ

1942 3319 2163 3368 nostros
2191 3313 2274 3368 vel
2299 3329 2395 3384 per
2422 3316 2693 3385 quoslibet
2718 3318 2921 3374 liberos
2959 3328 3015 3374 et
3058 3320 3228 3375 Deum
3281 3320 3534 3391 timentes

1939 3401 2188 3460 homines
2206 3405 2458 3477 largitum
2485 3417 2647 3480 atque
2666 3426 2984 3468 concessum
3011 3412 3196 3481 fuerit,
3216 3414 3316 3470 sub
3341 3415 3535 3472 eadem

1938 3494 2268 3562 conditione,
2301 3499 2441 3553 sicut
2485 3502 2735 3572 superius
2774 3504 2977 3561 dictum
3008 3513 3114 3573 est,
3141 3506 3423 3563 consistat.
3468 3500 3535 3566 Et

1937 3591 1999 3639 ut
2040 3585 2180 3642 hanc
2235 3598 2434 3647 nostra:
2483 3596 2828 3652 auctoritatis
2888 3600 3311 3670 praeceptionem
3369 3609 3534 3673 atque

1939 3677 2402 3736 confirmationem
2442 3680 2588 3755 [Leg.
2619 3685 2734 3740 haec
2762 3695 2963 3743 nostra:
3017 3689 3355 3745 auctoritatis
3393 3706 3533 3760 prae-

1939 3768 2118 3837 ceptio
2151 3779 2313 3840 atque
2326 3775 2699 3848 conﬁrmatio]
2715 3792 2814 3846 per
2836 3778 3018 3833 futura
3043 3788 3284 3850 tempora
3308 3781 3532 3837 inviola-

1939 3856 2102 3913 bilem
2126 3868 2289 3930 atque
2316 3862 2689 3920 inconvulsam
2738 3866 2981 3923 obtineat
3033 3868 3368 3939 ﬁrmitatem,
3430 3887 3531 3929 an-

1940 3947 2069 4004 nulo
2089 3960 2276 4007 nostro
2301 3956 2487 4011 subter
2510 3955 2772 4025 jussimus
2802 3960 3048 4031 sigillari.

2010 4045 2147 4103 Data
2198 4050 2372 4105 cessio
2415 4050 2582 4108 istan
2612 4053 2794 4111 Nonas
2834 4054 3005 4123 Junii,
3054 4072 3199 4115 anno
3224 4058 3292 4115 12
3315 4057 3532 4132 imperii

1940 4132 2200 4198 Ludovici
2225 4143 2559 4201 serenissimi
2580 4145 2830 4218 Augusti,
2858 4147 3152 4208 indictione
3179 4151 3235 4210 ὅ.

2615 4256 2853 4315 CXXIX.
2950 4264 2968 4281 '

2245 4383 2350 4426 eno
2385 4382 2724 4426 uomsrzaro
2771 4384 3012 4428 conexu
3051 4367 3257 4431 novz.’

2548 4459 2567 4529 (
2583 4462 2729 4514 Anno
2755 4461 2919 4535 825.)

2083 4549 2261 4624 [Apud
2291 4547 2568 4617 Schaten.,
2597 4552 2827 4610 Annales
2849 4555 3106 4623 Paderb.,
3114 4575 3246 4635 pag.
3270 4558 3388 4637 85.]

1862 4645 1918 4705 D
2013 4642 2070 4697 In
2113 4641 2332 4698 nomine
2361 4642 2576 4697 Domini
2624 4644 2719 4699 Dei
2750 4654 2806 4699 et
2854 4644 3154 4705 Salvatoris
3181 4653 3358 4707 nostri
3396 4650 3529 4712 Iesu

1942 4735 2166 4802 Christi,
2225 4736 2531 4792 Ludovicus
2556 4744 2611 4791 et
2664 4737 2983 4807 Lotharius,
3029 4742 3207 4799 divina
3243 4745 3531 4806 ordinante

1944 4829 2300 4901 providentia,
2328 4831 2682 4902 imperatores
2708 4831 2958 4903 Augusti.
3143 4890 3157 4899 ,

2016 4922 2279 4980 Omnibus
2302 4922 2549 4979 fidelibus
2572 4931 2773 4980 sanctae
2805 4925 2900 4982 Dei
2932 4926 3193 4986 Ecclesiae
3216 4940 3271 4987 et
3300 4934 3525 5005 nostris,

1944 5014 2301 5086 praesentibus
2327 5013 2537 5070 scilicet
2572 5023 2627 5069 et
2658 5014 2877 5083 futuris,
2922 5027 3113 5075 notum
3154 5023 3227 5077 sit
3254 5025 3380 5095 quia
3427 5042 3529 5085 nos

1945 5120 2046 5178 pro
2085 5107 2250 5162 divini
2286 5107 2462 5163 cultus
2506 5122 2691 5164 amore
2715 5116 2769 5165 et
2807 5113 3002 5170 anima:
3038 5125 3239 5172 nostrae
3286 5121 3528 5178 remedio

1937 5198 2209 5271 quoddam
2252 5199 2659 5268 monasterium,
2708 5201 2851 5273 quod
2894 5202 3121 5262 Corbeia
3167 5219 3410 5277 vocatur,
3463 5212 3524 5269 in

1938 5293 2199 5349 honorem
2237 5292 2383 5348 beati
2427 5292 2686 5364 Stephani
2727 5301 3145 5373 protomartyris
3176 5302 3312 5361 infra
3350 5304 3523 5364 Saxo—

1942 5385 2089 5442 niam
2131 5401 2296 5457 supra
2347 5383 2568 5441 fluvium
2615 5387 2851 5456 Wiscra,
2899 5390 2953 5445 in
3005 5392 3122 5450 loco
3175 5397 3269 5467 qui
3318 5399 3518 5456 dicitur

1944 5476 2169 5544 Huxeri,
2214 5478 2455 5533 construi
2493 5476 2775 5547 jussimus,
2806 5481 2952 5554 quod
2994 5491 3051 5539 et
3068 5487 3187 5543 viro
3216 5491 3515 5548 venerabili

1946 5569 2257 5626 Adaihardo
2306 5572 2731 5629 construendum
2786 5576 3187 5649 regendumque
3241 5582 3522 5637 commisi-

1946 5678 2086 5729 mus,
2114 5663 2207 5734 qui
2236 5671 2358 5719 erat
2382 5664 2547 5721 abbas
2579 5665 2634 5721 in
2664 5666 2833 5723 altero
2872 5669 3163 5742 antiquiori
3193 5673 3525 5733 monasterio

1944 5754 2089 5828 quod
2113 5771 2266 5827 aeque
2289 5754 2520 5813 Corbeia
2551 5765 2797 5827 vocatur,
2823 5775 2855 5815 a
2877 5777 2984 5832 quo
3005 5771 3061 5819 et
3104 5779 3303 5821 novum
3330 5780 3524 5838 supra-

1946 5848 2152 5931 dictum
2181 5850 2571 5926 monasterium
2616 5867 2814 5911 nomen
2843 5862 3058 5928 constat
3096 5869 3215 5913 esse
3241 5857 3517 5916 sortitum.
