4048 6350
529 358 663 422 “Si

1660 340 1983 404 LUDOVlCl
2017 340 2040 399 1
2077 335 2547 401 COGNOMENTO
2579 336 2666 397 Pii

3646 331 3799 393 ηεξ

529 478 714 546 Itaque
744 484 843 527 nos
872 466 1054 525 divina
1097 462 1452 537 inspiratione
1476 460 1811 532 compuncti,
1854 465 1909 514 et
1944 456 2109 513 ccelc—
2133 459 2184 522 Α
2211 454 2421 510 tbarius
2458 452 2732 546 Augustus
2784 443 3130 506 invictissimi
3185 442 3394 504 domini
3440 442 3803 519 imperatoris

530 570 630 626 stis
656 565 849 638 patriae
874 576 1060 617 amore
1089 556 1359 623 succensi,
1389 556 1459 612 ob
1499 556 1692 610 animae
1729 561 1927 609 nostrae
1967 552 2109 607 salu-

530 670 659 723 tem,
690 656 1058 715 concessimus
1081 652 1258 709 eidem
1286 648 1617 705 monasterio
1642 646 1907 718 capellam
1944 661 2110 717 quam

531 754 733 811 dudum
769 750 1022 806 dominus
1066 762 1131 803 ac
1157 744 1370 819 genitor
1414 749 1601 798 noster
1627 740 1850 797 Carolus
1878 740 2111 810 impera-

532 856 619 906 tor
643 847 698 901 in
720 844 945 903 castello
975 842 1118 913 quod
1138 840 1337 897 dicitur
1359 837 1667 907 lieresburg
1706 834 1948 890 construi
1988 831 2109 903 jus-

533 942 624 1008 sit,
670 955 795 995 cum
846 937 1099 994 omnibus
1144 933 1308 989 rebus
1333 939 1390 988 et
1431 929 1718 1001 mancipiis
1765 944 1829 984 ac
1886 926 2111 983 decimis

532 1031 601 1085 ad
628 1044 749 1085 eam
789 1025 1204 1099 pertinentibus,
1235 1030 1713 1093 quantumcunque
1757 1018 2005 1075 dominus
2048 1032 2113 1072 ac

534 1121 751 1194 genitor
796 1126 983 1173 noster
1022 1116 1200 1171 eidem
1240 1113 1460 1183 capella:
1492 1112 1582 1183 pia
1608 1110 1894 1165 devotione
1929 1116 2115 1164 contu—

531 1213 664 1269 lisse
689 1210 1043 1283 dignoscitur,
1076 1221 1201 1264 cum
1225 1205 1373 1262 omni
1423 1202 1736 1275 integritate
1781 1201 1886 1265 sui,
1916 1200 2115 1272 praedi-

534 1312 626 1359 cto
656 1300 987 1357 monasterio
1014 1297 1080 1352 ad
1104 1295 1345 1353 subsidia
1367 1293 1757 1349 monachorum
1784 1291 1982 1347 ibidem
2001 1289 2113 1346 Deo

534 1369 937 1456 famulantium,
965 1403 1066 1460 per
1093 1389 1234 1443 hanc
1262 1392 1463 1441 nostra:
1504 1381 1841 1439 auctoritatis
1869 1379 2115 1435 donatio-

534 1468 660 1555 nem
691 1502 721 1541 a
748 1486 836 1541 die
861 1482 1117 1555 praesenti
1145 1488 1409 1552 perpetuo
1449 1475 1755 1533 habendum
1804 1482 1963 1543 atque
1990 1487 2114 1543 pos-

538 1550 820 1634 sidendum
836 1550 1230 1638 concessimus,
1247 1550 1313 1626 iet
1337 1569 1392 1624 in
1416 1567 1673 1626 ditionem
1698 1563 1815 1636 eius
1837 1564 2115 1620 transtuli-

534 1683 678 1733 mus,
705 1681 771 1722 eo
789 1663 1044 1720 videlicet
1064 1662 1248 1728 modo,
1274 1667 1336 1715 ut
1353 1657 1615 1731 quidquid
1641 1656 1710 1711 ab
1734 1654 1998 1711 hodierna
2025 1652 2116 1709 die

533 1762 600 1817 de
632 1758 891 1830 praedicta
928 1755 1154 1828 capella,
1190 1752 1277 1809 vel
1305 1752 1372 1808 de
1418 1749 1505 1806 his
1532 1763 1652 1820 quae
1688 1748 1757 1803 ad
1790 1762 1912 1803 eam
1948 1747 2118 1819 perti-

2207 547 2468 603 Ludovici
2490 545 2651 601 ﬁlius.

2278 639 2507 695 Constat
2531 637 2677 693 enim
2701 635 2837 692 nulli
2861 633 3172 692 mortalium
3191 633 3430 706 propriis
3455 632 3677 689 meritis
3702 631 3806 687 ali-

2208 731 2338 803 quid
2361 730 2488 787 boni
2515 730 2571 786 in
2608 729 2714 785 hac
2736 728 2950 784 miserae
2976 726 3328 783 mortalitatis
3353 724 3807 798 peregrinatione

2209 822 2468 893 consequi
2522 835 2714 892 posse;
2762 820 2860 875 sed
2907 835 3034 875 cum
3078 819 3286 891 liquido
3346 818 3559 874 cunctis
3617 822 3809 888 pateat

2209 913 2391 970 omnia
2414 928 2597 969 rerum
2623 911 3005 982 temporalium
3048 926 3081 965 a
3110 910 3225 967 Deo
3257 911 3401 967 bona
3426 909 3606 981 gratis
3645 908 3809 965 nobis

2210 1020 2333 1061 esse
2378 1006 2600 1071 donata,
2645 1004 2869 1076 dignum
2916 1010 3001 1060 est
3045 1012 3108 1060 ut
3151 1002 3231 1060 ita
3263 1004 3351 1076 pie
3389 1003 3810 1074 prudenterque

2211 1106 2516 1155 tractentur
2554 1107 2719 1168 atque
2759 1097 3137 1167 disponantur,
3173 1104 3236 1151 ut
3268 1111 3366 1166 per
3398 1109 3464 1150 ea
3501 1109 3809 1165 perennem

2211 1193 2405 1249 animae
2451 1200 2654 1247 nostra!
2682 1190 2913 1246 salutem
2938 1190 3218 1246 valeamus
3249 1189 3361 1245 Deo
3384 1188 3635 1261 propitio
3674 1202 3813 1242 nan-

2212 1284 2366 1341 cisci.
2399 1284 2565 1356 igitur
2607 1285 2907 1355 comperiat
2946 1292 3266 1340 cunctorum
3312 1281 3557 1338 ﬁdelium
3600 1288 3812 1336 sancte

2212 1377 2309 1434 Dei
2334 1378 2611 1444 Ecclesize,
2636 1394 2733 1435 seu
2749 1386 3062 1435 nostrorum
3085 1377 3401 1444 strenuitas,
3424 1376 3556 1448 quia
3579 1375 3719 1431 dum
3741 1374 3813 1429 ad

2213 1470 2417 1527 domini
2444 1479 2501 1526 et
2539 1472 2801 1543 genitoris
2839 1472 3012 1529 nostri
3048 1472 3306 1529 Ludovici
3333 1470 3686 1528 serenissimi
3729 1478 3813 1525 at-

2213 1579 2320 1635 que
2360 1563 2754 1637 religiosissimi
2792 1565 3022 1639 Augusti
3071 1573 3487 1623 sacrosanctum
3530 1571 3727 1619 votum
3757 1563 3831 1619 in-

2216 1655 2592 1714 Montecinisio
2612 1659 2884 1730 quoddam
2912 1671 2939 1701 ι
2970 1658 3242 1731 hospitale
3266 1658 3323 1715 in
3354 1659 3567 1715 honore
3589 1655 3816 1711 Domini

2216 1745 2315 1802 Dei
2343 1762 2408 1803 ac
2432 1746 2730 1806 Salvatoris
2759 1750 2931 1806 nostri
2962 1748 3092 1807 Jesu
3117 1749 3345 1817 Christi,
3374 1766 3474 1807 seu
3509 1758 3567 1807 et
3611 1748 3819 1806 beatis-

533 1816 689 1919 nen-t,
716 1858 957 1909 rectores
983 1816 1039 1905 et
1068 1846 1301 1903 ministri
1330 1859 1491 1914 supra
1526 1841 1812 1898 memorati
1840 1847 2114 1896 monaste-
2141 1816 2195 1878 Β
2218 1837 2370 1895 sima:
2393 1852 2609 1912 semper
2629 1841 2855 1912 virginis
2881 1840 3067 1898 Mariae
3090 1841 3158 1898 ad
3190 1842 3617 1913 peregrinorum
3666 1856 3822 1896 rece-

534 1945 604 2000 rii
645 1943 933 2014 disponere
967 1949 1131 2011 atque
1166 1939 1419 1995 ordinare
1472 1950 1572 2006 pro
1598 1933 1833 1989 utilitate
1873 1930 2114 2001 ejusdem

533 2032 853 2091 monasterii
890 2033 977 2088 vel
1020 2031 1254 2087 fratrum
1300 2028 1356 2084 in
1393 2043 1459 2085 eo
1490 2025 1797 2098 degentium
1825 2024 2110 2091 voluerint,

538 2127 745 2196 absque
770 2125 934 2181 ullius
954 2124 1157 2195 iniusta
1199 2118 1628 2178 contradictione
1670 2117 1924 2173 ordinent
1955 2124 2118 2188 atque

536 2217 848 2287 disponant,
886 2224 944 2271 et
991 2213 1196 2270 faciant
1218 2211 1479 2283 quidquid
1524 2209 1849 2265 utilitatibus
1872 2209 2118 2279 praedicti

534 2308 851 2364 monasterii
874 2321 1177 2378 congruere
1201 2312 1257 2361 et
1295 2302 1586 2360 convenire
1614 2302 2013 2374 perspexerint.
2047 2304 2117 2360 Et

434 2426 437 2427 ν
537 2406 598 2454 ut
619 2399 737 2455 haec
765 2398 1062 2455 auctoritas
1089 2396 1392 2469 largitionis
1421 2405 1621 2451 nostrae
1655 2409 1756 2465 per
1775 2392 1957 2449 futura
1988 2402 2121 2451 tem-

535 2507 671 2564 pora
698 2489 1060 2547 inviolabilem
1082 2498 1244 2560 atque
1273 2487 1644 2544 inconvulsam
1672 2485 1916 2541 obtineat
1948 2484 2122 2541 ﬁrmi—

535 2592 724 2648 tatem,
754 2591 810 2639 et
835 2597 867 2637 a
895 2580 1142 2638 ﬁdelibus
1167 2580 1393 2646 nostris,
1423 2587 1534 2635 tam
1571 2577 1931 2650 praesentibus
1953 2593 2119 2648 quam

536 2674 759 2742 futuris,
791 2690 886 2731 seu
914 2674 1079 2732 etiam
1111 2672 1520 2730 successoribus
1544 2672 1767 2737 nostris,
1796 2671 1978 2725 verius
2002 2686 2122 2726 cer-

535 2768 753 2839 tinsque
781 2768 1057 2833 credatur,
1100 2782 1221 2823 eam
1255 2765 1505 2820 manibus
1542 2763 1780 2834 propriis
1820 2764 2007 2819 subter
2042 2764 2121 2819 si-

536 2859 844 2930 gnavimus,
871 2867 930 2915 et
958 2857 1143 2914 annuli
1180 2857 1352 2912 nostri
1401 2854 1758 2925 impressione
1784 2855 1986 2927 signari
2008 2853 2122 2923 ius-

535 2949 724 3007 simus.

611 3041 838 3113 Signum
862 3040 1125 3097 Ludovici
1154 3039 1489 3096 serenissimi
1519 3038 1881 3111 imperatoris.

609 3137 834 3210 Signum
856 3136 1100 3193 Lotharii
1125 3134 1498 3208 gloriosissimi
1527 3132 1777 3205 Augusti.

2213 1930 2479 2001 ptionem,
2503 1945 2570 1987 eo
2586 1929 2836 2001 iubente,
2858 1931 3025 1989 fuerit
3043 1941 3437 1999 constructum,
3455 1930 3642 1987 voluit
3665 1940 3817 1987 tanta

2216 2020 2346 2077 illud
2373 2037 2555 2078 rerum
2589 2023 2934 2094 propriarum
2973 2025 3278 2080 substantia
3325 2022 3693 2095 locupletare,
3722 2038 3818 2094 per

2217 2129 2381 2185 quam
2407 2114 2685 2172 sufﬁceret
2704 2115 2934 2172 diurnus
2953 2130 3252 2188 pauperum
3271 2113 3478 2172 Christi
3506 2130 3817 2172 concursus

2219 2204 2458 2260 tolerari.
2504 2204 2611 2262 Sed
2636 2220 2759 2262 cum
2789 2206 3039 2263 eumdem
3076 2207 3257 2264 locum
3279 2206 3470 2262 talium
3502 2221 3701 2263 rerum
3729 2220 3819 2262 co-

2216 2297 2326 2370 pia,
2355 2312 2477 2368 qua:
2521 2306 2708 2355 essent
2750 2299 2868 2371 ipsa
2911 2300 3320 2372 propinquitate
3367 2298 3613 2369 aptiora,
3660 2297 3818 2353 vellet

2220 2389 2517 2467 honorare,
2546 2390 2760 2447 volente
2797 2391 3014 2448 domino
3040 2399 3097 2449 et
3124 2392 3366 2465 genitore
3406 2401 3604 2447 nostro
3641 2390 3817 2447 Ludo-

2220 2476 2345 2533 vico
2370 2476 2760 2549 gloriosissimo
2809 2479 3156 2551 imperatore,
3203 2479 3305 2536 sub
3331 2479 3681 2536 monasterio
3725 2493 3817 2537 no-

2222 2578 2350 2627 strae
2374 2572 2743 2643 proprietatis,
2789 2572 2933 2644 quod
2958 2579 3185 2629 vocatur
3225 2570 3589 2637 Novelicium,
3617 2571 3692 2627 de
3718 2586 3814 2626 no-

2226 2670 2343 2719 stro
2372 2662 2698 2733 patrimonio
2725 2662 2925 2735 regalia
2945 2662 3089 2719 facta
3123 2663 3178 2718 in
3200 2661 3491 2735 prmfatum
3513 2661 3703 2719 locum
3722 2677 3818 2734 per

2222 2763 2424 2811 nostra:
2451 2755 2793 2811 auctoritatis
2834 2764 3166 2827 praeceptum
3201 2753 3679 2811 conﬁrmavimus.
3710 2754 3817 2811 Sed

2222 2857 2285 2904 ut
2313 2849 2418 2906 hoc
2447 2850 2696 2905 sanctum
2743 2864 2805 2906 ac
2832 2848 3139 2907 venerabile
3183 2851 3603 2917 monasterium,
3639 2850 3698 2906 in
3722 2852 3817 2906 ho-

2223 2956 2360 2998 nore
2404 2942 2706 2998 beatissimi
2734 2942 2995 3015 principis
3035 2942 3401 3013 apostolorum
3435 2942 3590 2999 Petri
3627 2941 3821 3001 funda-

2224 3043 2362 3103 tum,
2394 3035 2598 3091 nullam
2646 3035 2940 3091 missarum
2988 3050 3174 3092 rerum
3212 3042 3492 3111 pateretur
3513 3035 3815 3107 iacturam,

2224 3127 2320 3182 sed
2344 3126 2553 3198 potiore
2572 3126 2938 3198 gratularetur
2959 3126 3134 3197 dignae
3150 3128 3686 3200 recompensationis
3704 3143 3822 3184 mna.

607 3195 898 3286 Ddrandus
923 3195 1184 3285 diaconus
1224 3227 1292 3282 ad
1319 3227 1495 3283 vicem
1529 3223 1800 3297 Fridugisi
1827 3225 2119 3298 recognovi
2147 3195 2192 3261 (ἶ
2225 3232 2378 3284 nere.
2410 3219 2798 3275 monasterium
2830 3219 3121 3291 Quoddam,
3153 3220 3297 3292 quod
3324 3221 3572 3293 Appenis
3606 3237 3822 3278 nuncu-

536 3330 594 3378 et
620 3323 769 3378 subs.

607 3413 742 3468 Data
770 3428 848 3467 xu
872 3410 1147 3467 Kalendas
1166 3409 1316 3476 Julii,
1334 3425 1496 3477 anno,
1527 3408 1743 3465 Christo
1764 3409 2020 3480 propitio,
2050 3408 2120 3463 15

534 3502 749 3574 imperii
809 3502 992 3557 domui
1045 3500 1306 3556 Ludovici
1361 3500 1587 3571 piissimi
1655 3499 1917 3570 Augusti,
1982 3498 2121 3555 indi-

534 3595 714 3653 ctione
738 3595 791 3650 ι.
814 3594 1012 3651 Actum
1033 3593 1372 3666 lngilinheim
1399 3592 1600 3665 palatio
1625 3592 1775 3664 regio
1802 3590 1857 3646 in
1882 3590 1979 3647 Dei
2017 3607 2118 3648 no-

533 3687 681 3744 mine
708 3685 958 3743 feliciter.
984 3685 1197 3743 Amen.‘

1215 3776 1429 3835 CXXX.

534 3888 880 3931 PRIVILEGIUI
918 3886 1175 3930 LOTBABII
1220 3887 1323 3927 PRO
1363 3883 1700 3927 MONASTERIO
1727 3880 2115 3924 NOVALICIBNSI.

1152 3961 1326 4035 (Anno
1356 3960 1505 4031 825.)

537 4055 718 4130 [Apud
741 4055 1027 4122 Murator.,
1073 4055 1423 4125 Antiquitates
1456 4051 1679 4117 Italira',
1713 4057 1753 4107 t.
1783 4051 1867 4119 III,
1892 4066 1947 4123 p.
1966 4050 2119 4126 577.]

606 4147 664 4204 In
707 4147 927 4204 nomine
970 4147 1186 4202 Domini
1219 4144 1349 4202 Jesu
1378 4143 1582 4201 Christi
1628 4144 1724 4200 Dei
1761 4144 1973 4211 aeterni,
2016 4143 2123 4202 Lo-

605 4278 958 4351 {LHospi‘talm
1001 4278 1091 4351 Uti
1119 4287 1339 4351 sanctus
1377 4279 1688 4351 Bernartius
1715 4278 2120 4351 Menthonensis

534 4350 590 4405 in
618 4348 797 4433 Monte
822 4348 971 4405 Iovis
994 4349 1161 4433 (nunc
1183 4350 1222 4404 il
1245 4367 1378 4433 gruit
1402 4348 1827 4433 SanABe-rnardo)
1852 4349 1917 4405 ad
1934 4353 2122 4433 trans-

533 4421 792 4492 euntium
816 4419 1278 4492 commOditatcm,
1321 4419 1577 4492 Augustae
1602 4419 1875 4478 Praetoris:
1900 4421 2121 4492 circiter

535 4506 740 4564 annum
770 4490 1302 4564 980Axenodochium
1343 4490 1462 4564 1ᾳήιῄ
1480 4492 1652 4563 egenis
1674 4508 1833 4564 quam
1860 4490 2117 4564 opulentis

2221 3316 2400 3379 patur,
2452 3307 2507 3365 id
2548 3310 2724 3380 ipsum
2755 3310 2811 3365 in
2857 3309 3097 3380 eiusdem
3140 3312 3401 3384 principis
3443 3313 3819 3382 apostolorum

2223 3401 2432 3459 honore
2453 3409 2826 3459 constructum
2850 3411 2904 3458 et
2939 3402 3147 3475 proprii
3188 3401 3577 3472 iurisdictione
3606 3403 3681 3458 ad
3722 3403 3824 3459 hoc

2223 3495 2578 3569 supplendum
2621 3496 2696 3552 ibi
2741 3496 3094 3563 reddidimus,
3140 3495 3554 3553 considerantes
3609 3504 3677 3551 ut
3724 3495 3823 3552 sub

2222 3589 2386 3645 unius
2413 3587 2627 3644 abbatis
2658 3587 2921 3659 regimine
2947 3599 3180 3659 utraque
3218 3587 3562 3643 monasteria
3602 3587 3822 3659 regula-

2222 3681 2357 3738 riter
2385 3682 2497 3737 Deo
2530 3680 2842 3737 militarent.
2887 3680 2983 3736 His
3019 3681 3096 3737 ita
3122 3681 3309 3754 gestis,
3357 3679 3569 3751 placuit
3619 3690 3822 3737 nostra:

2224 3772 2492 3845 imperiali
2525 3773 2857 3830 excellentia:
2908 3772 3163 3845 precibus
3210 3771 3543 3828 venerabilis
3590 3771 3707 3828 viri
3752 3770 3822 3827 llo

2225 3865 2379 3922 dradi
2406 3866 2602 3922 horum
2630 3864 3083 3921 monasteriorum
3111 3864 3292 3921 Patris
3309 3862 3584 3931 faventes,
3616 3872 3683 3919 nt
3704 3880 3821 3920 me-

2222 3966 2494 4015 moratum
2530 3957 2941 4025 monasterium,
2969 3958 3124 4029 cujus
3162 3956 3481 4013 vocabulum
3525 3967 3617 4013 est
3644 3957 3825 4031 Appa-

2223 4053 2326 4118 nis,
2366 4052 2537 4125 priori
2574 4050 2908 4107 monasterio
2937 4066 3036 4107 suo
3071 4050 3367 4117 Novelicio,
3402 4066 3530 4107 cum
3559 4052 3822 4108 omnibus

2223 4146 2387 4203 rebus
2427 4154 2590 4216 atquc
2628 4143 2963 4216 appendiciis
3001 4144 3132 4210 suis,
3159 4142 3305 4214 iuste
3348 4142 3452 4199 sibi
3484 4144 3820 4214 pertinenti-

2222 4297 2330 4338 una
2364 4296 2487 4351 cum
2535 4278 2967 4351 templo_domus
3012 4278 3367 4351 hospitalitati
3420 4292 3606 4344 sacra,
3654 4293 3816 4351 quam

2224 4350 2497 4423 Hospitale
2536 4348 2721 4407 Sancti
2738 4348 3022 4423 Peregrini
3043 4348 3225 4423 adhuc
3250 4359 3597 4423 nuncupant,
3628 4350 3817 4423 rediti-

2223 4420 2780 4493 bus'tamcncunctis
2822 4420 2985 4493 atque
3018 4420 3379 4493 eleemosynis
3402 4434 3473 4474 ex
3516 4420 3816 4493 iniquitate

2224 4502 2531 4565 temporum
2554 4492 2609 4547 in
2649 4492 2880 4565 rectoris
2920 4491 3045 4547 laici
3070 4491 3356 4565 utilitatem
3385 4505 3534 4546 nunc
3569 4491 3819 4565 cedenti-

537 4561 835 4634 fabricavit,
886 4561 961 4634 ita
1007 4569 1063 4617 et
1110 4562 1163 4618 in
1212 4562 1333 4618 aliis
1373 4561 1694 4634 huiusmodi?
1735 4562 1870 4618 locis
1890 4561 2047 4634 idem
2076 4577 2118 4634 4a
2143 4563 2198 4624 D
2223 4561 2354 4629 bus,
2374 4579 2480 4619 non
2524 4561 2793 4634 autemin
2840 4576 3137 4633 pauperum
3177 4562 3520 4634 alimentum,
3550 4562 3758 4634 quibus
3784 4578 3815 4618 ι

534 4631 844 4703 Christiana
880 4632 1257 4690 misericordia
1302 4631 1626 4703 praestitum.
1661 4633 1833 4701 Quem
1862 4632 2118 4703 piumgri-

535 4710 651 4775 tum
691 4702 1185 4775 amulanturnunc
1215 4702 1405 4761 Turcae
1441 4705 1562 4775 ipsi,
1591 4704 1899 4773 huiusmodi
1928 4702 2119 4775 ⁸ίιξᾴἱίὶ-

534 4774 621 4847 cia
666 4774 972 4847 excitantes
1019 4773 1075 4830 in
1117 4771 1581 4847 peregrinantium
1608 4771 1728 4847 sive
1777 4775 1880 4847 iter
1919 4771 2118 4847 facien-

535 4845 671 4916 tium
703 4844 1021 4916 subsidium,
1060 4841 1425 4916 qdibus‘nulla
1456 4845 1560 4899 alia
1589 4844 1901 4916 diversoria
1914 4841 2113 4916 forent.

532 4913 754 4985 Possem
782 4913 1026 4985 exempla
1067 4913 1227 4985 liuius
1263 4917 1403 4971 ritus
1431 4932 1499 4971 ex
1528 4915 1778 4970 universa
1807 4913 1959 4985 italia
2007 4913 2118 4985 col-

535 4983 721 5057 ligere.
761 4986 868 5041 Sed
904 4983 1060 5057 iuvat
1103 4983 1155 5057 in
1188 5004 1291 5043 una
1328 4988 1429 5042 hac
1465 4986 1686 5057 regione
1706 5001 1865 5056 quam
1900 4983 2113 5057 incolo,

536 5055 722 5131 eadem
768 5055 1075 5131 ostendere.
1138 5056 1212 5131 lng
1253 5073 1382 5131 agro
1434 5055 1737 5131 Mutinensi
1773 5057 1839 5131 ad
1890 5055 2109 5131 fluvium

538 5123 887 5199 Scultennam
918 5128 1048 5199 (quo
1070 5123 1363 5185 nomine'is
1394 5129 1570 5184 adhuc
1600 5145 1629 5183 a
1658 5127 1920 5199 montium
1957 5125 2115 5199 habi—

537 5196 815 5271 tatoribus
851 5194 1099 5264 donatur,
1137 5215 1259 5271 cum
1305 5200 1546 5271 planitiei
1588 5194 2111 5271 incolzePanarium

536 5265 825 5349 appellent)
865 5278 1089 5349 sanctus
1128 5265 1415 5349 Ansclmus
1448 5268 1819 5349 Nonantnlani.
1842 5273 2113 5349 monaste:

534 5334 903 5411 rii'fundator,
939 5340 1257 5411 hospitalem
1292 5342 1510 5397 domum
1546 5341 1648 5396 sub
1678 5338 1895 5411 nomine
1926 5336 2111 5392 Sancti

534 5406 807 5481 Ambrosii
833 5406 1109 5481 excitavit,
1139 5411 1293 5481 cujus
1315 5411 1460 5466 nulla
1482 5428 1627 5467 nunc
1654 5410 1897 5481 vestigia
1922 5421 2111 5476 super-

535 5484 679 5534 sunt.
728 5476 811 5533 Ad
841 5478 1060 5536 ﬂuvium
1085 5476 1386 5548 Gabellum,
1437 5498 1582 5538 nunc
1613 5476 1851 5545 Sccchiir,
1887 5479 1941 5534 in
1982 5491 2113 5548 agro

533 5548 789 5623 itegicnsi
823 5552 1174 5609 constitutum
1228 5553 1527 5623 antiquitus
1564 5550 1677 5623 fuit
1717 5548 2114 5623 xenodochium

533 5618 809 5695 [iet'bcrim
855 5637 1118 5695 perquam
1163 5618 1513 5695 opulentumL
1542 5622 1685 5695 quod
1727 5621 1902 5695 adh_uc
1928 5619 2112 5695 _viget.

533 5690 746 5747 Rursus
766 5688 911 5767 apud
937 5688 1037 5767 nos
1060 5693 1151 5749 via
1177 5688 1278 5767 est,
1323 5711 1444 5767 qua:
1476 5688 1680 5767 Saiolo
1709 5692 1778 5747 ad
1810 5688 2113 5767 Carfagna-

538 5774 760 5840 namus}:
801 5758 1057 5840 '_l‘us_ciam
1089 5779 1186 5834 per
1232 5758 1997 5840 int_erposituni_Apenni_num
2017 5758 2116 5840 du:

540 5828 634 5888 cit.
665 5830 776 5886 Illic
812 5833 869 5888 in
905 5832 1034 5903 iugo
1061 5828 1108 5888 a'
1124 5834 1350 5890 vetustis
1375 5828 1721 5902 temporibus
1744 5830 1983 5889 excitata
2012 5828 2116 5886 fuit

2225 4635 2425 4706 pietate
2438 4634 2673 4706 ﬁdelium
2706 4632 2926 4688 fuerunt
2950 4632 3231 4699 destinati,
3258 4641 3314 4689 et
3334 4632 3818 4706 adhucdestinan-

2225 4703 2333 4761 tur.
2382 4705 2779 4762 Fraxinorense
2815 4719 3031 4773 quoque
3079 4704 3468 4759 monasterium
3509 4703 3570 4758 in
3617 4705 3813 4759 iisdem

2224 4777 2499 4832 montibus
2539 4777 2780 4831 additum
2821 4774 2921 4829 fuit
2960 4790 2990 4829 a
3024 4774 3279 4831 Mathilde
3307 4789 3503 4845 magna
3527 4775 3813 4831 eomitissa

2222 4845 2443 4916 ejusque
2470 4854 2641 4900 matre
2670 4846 2934 4917 Bcatrice.
2972 4845 3154 4917 ibique
3192 4862 3290 4917 par
3326 4854 3408 4900 est
3448 4845 3684 4917 credere
3714 4847 3812 4917 ibo-

2223 4915 2589 4988 spitalitatem
2620 4917 2673 4971 in
2719 4933 2821 4971 usu
2871 4915 3077 4988 fuisse,
3111 4915 3375 4971 Praeterea
3421 4916 3493 4988 ab
3522 4931 3665 4986 agro
3708 4916 3813 4972 Re-

2222 4985 2393 5059 giensi
2419 4988 2522 5042 alia
2544 4987 2633 5041 via
2655 4994 2739 5042 est
2764 5002 2885 5059 qua:
2912 5003 3010 5059 per
3041 4986 3320 5059 Cerretum
3342 4995 3399 5041 et
3420 4985 3806 5059 Ligonchinm,

2219 5056 2449 5127 traiecto
2486 5056 2796 5128 Apennino,
2864 5056 2925 5112 in
2973 5056 3372 5128 Garfagnanam
3417 5056 3705 5128 descendit
3744 5058 3811 5113 ad

2220 5128 2486 5184 Silanum.
2552 5127 2817 5197 Utrinque
2855 5143 2992 5199 pone
3038 5127 3228 5199 iugum
3273 5127 3476 5199 montis
3526 5136 3809 5183 exstructa

2220 5145 2486 5184 Silanum.
2556 5145 2817 5197 Utrunque
2890 5145 2992 5182 one
3038 5145 3228 5199 iugum
3273 5145 3476 5183 montis
3526 5145 3808 5183 exsrrucu

2217 5200 2348 5257 olim
2404 5200 2557 5256 fuere
2605 5145 2963 5263 xenodociiia,
2995 5199 3194 5271 quibus
3247 5198 3559 5271 adhuc_est
3614 5215 3808 5271 nomen

2217 5270 2561 5341 hospitaletti,
2598 5270 2781 5339 ibique
2808 5267 3394 5341 .charitas'exercetur.
3426 5267 3571 5324 Sunt
3608 5278 3667 5324 et
3703 5269 3817 5341 alia;

2218 5343 2273 5399 in
2298 5339 2680 5399 Mutinensium
2708 5339 2982 5396 montibus
3015 5340 3134 5395 loca
3160 5356 3279 5411 quae
3317 5356 3426 5395 non
3456 5356 3681 5405 munus,
3712 5339 3804 5394 sed

2216 5429 2413 5469 nomen
2452 5413 2556 5469 hoc
2609 5412 2863 5478 retinent,
2913 5411 3181 5482 appellata
3227 5426 3418 5482 nempe
3461 5411 3807 5482 hospitalctti.

2215 5482 2751 5566 itagononiensibus
2770 5490 2853 5538 est
2897 5480 3134 5566 γῆξ-φιτ
3162 5498 3259 5566 per
3280 5480 3630 5566 Apenninum
3664 5480 3809 5566 ducit

2216 5554 2272 5609 in
2299 5553 2687 5610 Pistoriensem
2723 5568 2933 5623 agrum,
2975 5553 3342 5623 ibique'etiam
3371 5553 3530 5607 durat
3573 5553 3813 5622 hospita-

2216 5623 2327 5680 lem'
2360 5625 2698 5689 vocabulum,
2748 5622 2880 5679 illud
2907 5622 3158 5688 fortasse,
3189 5626 3277 5680 cui
3316 5622 3678 5680 celeberrima
3722 5637 3813 5677 eo-

2215 5696 2429 5753 mitissa
2466 5695 2741 5752 Mathildis
2785 5694 2984 5755 multos
3018 5694 3218 5754 fundos
3262 5696 3319 5753 in
3344 5694 3675 5751 beneﬁcium
3711 5708 3806 5765 pe-

2214 5767 2557 5840 regrinorum
2586 5766 2829 5824 contulit.
