4048 6350
572 400 715 471 “53
1702 392 2023 456 LUDOVICI
2056 395 2082 453 ἰ
2117 390 2589 455 COGNOMENTO
2624 386 2711 450 Pll
3696 386 3840 443 “56

569 526 721 585 Petri
766 530 817 590 Il,
866 536 970 579 nec
1000 522 1109 577 bon
1148 499 1209 576 et
1249 514 1533 576 ecclesiam
1578 513 1765 570 Sancti
1803 513 2139 582 Columbani,
2169 520 2224 579 Α
2248 519 2631 570 testamentum
2684 503 3111 565 conﬁrmationis
3160 517 3274 560 suae
3325 501 3593 575 quasdem
3642 518 3741 560 res
3787 513 3845 561 et

569 633 695 675 cum
730 614 976 671 omnibus
1012 612 1176 668 rebus
1220 619 1277 667 et
1314 607 1597 677 mancipiis
1635 604 1756 674 jure
1793 621 1857 661 ac
1894 604 2043 674 juste
2076 607 2145 660 ad
2246 605 2515 676 mancipia
2546 603 2741 659 ibidem
2770 601 3052 671 delegavit,
3084 616 3293 656 necnon
3324 599 3490 655 libros
3512 607 3571 655 et
3593 600 3845 657 ministe-

571 725 691 766 eam
731 704 1144 780 pertinentibus.
1192 702 1344 759 Unde
1392 700 1570 755 omnis
1622 699 1702 753 rei
1752 699 1978 754 veritate
2021 714 2146 768 per—
2244 700 2326 753 ria
2352 698 2596 754 ecclesia}
2626 695 2937 765 variamque
2965 692 3351 767 supellectilem
3380 694 3597 760 tribuit,
3629 702 3842 750 etcum

571 811 773 874 specta,
804 799 1004 872 placuit
1028 796 1183 853 nobis
1225 804 1285 850 ut
1323 794 1537 849 easdem
1571 807 1660 848 res
1685 791 1858 847 eidem
1900 791 2145 846 Curiensi
2244 790 2331 844 liis
2365 790 2616 844 omnibus
2654 803 2842 842 eorum
2888 802 2951 842 ac
3000 786 3211 842 caeteris
3260 786 3420 841 rebus
3469 786 3845 847 denominatis

571 896 814 952 ecclesiae
866 908 989 948 cum
1047 890 1191 945 omni
1236 888 1545 959 integritate
1597 885 1770 940 nostri
1820 884 2147 939 auctoritate

571 987 826 1063 praecepti
855 985 1291 1047 restitueremus;
1332 994 1430 1052 per
1454 981 1594 1050 quod
1621 977 1868 1035 volumus
1895 976 2149 1031 ﬁrmiter-
2201 1044 2209 1053 .

558 1074 677 1154 'que
694 1078 946 1151 juhemus
970 1088 1028 1132 ut
1052 1074 1274 1140 nostris,
1311 1089 1404 1130 seu
1435 1086 1807 1129 successorum
1834 1078 2147 1126 nostrorum

575 1171 925 1244 temporibus,
951 1170 1148 1225 nullius
1174 1168 1460 1239 potestatis
1489 1182 1723 1237 persona
1752 1165 1829 1220 illi
1869 1165 2148 1236 praelibato

573 1266 863 1338 episc0po,
894 1263 977 1318 vel
1023 1264 1103 1319 eis
1142 1262 1233 1331 qui
1273 1269 1395 1333 post
1441 1262 1615 1331 ipsum
1654 1260 1900 1315 eamdem
1947 1258 2151 1313 recturi

575 1366 701 1414 sunt
737 1356 938 1423 sedem,
970 1354 1130 1411 ullam
1159 1354 1224 1411 de
1260 1353 1500 1423 praefatis
1526 1351 1687 1408 rebus
1726 1351 1926 1408 inferre
1952 1368 2152 1423 praesu-

574 1458 688 1507 mat
722 1448 1165 1520 controversiam.
1222 1446 1288 1501 Et
1310 1445 1450 1517 quod
1488 1445 1710 1514 insuper
1743 1444 1898 1500 nobis
1930 1452 2152 1514 questus

572 1549 655 1597 est
690 1538 781 1611 jus
818 1538 1120 1611 episcopale
1162 1536 1265 1594 sibi
1326 1537 1595 1595 sublatum
1635 1535 1772 1604 fore,
1812 1536 2152 1608 praecipimus

572 1631 823 1688 omnibus
872 1631 927 1687 in
966 1630 1224 1701 parochia
1258 1629 1377 1701 ejus
1403 1629 1857 1697 consistentibus,
1889 1637 1950 1684 ut
1976 1627 2153 1685 nullus

571 1720 875 1794 episcopale
927 1720 1286 1777 ministerium
1322 1721 1446 1788 sibi,
1494 1720 1712 1791 suisque
1748 1721 2153 1777 successoribus

566 1813 938 1888 peragendum
986 1811 1152 1867 ullam
1195 1812 1635 1869 contrarietatem
1672 1820 1766 1868 aut
1804 1811 2155 1885 impedimen-

570 1914 686 1963 tum
706 1895 873 1976 agere
899 1914 1222 1977 przesumat;
1248 1905 1343 1961 sed
1369 1906 1624 1971 habeant,
1656 1905 1798 1961 sicut
1820 1905 1889 1962 ab
1909 1913 2153 1963 anteces-

570 1996 785 2053 soribus
813 1996 1014 2053 nostris
1034 1996 1161 2053 huic
1189 2006 1391 2053 sanctae
1420 1997 1534 2052 sedi
1566 2012 1881 2055 concessum
1907 2008 2009 2063 est,
2034 1998 2152 2069 ple-

570 2108 696 2149 nam
746 2093 1033 2149 ministerii
1065 2094 1149 2148 sui
1177 2101 1522 2163 potestatem,
1571 2092 1822 2148 videlicet
1851 2106 2009 2162 super
2039 2107 2154 2147 mo-

568 2184 808 2243 nasteria
866 2184 920 2239 in
971 2183 1229 2254 parochia
1294 2198 1393 2239 sua
1439 2182 1831 2248 consistentia,
1879 2190 1935 2238 et
1993 2197 2153 2254 super

568 2275 917 2350 presbyteros
954 2274 1309 2339 ordinandos,
1349 2282 1403 2330 et
1431 2288 1592 2344 super
1631 2274 1918 2340 decimam,
1960 2288 2150 2329 secun-

570 2365 700 2423 dum
744 2367 1060 2425 canonicam
1091 2364 1390 2436 jussionem
1424 2364 1844 2436 disponendam;
1886 2372 2151 2435 quatenus

567 2472 669 2531 pro
694 2457 932 2513 remedio
960 2458 1153 2515 anima:
1180 2464 1377 2513 nostra;
1406 2457 1526 2513 illos
1550 2471 1670 2513 cum
1696 2457 1846 2512 omni
1878 2457 2024 2513 clero
2050 2472 2149 2515 suo

571 2540 796 2604 liberius
841 2547 1059 2607 Domini
1096 2548 1523 2605 misericordiam
1551 2563 1780 2604 exorare
1808 2547 2054 2604 delectet.
2083 2547 2151 2603 Et

570 2646 635 2694 ut
665 2639 781 2694 haec
813 2639 1108 2695 auctoritas
1150 2648 1335 2695 nostra
1364 2639 1701 2695 inviolabilis
1722 2648 1955 2706 maneat,
1987 2654 2151 2695 manu

556 2731 793 2805 propria
835 2733 1026 2788 subtus
1079 2748 1201 2787 eam
1242 2731 1597 2800 ﬁrmavimus,
1649 2732 1941 2803 annulique
1978 2732 2152 2788 nostri

571 2823 929 2895 impressione
955 2823 1177 2896 sigillari
1193 2823 1473 2894 jussimus.

645 2917 869 2993 Signum
897 2919 1079 2979 domui
1114 2917 1375 2977 Ludovici
1410 2918 1640 2991 piissimi
1666 2917 2018 2990 imperatoris
2036 2916 2150 2977 Au-

569 3009 737 3082 gusti.

641 3100 777 3159 Data
799 3116 897 3157 VIII
926 3099 1045 3157 Kal.
1078 3097 1331 3173 Augusti,
1361 3115 1506 3159 anno
1535 3098 1623 3167 12,
1652 3100 1886 3173 propitio
1911 3099 2148 3167 Christo,

569 3191 785 3265 imperii
806 3191 989 3247 domni
1018 3191 1272 3248 Ludovici
1292 3190 1638 3262 imperatoris
1657 3191 1885 3263 piissimi
1901 3190 2149 3263 Augusti,

2244 897 2344 953 per
2363 880 2662 936 chartulam
2684 879 2988 934 traditionis
3008 878 3164 935 nobis
3187 879 3253 933 ad
3277 879 3558 951 proprium
3588 880 3841 946 tradidit,

2248 974 2388 1028 sicut
2412 974 2464 1027 in
2491 973 2606 1044 ipsa
2635 972 2923 1033 traditione
2950 972 3160 1043 plenius
3187 981 3401 1028 constat
3428 990 3553 1031 esse
3588 985 3839 1047 gestum;

2234 1062 2407 1118 'simul
2449 1071 2689 1117 nostram
2719 1062 3019 1133 deposcens
3044 1063 3417 1126 serenitatem.
3436 1072 3497 1121 ut
3523 1081 3669 1138 opus
3699 1067 3847 1138 quod

2248 1155 2364 1225 ipse
2397 1154 2743 1209 devotissime
2794 1152 2861 1208 ad
2912 1162 3155 1209 sanctam
3201 1157 3605 1227 professionem
3655 1158 3847 1214 obser-

2248 1246 2482 1301 vandam
2513 1244 2877 1311 inchoaverat,
2913 1245 3130 1316 Deoque
3174 1258 3420 1315 voverat,
3441 1258 3498 1302 et
3523 1249 3691 1304 nobis
3720 1264 3845 1319 per-

2249 1347 2414 1410 petuo
2443 1338 2511 1393 ad
2538 1336 2839 1393 habendam
2870 1338 3184 1411 tradiderat,
3214 1356 3314 1410 per
3360 1349 3612 1396 nostram
3660 1343 3846 1413 provi-

2252 1432 2489 1487 dentiam
2520 1439 2683 1502 atque
2726 1432 3105 1489 auctoritatem
3137 1434 3204 1487 ad
3240 1434 3344 1489 hoc
3396 1446 3846 1505 conservaretur,

2251 1531 2313 1577 ut
2337 1523 2477 1578 idem
2503 1523 2637 1579 ordo
2659 1522 2851 1578 eodem
2885 1523 2938 1578 in
2970 1523 3088 1579 loco
3118 1540 3215 1595 pro
3241 1533 3427 1585 nostra
3474 1537 3691 1589 aeterna
3736 1544 3847 1587 rne-

2254 1616 2425 1671 moria
2468 1625 2629 1688 atque
2652 1615 2992 1688 elecmosyna
3019 1618 3408 1689 pcrpetualiter
3434 1621 3848 1683 observaretur.

2254 1706 2420 1777 Cujus
2460 1709 2659 1765 donum
2692 1718 2971 1781 gratanter
2996 1710 3341 1782 suscipimus,
3365 1720 3419 1769 et
3445 1713 3569 1785 ejus
3597 1714 3850 1786 petitioni

2248 1796 2488 1855 libenter
2513 1800 2825 1863 annuimus,
2853 1808 3015 1873 atque
3062 1817 3160 1873 per
3199 1802 3337 1859 hanc
3376 1788 3633 1867 nostram
3664 1817 3851 1865 aucto-

2178 1885 2229 1947 B
2255 1892 2497 1959 ritatcm,
2529 1895 2669 1949 sicut
2697 1893 3017 1965 postulavit,
3043 1897 3410 1955 concessimus
3436 1908 3610 1969 atque
3658 1899 3855 1956 conﬁr-

2255 2000 2488 2041 mamus.
2516 1983 2747 2040 Proinde
2775 1994 2961 2043 notum
2992 2002 3111 2042 esse
3136 1987 3384 2045 volumus
3407 1992 3677 2049 omnibus
3701 1993 3854 2051 vobis

2254 2080 2395 2149 quod
2423 2078 2737 2149 praedictum
2782 2080 3167 2136 monasterium
3213 2098 3336 2139 cum
3382 2085 3651 2143 omnibus
3694 2085 3847 2153 locis,

2252 2168 2414 2234 villis,
2439 2168 2651 2235 insulis,
2681 2169 3009 2239 piscatoriis,
3033 2171 3116 2226 vel
3146 2172 3212 2227 iis
3236 2189 3356 2243 quae
3382 2174 3451 2229 ad
3480 2175 3669 2246 ipsum
3705 2179 3850 2247 aspio

2252 2276 2377 2318 cere
2401 2269 2720 2327 cernuntur,
2748 2277 2870 2318 cum
2907 2263 3159 2319 omnibus
3193 2265 3360 2320 etiam
3404 2266 3636 2334 ﬁnibus,
3664 2269 3848 2323 tenni-

2253 2356 2340 2412 nis
2369 2364 2424 2410 et
2458 2353 2775 2424 adjacentiis
2805 2371 3017 2425 eorum,
3050 2372 3171 2411 cum
3217 2358 3509 2430 mancipiis
3540 2375 3613 2415 ac
3638 2362 3849 2416 cmten‘s

2252 2449 2435 2512 rebus,
2470 2449 2919 2519 quemadmodum
2950 2449 3004 2504 in
3038 2450 3284 2509 chartula
3314 2452 3657 2522 donationis,
3688 2471 3847 2527 quam

2251 2538 2408 2594 nobis
2452 2539 2711 2607 contulit,
2752 2540 2964 2612 plenius
3016 2543 3383 2611 continentur,
3416 2545 3543 2607 ideo
3567 2556 3636 2603 ut
3661 2558 3848 2603 sancta

2250 2635 2515 2708 professio
2543 2638 2739 2693 ibidem
2768 2638 3158 2711 perpetualiter
3188 2640 3244 2696 in
3269 2650 3454 2699 nostra
3496 2642 3849 2717 eleemosyna

2253 2730 2565 2787 conservari
2593 2739 2776 2805 queat,
2802 2731 3150 2787 devotissime
3171 2733 3503 2790 contulimus
3530 2753 3544 2790 :
3577 2744 3645 2790 ut
3672 2737 3849 2792 omnia

2253 2839 2588 2897 qumcunque
2636 2825 2891 2896 praesenti
2940 2810 3185 2897 tempore
3239 2826 3520 2897 possidere
3572 2828 3844 2895 videntur,

2252 2916 2337 2971 vel
2366 2917 2433 2971 ad
2458 2932 2582 2971 eum
2608 2916 2853 2987 aspicere
2878 2915 3391 2987 dignoscitur,quod
3415 2918 3645 2977 inantea
3672 2919 3847 2976 divino

2252 3007 2510 3062 instinctu
2532 3014 2625 3061 aut
2656 3022 2687 3060 a
2712 3007 2869 3062 nobis
2894 3015 2988 3061 aut
3011 3022 3041 3061 a
3068 3009 3479 3063 successoribus
3513 3011 3748 3076 nostris,
3769 3009 3850 3065 vel

2255 3112 2287 3153 a
2315 3097 2636 3167 quibusdam
2655 3096 2907 3161 ﬁdelibus
2926 3106 3129 3177 sancta:
3148 3098 3243 3153 Dei
3267 3098 3530 3155 Ecclesia;
3554 3100 3670 3157 illis
3692 3102 3846 3157 colla—

2258 3198 2371 3245 tum
2398 3188 2580 3256 fuerit,
2608 3197 2781 3245 totum
2808 3191 2862 3245 in
2889 3206 3170 3245 servorum
3197 3191 3292 3248 Dei
3321 3191 3453 3246 inibi
3486 3193 3732 3249 Domino
3762 3194 3847 3249 mi-

566 3254 760 3354 epacta
790 3281 860 3337 28
884 3281 941 3369 ξ,
970 3282 1263 3339 indictione
1298 3254 1587 3340 5.-Actum
1612 3254 1906 3343 Strazburc
1934 3254 2154 3342 civitate
2179 3254 2226 3321 C
2256 3280 2529 3337 litantium
2566 3254 2980 3337 necessitatibus
3013 3281 3424 3350 consulendum,
3448 3290 3509 3338 et
3547 3298 3848 3356 pauperum

567 3371 820 3442 feliciter,
847 3374 903 3429 in
927 3374 1023 3430 Dei
1049 3375 1286 3439 nomine,
1321 3390 1503 3431 amen.

1230 3466 1488 3522 CXXXII.

963 3570 1065 3612 PRO
1101 3571 1437 3612 IONASTERIO
1464 3572 1759 3614 ANIANENSI.

1180 3645 1364 3720 (Anno
1398 3647 1559 3722 826.)

572 3737 751 3816 [Apud
765 3737 989 3813 Mabill.,
1007 3738 1148 3796 Ann.
1174 3737 1304 3794 0rd.
1322 3738 1381 3795 S.
1398 3739 1615 3806 Bened.,
1638 3748 1766 3797 tom.
1785 3741 1984 3815 ll,pag.
2000 3742 2152 3817 724.]

638 3835 695 3890 In
722 3834 941 3890 nomine
971 3834 1185 3890 Domini
1213 3833 1310 3888 Dei
1339 3842 1396 3889 et
1426 3833 1725 3891 Salvatoris
1762 3833 1889 3891 Jesu
1924 3834 2150 3905 Christi,

568 3926 872 3984 Ludovicus
893 3936 948 3983 et
970 3926 1277 3997 Lotharius,
1293 3928 1473 3984 divina
1499 3926 1781 3985 ordinante
1791 3930 2150 4000 providentia,

566 4018 924 4090 imperatores
943 4017 1192 4093 Augusti.

641 4109 700 4166 Si
736 4125 865 4183 erga
891 4110 1010 4167 loca
1062 4109 1259 4167 divinis
1300 4110 1535 4168 cultibus
1574 4112 1881 4185 mancipata
1929 4123 2154 4186 propter

571 4216 813 4259 amorem
844 4203 959 4270 Dei,
985 4204 1142 4275 eique
1169 4203 1223 4258 in
1250 4203 1453 4258 eisdem
1483 4204 1619 4261 locis
1647 4204 2030 4263 famulantibus
2055 4207 2151 4263 be-

570 4298 764 4353 neﬁcia
804 4307 1107 4369 opportuna
1160 4297 1439 4369 largimur,
1473 4300 1754 4368 praemium
1803 4301 1958 4357 nobis
2012 4302 2154 4373 apud

569 4386 860 4444 Dominum
889 4397 1106 4445 aeterna:
1133 4389 1587 4445 remunerationis
1617 4391 1837 4462 rependi
1873 4409 1981 4449 non
2017 4392 2155 4448 ditii-

569 4481 768 4536 dimus.
797 4480 1000 4537 Idcirco
1050 4491 1238 4537 notum
1294 4480 1367 4536 sit
1409 4483 1619 4537 cunctis
1658 4482 1906 4542 ﬁdelibus
1951 4494 2152 4542 sanctae

2258 3392 2442 3437 curam
2479 3376 2796 3447 gerendum,
2819 3382 3038 3447 propter
3059 3375 3301 3431 divinum
3322 3388 3573 3431 amorem
3604 3386 3666 3433 et
3688 3378 3847 3432 bono-

2253 3482 2371 3523 rem
2400 3466 2511 3522 Deo
2527 3467 2819 3523 miserante
2839 3481 2939 3538 pro
2965 3466 3246 3523 ablatione
3267 3476 3628 3539 peccatorum
3651 3481 3847 3526 nostro-

2254 3577 2377 3616 rum
2404 3561 2553 3618 omni
2583 3561 2742 3621 cedat
2786 3570 3048 3634 tempore.
3105 3561 3214 3618 Sed
3262 3571 3323 3619 ut
3365 3564 3614 3634 quietius
3656 3565 3848 3625 ibidem

2253 3652 2359 3708 viri
2388 3653 2483 3709 Dei
2512 3654 2741 3711 Domino
2770 3653 3022 3712 famulari
3048 3636 3282 3727 possint,
3302 3664 3360 3711 et
3389 3672 3422 3713 a
3458 3658 3633 3715 malis
3678 3658 3849 3715 homi-

2252 3748 2415 3806 nibus
2444 3764 2533 3804 res
2555 3747 2797 3820 ejusdem
2818 3749 3050 3806 coenobii
3082 3750 3223 3807 sicut
3251 3750 3357 3805 alia
3388 3749 3475 3806 vel
3500 3760 3715 3807 nostrae
3735 3766 3851 3824 pro-

2252 3840 2500 3912 prietatis
2530 3841 2888 3897 defendamur
2908 3850 2963 3897 et
2988 3842 3130 3897 tueri
3159 3850 3395 3915 queant,
3422 3843 3572 3899 hanc
3603 3854 3849 3902 nostram

2253 3933 2591 4005 imperialem
2622 3935 3001 3992 auctoritatem
3026 3934 3187 4006 hujus
3215 3937 3294 3993 rei
3323 3938 3504 4009 gratia
3537 3938 3667 3994 ﬁeri
3688 3937 3852 4009 jussi-

2180 4054 2183 4059 ·
2252 4042 2393 4093 mus,
2422 4036 2482 4083 ut
2506 4043 2695 4085 omnes
2725 4030 2828 4085 sub
2855 4036 3042 4084 nostra
3072 4029 3239 4085 etiam
3272 4030 3496 4101 speciali
3530 4031 3854 4089 defensione

2253 4127 2307 4175 et
2365 4120 2723 4177 immanitatis
2780 4122 3005 4179 tuitione
3056 4124 3355 4182 consistere
3409 4143 3524 4187 non
3578 4129 3847 4187 dubitent.

2250 4207 2631 4287 Prascipientes
2654 4229 2781 4286 ergo
2803 4213 3110 4271 iuhibcmus
3124 4217 3554 4290 utnullusjudex
3576 4222 3848 4295 publicas,

2250 4302 2336 4360 vel
2364 4303 2588 4373 quilibet
2615 4320 2682 4360 ex
2707 4305 2995 4376 judiciaria
3026 4312 3713 4381 potestate,autqu:elibet
3736 4327 3849 4368 ma-

2246 4393 2383 4467 joris
2405 4396 2489 4451 vel
2519 4396 2745 4453 minoris
2764 4397 2975 4454 ordinis
2992 4414 3245 4471 persona,
3261 4401 3329 4457 ad
3348 4418 3547 4459 causas
3558 4404 3850 4476 judiciaria

2252 4502 2405 4543 more
2434 4487 2731 4545 audiendas
2760 4489 2813 4545 in
2845 4491 3105 4548 ecclesias
3152 4501 3247 4548 aut
3286 4494 3405 4551 loca
3441 4496 3530 4552 vel
3568 4498 3735 4555 villas
3758 4513 3851 4555 seu

569 4569 665 4626 Dei
697 4571 953 4628 Ecclesiae
975 4579 1031 4626 et
1060 4572 1261 4628 nostris
1278 4614 1292 4640 ,
1315 4574 1672 4643 pmsentibus
1698 4575 1907 4632 scilicet
1929 4584 1984 4631 et
2007 4576 2152 4633 futu-
2173 4627 2228 4688 Β
2254 4578 2488 4666 reliquas
2529 4566 2929 4650 possessiones,
2965 4598 3101 4653 quas
3129 4585 3184 4641 in
3212 4586 3542 4656 quibusdam
3576 4591 3744 4662 pagis
3790 4606 3851 4647 ac

570 4664 643 4688 _,_
693 4664 924 4688 ___.,.A_
952 4664 1230 4688 ηηηηλη,
1265 4667 1425 4688 ,μη
1456 4667 1505 4688 ,_
1542 4665 1866 4688 οηημωμ
1930 4669 1975 4688 ,_
2014 4685 2139 4688 μη,
2573 4687 2591 4688 η
2697 4672 2733 4688 ι.
2775 4674 2808 4688 ..
2881 4682 2892 4688 -
3006 4684 3016 4688 -
3127 4676 3140 4688 -
3295 4679 3345 4688 .-
3389 4687 3393 4688 ν
3722 4685 3732 4688 -

570 4664 667 4731 ris,
690 4664 924 4735 qualiter
950 4664 1234 4722 Durandus
1263 4667 1429 4724 abbas
1456 4667 1509 4722 in
1541 4665 1896 4736 Septimania,
1928 4669 1983 4724 in
2012 4685 2149 4742 pago

568 4755 821 4811 videlicet
842 4755 1195 4823 Narbonensi,
1227 4757 1282 4811 in
1311 4757 1436 4812 villa
1469 4774 1590 4830 qute
1624 4759 1823 4815 dicitur
1863 4760 2147 4817 Vernodu-

569 4846 701 4905 brus
739 4845 1155 4920 (Vernazoubre)
1178 4889 1193 4915 ,
1224 4849 1278 4903 in
1315 4850 1534 4922 proprio
1558 4851 1701 4921 quod
1729 4852 1779 4907 ei
1827 4851 2151 4911 liberalitate

571 4936 953 4993 muniﬁcentia:
992 4946 1189 4997 nostrae
1235 4940 1601 5008 contulimus,
1645 4942 2035 4999 monasterium
2081 4958 2149 4999 ex

571 5039 757 5085 nostro
783 5041 946 5099 opere
993 5027 1049 5084 in
1096 5029 1303 5085 honore
1345 5038 1399 5084 et
1456 5032 1802 5087 veneratione
1850 5033 2150 5089 beatissimi

570 5119 764 5174 Aniani
793 5119 1119 5176 confessoris
1144 5120 1369 5187 Christi,
1396 5122 1447 5176 in
1472 5122 1592 5179 loco
1624 5124 1716 5196 qui
1753 5125 1952 5181 dicitur
1993 5127 2151 5182 Hela-

573 5209 775 5276 tianus,
804 5210 1102 5276 inchoavit;
1138 5212 1430 5267 monachos
1458 5214 1738 5286 perplures
1763 5216 2147 5288 congregavit;

573 5300 819 5367 abbatem
873 5304 981 5371 eis,
1030 5302 1249 5365 nomine
1294 5303 1560 5370 Woieam,
1614 5305 1887 5376 prmfecit,
1947 5314 2001 5362 et
2050 5323 2148 5378 per

646 5451 672 5479 ι
712 5437 1116 5496 Xenodochium
1157 5439 1340 5496 Sancti
1379 5440 1521 5497 Petri
1551 5442 1765 5501 videtur
1785 5442 1951 5501 fuisse
1981 5444 2145 5502 situm

574 5509 625 5587 in
653 5509 807 5587 vallg
906 5509 1051 5587 P_ett_'i
1074 5510 1667 5587 (Squt-Peters-Thal),
1684 5516 1751 5587 de
1776 5532 1879 5587 qua
1912 5516 2149 5587 loquitur

564 5581 707 5659 Leu,
749 5578 1112 5659 ﬂelvetisches
1148 5581 1382 5659 Lexicon
1409 5624 1423 5650 ,
1457 5595 1585 5641 tom.
1616 5578 1670 5641 ’Χ
1684 5578 1830 5659 ΥΙΙΓ,
1867 5578 1997 5659 ι)αεῖ
2018 5587 2143 5643 406.

574 5651 746 5727 Vallis
764 5651 855 5727 illa
880 5660 961 5727 est
987 5651 1276 5717 desertum,
1304 5655 1357 5709 in
1380 5671 1484 5724 quo
1507 5665 1683 5713 tamen
1708 5651 1888 5727 plures
1911 5651 1966 5712 εἷ
1985 5659 2151 5714 varia:

575 5731 702 5781 sunt
734 5720 1102 5797 habitationes
1133 5734 1291 5797 atque
1326 5720 1479 5797 aqua:
1515 5720 1821 5783 minerales.
1874 5728 2149 5797 Dependet

576 5807 620 5919 ἓ
638 5805 888 5913 ξιὲὲἕοωα
910 5787 1285 5863 iurisdictione
1308 5787 1638 5868 de'Lugnez,
1670 5799 1728 5855 in
1746 5787 2013 5871 superiori
2041 5799 2147 5873 liga

629 5875 671 5911 η
773 5897 788 5911 .

629 5875 788 5911 rtsea.

1109 6014 1201 6035 .,~.(

2254 4669 2541 4727 territoriis
2569 4672 2841 4744 praedictis
2876 4682 3023 4731 tenet
3061 4676 3143 4733 vel
3165 4679 3403 4749 possidet
3426 4685 3847 4751 monasterium,

2254 4761 2515 4834 aliasque,
2545 4778 2680 4834 quas
2711 4764 2965 4837 deinceps
2994 4765 3047 4821 in
3068 4766 3159 4839 jus
3194 4769 3365 4840 ipsius
3388 4772 3734 4830 sancti~loci
3772 4774 3850 4831 di-

2252 4853 2380 4910 vina
2407 4855 2580 4925 pietas
2625 4856 2814 4928 augeri
2847 4858 3100 4927 voluerit,
3129 4860 3340 4933 ingredi
3383 4877 3723 4934 presumat,
3750 4882 3851 4923 nec

2250 4944 2368 5001 ﬁeri
2422 4947 2622 5003 tributa
2676 4948 2759 5002 vel
2802 4958 3023 5021 paratas
3069 4968 3164 5008 seu
3210 4940 3530 5011 mansiones
3567 4960 3845 5033 accipere,

2255 5039 2367 5094 sive
2411 5040 2685 5097 teloneum
2736 5044 2983 5116 exigere,
3021 5056 3117 5102 aut
3143 5046 3491 5119 ﬁdeiussores
3519 5052 3744 5121 tollere,
3770 5054 3849 5112 vel

2252 5130 2501 5188 homines
2522 5131 2691 5205 ipsius
2717 5137 2970 5204 cmnobii,
2994 5146 3105 5194 tam
3140 5140 3406 5211 ingenuos
3432 5156 3602 5214 quam
3630 5162 3846 5215 servos,

2252 5235 2417 5292 super
2462 5230 2663 5280 terram
2699 5226 2870 5296 ipsius
2913 5242 3320 5290 commanentes
3367 5234 3849 5311 distringere,nec

2254 5316 2391 5373 ullas
2414 5317 2658 5390 publicas
2694 5319 2979 5379 fruitiones
3007 5340 3104 5385 seu
3130 5327 3518 5389 redhibitiones
3551 5333 3641 5390 vel

2323 5448 2351 5530 ξ»
2392 5448 2747 5533 ‘En‘antiqu‘us
2768 5451 2822 5533 in
2851 5453 3232 5533 diplomatibus
3264 5460 3427 5533 regiis
3456 5472 3667 5533 epactte
3689 5482 3842 5533 usus,

2251 5518 2369 5588 qui,
2389 5527 2529 5601 teste
2561 5518 2875 5601 doctissimo
2909 5518 2978 5583 ac
3012 5527 3167 5601 nobis
3194 5518 3457 5601 percbaro
3485 5518 3848 5595 domno—Cl;

2255 5591 2514 5677 menttin
2550 5593 2926 5677 dissertatione
2957 5600 3157 5667 praevia
3181 5591 3245 5654 ad
3280 5602 3501 5677 Ρᾼηλάε
3530 5591 3843 5677 υέήριἶίἆ

2255 5659 2736 5754 facilpaghvsgxt
2749 5659 3004 5754 ,'prinilis
3031 5681 3310 5754 comparet
3336 5674 3391 5754 in
3417 5674 3616 5732 litteris

2255 5730 2479 5805 chorum
2513 5730 2740 5805 abbatiae
2765 5730 3008 5793 indensis
3038 5730 3172 5794 anni
3207 5741 3305 5798 821
3345 5744 3412 5799 de
3441 5730 3623 5804 morte
3654 5730 3837 5805 san—cli

2252 5799 2529 5890 Denedicti
2549 5804 2881 5890 _Ana.niensis
2914 5809 2979 5890 ad
3002 5809 3273 5890 Ardonem
3306 5799 3549 5890 scriptis,
3569 5799 3838 5890 tibi};

2253 5831 2529 5883 υξῖιιῦυιυιι
2557 5831 2881 5887 ηιηιιιιιυιιδιθ
2914 5831 2979 5862 au
3002 5831 3273 5866 Al'uonem
3306 5831 3412 5870 scrt
3456 5831 3542 5881 IIS,
3569 5834 3676 5887 qua
3705 5838 3774 5890 pr.

2253 5872 2431 5931 dictus
2452 5872 2600 5933 Ardo
2620 5876 2755 5935 Vitae
2777 5876 3016 5948 ejusdem
3045 5880 3255 5941 abbatis
3277 5900 3396 5959 cap.
3416 5831 3488 5942 gi
3514 5887 3774 5946 inseruit.
