4048 6350
264 351 410 423 115⁸1

1408 339 1810 408 DIPLOMATA
1847 336 2436 404 ECCLESIASTICA.‘

3396 350 3536 418 “58

267 485 354 533 tas
379 471 696 533 occasiones
723 468 1002 543 requirere
1050 474 1145 523 aut
1182 472 1439 523 exactare
1480 467 1713 522 audeat:
1752 464 1846 519 sed
1872 462 1928 525 A
1951 470 2059 518 tem
2090 463 2376 534 quamdam
2407 465 2474 521 de
2493 464 2693 522 foreste
2712 472 2919 539 nostra,
2948 469 3258 546 contiguam
3283 472 3401 545 ipso
3423 491 3538 534 mo.

262 572 431 628 liceat
480 569 781 621 memorato
828 559 1008 617 abbati
1054 561 1273 637 suisque
1312 560 1719 616 successoribus
1765 573 1856 613 res

260 656 477 735 praefati
508 652 817 711 monasterii
857 669 980 709 cum
1020 652 1272 708 omnibus
1310 650 1415 707 sibi
1460 650 1719 721 subjectis
1754 650 1857 708 sub

264 749 514 809 tuitionis
558 754 722 819 atque
761 744 1118 801 immunitatis
1152 751 1355 801 nostrae
1401 743 1733 810 defensione,
1766 757 1854 798 re-

261 852 413 901 mota
440 842 609 899 totius
636 837 938 910 iudiciaria:
962 839 1244 908 potestatis
1265 837 1856 909 inquietudine,quieto

261 936 462 995 ordine
491 934 805 1007 possidere;
859 941 914 989 et
941 931 1201 1003 quidquid
1234 931 1289 987 in
1329 946 1396 986 eo
1445 930 1610 987 ﬁscus
1658 930 1855 987 exinde

262 1031 487 1102 exigere
514 1035 727 1100 poterat
755 1033 847 1082 aut
878 1040 1119 1097 sperare,
1147 1034 1356 1082 tantum
1384 1026 1440 1080 in
1472 1025 1705 1082 fratrum
1746 1026 1850 1081 sti-

261 1123 475 1195 pendiis
505 1129 560 1179 et
595 1120 650 1177 in
686 1119 1045 1176 luminaribus
1086 1119 1328 1191 ejusdem
1375 1119 1620 1176 ecclesia:
1672 1120 1853 1176 consi-

265 1215 498 1286 gnandis
526 1221 686 1284 atque
722 1213 1053 1286 pauperibus
1078 1211 1304 1280 alendis,
1332 1213 1471 1269 sicut
1498 1212 1701 1268 dictum
1746 1220 1848 1279 est,

264 1305 446 1362 cedat.
470 1304 865 1362 Constituimns
892 1305 1055 1361 etiam
1073 1345 1087 1370 ,
1121 1312 1181 1360 ut
1206 1304 1638 1377 quandocnnque
1668 1306 1850 1363 divina

263 1396 553 1459 vocatione
585 1406 916 1457 memoratus
945 1398 1112 1454 abbas
1141 1397 1226 1452 vel
1257 1412 1599 1459 successores
1628 1398 1743 1471 ejus
1781 1398 1849 1453 ab

263 1487 371 1544 hac
405 1487 525 1543 luce
571 1488 943 1560 migraverint,
985 1488 1258 1544 licentiam
1314 1489 1553 1546 habeant
1599 1488 1883 1561 monachi.

263 1579 464 1639 ibidem
491 1582 846 1638 consistentes
871 1582 1029 1637 talem
1068 1583 1210 1638 inter
1239 1598 1298 1640 se
1325 1599 1422 1657 per
1451 1593 1698 1641 nostrum
1725 1599 1848 1640 suc-

264 1688 651 1744 cessorumque
673 1683 982 1732 nostrorum
1006 1691 1330 1733 consensum
1353 1676 1551 1749 eligere
1569 1678 1842 1744 abbatem,

264 1769 357 1838 qui
385 1767 466 1824 eis
490 1769 787 1824 secundum
816 1770 1059 1842 regulam
1087 1771 1259 1827 sancti
1289 1771 1570 1829 Benedicti
1610 1787 1843 1845 praesse

1959 556 2214 623 nasterio,
2253 572 2374 627 quae
2401 556 2469 615 ad
2514 557 2704 633 ﬁscum
2743 567 3009 625 nostrum,
3065 564 3282 620 nomine
3314 564 3536 624 Colum-

1957 648 2172 705 barium
2202 646 2482 722 (Colmar),
2531 650 2775 720 aspicere
2819 650 2905 706 vel
2930 652 3205 723 pertinere
3224 655 3458 724 videtur,
3483 659 3540 717 in

1957 748 2143 797 nostra
2174 742 2515 814 eleemosyna
2544 742 2716 798 eidem
2736 745 3067 799 monasterio
3096 748 3535 808 concederemus.

1956 832 2120 905 Cujus
2140 835 2391 906 precibus
2418 852 2516 906 pro
2548 836 2816 892 mercedis
2843 845 3040 893 nostra:
3062 848 3348 909 augmento
3377 848 3431 896 et
3450 856 3538 898 re-

1954 931 2195 986 verentia
2232 929 2373 985 illius
2399 931 2572 986 sancti
2592 930 2694 987 loci
2721 931 2877 987 nobis
2906 932 3257 1003 acquiescere
3278 933 3456 1003 libuit,
3482 945 3539 993 et

1955 1022 2022 1079 de
2048 1022 2271 1094 praefata
2312 1022 2513 1080 foreste
2552 1032 2735 1080 nostra
2760 1034 2968 1095 partem
2998 1026 3285 1095 quamdam
3304 1040 3402 1097 per
3422 1027 3540 1084 loca

1953 1114 2298 1172 denominata
2320 1123 2480 1187 atque
2508 1116 2866 1172 determinata
2920 1117 3095 1172 eidem
3130 1120 3458 1175 monasterio
3481 1120 3536 1175 in

1953 1217 2139 1265 nostra
2173 1209 2513 1281 eleemosyna
2545 1209 2611 1264 ad
2634 1209 3008 1265 necessitatem
3037 1218 3093 1265 et
3116 1211 3405 1268 utilitatem
3431 1212 3539 1268 fra-

1953 1308 2101 1355 trum
2130 1298 2242 1355 Deo
2275 1299 2409 1355 inibi
2447 1299 2752 1371 degentium
2781 1301 3078 1357 concedere
3106 1302 3338 1373 placuit;
3373 1303 3427 1360 id
3451 1311 3539 1359 est

1948 1407 2047 1464 per
2073 1391 2271 1459 locum,
2294 1390 2386 1447 ubi
2403 1390 2757 1446 Bredembach
2782 1392 2987 1448 rivulus
3012 1393 3065 1448 in
3086 1393 3383 1450 Fachinam
3408 1411 3537 1452 con-

1912 1496 1917 1501 ·
1947 1479 2087 1549 ﬁuit,
2115 1497 2330 1538 sursum
2357 1465 2620 1553 usquead
2636 1482 2816 1539 locum
2830 1483 2921 1539 ubi
2948 1483 3065 1554 ipse
3087 1484 3293 1541 rivulus
3314 1492 3536 1557 surgere

1946 1573 2138 1647 incipit
2163 1594 2175 1629 :
2208 1574 2400 1630 deinde
2422 1589 2519 1646 per
2548 1574 2797 1630 semitam
2824 1591 2945 1646 quae
2971 1574 3281 1631 nominatur
3298 1576 3533 1647 lsneida,

1947 1686 2119 1741 usque
2142 1671 2208 1726 ad
2256 1678 2491 1728 montem
2523 1670 2615 1742 qui
2650 1671 2953 1744 appellatur
2993 1671 3406 1746 Swarzimberg;
3451 1676 3541 1733 de-

1913 1773 1917 1777 '
1946 1765 2071 1821 inde
2090 1779 2188 1837 per
2236 1764 2491 1821 eumdem
2516 1766 2753 1822 medium
2788 1778 3030 1824 montem
3059 1783 3228 1838 usque
3276 1769 3344 1825 ad
3378 1768 3539 1840 Lapi-

262 1837 320 1913 ἐι
354 1860 611 1930 prodesse
633 1869 798 1931 queat
831 1878 846 1917 :
876 1837 1147 1931 quatenus
1172 1878 1358 1920 servos
1392 1864 1490 1921 Dei
1516 1837 1717 1920 ibidem
1740 1865 1847 1923 Do-
1874 1837 1922 1898 B
1948 1855 2375 1927 dem-Magnum,
2412 1857 2502 1927 qui
2527 1856 2673 1928 jacet
2714 1857 2779 1912 ad
2814 1857 3048 1913 radicem
3080 1837 3301 1925 muniis,
3341 1868 3397 1915 et
3415 1837 3540 1916 Ill—(Ie

263 1950 412 2005 mino
439 1949 780 2017 famulantes,
802 1971 903 2025 pro
928 1956 1084 2011 nobis
1106 1956 1365 2028 proleque
1397 1953 1585 2014 nostra
1635 1973 1700 2015 ac
1741 1968 1851 2015 sta-

260 2038 473 2098 bilitate
504 2043 672 2099 totius
707 2045 918 2116 imperii
959 2049 1133 2103 nostri
1173 2048 1383 2105 Domini
1414 2051 1848 2108 misericordiam

261 2146 490 2188 exorare
520 2134 769 2192 delectet.
804 2136 935 2193 Illud
962 2139 1125 2195 etiam
1153 2157 1251 2212 per
1276 2153 1519 2200 nostram
1554 2146 1851 2219 auctorita-

261 2231 371 2279 tem
397 2226 743 2287 concedimus
772 2237 827 2287 et
853 2229 1255 2299 conﬁrmamus,
1291 2243 1454 2307 atque.
1479 2246 1697 2295 nostros
1726 2253 1849 2294 suc-

263 2329 513 2375 cessores
540 2332 793 2389 rogamus
811 2328 871 2375 ut
894 2321 999 2377 hoc
1030 2327 1419 2382 monasterium
1460 2328 1560 2384 sub
1590 2345 1685 2384 sua
1721 2344 1847 2401 spe-

261 2403 388 2459 ciali
419 2406 642 2467 tuitione
671 2411 962 2477 retineant,
989 2421 1046 2469 et
1074 2431 1254 2487 neque
1297 2417 1365 2473 ad
1389 2418 1722 2490 episcopum,
1751 2435 1848 2478 ne-

260 2511 369 2567 que
396 2498 465 2553 ad
491 2500 636 2555 aliud
664 2506 1055 2561 monasterium
1086 2507 1194 2562 ullo
1226 2524 1461 2580 unquam
1491 2520 1734 2581 tempore
1777 2514 1846 2568 ab

260 2589 369 2646 illis
395 2592 735 2663 subjiciatur,
755 2607 848 2652 aut
875 2598 930 2653 in
960 2600 1284 2656 beneﬁcium
1308 2603 1529 2659 cuilibet
1554 2605 1844 2673 tribuatur,

218 2692 223 2695 '
261 2684 358 2747 sed
388 2683 724 2745 solummodo
753 2687 805 2745 in
831 2686 956 2763 jure
1004 2698 1059 2748 et
1086 2691 1313 2749 tuitione
1342 2693 1553 2750 illorum
1594 2708 1694 2768 pro
1725 2712 1846 2755 om-

260 2776 423 2833 nibus
460 2782 791 2852 temporibus
812 2784 879 2838 ad
900 2785 1261 2842 monasticam
1287 2787 1533 2841 ordinem
1560 2788 1849 2847 observan-

262 2868 390 2924 dum
422 2872 678 2941 persistat
707 2887 723 2927 :
754 2875 939 2946 sicque
964 2875 1067 2933 hoc
1092 2885 1334 2933 nostrum
1366 2878 1672 2935 donationis
1713 2895 1848 2950 opus

260 2957 613 3019 immobiliter
627 2976 966 3035 conservent,
982 2968 1121 3023 sicut
1141 2978 1301 3039 pacta
1326 2985 1420 3025 sua
1448 2985 1478 3024 a
1501 2970 1614 3025 suis
1631 2985 1847 3026 succes-

260 3054 481 3112 soribus
505 3062 1219 3132 conservanda-optaverint.
1245 3062 1371 3120 Hmc
1398 3080 1529 3120 vero
1550 3065 1847 3122 auctoritas

261 3153 322 3199 ut
356 3145 654 3215 pleniorem
684 3151 739 3205 in
775 3152 870 3208 Dei
914 3154 1134 3209 nomine
1177 3155 1421 3211 obtineat
1446 3157 1704 3228 vigorem,
1738 3174 1847 3212 ma-
1870 3192 1917 3256 Ο

262 3234 418 3256 μειη-
482 3255 498 3256 η
645 3240 677 3254 ..
820 3245 874 3256 ,Α
994 3246 1020 3256 -
1180 3247 1191 3256 .
1607 3250 1638 3256 __
1828 3251 1839 3256 ,

262 3234 422 3293 nibus
475 3240 710 3312 propriis
755 3245 942 3301 subter
987 3246 1339 3315 ﬁrmavimus,
1370 3256 1425 3303 et
1460 3250 1641 3305 annuli
1670 3251 1843 3307 nostri

260 3327 622 3399 impressione
651 3335 854 3408 signari
872 3335 1155 3408 jussimus.

338 3419 562 3492 Signum
593 3423 849 3482 Ludovici
886 3428 1112 3497 piissimi
1140 3428 1505 3501 imperatoris.

335 3511 559 3584 Signum
581 3515 823 3574 Lotharii
848 3519 1173 3591 gloriossimi
1195 3520 1445 3595 Augusti.

338 3605 718 3667 Hirminmaris
754 3614 1000 3676 notanius
1041 3615 1111 3672 ad
1154 3614 1328 3673 vicem
1375 3616 1644 3691 Fridugisi
1691 3632 1845 3676 reco-

265 3702 449 3775 gnovi.

336 3794 473 3849 Data
503 3791 726 3850 Kalend.
762 3795 1010 3865 Augusti,
1041 3814 1204 3869 anno,
1226 3798 1446 3858 Christo
1486 3803 1743 3874 propitio,
1778 3803 1846 3859 l3

206 3908 215 3911 ι
262 3886 477 3958 imperii
505 3889 685 3944 domui
710 3888 967 3967 Ludovici
985 3892 1212 3963 piissimi
1235 3892 1555 3965 Augusti,et
1577 3893 1842 3961 Lotharii,
1898 3902 1903 3907 ’

264 3978 455 4036 indict.
485 3980 541 4034 4.
571 3980 765 4037 Actum
791 3982 1066 4041 Carisiaco
1098 3985 1300 4057 palatio
1335 3987 1487 4060 regio
1523 3987 1579 4043 in
1606 3988 1703 4044 Dei
1748 4004 1847 4045 no-

204 4092 211 4097 η
264 4072 414 4128 mine
440 4072 686 4131 feliciter.
717 4074 912 4132 Amcn.

911 4167 1191 4226 CXXXIII.

631 4276 734 4317 PRO
759 4276 1095 4319 NONASTERIO
1123 4278 1478 4322 GREGOBIANO.

884 4340 1069 4427 (Anno‘
1084 4357 1233 4429 826.)

204 4470 213 4481 ·
264 4442 444 4519 [Apud
472 4440 697 4513 Mabill.,
719 4445 1164 4523 Αιζηιιιηιίὶειιςά.⁷
1193 4455 1323 4523 tom.
1355 4446 1419 4523 II2
1453 4464 1576 4523 pag.
1605 4449 1730 4519 724,
1777 4465 1841 4507 ex
1918 4500 1931 4519 ,

308 4577 343 4587 κ
687 4518 1000 4573 authentico
1042 4518 1421 4593 Cregoriano.]

334 4614 394 4670 In
437 4613 656 4671 nomine
694 4613 908 4669 Domini
938 4616 1032 4670 Dei
1088 4623 1143 4670 et
1169 4615 1469 4673 Salvatoris
1514 4619 1689 4674 nostri
1721 4616 1848 4676 Iesu

262 4706 487 4773 Christi,
512 4705 830 4773 Ludovicus,
858 4707 1040 4769 divina
1060 4708 1343 4765 ordinante
1363 4710 1723 4781 providentia,
1755 4713 1852 4767 im-
1938 4702 1939 4705 “

262 4807 484 4872 perator
498 4798 793 4870 Augustus.

340 4891 398 4946 Si
438 4888 777 4948 liberalitatis
800 4901 1001 4948 nostra:
1020 4907 1241 4949 munere
1265 4893 1332 4949 de
1370 4894 1647 4953 beneﬁciis
1679 4912 1710 4952 a
1736 4896 1848 4955 Deo

206 5030 217 5036 -
260 4982 476 5040 wilatis
520 4983 696 5049 nobis,
727 4983 861 5039 locis
887 4982 996 5039 Deo
1019 4984 1213 5041 dicatis
1254 4985 1454 5057 aliquid
1495 4986 1844 5057 conferimus,

264 5076 322 5132 id
343 5076 498 5133 nobis
518 5082 573 5130 et
597 5075 667 5131 ad
685 5075 968 5132 mortalem
981 5077 1149 5133 vitam
1168 5077 1398 5135 feliciter
1422 5079 1846 5152 transigendam,

204 5215 213 5219 -
263 5178 323 5227 et
345 5167 413 5225 ad
432 5176 691 5225 aeternam
717 5171 1098 5241 perpetualiter
1133 5172 1479 5231 obtinendam
1507 5174 1849 5246 profuturum

263 5260 472 5332 liquido
509 5260 798 5317 credimus.
874 5261 1081 5318 Idcirco
1104 5274 1292 5319 notum
1336 5266 1408 5321 sit
1434 5266 1674 5322 omnium
1719 5268 1850 5323 ﬁde-

202 5396 215 5405 .
264 5350 403 5408 lium
429 5361 742 5410 nostrorum
761 5360 871 5409 tam
893 5356 1240 5424 prmsentium
1268 5372 1427 5428 quam
1458 5364 1514 5412 et
1543 5357 1847 5414 futurorum

212 5484 219 5509 ς
264 5448 567 5510 industriae,
615 5448 741 5518 quia
773 5448 856 5503 vir
887 5447 1225 5504 venerabilis
1249 5448 1562 5506 Gotafridus
1587 5450 1754 5508 abbas
1781 5466 1848 5507 ex

202 5585 213 5591 -
263 5538 597 5597 monasterio
629 5540 802 5597 sancti
831 5540 1101 5611 Gregorii,
1151 5541 1293 5610 quod
1328 5541 1435 5596 alio
1462 5543 1678 5598 nomine
1711 5543 1850 5601 Con-

206 5680 209 5681 ν
264 5628 444 5687 fluens
462 5640 703 5697 vocatur,
736 5630 1026 5701 pestulavit
1051 5647 1169 5696 nos,
1196 5640 1255 5688 ut
1276 5648 1373 5688 nos
1391 5633 1461 5688 ob
1477 5632 1761 5690 utilitatem
1790 5644 1846 5690 et

268 5722 652 5778 necessitatum
681 5719 905 5777 fratrum
928 5722 1123 5779 ibidem
1148 5720 1258 5779 Deo
1298 5720 1694 5795 famulantium,
1722 5740 1848 5796 par-

330 5870 385 5926 ,ε
417 5856 508 5917 Vel
533 5856 716 5929 potius
734 5858 823 5915 15.
879 5857 1041 5916 Eutr.

1946 1963 2120 2018 usque
2146 1947 2214 2002 ad
2242 1946 2566 2014 Fachinam;
2611 1956 3089 2020 quantumcunque
3117 1965 3250 2006 vero
3294 1951 3362 2005 de
3404 1966 3540 2021 prae-

1949 2040 2226 2097 nominata
2254 2039 2453 2095 foreste
2472 2049 2655 2095 nostra
2688 2041 2827 2096 infra
2843 2041 3184 2097 dinumerata
3209 2050 3264 2097 et
3281 2043 3538 2098 determi—

1946 2143 2076 2189 nata
2118 2132 2235 2189 loca
2277 2133 2643 2200 essevidetur,
2669 2142 2838 2190 totum
2871 2143 2928 2190 et
2948 2136 3015 2190 ad
3044 2136 3314 2208 integrum
3363 2137 3539 2193 eidem

1947 2228 2279 2283 monasterio
2314 2226 2366 2281 in
2390 2234 2576 2282 nostra
2597 2227 2938 2299 eleemosyna
2968 2229 3335 2285 concedimus.
3396 2229 3537 2298 Qua-

1947 2326 2170 2391 propter
2182 2316 2432 2373 volumus
2459 2325 2621 2387 atque
2636 2316 2888 2387 jubemus
2910 2325 2970 2372 ut
2998 2332 3096 2388 per
3120 2319 3262 2375 hanc
3290 2320 3536 2376 nostram

1949 2402 2322 2469 auctoritatem
2352 2454 2367 2479 ,
2405 2428 2504 2483 per
2552 2412 2671 2468 loca
2718 2414 2965 2484 superius
3001 2413 3344 2471 denominata
3368 2458 3383 2483 ,
3427 2423 3536 2471 tam

1947 2506 2151 2561 nostris
2174 2520 2337 2577 quam
2360 2513 2417 2560 et
2442 2505 2639 2562 futuris
2667 2508 3025 2578 temporibus,
3055 2509 3346 2579 prmdictus
3374 2494 3541 2568 Gota-

1904 2612 1911 2617 '
1947 2595 2118 2653 fridus
2163 2597 2332 2653 abbas
2374 2597 2604 2668 ejusque
2665 2613 3009 2655 successores
3055 2599 3141 2656 vel
3192 2603 3538 2673 congregatio

1906 2705 1911 2709 ‘
1947 2692 2116 2761 ipsius
2161 2691 2335 2747 sancti
2378 2691 2481 2746 loci
2527 2691 2974 2762 praznominatam
3019 2701 3230 2762 partem
3278 2692 3426 2750 silvae
3469 2696 3535 2752 de

1945 2783 2260 2855 prtescripta
2293 2782 2492 2839 foreste
2519 2791 2705 2838 nostra
2740 2784 2796 2838 in
2823 2792 3005 2839 nostra
3046 2782 3383 2856 eleemosyna
3407 2798 3539 2842 con-

1948 2893 2167 2933 cessam-
2182 2878 2434 2941 habeant,
2470 2887 2631 2948 atque
2649 2877 2771 2949 jure
2795 2888 3053 2949 perpetuo
3075 2880 3128 2933 in
3144 2879 3344 2935 ditione
3369 2878 3537 2950 ipsius

1947 2971 2261 3027 monasterii
2304 2971 2610 3026 consistat:
2657 2969 2734 3026 ita
2784 2970 3050 3026 duntaxat
3077 2978 3137 3025 ut
3180 2986 3303 3026 cum
3334 2970 3538 3045 aliquid

1948 3066 2014 3121 de
2044 3065 2158 3138 ipsa
2203 3065 2288 3121 vel
2317 3065 2370 3119 in
2409 3066 2525 3137 ipsa
2558 3067 2627 3120 ob
2648 3065 2933 3121 utilitatem
2966 3073 3020 3120 et
3040 3062 3342 3136 profectum
3363 3064 3533 3136 ipsius

1949 3161 2266 3216 monasterii
2296 3158 2477 3217 facere
2500 3160 2799 3228 voluerint,
2829 3160 2999 3216 libero
3030 3161 3084 3215 in
3119 3160 3371 3216 omnibus
3419 3175 3539 3231 per-

1948 3247 2201 3305 fruantur
2228 3252 2452 3307 arbitrio
2474 3251 2725 3307 faciendi.
2779 3251 2843 3306 Et
2887 3262 2945 3306 ut
2970 3252 3084 3307 haec
3109 3261 3308 3307 nostra:
3344 3260 3532 3317 aucto-

1944 3339 2127 3396 ritatis
2150 3342 2367 3397 donatio
2394 3352 2553 3414 atque
2578 3342 2919 3398 confirmatio
2948 3342 3454 3410 ﬁrmior'habeatur,
3482 3352 3537 3400 ct

1948 3442 2057 3491 tam
2092 3436 2293 3491 nostris
2322 3450 2484 3505 quam
2505 3450 2879 3491 successorum
2911 3445 3222 3499 nostrorum
3281 3435 3535 3509 tempori-

1944 3523 2048 3581 bus
2064 3525 2433 3582 inconvulsam
2458 3535 2623 3598 atque
2644 3525 3010 3583 inviolabilem
3046 3528 3289 3583 obtineat
3308 3527 3535 3584 ﬁrmita-

1949 3625 2076 3687 tem,
2111 3634 2276 3675 manu
2311 3619 2532 3691 propria
2581 3620 2767 3676 subter
2796 3634 2916 3675 eam
2946 3619 3301 3689 ﬁrmavimus,
3353 3629 3409 3678 et
3444 3637 3536 3677 an-

1905 3732 1910 3738 ·
1944 3709 2057 3768 nuli
2080 3712 2251 3768 nostri
2269 3712 2622 3783 impressione
2648 3713 2847 3784 signari
2864 3711 3144 3784 iussimus.

2021 3805 2245 3875 Signum
2269 3803 2522 3859 Ludovici
2558 3804 2890 3858 screnissimi
2915 3803 3279 3877 imperatoris.

2018 3895 2399 3951 Hirminmaris
2432 3896 2692 3953 diaconus
2743 3895 2810 3953 ad
2831 3895 3007 3953 vicem
3056 3893 3330 3969 Fridugisi
3373 3909 3528 3953 reco-

1948 3986 2127 4055 gnovL

2018 4079 2154 4135 Data
2174 4080 2351 4151 pridie
2370 4078 2495 4137 Idus
2518 4075 2686 4146 Junii,
2717 4094 2878 4147 anno,
2903 4077 3121 4136 Christo
3146 4076 3401 4153 propitio,
3423 4076 3488 4135 i0
3503 4092 3529 4122 α

1946 4176 2161 4247 imperii
2187 4175 2369 4231 domni
2390 4174 2646 4235 Ludovici
2674 4173 2904 4247 piissimi
2931 4173 3180 4246 Augusti,
3241 4173 3535 4232 indictione

1946 4271 2143 4343 prima.
2200 4269 2394 4325 Actum
2406 4268 2820 4326 Franconofurti
2838 4268 3039 4341 palatio
3067 4268 3216 4342 regio
3237 4268 3293 4325 in
3318 4266 3535 4325 Denuo-

1946 4362 2094 4418 mine
2130 4360 2380 4421 feliciter.
2438 4361 2636 4419 Amen.

2595 4448 2879 4509 CXXXIV.

1870 4560 2283 4627 DPMCEPTUI
2323 4561 2571 4604 LUDOVICI
2617 4563 2687 4602 ΕΤ
2732 4559 2990 4603 ιοτιιλιιιι
3048 4558 3150 4603 ιιιιο
3199 4556 3535 4603 Ιοιυετεκιο

2588 4632 2893 4674 ΡΒυΜιΕΝΒΙ.

2576 4709 2748 4785 (Anno
2770 4706 2920 4781 826.)

2205 4801 2563 4878 [Ilontheim.,
2606 4802 2748 4858 Hist.
2784 4800 2958 4870 Trev.,
2983 4816 3106 4875 pag.
3138 4799 3286 4875 175.]

2023 4887 2081 4943 In
2106 4889 2323 4945 nomine
2336 4889 2547 4944 Domini
2569 4895 2623 4944 et
2639 4886 2936 4944 Salvatoris
2955 4886 3129 4943 nostri
3150 4884 3277 4943 Jesu
3308 4884 3531 4951 Christi,

1900 5012 1904 5016 Α
1953 4979 2255 5037 Ludovicus
2281 4991 2338 5037 et
2355 4981 2664 5048 Lotharius,
2710 4982 2890 5039 divina
2924 4981 3209 5038 ordinante
3246 4978 3533 5051 providen-

1950 5076 2050 5142 tia,
2082 5077 2436 5145 imperatores
2467 5075 2713 5147 Augusti.

2022 5167 2224 5223 Notum
2255 5183 2374 5224 esse
2410 5166 2655 5223 volumus
2680 5164 2889 5223 cunctis
2934 5163 3181 5222 fidelibus
3209 5170 3409 5220 sancta:
3439 5160 3534 5217 Dii

1950 5264 2225 5331 Ecclesiae,
2268 5271 2323 5319 et
2345 5262 2563 5330 nostris,
2596 5260 2956 5333 prmsentibus
2997 5256 3202 5315 scilicet
3222 5267 3279 5312 et
3314 5255 3532 5319 futuris,

1950 5357 2076 5427 quia
2107 5357 2191 5411 vir
2210 5340 2534 5411 venerabilis
2563 5353 2875 5409 Tancradus
2898 5352 3065 5408 abbas
3082 5348 3414 5411 monasterii,
3444 5362 3533 5401 cu-

1944 5447 2037 5518 jus
2054 5446 2375 5503 vocabulum
2411 5455 2495 5503 est
2530 5442 2766 5509 Prumia,
2806 5444 2949 5514 quod
2983 5450 3065 5498 est
3087 5441 3322 5497 dicatum
3346 5440 3399 5493 in
3440 5438 3533 5491 ho-

1953 5538 2085 5598 nore
2137 5541 2350 5597 Domini
2388 5549 2444 5598 et
2473 5540 2770 5597 Salvatoris
2799 5538 2971 5595 nostri
3026 5535 3152 5594 Jesu
3201 5533 3433 5597 Christi,
3481 5540 3532 5586 ct

1952 5642 2154 5691 sancta:
2190 5634 2372 5691 Maria:
2397 5650 2611 5707 semper
2638 5632 2889 5706 virginis,
2915 5631 3060 5703 quod
3082 5628 3212 5686 olim
3240 5628 3398 5683 bona:
3418 5638 3530 5678 me-

1951 5730 2143 5790 moriae
2177 5747 2310 5791 avus
2334 5741 2518 5789 noster
2542 5729 2801 5815 Pippinus
2843 5727 3114 5803 quondam
3155 5737 3275 5791 rex,
3298 5728 3354 5789 et
3408 5716 3534 5773 avia
