4050 6340
558 412 700 479 1459
1698 397 2025 463 LUDOVICI
2060 397 2084 456 Ι
2123 386 2598 454 COGNOMENTO
2636 380 2723 445 Pll
3697 374 3844 437 “60

556 548 743 602 nostra
769 533 1032 594 Bertrada
1078 533 1135 589 in
1163 528 1326 588 rebus
1352 524 1698 601 proprietatis
1723 537 1912 580 eorum
1936 537 1968 576 a
2017 518 2139 575 tun-
2164 516 2219 580 Α
2239 521 2410 580 mant,
2443 518 2538 566 aut
2566 508 2702 564 ullas
2735 502 3148 602 redhibitiones,
3187 507 3282 602 aut
3322 495 3544 602 illicitas
3580 499 3844 602 occasio-

558 592 826 692 damentis
852 633 1294 692 construxerunt,
1331 592 1478 678 misit
1505 619 1663 675 nobis
1698 632 1798 689 per
1841 615 2140 672 monachos
2240 621 2339 663 nes
2375 615 2649 675 quaerere;
2700 599 2797 655 sed
2837 597 2998 654 liceat
3022 592 3620 692 rectoribusuprzedicti
3652 607 3847 646 mona-

557 687 686 788 suos
707 725 1084 783 auctoritatem
1109 687 1313 776 domini
1340 714 1585 788 praedicti
1623 687 1834 784 Pippini
1887 708 2050 782 regis,
2085 709 2141 763 in
2240 698 2393 756 sterii
2414 713 2539 754 cum
2559 695 2811 752 omnibus
2837 693 2999 788 rebus
3021 699 3076 788 et
3112 687 3400 788 mancipiis
3425 687 3713 788 pra-dicto

557 837 665 894 qua
693 816 1074 876 continebatur
1100 813 1386 875 insertum,
1435 807 1666 878 qualiter
1709 805 1851 860 idem
1877 808 2144 859 monaste-

558 916 701 971 rium
730 927 840 969 non
866 909 1038 966 solum
1076 905 1239 962 rebus
1283 897 1670 974 multiplicibus
1695 897 2019 962 ditaverint,
2050 909 2143 950 ve-

560 1023 684 1064 rum
713 1005 878 1061 etiam
927 1011 984 1057 et
1027 999 1158 1055 illud
1204 999 1303 1054 sub
1345 1012 1443 1054 sua
1468 995 1716 1059 tuitione,
1760 992 2146 1060 baeredumque

562 1112 808 1162 suorum,
855 1107 1048 1164 regum
1079 1088 1352 1153 videlicet,
1386 1085 1785 1148 constituerint,
1813 1097 1913 1137 nec
1939 1095 2046 1136 non
2090 1088 2148 1134 et

564 1189 944 1246 auctoritatem
965 1182 1171 1240 domini
1215 1191 1271 1238 et
1298 1179 1558 1252 genitoris
1587 1177 1761 1233 nostri
1781 1175 1962 1231 Caroli
1991 1175 2148 1229 bonae

566 1280 840 1340 memoriae
889 1271 1322 1350 praestantissimi
1370 1269 1737 1341 imperatoris,
1793 1266 1850 1321 in
1895 1279 2002 1337 qua
2030 1270 2150 1319 erat

565 1379 868 1436 exaratum,
901 1367 1134 1439 qualiter
1155 1362 1593 1420 constitutionem
1627 1359 1702 1430 pii
1722 1357 1894 1429 patris
1921 1355 2005 1412 sui
2027 1368 2153 1412 eon-

566 1467 878 1524 ﬁrmaverat
904 1471 962 1518 et
986 1459 1365 1522 constituerat,
1416 1462 1479 1509 ut
1512 1453 1570 1508 in
1588 1451 1754 1518 villis,
1794 1447 1880 1505 vel
1903 1449 1960 1503 in
1988 1447 2153 1503 rebus

566 1557 807 1630 przedieti
831 1551 1144 1611 monasterii
1166 1548 1345 1606 nullus
1367 1546 1535 1618 iudex
1555 1543 1803 1615 publicus
1821 1537 2154 1610 absqueeius

563 1650 822 1722 iussione,
845 1647 933 1704 vel
960 1645 1238 1702 bteredum
1265 1655 1507 1705 suorum,
1524 1637 1592 1694 ad
1614 1651 1807 1693 causas
1833 1633 2151 1698 audiendas,

569 1753 664 1800 aut
682 1741 834 1798 freda
852 1740 1091 1810 undique
1108 1734 1393 1808 exigenda,
1451 1746 1552 1787 nec
1587 1728 1929 1799 ﬁdeiussores
1957 1726 2154 1783 tollen-

567 1837 688 1902 dos,
727 1849 830 1890 nec
865 1846 1070 1898 scaras,
1103 1828 1189 1886 vel
1226 1825 1672 1890 mansionaticos,
1717 1837 1812 1879 seu
1855 1819 2152 1890 coniectos,

570 1936 684 1984 tam
715 1926 780 1982 de
804 1923 1037 1996 carrigio
1070 1933 1347 1992 quamque
1375 1917 1441 1973 de
1477 1914 1780 1987 paral'redis
1803 1914 2022 1986 exigere
2061 1920 2154 1968 aut

570 2024 826 2075 exactare
859 2020 1250 2088 praesumeret:
1294 2011 1389 2067 sed
1424 2007 1687 2080 quidquid
1730 2005 1931 2064 exinde
1959 2005 2026 2060 de
2060 2005 2157 2062 bo-

571 2111 804 2168 minibus
829 2109 1030 2165 francis
1053 2120 1080 2149 ι
1116 2120 1386 2177 quamque
1415 2111 1470 2159 et
1490 2101 1892 2169 ecclesiasticis,
1923 2115 2018 2157 seu
2044 2115 2158 2158 ser-

569 2202 861 2266 vientibus,
894 2199 987 2270 qui
1003 2197 1145 2254 infra
1173 2211 1353 2269 agros,
1367 2194 1454 2250 vel
1474 2194 1632 2261 ﬁnes,
1655 2209 1752 2250 seu
1777 2209 1940 2264 super
1955 2201 2156 2249 terram

570 2293 814 2366 praedicti
844 2289 1164 2348 monasterii
1192 2288 1386 2360 degere
1406 2287 1681 2353 videntur,
1707 2287 1870 2343 ﬁscus
1890 2294 1985 2342 aut
2009 2285 2159 2342 freda

572 2394 787 2457 poterat
815 2397 1054 2455 sperare,
1087 2397 1154 2438 ex
1185 2380 1302 2452 eius
1337 2378 1666 2451 indulgentia
1701 2379 1757 2433 in
1803 2377 2162 2433 luminaribus

571 2477 819 2552 praedicti
848 2475 1163 2533 monasterii
1190 2473 1465 2530 cederent.
1529 2471 1830 2527 Praedictus
1855 2471 2023 2526 etiam
2073 2471 2164 2526 ab-

573 2573 672 2630 bas
696 2571 1016 2642 deprecatus
1041 2576 1143 2635 est,
1175 2576 1236 2623 ut
1253 2583 1362 2623 non
1395 2565 1568 2622 solum
1607 2564 1693 2620 avi
1724 2573 1779 2620 et
1811 2572 2052 2636 paterna:
2073 2579 2166 2619 au-

572 2663 917 2722 ctoritatibus
945 2655 1220 2718 ﬁrmitatis
1247 2658 1476 2732 gratiam
1507 2665 1750 2714 nostram
1777 2656 2167 2728 superaddere-

574 2773 698 2813 mus
725 2754 1127 2820 auctoritatem,
1149 2761 1204 2809 et
1225 2752 1405 2824 ipsum
1424 2752 1831 2834 monasterium
1851 2766 1974 2807 cum
2002 2752 2166 2807 rebus

576 2856 634 2906 et
655 2848 986 2913 hominibus,
1013 2860 1133 2915 quae
1164 2843 1419 2915 prasenti
1449 2852 1692 2914 tempore
1739 2843 1794 2897 in
1837 2841 2168 2914 quibuslibet

575 2939 732 3010 pagis
753 2946 809 2994 et
833 2937 1145 3003 territoriis,
1169 2944 1281 2991 tam
1313 2951 1412 3007 per
1437 2935 1787 2991 traditionem
1809 2934 2053 3005 praedicti
2074 2934 2170 2992 do-

579 3030 712 3085 mini
733 3028 944 3100 Pippini
970 3028 1136 3100 regis,
1176 3042 1276 3084 ceu
1306 3035 1361 3083 et
1383 3027 1644 3097 genitoris
1669 3027 1862 3092 nostri,
1901 3026 1986 3083 vel
2011 3041 2079 3083 ex
2105 3026 2172 3083 li-

579 3121 866 3178 beralitate
893 3120 1188 3176 liberorum
1210 3117 1514 3183 hominum,
1561 3129 1672 3173 tam
1701 3132 1798 3189 per
1827 3117 2166 3186 traditiones,

579 3212 1049 3276 commutationes,
1081 3208 1442 3275 venditiones,
1473 3217 1567 3264 aut
1601 3225 1669 3265 ex
1694 3209 2056 3282 qualicunque
2095 3209 2171 3266 le-
2197 3246 2244 3310 Ο

2240 791 2480 847 nasterio
2509 789 2633 860 iure
2661 785 2930 860 possessis
2955 785 3139 856 quieto
3161 782 3354 838 ordine
3389 781 3579 836 vivere
3600 795 3669 835 ac
3708 780 3850 834 resi-

2243 884 2390 947 dere,
2429 878 2886 952 quemadmodum
2941 877 2998 931 in
3025 873 3271 946 praedicti
3309 871 3522 943 Pippini
3576 870 3753 941 regis,
3797 880 3851 924 et

2243 975 2448 1032 domini
2475 983 2639 1044 atque
2663 971 2927 1045 genitoris
2953 968 3123 1026 nostri
3141 967 3487 1032 auctoritate,
3525 964 3620 1020 vel
3651 965 3708 1018 in
3750 964 3848 1018 hae

2245 1076 2431 1125 nostra
2456 1068 2786 1132 continetur,
2813 1073 3000 1121 nostro
3012 1075 3496 1131 successorumque
3523 1070 3846 1115 nostrorum

2248 1161 2478 1218 ﬁdeliter
2507 1175 2699 1231 parere
2750 1158 3020 1228 imperio;
3064 1155 3298 1226 qualiter
3338 1152 3603 1210 monachi
3650 1151 3729 1205 ibi
3760 1165 3850 1220 per

2249 1251 2622 1310 successiones
2652 1251 2909 1322 degentes
2929 1249 3091 1305 liceat
3121 1247 3302 1317 quiete
3343 1246 3531 1300 vivere
3555 1251 3617 1299 et
3643 1241 3853 1296 miseri-

2251 1347 2493 1404 cordiam
2541 1345 2754 1401 Domini
2781 1359 2880 1415 pro
2908 1342 3063 1398 nobis
3082 1341 3340 1414 proleque
3367 1347 3558 1394 nostra
3591 1337 3854 1392 attentius

2251 1452 2500 1494 exorare.
2563 1433 2835 1506 Quidquid
2884 1434 3049 1490 etiam
3079 1433 3148 1490 de
3186 1432 3347 1488 rebus
3381 1430 3636 1502 praedicti
3666 1443 3854 1484 mona—

2252 1529 2403 1587 sterii
2425 1527 2516 1598 ius
2542 1527 2658 1584 ﬁsci
2683 1528 2902 1600 exigere
2928 1533 3163 1598 poterat,
3194 1533 3366 1581 totum
3394 1540 3496 1580 nos
3524 1537 3636 1593 pro
3655 1531 3856 1577 aeterna

2255 1619 2694 1678 remuneratione
2719 1618 2775 1674 in
2804 1617 3160 1673 luminaribus
3178 1613 3420 1687 praedicti
3451 1613 3787 1670 monasterii
3810 1621 3858 1668 et

2257 1712 2314 1768 in
2341 1709 2596 1766 alimonia
2643 1724 2967 1781 pauperum,
3009 1707 3098 1764 vel
3128 1708 3584 1765 sustentationem
3611 1707 3859 1776 peregri-

2258 1817 2453 1858 norum
2501 1802 2556 1857 in
2609 1809 2800 1857 nostra
2842 1800 3186 1872 eleemosyna
3215 1799 3470 1870 perennis
3515 1789 3860 1866 temporibus

2182 1878 2233 1940 Β
2260 1893 2630 1950 concedimus.
2695 1891 2823 1948 limo
2851 1907 2982 1946 vero
3023 1891 3320 1946 auctoritas
3349 1887 3636 1946 ﬁrmitatis
3663 1897 3862 1942 nostra:

2258 1993 2321 2041 ut
2343 1998 2440 2055 per
2467 1983 2739 2040 curricula
2764 1999 3032 2038 annorum
3059 1981 3427 2038 inviolabilem
3479 1980 3742 2036 obtineat
3772 1979 3861 2032 ﬁr-

2259 2075 2528 2142 mitatem,
2549 2076 2716 2132 etiam
2743 2075 2992 2130 manibus
3017 2073 3252 2145 propriis
3277 2073 3464 2128 subter
3493 2071 3859 2136 ﬁrmavimus,

2260 2176 2316 2225 et
2343 2169 2531 2224 annuli
2568 2168 2740 2224 nostri
2765 2166 3125 2238 impressione
3145 2165 3347 2237 signari
3367 2162 3670 2234 jussimus.

2334 2261 2557 2334 Signum
2579 2260 2836 2318 Ludovici
2859 2259 3206 2330 imperatoris
3226 2257 3290 2330 τ.
3353 2256 3590 2329 Signum
3617 2255 3862 2312 Lotharii

2262 2352 2637 2424 gloriosissimi
2703 2349 3052 2423 imperatoris
3087 2349 3147 2422 1-.
3229 2349 3258 2390 Β
3314 2347 3540 2421 Signum
3601 2345 3864 2402 Ludovici

2263 2447 2425 2520 regis.
2495 2444 2915 2518 Megmgmarius
2953 2443 3202 2501 notarius
3250 2442 3322 2500 ad
3361 2443 3540 2500 vicem
3590 2440 3863 2512 Fridugisi

2264 2553 2446 2610 recog.

2335 2632 2469 2686 Data
2495 2631 2728 2703 septimo
2741 2630 2965 2687 Kalend.
2983 2628 3169 2697 Febr.,
3194 2643 3353 2694 anno,
3370 2625 3596 2684 Christo
3610 2625 3862 2698 propitio,

2269 2727 2336 2782 15
2371 2726 2581 2797 imperii
2617 2725 2821 2782 domini
2847 2724 3140 2791 Ludovici,
3180 2731 3237 2780 et
3262 2722 3509 2779 Lotharii
3536 2719 3596 2785 4,
3637 2718 3865 2776 serenis-

2267 2819 2392 2874 sim.
2431 2817 2690 2890 August.,
2721 2816 2907 2874 indiet.
2933 2817 3023 2874 ιγ.
3064 2816 3259 2872 Actum
3291 2814 3633 2889 Aquisgrani
3670 2810 3867 2886 palatio

2268 2911 2457 2982 regio:
2489 2911 2545 2966 in
2574 2909 2670 2967 Dei
2690 2910 2910 2967 nomine
2933 2908 3185 2966 feliciter.
3235 2909 3430 2967 Amen.

2930 3021 3194 3078 CXXXV.

2626 3133 2728 3174 ΡΙιο
2766 3131 3108 3174 κοκλετειιιο
3145 3130 3191 3172 S.
3231 3130 3517 3172 nam“.

2890 3208 3064 3281 (Anna
3102 3207 3253 3279 827.)

581 3302 688 3374 gali
735 3302 926 3358 ordine
953 3299 1211 3372 prmsenti
1263 3308 1504 3372 tempore
1544 3301 1861 3371 praedictum
1892 3309 2044 3359 tenet
2085 3304 2172 3360 vel
2204 3298 2243 3310 “’“
2278 3298 2459 3374 [Apud
2495 3300 2559 3357 D.
2598 3301 2895 3374 Bouquet._,
2923 3309 3055 3356 tom.
3086 3299 3176 3367 IV',
3206 3298 3414 3374 p.550,
3438 3314 3512 3357 ex
3539 3298 3868 3357 chartulario

580 3394 822 3463 possidet
850 3391 1259 3458 monasterium,
1274 3391 1360 3448 vel
1381 3407 1501 3463 quae
1516 3393 1770 3465 deinceps
1792 3394 1848 3450 in
1866 3393 1991 3464 jure
2004 3395 2176 3466 ipsius

584 3467 757 3538 sancti
805 3481 909 3536 loci
941 3482 1119 3536 divina
1139 3481 1316 3552 pietas
1341 3482 1528 3554 augeri
1564 3483 1813 3549 voluerit,
1869 3483 1969 3540 sub
1990 3494 2176 3541 nostra

585 3574 812 3629 tuitione
825 3580 986 3642 atque
1002 3572 1357 3629 immunitatis
1371 3572 1684 3630 defensione
1697 3575 2174 3633 constitueremus.

584 3661 749 3734 Cujus
773 3664 1042 3735 "precibus
1081 3679 1270 3721 aurem
1307 3664 1628 3736 placabilem
1664 3669 2172 3727 accommodamus:

584 3757 686 3814 bos
712 3765 928 3813 nostros
955 3755 1263 3827 imperiales
1288 3757 1470 3828 apices
1490 3757 1607 3814 ﬁeri
1625 3759 1910 3830 iussimus,
1929 3775 2029 3832 per
2041 3777 2178 3834 quos

585 3848 946 3915 decernimus,
985 3856 1146 3919 atque
1168 3849 1441 3920 iubemus,
1475 3859 1537 3906 ut
1561 3849 1823 3921 quidquid
1859 3860 1969 3908 tam
1994 3868 2062 3908 ex
2083 3855 2180 3910 do—

587 3940 804 3998 natione
830 3955 1040 4012 regum,
1071 3940 1157 3996 vel
1179 3942 1468 3998 traditione
1486 3941 1780 3999 liberorum
1808 3944 2089 4000 hominum
2110 3945 2180 4002 ad

586 4033 731 4089 idem
772 4032 1165 4089 monasterium
1204 4033 1410 4104 legibus
1441 4031 1568 4103 jure
1607 4035 1938 4091 cumulatum
1971 4043 2083 4102 est,
2124 4045 2181 4093 et

586 4126 841 4197 praesenti
867 4133 1110 4196 tempore
1160 4125 1408 4198 legaliter
1427 4135 1576 4183 tenet
1607 4128 1690 4184 vel
1725 4129 1965 4198 possidet
1995 4146 2182 4186 mona-

587 4215 835 4282 sterium,
856 4215 942 4271 vel
963 4231 1026 4271 ea
1048 4232 1169 4287 qua:
1209 4217 1277 4274 ab
1305 4217 1433 4274 hinc
1458 4218 1514 4274 in
1539 4216 1781 4274 futurum
1809 4220 2007 4276 ibidem
2031 4219 2182 4290 iuste

586 4313 643 4362 et
667 4304 910 4378 legaliter
954 4307 1210 4363 traditum
1231 4307 1414 4374 fuerit,
1451 4310 1704 4381 perennis
1733 4312 2068 4383 temporibus
2094 4329 2182 4370 re-

589 4405 768 4454 ctores
791 4398 1034 4469 praedicti
1061 4399 1397 4467 monasterii,
1415 4402 1622 4473 absque
1645 4402 1807 4459 ullius
1828 4403 2028 4474 iniusta
2058 4421 2182 4462 con-

589 4489 894 4557 trarietate,
944 4499 1168 4547 teneant
1218 4501 1273 4547 et
1300 4495 1632 4564 possideant.
1688 4495 1913 4570 Insuper
1937 4503 2181 4575 praecipi-

2789 3371 2952 3441 bujus
2987 3370 3357 3444 monastérii.]

2348 3482 2409 3539 In
2450 3485 2671 3541 nomine
2715 3483 2930 3540 Domini
2979 3484 3076 3540 Dei
3107 3493 3166 3540 et
3197 3482 3502 3540 Salvatoris
3541 3486 3724 3542 nostri
3752 3482 3868 3541 Iesu

2277 3575 2524 3644 Christi,
2573 3576 2879 3634 Ludovicus
2912 3585 2969 3632 et
3014 3577 3327 3652 Lotharius,
3355 3575 3547 3632 divina
3588 3579 3869 3635 ordinante

2279 3667 2644 3740 providentia,
2662 3670 3020 3740 imperatores
3047 3668 3295 3740 Augusti.

2350 3758 2533 3815 Multis
2565 3761 2834 3831 siquidem
2863 3761 2918 3817 in
2945 3761 3172 3832 imperio
3193 3760 3424 3817 Domino
3444 3760 3760 3831 opitulante
3787 3777 3872 3816 no-

2279 3858 2395 3907 stro
2421 3851 2699 3922 cognitum
2727 3866 2849 3908 esse
2889 3867 3000 3908 non
3039 3852 3368 3924 ambigimus
3386 3874 3406 3919 ,‘
3439 3852 3691 3924 qualiter
3715 3852 3872 3923 quod-

2281 3942 2406 3999 dam
2452 3943 2843 3999 monasterium
2886 3944 3030 4014 quod
3072 3944 3270 4000 dicitur
3299 3942 3358 3999 S.
3386 3941 3687 4009 ﬂaxentii,
3722 3944 3872 3998 siuna

2281 4035 2340 4092 in
2370 4036 2648 4093 territorio
2679 4036 3036 4104 Pictaviensi,
3078 4038 3170 4094 ubi
3197 4036 3256 4093 S.
3285 4037 3665 4109 Leodegarius
3696 4051 3876 4108 corpo-

2281 4141 2343 4182 re
2370 4127 2688 4199 requiescit,
2719 4144 2843 4185 cum
2866 4129 3118 4186 omnibus
3147 4130 3310 4185 rebus
3337 4129 3442 4185 sibi
3472 4127 3630 4198 iuste
3666 4144 3877 4200 compe-

2283 4221 2521 4277 tentibus
2546 4262 2562 4288 ,
2605 4237 2705 4293 per
2747 4222 3072 4278 beneﬁcium
3106 4237 3297 4293 regum
3333 4231 3760 4279 antecessorum
3789 4237 3877 4277 no-

2282 4319 2520 4368 strorum
2566 4313 2623 4368 in
2650 4320 2919 4384 potestate
2944 4315 3206 4370 comitum
3248 4315 3567 4386 aliquandiu
3616 4317 3876 4371 constitu-

2283 4413 2396 4460 tum
2427 4420 2567 4472 esse,
2613 4413 2667 4461 et
2708 4411 2808 4463 nos
2852 4415 3038 4461 nostro
3082 4415 3325 4478 tempore
3366 4406 3677 4476 inspirante
3699 4407 3875 4462 divina

2281 4497 2662 4553 misericordia
2697 4497 2840 4553 idem
2876 4499 3266 4554 monasterium
3289 4539 3305 4565 ,
3329 4514 3452 4555 cum
3483 4501 3733 4570 quadam
3761 4515 3876 4572 por-

587 4598 733 4649 mus,
757 4591 919 4654 atque
940 4599 1041 4656 per
1057 4585 1200 4640 hanc
1225 4593 1470 4642 nostram
1483 4589 1863 4646 auctoritatem
1878 4594 2174 4662 sancimus,
2200 4610 2256 4671 Ῑ)
2281 4588 2430 4645 tione
2449 4605 2633 4645 rerum
2655 4589 2725 4645 ad
2747 4604 2804 4644 se
2825 4590 3238 4661 pertinentium.
3265 4590 3333 4645 ad
3355 4599 3560 4648 Statum
3583 4592 3873 4664 pristinum

588 4684 650 4732 ut
677 4676 858 4732 nullus
889 4676 1057 4747 iudex
1095 4677 1361 4748 publicus,
1415 4680 1501 4734 vel
1530 4680 1786 4751 quislibet
1807 4698 1875 4740 ex
1896 4684 2184 4755 iudiciaria

587 4775 856 4839 potestate
878 4769 932 4825 in
946 4767 1226 4839 ecclesias,
1251 4779 1343 4826 aut
1361 4770 1499 4839 loca,
1517 4773 1602 4828 vel
1630 4789 1809 4845 agros,
1825 4790 1921 4831 seu
1949 4777 2186 4849 reliquas

589 4860 962 4931 possessiones
983 4861 1227 4932 praedicti
1242 4863 1558 4919 monasterii
1580 4867 1648 4921 ad
1675 4881 1871 4923 causas
1894 4865 2186 4936 judiciario

590 4967 745 5009 more
772 4953 1092 5020 audiendas,
1130 4954 1216 5009 vel
1241 4957 1384 5013 sicut
1408 4957 1463 5012 in
1487 4967 1756 5030 praecepto
1791 4959 1996 5016 domini
2023 4970 2080 5018 et
2098 4978 2185 5035 ge-

591 5044 784 5102 nitoris
805 5045 979 5102 nostri
1005 5048 1264 5114 continet,
1294 5049 1379 5105 vel
1390 5048 1562 5118 freda,
1593 5059 1688 5106 aut
1709 5051 2056 5125 ﬁdeiussores
2081 5053 2183 5113 tol-

591 5135 797 5206 lendos,
830 5148 922 5195 aut
949 5155 1154 5207 scaras,
1177 5140 1263 5198 vel
1290 5143 1736 5211 mansionaticos,
1759 5159 1855 5200 seu
1882 5147 2178 5219 coniectos,

595 5235 704 5282 tam
735 5229 800 5285 de
829 5231 1082 5303 carrigio,
1129 5247 1290 5303 quam
1319 5233 1386 5290 de
1426 5231 1730 5305 parat‘redis
1765 5235 2064 5307 exigendis,
2089 5247 2184 5294 aut

593 5316 842 5376 homines
869 5320 1039 5391 ipsius
1065 5324 1379 5381 monasterii
1409 5332 1521 5380 tam
1541 5325 1777 5394 francos,
1822 5343 1986 5399 quam
2009 5330 2184 5387 eccle-

593 5410 865 5478 siasticos,
897 5413 981 5469 vel
1015 5416 1330 5483 servientes,
1386 5417 1479 5488 qui
1508 5417 1648 5474 infra
1677 5435 1853 5492 agros,
1903 5421 1986 5477 vel
2023 5422 2179 5492 ﬁnes,

592 5522 692 5565 seu
717 5521 879 5578 super
906 5514 1110 5564 terram
1150 5511 1397 5583 praedicti
1425 5513 1741 5569 monasterii
1771 5523 2014 5580 manent,
2043 5516 2181 5572 ban-

594 5616 728 5659 num
755 5608 849 5657 aut
873 5601 1246 5660 herebannum
1272 5605 1512 5676 exigere,
1558 5612 1652 5661 aut
1686 5614 1942 5663 exactare
1980 5623 2185 5680 praesu-

669 5753 696 5812 9
731 5741 811 5812 De
843 5743 1139 5800 hominibus
1169 5743 1386 5812 francis.
1428 5742 1542 5800 Hoc
1567 5752 1652 5800 est
1678 5742 1835 5798 laicis
1859 5742 2067 5799 liberis.

668 5809 700 5851 δ
740 5811 962 5883 Signum
1001 5809 1248 5866 Ludouici
1270 5817 1421 5883 regis.
1484 5815 1702 5869 Scilicet
1744 5813 2006 5880 Bavariae,
2060 5830 2180 5883 qua:

599 5893 850 5954 magnam
873 5882 1176 5938 Germaniae
1203 5882 1409 5955 partem
1437 5885 1538 5942 sub
1577 5899 1636 5942 se
1671 5882 2179 5962 comprehendebat.

994 6045 1032 6053 ----
1077 6042 1299 6054 εθ-’διρῆιασ
1343 6044 1348 6047 ¹

2282 4697 2568 4739 revocasse
2587 4723 2603 4748 ,
2651 4690 2708 4738 et
2755 4682 3007 4738 abbatem
3037 4682 3346 4755 regularem
3371 4683 3759 4750 constituisse,
3789 4684 3874 4754 qui

2281 4777 2579 4834 secundum
2617 4777 2856 4849 regulam
2882 4778 3056 4834 sancti
3086 4778 3364 4835 Benedicti
3399 4777 3576 4834 vitam

2281 4885 2404 4928 cam
2445 4871 2706 4943 degeret,
2752 4879 2809 4926 et
2851 4871 2953 4927 sub
2999 4869 3202 4926 nullius
3243 4879 3514 4942 potestate
3541 4881 3644 4927 aut
3674 4873 3874 4928 ditium

2281 4963 2647 5030 consisteret,
2696 4962 2800 5018 nisi
2825 4963 2926 5018 sub
2953 4973 3141 5019 nostra
3168 4963 3509 5036 ﬁliorumque
3533 4975 3870 5020 nostrorum.

2285 5058 2393 5115 Sed
2407 5059 2536 5129 quia
2557 5059 2866 5128 portionem
2882 5073 3068 5115 rerum
3090 5058 3335 5129 praedicti
3351 5059 3702 5126 monasterii,
3719 5072 3874 5131 quam

2283 5154 2463 5211 adhuc
2485 5162 2700 5210 constat
2725 5169 2851 5210 esse
2873 5154 2930 5210 in
2951 5154 3298 5222 beneﬁcium,
3320 5156 3586 5228 praedicto
3602 5168 3876 5214 monaste-

2284 5247 2368 5304 rio
2393 5255 2618 5319 propter
2652 5247 2942 5317 quamdam
2994 5246 3283 5304 utilitatem
3325 5249 3440 5305 sive
3488 5251 3876 5307 necessitatem

2282 5337 2437 5408 regni
2466 5337 2638 5393 nostri
2669 5379 2682 5405 ,
2733 5351 2853 5408 quae
2878 5335 3040 5393 modo
3069 5338 3349 5406 imminet,
3380 5340 3613 5396 reddere
3637 5356 3876 5413 praesen-

2286 5431 2468 5487 taliter
2495 5431 2802 5501 nequimus,
2832 5430 2954 5486 ideo
2976 5446 3099 5486 eum
3130 5431 3228 5504 [id]
3254 5447 3378 5488 cum
3401 5433 3660 5504 portione
3694 5449 3874 5490 rerum

2286 5540 2424 5596 quas
2450 5541 2594 5581 nunc
2635 5524 2878 5595 possidet
2908 5525 2978 5580 ab
3021 5524 3272 5580 omnibus
3319 5526 3666 5583 saecularium
3702 5538 3762 5584 et
3783 5543 3876 5599 pu-

2285 5617 2550 5674 blicarum
2577 5632 2759 5674 rerum
2788 5617 3251 5688 impeditionibus,
3289 5619 3343 5674 id
3368 5627 3452 5674 est
3477 5618 3546 5674 ab
3574 5619 3876 5691 expeditio-

2285 5751 2654 5898 ;idg’lsotruvq
2722 5751 2884 5861 Corp.
2936 5751 3072 5810 Hist.
3096 5749 3307 5824 Germ.,
3347 5751 3670 5828 Period.tv,
3731 5757 3877 5826 Sea.

2245 6031 2289 6047 vn...
