4050 6340
225 396 338 456 ιιδι

1339 382 1733 443 DIPLOMATA
1774 377 2327 436 ECCLESIASTICA.

3323 382 3463 437 1162

225 524 285 566 ne
307 502 577 562 exercitali
603 511 656 559 et
685 503 878 558 bannis
916 510 1079 573 atque
1103 500 1418 557 heribanais
1451 509 1507 555 et
1529 497 1782 569 operibus
1810 500 1862 559 Α
1885 504 1968 550 est
2020 496 2228 550 Tumba
2269 496 2549 551 Rodiliana
2577 539 2591 562 ,
2649 501 2826 555 casale
2875 504 3129 574 Restani,
3180 515 3238 564 et
3280 509 3463 567 casale

225 598 434 672 publicis
493 597 608 651 sive
658 599 865 667 paratis
919 595 1225 652 absolutum
1274 604 1329 649 et
1380 596 1623 665 quietum
1665 607 1785 646 esse

226 688 528 746 omnimodis
587 688 965 758 praecipimus;
1032 687 1099 741 de
1154 686 1403 757 portione
1436 699 1569 740 vero
1603 698 1784 737 rerum

226 779 452 851 pmdieti
484 777 823 841 monasterii,
851 792 991 846 quas
1019 777 1225 842 adhuc,
1253 777 1396 830 sicut
1422 774 1671 844 superius
1706 772 1787 826 di-

226 881 359 929 ctum
384 877 486 936 est,
516 869 571 923 in
595 877 867 938 potestate
898 868 1238 923 diversorum
1269 867 1548 921 hominum
1573 881 1672 936 per
1695 865 1788 919 be-

226 962 461 1020 neﬁcium
505 981 627 1021 esse
675 972 928 1030 constat,
973 964 1319 1036 praecipimus
1361 971 1523 1033 atque
1567 976 1662 1032 per
1690 961 1789 1016 hos

225 1056 516 1127 imperiales
563 1057 744 1127 apices
788 1064 1008 1111 nostros
1051 1055 1328 1110 sancimus
1361 1062 1525 1123 atque
1549 1050 1792 1107 decerni-

227 1165 338 1206 mus
355 1158 434 1216 ut,
469 1163 612 1221 smpe
633 1149 778 1205 dicto
807 1148 1136 1204 monasterio
1162 1147 1218 1202 S.
1257 1145 1513 1202 Maxentii
1540 1152 1596 1200 et
1617 1152 1793 1199 recto-

232 1242 364 1298 ribus
404 1243 523 1314 ejus
563 1257 738 1298 nonas
777 1251 835 1298 et
882 1242 1121 1298 decimas
1162 1248 1325 1312 atque
1359 1254 1525 1310 opera
1559 1237 1795 1309 pleniter

234 1332 542 1402 persolvant,
571 1332 744 1387 donec
783 1331 1011 1386 Domino
1055 1330 1344 1401 adiuvante
1385 1344 1484 1399 per
1511 1343 1611 1383 nos
1646 1328 1795 1397 ipsos

234 1425 332 1479 sive
353 1440 448 1495 per
469 1423 609 1480 ﬁlios
631 1431 687 1480 et
712 1437 1058 1480 successores
1084 1431 1302 1479 nostros
1333 1422 1651 1494 praedictam
1671 1434 1796 1490 por-

233 1516 416 1572 tionem
445 1531 631 1572 rerum
679 1517 748 1572 ad
799 1524 1160 1571 memoratum
1189 1515 1504 1572 venerabile
1524 1523 1798 1568 monaste-

233 1595 379 1671 rium,
411 1605 479 1661 ad
505 1605 648 1676 quod
675 1621 774 1677 per
798 1605 1069 1678 justitiam
1095 1606 1352 1676 pertinet,
1377 1604 1610 1674 pleniter
1635 1610 1799 1671 atque

233 1707 423 1771 integre
452 1699 603 1754 reddi
630 1699 746 1754 sive
774 1699 989 1754 restitui
1014 1697 1296 1754 faciamus.
1349 1697 1416 1753 Et
1447 1705 1508 1753 ut
1532 1698 1648 1752 haec
1671 1710 1800 1749 con-

233 1789 452 1844 ﬁrmatio
473 1797 658 1845 nostra
672 1805 771 1859 per
786 1789 1057 1844 curricula
1081 1829 1095 1843 .
1130 1828 1145 1843 .
1181 1829 1194 1844 .
1234 1830 1250 1846 .
1281 1829 1296 1843 .
1337 1829 1351 1843 .
1395 1831 1408 1843 .
1434 1796 1528 1843 ant
1555 1797 1798 1857 tempora

1888 587 2238 654 Crummolo,
2289 590 2422 644 silva
2471 591 2808 661 Leguriano,
2859 598 2990 653 silva
3033 599 3308 672 Agolaria,
3337 621 3464 663 casa

1887 680 2079 746 Lauto,
2126 698 2319 753 campo
2358 684 2631 752 Rovirito,
2679 703 2872 759 campo
2907 693 2972 748 de
3002 693 3207 761 Rusco,
3241 697 3469 772 Campo-

1887 773 2068 842 longo,
2104 773 2375 830 Bruniana
2397 818 2410 842 ,
2462 778 2652 833 civitas
2697 781 2907 836 Gemini
2944 800 3014 839 na
3038 826 3052 850 ,
3101 803 3220 857 qua:
3241 802 3467 848 vocatur

1887 867 2144 922 Flexiana
2165 910 2179 933 ,
2223 870 2583 950 Quarantole,
2618 871 2917 942 Ureniana,
2960 877 3343 950 Verminitica,
3376 885 3470 940 Ni-

1890 963 2078 1028 ratica,
2107 946 2474 1031 Calendatica,
2521 966 2824 1033 Pilliciana,
2876 970 3148 1038 Corniola,
3197 976 3265 1030 ad
3298 946 3469 1046 perti-

1889 1053 2114 1108 nencias
2138 1056 2537 1126 suprascriptas
2571 1072 2659 1113 res
2691 1059 2837 1128 iusta
2865 1058 3027 1115 ﬂuvio
3053 1061 3316 1132 Moclena,
3345 1083 3473 1122 con-

1892 1144 2028 1201 ﬁnes
2056 1147 2291 1202 civitatis
2321 1148 2643 1204 Geminiana
2664 1191 2679 1217 ,
2727 1152 2905 1208 casale
2931 1154 3268 1224 Menterioni,
3309 1170 3475 1232 atque

1893 1239 2072 1294 casale
2102 1239 2368 1306 Firmani,
2400 1250 2456 1296 et
2481 1241 2660 1298 casale
2679 1243 2908 1313 Alperti,
2940 1253 2994 1300 et
3016 1249 3192 1304 casale
3221 1251 3476 1310 Tassina-

1894 1333 1998 1398 ria,
2027 1349 2122 1388 seu
2147 1334 2326 1389 casale
2373 1349 2534 1390 omne
2559 1335 2785 1404 Brixili,
2831 1347 2993 1409 atque
3032 1343 3212 1399 casale
3244 1345 3474 1416 Bruxili,

1896 1441 1989 1482 seu
2039 1426 2240 1492 Curlo,
2298 1435 2353 1481 et
2399 1426 2682 1493 Tumbole,
2733 1436 2897 1499 atque
2929 1429 3100 1487 Fossa
3141 1432 3395 1501 Bruxola,
3422 1447 3480 1494 et

1897 1515 2143 1586 Corrigio
2171 1516 2478 1584 Brancudo,
2524 1527 2580 1573 et
2616 1519 2766 1576 Valle
2794 1520 2958 1588 Alba,
2989 1534 3042 1579 et
3071 1527 3250 1582 casale
3281 1529 3481 1586 Fonta~

1898 1607 2074 1672 nellaz,
2107 1616 2162 1662 et
2187 1607 2434 1678 Corrigio
2461 1609 2632 1676 Boni,
2681 1627 2775 1667 seu
2804 1615 2985 1670 casale
3013 1616 3189 1684 Acus,
3220 1626 3276 1672 et
3302 1622 3481 1677 canale

1901 1700 2107 1756 Tallolo
2150 1718 2164 1755 :
2215 1709 2271 1756 et
2304 1701 2528 1772 insuper
2564 1703 2668 1757 alia
2710 1704 2943 1760 fundora
2979 1709 3065 1763 vel
3091 1710 3328 1779 casalia,
3358 1729 3483 1770 cum

1901 1791 2153 1846 omnibus
2184 1792 2252 1847 ad
2277 1793 2494 1848 easdem
2523 1796 2686 1851 rebus
2713 1799 3040 1868 generaliter
3065 1801 3148 1855 vel
3177 1804 3484 1872 specialiter

233 1878 584 1935 mviolabilem
611 1887 774 1949 atque
801 1879 1171 1935 inconvulsam
1191 1879 1433 1934 obtineat
1461 1878 1796 1942 ﬁrmitatem,
1825 1865 1874 1926 B
1903 1886 2299 1954 pertinentibus
2324 1887 2410 1941 vel
2441 1865 2810 1956 adiacentibus
2831 1932 2845 1956 ,
2892 1892 3006 1947 sive
3045 1865 3360 1952 tributarias
3401 1897 3488 1953 vel

234 1971 400 2026 annuli
431 1971 603 2027 nostri
639 1962 1001 2042 impressione
1021 1972 1211 2027 subter
1230 1971 1432 2043 signari
1448 1969 1729 2039 iussimus.

291 2075 317 2104 ι
343 2063 536 2118 Datum
567 2077 621 2118 v1
658 2062 779 2118 Kal.
806 2061 1081 2129 Octobris,
1106 2079 1268 2130 anno,
1297 2062 1514 2118 Christo
1544 2062 1800 2134 propitio,

233 2154 291 2210 l5
315 2153 457 2226 [Leg.
494 2152 585 2227 14]
613 2153 829 2224 imperii
860 2153 1065 2210 domini
1095 2153 1353 2219 Ludovici
1382 2153 1728 2223 imperatoris
1749 2161 1806 2208 et

232 2247 461 2302 Lotharii
486 2247 539 2312 6,
579 2245 875 2302 indictione
905 2247 958 2301 5.
1013 2246 1213 2302 Actum
1240 2245 1574 2317 Compendio
1601 2245 1804 2316 palatio

232 2338 371 2411 regio
399 2338 456 2393 in
484 2337 583 2393 Dei
603 2338 824 2395 nomine
854 2337 1105 2394 feliciter.
1133 2339 1327 2394 Amen.

864 2429 1150 2488 CXXXVI.

269 2531 570 2579 LOTEABIUS
602 2537 730 2580 Δῦθω
769 2537 1113 2579 ιοΝΑετεκιο
1147 2537 1537 2578 ΝοΝΑΝτυιΑΝο
1577 2537 1755 2578 ιυιτλ

789 2609 930 2649 BONA
968 2609 1235 2649 CONFERT.

826 2681 999 2756 (Anno
1051 2683 1202 2757 827.)

272 2774 452 2848 [Apud
478 2773 766 2842 Muratori,
796 2775 978 2847 Antiq.
1007 2775 1165 2843 Ital.,
1197 2784 1328 2832 tom.
1356 2775 1420 2844 II,
1452 2791 1577 2848 pag.
1602 2776 1754 2852 197.,

293 2865 501 2922 Domno
523 2865 785 2923 Lothario
809 2867 1056 2938 Augusto
1082 2867 1310 2941 paciﬁca
1334 2869 1664 2939 imperatore
1692 2869 1809 2926 Au-

231 2965 413 3028 gusto,
453 2957 804 3014 serenissima
831 2958 1201 3019 Romanorum
1227 2959 1480 3030 patricio,
1520 2975 1552 3014 a
1582 2959 1694 3016 Deo
1720 2976 1811 3017 eo-

228 3055 438 3112 ronato,
491 3049 678 3104 sedem
719 3041 1036 3118 paciﬁcam,
1086 3049 1481 3106 beatitudinem
1530 3056 1808 3108 tenentem

227 3139 546 3205 Romanam,
571 3138 1076 3210 Longobardorum.

297 3231 562 3288 Omnibus
593 3231 807 3303 imperii
833 3233 918 3290 sui
946 3241 1003 3288 et
1035 3234 1442 3292 venerabilibus
1472 3233 1610 3291 locis
1643 3234 1808 3290 debe-

224 3341 287 3382 re
332 3335 553 3382 cautum
593 3335 679 3382 est
715 3329 1102 3385 venerabiliter
1145 3331 1422 3401 expositas
1465 3330 1524 3386 in
1562 3333 1815 3388 omnibus

229 3419 440 3490 legibus
462 3459 476 3473 .
497 3459 514 3476 .
532 3459 548 3472 .
570 3459 586 3475 .
604 3458 619 3474 .
640 3460 654 3474 .
689 3429 1020 3492 praeceptum
1058 3423 1115 3477 in
1149 3423 1449 3478 venerabili
1484 3426 1816 3482 monasterio

229 3513 387 3569 nobis
415 3528 514 3585 pro
541 3553 556 3568 .
577 3553 591 3567 .
611 3553 626 3568 .
656 3514 767 3569 tivo
793 3515 1103 3585 expositum
1134 3524 1239 3572 est.
1291 3517 1369 3572 De
1394 3517 1687 3588 aliquantis
1720 3520 1820 3574 ita-

228 3621 336 3677 que
366 3605 529 3661 rebus
554 3621 585 3659 a
612 3606 768 3662 nobis
792 3608 1069 3663 concessis
1102 3615 1159 3663 et
1185 3597 1404 3664 tributis
1432 3609 1487 3664 in
1513 3609 1631 3681 ipso
1656 3626 1820 3667 vene-

222 3698 390 3753 ravili
419 3698 767 3764 monasterio,
819 3697 905 3754 vel
945 3698 1014 3754 da
1060 3699 1474 3772 quibuscunque
1509 3701 1822 3756 hominibus

222 3788 318 3844 vel
339 3788 590 3858 personis
619 3789 855 3844 tributas
890 3789 1030 3856 sint;
1074 3789 1284 3861 aliquas
1313 3806 1401 3846 res
1425 3791 1510 3846 vel
1530 3805 1822 3847 concessas

223 3878 284 3933 in
315 3874 498 3949 ipsam'
517 3878 834 3951 religionem
858 3878 943 3934 vel
981 3877 1098 3948 eius
1135 3881 1461 3950 patrimonio
1496 3889 1658 3952 atque
1693 3897 1822 3953 pos-

224 3971 511 4027 sessiones
552 3971 754 4028 lucrari
802 3970 1041 4027 videtur.
1102 3973 1337 4043 Ideoque
1365 3988 1463 4043 per
1492 3974 1674 4030 omnia
1700 3974 1730 4014 ιι
1770 3975 1824 4030 in

223 4071 425 4118 nostro
448 4063 728 4119 territorio
751 4062 1135 4119 Emilianensi
1160 4105 1176 4132 ,
1214 4065 1300 4120 vel
1323 4066 1391 4120 ad
1415 4075 1624 4137 partem
1670 4067 1829 4122 Moti-

221 4170 460 4211 nensem
508 4155 650 4210 inira
695 4154 937 4212 conﬁnes
979 4157 1215 4214 civitatis
1259 4157 1580 4215 Gemini-ana
1607 4202 1621 4227 ,
1668 4162 1830 4218 rebus
1909 4171 1912 4173 ‘

221 4247 444 4304 nosuis
489 4246 795 4302 donniratis
839 4247 926 4303 vel
963 4247 1308 4314 colonicatis,
1356 4250 1470 4306 sive
1495 4251 1562 4307 de
1590 4252 1828 4322 publico,

209 4337 355 4394 sive
403 4337 470 4393 de
505 4338 720 4419 privato
763 4339 832 4394 ad
866 4348 1112 4396 nostram
1154 4342 1389 4414 regalem
1422 4343 1641 4400 domum
1671 4346 1835 4416 perti-

222 4434 498 4490 nentibus
530 4434 618 4490 vel
661 4433 1054 4505 adiacentibus,
1103 4445 1164 4491 ut
1191 4437 1336 4507 quod
1367 4437 1437 4493 ad
1461 4446 1704 4494 nostram
1736 4440 1834 4496 do-

223 4539 394 4580 mum
432 4523 697 4591 debetur,
748 4523 884 4579 idin
925 4525 1116 4580 eodem
1144 4528 1510 4597 suprascripto
1536 4528 1835 4584 venerabili

1904 1977 2208 2042 censurias,
2241 1978 2355 2032 sive
2376 1977 2693 2035 donnicatas
2716 1981 2802 2035 vel
2831 1983 3181 2053 colonicatas,
3210 1989 3488 2047 actoribus

1906 2069 1975 2136 ad
2001 2069 2221 2123 easdem
2262 2109 2277 2124 .
2322 2111 2335 2123 .
2382 2111 2396 2124 .
2441 2110 2456 2125 .
2495 2073 2660 2127 rebus
2695 2075 3026 2143 generaliter
3054 2077 3143 2133 vel
3181 2081 3491 2149 specialiter

1902 2160 2302 2228 pertinentibus
2341 2161 2427 2216 vel
2474 2162 2847 2232 adiacentibus
2875 2167 2930 2220 in
2963 2167 3133 2236 ipsius
3165 2171 3406 2228 conﬁnes
3435 2181 3494 2229 et

1904 2249 2118 2317 latera,
2173 2261 2336 2322 atque
2374 2253 2443 2308 ad
2489 2257 2861 2328 suprascripta
2906 2257 3138 2316 fundora
3185 2271 3243 2317 et
3290 2265 3491 2321 casalia

1904 2343 2240 2411 pertinentes
2269 2343 2355 2399 vel
2399 2343 2710 2412 adjacentes
2733 2387 2748 2414 ,
2797 2349 2884 2404 vel
2910 2350 2977 2405 da
3007 2351 3124 2424 ipso
3162 2356 3496 2413 monasterio

1906 2434 2223 2490 donnicatas
2262 2435 2350 2491 vel
2380 2435 2707 2494 colonicatas
2735 2440 2791 2493 in
2821 2441 2941 2511 ipso
2971 2446 3268 2502 venerabili
3305 2463 3497 2504 mona-

1906 2524 2076 2579 sterio
2105 2525 2219 2602 sint
2261 2526 2545 2600 privilegio
2587 2532 2794 2602 positas
2836 2533 2956 2589 sine
2993 2535 3175 2606 aliquo
3210 2539 3496 2598 obstaculo

1906 2615 1995 2671 vel
2026 2618 2437 2686 oppdsicionem
2462 2620 2694 2694 alicujus
2722 2626 3135 2683 contrarietatis
3169 2638 3354 2686 nostra
3383 2631 3500 2703 ple—

1910 2709 2143 2764 nissima
2167 2711 2487 2783 largicione.
2551 2715 2706 2770 Unde
2753 2725 2814 2771 ut
2860 2733 3196 2790 quaecunque
3238 2736 3496 2792 persona,

1909 2816 2031 2872 qua:
2080 2811 2268 2858 nostro
2302 2815 2576 2876 prmeepto
2619 2815 2883 2864 statutum
2924 2819 3038 2877 est,
3071 2827 3294 2880 conare,
3325 2814 3502 2870 invio-

1909 2892 2026 2949 lare
2054 2903 2150 2950 aut
2176 2895 2489 2969 infringere,
2517 2900 2624 2955 siat
2649 2915 2708 2956 se
2744 2904 3174 2981 compositurum
3209 2916 3504 2980 cognoscat

1909 2985 2112 3041 mulcta
2140 3003 2273 3043 auro
2299 2990 2486 3046 obrizo
2528 3006 2818 3048 mancosos
2871 3003 3110 3051 centum.
3170 2995 3369 3053 Nostra
3396 2998 3503 3054 ita-

1911 3094 2018 3149 que
2042 3091 2247 3136 statuta
2278 3083 2668 3140 inviolabiliter
2696 3088 2989 3146 observare
3015 3089 3380 3159 praecipimus.

1982 3169 2180 3226 Datum
2210 3173 2309 3227 sub
2331 3173 2419 3228 die
2446 3181 2502 3229 et
2525 3190 2711 3231 mense
2723 3175 2990 3248 Augusto,
3008 3179 3278 3237 iudicione
3291 3180 3499 3251 quinta.

1835 3236 1880 3299 C
1987 3261 2282 3318 Lotharius
2307 3263 2585 3336 Augustus
2608 3236 2918 3337 imperator.

2551 3379 2838 3439 CXXXVI!
2849 3420 2865 3437 .

2316 3497 2416 3557 rso
2452 3515 2795 3559 nouas'rsmo
2831 3518 3108 3561 nsnvsusr.

2525 3592 2701 3665 (Anno
2751 3593 2901 3666 827.)

2083 3682 2259 3756 [Apud
2285 3683 2498 3751 Baluz.,
2528 3680 2760 3755 ϐαρεῖαι.
2792 3692 2925 3739 tom.
2955 3686 2996 3750 l,
3027 3701 3151 3758 pag.
3185 3687 3334 3761 65L]

1993 3778 2052 3831 In
2104 3778 2326 3832 nomine
2373 3777 2590 3832 Domini
2625 3777 2722 3832 Dei
2752 3784 2809 3832 et
2846 3777 3146 3834 Salvatoris
3170 3781 3343 3836 nostri
3379 3779 3507 3840 Jesu

1925 3872 2147 3927 Christi.

1997 3963 2304 4020 Ludovicus
2336 3973 2392 4021 et
2425 3965 2746 4032 Lotharius,
2789 3965 2974 4022 divina
3009 3967 3298 4026 ordinante
3330 3971 3514 4041 provi-

1928 4056 2129 4121 dentia,
2167 4057 2527 4126 imperatores
2549 4057 2799 4128 Augusti.

2002 4145 2062 4201 Si
2091 4146 2444 4218 petitionibus
2465 4163 2747 4204 servorum
2775 4150 2872 4206 Dei
2888 4151 3052 4223 iustis
3074 4161 3129 4209 et
3158 4154 3517 4212 rationalibus

1931 4239 2097 4294 divini
2148 4239 2326 4295 cultus
2370 4255 2557 4296 amore
2599 4240 2874 4310 favemus,
2914 4246 3134 4315 superni
3160 4247 3400 4302 muneris
3425 4246 3520 4303 do-

1932 4348 2063 4387 num
2108 4332 2264 4386 nobis
2315 4347 2346 4386 a
2377 4331 2605 4387 Domino
2647 4333 2915 4404 impertiri
2950 4337 3247 4393 credimus.
3306 4338 3518 4395 Idcirco

1934 4433 2121 4480 notum
2171 4440 2292 4480 esse
2338 4424 2586 4481 volumus
2633 4429 2843 4484 cunctis
2893 4429 3138 4485 ﬁdelibus
3179 4439 3380 4486 sanctae
3420 4432 3520 4489 Dei

1937 4517 2196 4573 Ecclesiae
2218 4526 2274 4572 et
2300 4517 2504 4573 nostris
2522 4559 2535 4584 ,
2572 4521 2935 4588 praesentibus
2963 4523 3173 4578 scilicet
3209 4533 3266 4579 et
3294 4523 3518 4592 futuris,

225 4616 578 4672 monasterio
626 4615 907 4682 tribuitur,
956 4617 1026 4671 da
1067 4616 1308 4672 conﬁnes
1351 4617 1521 4673 Fossa
1566 4617 1828 4688 Sclarola,
1855 4609 1910 4668 D
1937 4610 2061 4684 quia
2108 4610 2295 4665 adiens
2324 4611 2672 4666 serenitatem
2700 4611 2951 4667 culminis
2979 4615 3151 4669 nostri
3191 4614 3279 4669 vir
3305 4616 3522 4687 religio-

226 4721 338 4764 seu
388 4706 560 4763 Fossa
605 4707 918 4778 Pavignana
985 4709 1055 4764 ad
1119 4707 1358 4764 conﬁnes
1403 4709 1664 4780 Riparia,
1713 4712 1832 4783 ripa

234 4798 566 4869 Scoltenna,
600 4799 858 4862 et,ﬁuvio
911 4799 1155 4857 Moclena
1192 4817 1290 4872 per
1317 4817 1489 4872 usque
1522 4800 1684 4858 ﬁuvio
1721 4801 1829 4858 La-

221 4909 330 4950 ma
380 4908 558 4964 usque
605 4895 664 4950 in
717 4893 933 4951 Suleole
985 4909 1083 4965 per
1133 4911 1304 4967 usque
1347 4896 1404 4950 in
1433 4895 1736 4970 aBagnone,
1780 4898 1834 4954 id

310 5043 342 5073 ει
390 5029 589 5103 Simile
607 5038 692 5103 est
712 5038 1047 5103 praeceptum
1087 5030 1304 5101 Pippini
1337 5031 1513 5103 regis,
1545 5032 1733 5087 datum
1759 5045 1846 5087 eo-

223 5101 370 5158 dem
397 5117 542 5155 anno
569 5099 754 5155 Idibus
784 5099 1052 5156 Januarii.

311 5173 343 5213 δ
389 5172 572 5242 Verba
599 5169 690 5242 illa
715 5171 1005 5242 diligenter
1031 5173 1405 5228 animadverte
1447 5175 1503 5227 in
1533 5183 1712 5227 nostro
1742 5181 1849 5227 ter-

222 5245 438 5313 ritorio
468 5238 870 5313 ΔΞηιίῑίαηεηέὶ,
925 5242 980 5313 id
1008 5252 1111 5313 _est
1151 5244 1206 5297 in
1251 5244 1534 5313 provincia
1566 5259 1662 5297 seu
1689 5252 1847 5312 parte

221 5312 495 5368 ιΕηιὶιὶιε
516 5312 584 5366 ad
605 5325 709 5382 nos
730 5319 895 5382 atque
918 5312 985 5365 ad
1007 5311 1502 5382 ltalicum’regnum
1530 5311 1841 5382 spectante;

219 5382 320 5438 vel
355 5383 432 5437 ad
454 5393 656 5454 partem
687 5380 1034 5454 Motinensem
1066 5383 1209 5454 infra
1239 5380 1469 5454 conﬁnes
1496 5380 1721 5438 ciuitatis
1746 5380 1848 5438 Ge-

221 5451 515 5508 miniaria.
549 5452 750 5509 Eadem
783 5451 885 5506 fuit
914 5451 1109 5508 Civitas
1125 5451 1285 5508 ’Νουα
1319 5451 1381 5508 ac
1409 5452 1743 5520 Geminiana,
1769 5455 1846 5509 uti

220 5525 423 5597 etiam
453 5531 667 5597 constat
690 5539 788 5597 _ex_
825 5523 1142 5597 diplomate
1164 5523 1421 5597 Ludovici
1451 5524 1533 5580 Pii
1564 5525 1701 5597 apud
1733 5524 1842 5597 Sil-

220 5595 567 5676 lirigardum
599 5602 654 5649 et
690 5593 1018 5680 Ughellium.
1035 5594 1210 5680 “Infra
1220 5596 1511 5680 .repetitur‘
1523 5593 1712 5680 ciuitas
1733 5594 1850 5680 ᾔθε-

220 5663 518 5731 τηὶὴίαηα,
548 5680 665 5733 quae
696 5663 912 5719 vocatur
949 5665 1128 5720 civitas
1162 5663 1446 5720 Flexiana.
1479 5665 1538 5721 Si
1566 5667 1642 5720 ita
1669 5667 1842 5720 inter-

279 5736 582 5819 ungendus
603 5742 686 5790 est
707 5733 1019 5819 locus'iste,
1047 5745 1246 5819 praeter
1273 5735 1628 5819 Geminiome,
1663 5735 1846 5819 appel-

259 5803 523 5861 atidnem
552 5820 766 5875 quoque
801 5803 1074 5862 Flexiande
1109 5822 1174 5862 ea
1194 5808 1388 5864 civitas
1413 5806 1672 5862 detulisse
1697 5803 1854 5863 vider

1939 4723 2033 4762 sus
2054 4706 2256 4772 Hauto,
2302 4707 2472 4762 abbas
2513 4723 2578 4763 ex
2619 4708 2954 4763 monasterio
2987 4709 3132 4778 quod
3157 4717 3383 4764 vocatur
3408 4709 3520 4766 Pu-

1937 4801 2115 4857 teolus
2139 4842 2155 4868 ,
2206 4800 2350 4872 quod
2397 4808 2480 4857 est
2511 4801 2566 4856 in
2597 4801 2773 4856 Dervo
2821 4810 3192 4858 constructum
3230 4803 3285 4857 in
3316 4805 3525 4861 honore

1942 4900 2226 4954 beatorum
2263 4891 2411 4948 Petri
2435 4899 2492 4946 et
2518 4891 2693 4959 Pauli,
2717 4894 2987 4963 suggessit
3006 4894 3407 4950 mansuetudini
3428 4909 3526 4951 no-

1941 5032 2107 5087 etiam
2130 5027 2350 5100 haurire
2360 5026 2606 5100 _fortasse
2628 5040 2939 5100 possumus,
2950 5041 3066 5100 cur
3094 5025 3327 5100 Riparia_
3347 5042 3524 5100 (nunc

1943 5101 2160 5162 Rivara,
2188 5097 2314 5152 villa
2358 5097 2412 5151 in
2456 5111 2588 5167 agro
2629 5095 2811 5167 sancti
2849 5096 3065 5167 Felicis)
3093 5095 3402 5154 eonomine
3428 5099 3528 5154 do-

1942 5181 2070 5227 nata
2096 5168 2254 5224 fuerit
2283 5183 2297 5222 :
2330 5166 2524 5238 nempe
2551 5166 2695 5236 quod
2718 5167 2847 5238 olim
2877 5167 3018 5222 foret
3037 5166 3174 5238 Ripa
3206 5167 3524 5236 Scoltenna,

1944 5259 1976 5299 a
2005 5257 2113 5311 quo
2141 5251 2322 5294 tamen
2348 5237 2512 5293 ﬂuvio
2530 5253 2684 5311 nunc
2712 5237 2916 5311 aliquot
2938 5238 3128 5311 stadiis
3153 5239 3336 5311 distat.
3401 5239 3532 5296 Haec

1945 5308 2236 5369 annotasse
2279 5308 2547 5380 juvatﬁad
2601 5308 2950 5380 illustrandae
2996 5308 3377 5364 Mutinensium
3415 5325 3526 5375 res,

1948 5386 2060 5440 imo
2110 5391 2164 5438 et
2216 5379 2618 5450 Ca’rolidMagni
2648 5379 2856 5433 tabulas
2892 5387 3218 5450 postremas,
3249 5379 3306 5450 in
3332 5381 3530 5450 quibus

1950 5455 2110 5524 huius
2136 5452 2359 5507 civitatis
2390 5447 2553 5504 Nova?
2590 5450 2794 5505 mentio
2843 5447 2944 5504 est.
2996 5449 3095 5517 Qui
3129 5450 3250 5524 illas
3283 5447 3406 5524 falsi
3445 5467 3532 5506 su-

1949 5521 2188 5597 spicione
2213 5529 2593 5592 resperserunt
2613 5562 2627 5585 ,
2675 5535 2859 5576 secum
2882 5530 3152 5592 reputent,
3179 5521 3294 5575 ﬁeri
3317 5522 3530 5643 vix'lpo-

1951 5597 2140 5643 misse-
2171 5603 2231 5643 ut.
2259 5593 2620 5643 posteriorum
2657 5590 2976 5643 saeculorum
3008 5592 3270 5643 imnostor
3301 5591 3356 5643 in
3401 5607 3415 5642 ι
3459 5589 3530 5643 ud

1951 5589 2140 5660 tuisse,
2171 5603 2231 5648 ut
2259 5589 2620 5670 posteriorum
2657 5589 2976 5670 seculorum
3008 5592 3270 5670 impostor
3301 5591 3375 5670 in.
3401 5589 3531 5645 illud

1953 5661 2332 5722 testamentum
2389 5661 2685 5730 coniiceret
2735 5662 3008 5716 civitatem
3065 5663 3243 5725 illam,
3293 5661 3447 5727 cuius
3498 5674 3532 5716 ι

1952 5745 2103 5792 tanto
2147 5744 2392 5805 tempore
2433 5747 2504 5788 ne
2532 5732 2760 5804 vestigia
2783 5732 3000 5802 quidem
3036 5735 3314 5788 ruinarum
3341 5745 3532 5802 super-

1952 5816 2094 5866 θυαμ

234 5885 371 5932 tur.
418 5877 532 5947 Ego
562 5885 746 5931 tamen
788 5891 903 5930 rem
940 5875 1161 5932 dubiam
1194 5879 1462 5950 relinquo.
1512 5878 1687 5950 Atque
1714 5879 1844 5935 hinc
1903 5911 1912 5916 -
1994 5917 1998 5924 ι

664 5971 934 6034 ΡΑτιοι..
971 5967 1130 6031 CIV.

3016 5959 3091 6018 37
