4050 6340
529 341 672 401 1165

534 592 701 608 νυηυ·
750 592 917 601 μνη-
969 592 1198 617 ,νη-ης,
1246 592 1291 608 γε

534 640 812 714 regulare;
846 636 973 708 quia
997 648 1107 689 non
1138 629 1314 687 solum
1342 628 1486 683 idem
1515 626 1691 692 locus,
1724 624 1815 680 ubi
1844 592 2158 695 prmfatuml

535 730 933 792 monasterium
961 726 1246 782 fundatum
1284 728 1400 786 est,
1447 734 1637 773 verum
1670 716 1836 772 etiam
1864 722 1919 770 et
1944 726 2136 769 omnes

536 823 870 898 adjacentias
895 830 1169 891 congruas
1195 813 1426 869 haberet
1452 810 1627 867 servis
1655 809 1750 864 Dei
1775 806 2137 863 monasticam

536 923 707 978 vitam
739 918 937 990 degere
962 909 1290 969 volentibus.
1332 905 1470 960 Nam
1504 912 1559 959 et
1586 902 1867 975 privilegia
1895 898 2135 971 qualiter

537 1013 716 1085 ipsum
750 987 1144 1063 monasterium
1182 999 1250 1054 ad
1290 996 1657 1053 monasticum
1694 993 1940 1049 ordinem
1973 987 2138 1060 perli-

538 1082 794 1163 ciendum
822 1098 1103 1154 fundatum
1128 1101 1293 1155 esset,
1344 1099 1398 1145 et
1424 1097 1697 1161 praecepta
1732 1085 1938 1157 regalia
1979 1082 2136 1138 nobis

539 1195 798 1258 ostendit,
826 1190 917 1245 ubi
950 1185 1155 1257 liquido
1182 1181 1435 1254 apparuit
1465 1181 1610 1250 quod
1645 1176 1948 1247 antiquitus
1976 1188 2137 1244 regu-

539 1291 659 1346 lare
708 1280 1101 1342 monasterium
1138 1275 1349 1332 fuisset.
1392 1272 1502 1327 Nos
1536 1285 1666 1326 vero
1692 1271 1834 1324 hanc
1871 1280 1988 1321 rem
2018 1263 2138 1318 dili-

539 1381 757 1456 gentius
782 1377 924 1432 scire
954 1372 1201 1429 volentes
1220 1411 1234 1437 ,
1261 1367 1524 1437 iussimus
1560 1358 1926 1419 venerabilem
1955 1360 2137 1413 virum

541 1450 822 1528 llebonem
848 1466 1217 1521 Rhemensem
1249 1457 1720 1528 archiepiscopum
1744 1460 1801 1508 et
1831 1450 2042 1522 aliquos
2066 1462 2136 1504 ex

539 1560 899 1634 suifraganeis
930 1559 1045 1613 suis
1079 1555 1146 1610 ad
1177 1552 1503 1625 priedictum
1538 1549 1721 1603 locum
1752 1545 1857 1610 ire,
1908 1550 1965 1599 et
2011 1539 2136 1596 dili-

541 1666 731 1733 genter
754 1653 991 1717 intueri,
1028 1665 1135 1705 non
1172 1647 1347 1703 solum
1384 1646 1428 1699 si
1460 1644 1577 1714 ipse
1608 1641 1763 1697 locus
1803 1647 1963 1711 aptus
1991 1642 2139 1693 esset

542 1751 613 1808 ad
647 1745 1012 1804 monasticam
1058 1742 1306 1797 ordinem
1353 1733 1750 1791 observandum
1776 1774 1791 1799 ,
1842 1747 2034 1787 verum
2082 1737 2138 1784 et

538 1837 730 1906 utrum
755 1843 942 1901 clerici
966 1841 1040 1896 ibi
1063 1841 1324 1911 degentes
1350 1832 1652 1888 monastice
1678 1830 1883 1893 vivere,
1910 1842 1980 1881 an
2008 1840 2135 1880 non.

538 1937 626 1995 Illi
667 1951 798 1993 vero
843 1932 1044 1989 nostris
1086 1927 1426 1999 jnssionibus
1471 1924 1951 1993 obtemperantes,
2000 1918 2145 1973 sicut

540 2029 702 2086 nobis
729 2025 1022 2097 praedictus
1048 2020 1201 2076 flebo
1230 2017 1676 2088 archiepiscopus
1705 2010 2057 2076 renuntiavit,
2087 2018 2145 2066 et

546 2127 735 2191 aptum
766 2110 945 2172 locum
988 2114 1317 2167 invenerunt
1342 2109 1411 2163 ad
1438 2122 1686 2162 normam
1719 2102 2025 2176 regularem
2057 2117 2146 2157 cu-

542 2208 884 2268 stodiendam
910 2246 926 2272 ,
975 2211 1032 2259 et
1072 2201 1299 2258 clericos
1351 2200 1424 2254 ibi
1466 2198 1726 2270 degentes
1755 2201 1947 2267 sponte
1977 2194 2143 2248 vitam

542 2300 906 2358 monasticam
929 2337 944 2363 ,
995 2295 1137 2350 sicut
1180 2293 1289 2348 illis
1315 2289 1547 2363 professi
1581 2296 1743 2354 sunt,
1789 2287 2066 2356 suscipere
2092 2293 2148 2340 et

541 2402 817 2469 perpetuo
858 2392 1152 2446 observare
1198 2385 1356 2441 velle.
1427 2382 1535 2438 Sed
1581 2388 1642 2435 ut
1682 2380 1975 2450 praedictus
2011 2377 2147 2433 ordo

545 2483 889 2541 inonasticus
916 2482 975 2536 in
1001 2480 1191 2535 eodem
1228 2477 1347 2532 loco
1380 2473 1586 2529 nostris
1618 2480 1674 2527 et
1712 2470 1910 2526 futuris
1938 2478 2148 2539 tempo-

542 2577 698 2636 ribus
746 2572 815 2632 ad
863 2582 1109 2630 nostram
1152 2580 1644 2635 successurumque
1687 2571 1997 2618 nostrorum
2027 2576 2150 2632 per-

543 2681 766 2746 petuam
806 2669 1211 2738 eleemosyuam
1248 2663 1409 2735 digne
1448 2656 1853 2720 observaretur,
1877 2663 1933 2710 et
1960 2670 2151 2709 mona-

546 2744 636 2823 chi
662 2778 761 2835 per
788 2773 1037 2832 tempora
1069 2758 1332 2827 degentes
1371 2752 1668 2810 secundum
1703 2746 1946 2819 regulam
1974 2744 2150 2809 sancti

546 2854 834 2913 Benedicti
869 2856 1035 2909 vitam
1082 2851 1377 2922 degerent,
1420 2844 1715 2917 praedictus
1741 2840 1920 2896 llauto
1956 2838 2150 2904 abbas,

544 2948 805 3026 precibus
831 2948 1030 3018 quibus
1048 2943 1238 3007 valuit,
1269 2939 1481 3011 rogavit
1503 2945 1563 2991 ut
1588 2943 1833 2991 nostrum
1861 2932 2153 2989 confirma-

551 3045 720 3101 tionis
746 3048 1078 3114 praeceplum
1116 3036 1258 3090 idem
1298 3029 1692 3087 monasterium
1730 3027 1935 3083 habere
1973 3038 2153 3080 mere-

550 3144 725 3201 retur,
773 3132 913 3187 sinit
950 3137 1147 3184 caetera
1187 3122 1518 3180 monasteria
1552 3117 1945 3175 monachorum
1984 3117 2039 3172 in
2070 3129 2155 3171 re-

548 3238 684 3302 ‘gno,
714 3227 828 3281 Deo
853 3222 1110 3296 prepitio,
1144 3225 1332 3273 nostro
1358 3214 1567 3271 habere
1602 3219 1923 3267 noscuntur.
1984 3206 2153 3278 Cujus

551 3322 869 3393 petitionem
908 3316 1112 3386 justam
1147 3320 1202 3367 et
1255 3304 1639 3364 rationabilem
1673 3302 2005 3373 iudicantes,
2053 3317 2155 3373 per

552 3410 658 3465 hos
714 3404 1024 3476 imperiales
1075 3402 1261 3472 apices
1310 3408 1532 3454 nostros
1586 3394 1935 3467 praecipimus
1990 3399 2157 3461 atque

552 3501 812 3574 jubemus
840 3510 901 3555 ut
928 3500 1128 3559 abhinc
1164 3499 1220 3555 in
1252 3492 1842 3563 hitumm‘pmdictum
1882 3496 2159 3574 monaste-

559 3595 705 3650 rium
736 3594 838 3650 sub
862 3591 1167 3648 monastico
1198 3588 1389 3645 ordine
1408 3560 1698 3656 .persistat,
1723 3592 1779 3639 et
1805 3560 2060 3637 monachi
2082 3578 2158 3634 ibi

560 3687 824 3760 degentes
860 3687 965 3743 sub
1010 3684 1198 3755 regula
1229 3681 1411 3739 sancti
1451 3677 1761 3743 Benedicti,
1790 3674 2020 3731 Domino
2052 3673 2154 3729 sibi

561 3779 894 3850 adjuvante,
937 3775 1251 3849 perenniter
1297 3773 1465 3828 vitam
1521 3771 1723 3827 ducant
1775 3766 2154 3823 monasticam.

562 3870 633 3925 Et
656 3867 1098 3941 quandoquidem
1130 3864 1311 3920 divina
1339 3861 1628 3917 vocatione
1667 3857 1962 3930 praedictus
1989 3855 2160 3910 abbas

565 3961 636 4018 ab
680 3962 785 4017 hoc
834 3958 1033 4015 seculo
1081 3954 1417 4027 migraverit,
1464 3951 1709 4021 quandiu
1759 3949 1862 4019 ipsi
1907 3945 2161 4005 monachi

563 4051 713 4109 inter
754 4066 813 4107 se
849 4050 1013 4104 talem
1043 4048 1243 4119 eligere
1281 4043 1560 4117 potuerint
1599 4041 1695 4111 qui
1733 4040 1840 4095 illis
1862 4038 2164 4097 secundum

566 4146 817 4219 regulam
850 4156 1088 4215 praeesse
1125 4150 1183 4197 et
1216 4139 1475 4211 prodesse
1515 4134 1690 4206 possit
1709 4174 1725 4198 ,
1773 4147 1872 4203 per
1896 4132 2039 4187 hanc
2066 4144 2165 4185 no-

570 4249 754 4300 stram
799 4239 1183 4296 auctoritatem
1220 4234 1496 4291 licentiam
1533 4232 1773 4289 habeant
1808 4227 2041 4299 eligendi
2069 4226 2167 4284 ab-

564 4340 762 4405 bates,
810 4336 1047 4408 qualiter
1093 4332 1345 4391 monachi
1391 4345 1489 4401 per
1530 4336 1779 4400 tempora
1800 4324 1878 4381 ibi
1904 4324 2163 4393 degentes

566 4445 672 4503 pro
693 4429 873 4494 nobis,
921 4424 1241 4496 conjugibus
1289 4438 1355 4478 ac
1395 4420 1583 4477 liberis
1604 4418 1839 4481 nostris,
1864 4431 1966 4473 seu
1996 4415 2165 4470 totius

1685 319 2013 382 LUDOVICI
2048 318 2072 375 Ι
2110 312 2585 377 COGNOMENTO
2619 312 2714 377 ΡΠ

533 468 663 517 sti-ac
695 468 762 513 eo
796 450 941 525 quod
978 431 1303 522 praedictum
1336 420 1762 508 monasterium,
1793 440 1887 495 ubi
1913 439 2003 495 ille
2034 436 2132 492 Dei
2158 439 2211 503 Α

534 549 711 608 cultor
750 544 920 601 abbas
968 550 1199 617 praeest,
1238 546 1423 608 aptum
1452 542 1598 591 esset
1631 533 1699 589 ad
1736 532 2167 617 monasterium],

3699 302 3851 366 ιια

2866 423 3201 488 CXXXVIII.

2634 562 2737 607 rso
2758 557 3103 603 uomsrsnto
3151 547 3435 597 unum

2871 637 3045 711 (Anno
3081 635 3236 709 827.)

2231 736 2519 797 Dirimitur
2548 732 2810 790 contentio
2851 730 3092 786 abbatem
3138 730 3277 784 inter
3315 734 3366 783 et
3405 724 3601 799 ﬁscum
3635 725 3856 799 regis.

2733 806 2798 858 de
2820 802 2954 857 silva
2977 801 3327 855 Astenetensi.

2381 900 2558 976 [Apud
2589 899 2774 965 Mart.,
2810 896 2973 968 ampl.
2998 893 3146 962 coll.,
3169 905 3303 950 tom.
3330 892 3394 961 11,
3414 908 3545 965 pag.
3573 891 3705 966 24.]

2303 996 2364 1053 In
2392 997 2609 1053 nomine
2633 992 2851 1048 Domini
2890 990 2988 1046 Dei
3034 996 3091 1043 et
3135 986 3439 1043 Salvatoris
3479 986 3664 1042 nostri
3726 982 3856 1040 Iesu

2237 1090 2479 1157 Christi,
2532 1086 2841 1143 Ludovicus
2886 1093 2941 1140 et
2974 1083 3267 1139 Lotharius
3312 1082 3495 1139 divina
3548 1081 3856 1138 ordinante

2230 1178 2575 1263 providentia
2607 1183 2965 1253 imperatores
2991 1177 3240 1249 Augusti.

2277 1281 2508 1336 .Notum
2544 1292 2665 1333 esse
2690 1275 2938 1331 volumus
2958 1271 3201 1329 omnium
3226 1270 3470 1327 ﬁdelium
3496 1282 3851 1336 nostrorum,

2234 1372 2586 1446 praesentium
2632 1367 2841 1424 scilicet
2886 1374 2941 1422 et
2969 1365 3274 1421 futurorum
3303 1405 3320 1431 ,
3368 1366 3695 1437 sagacitati,
3729 1366 3857 1434 quia

2237 1460 2394 1521 Audo
2424 1463 2590 1518 abbas
2616 1459 2932 1516 monasterii
2975 1455 3130 1525 cujus
3157 1454 3478 1511 vocabulum
3520 1464 3613 1511 est
3646 1454 3857 1509 Stabu-

2232 1560 2359 1623 rlaus
2381 1567 2436 1615 et
2459 1554 2935 1619 Malmundarium,
2963 1550 3231 1607 accedens
3261 1551 3328 1605 ad
3352 1564 3513 1605 aures
3535 1548 3859 1604 clementia:

2242 1660 2464 1718 nostrae,
2509 1648 2736 1721 expetiit
2761 1645 2923 1703 nobis
2956 1645 3175 1710 dicens,
3206 1642 3498 1713 quamdam
3534 1640 3857 1696 contentio-

2245 1763 2372 1821 nem
2398 1746 2542 1802 inter
2586 1759 2648 1798 se
2689 1750 2745 1797 et
2780 1739 3060 1795 Albricum
3087 1746 3326 1793 actorem
3352 1735 3473 1791 ﬁsci
3497 1728 3722 1800 nostri,
3766 1734 3859 1805 qui

2251 1838 2433 1896 Tectis
2461 1841 2825 1904 nuncupatur,
2853 1836 3100 1886 exortam
3123 1842 3265 1892 esse,
3289 1827 3354 1882 de
3382 1827 3624 1896 quadam
3642 1826 3861 1882 scilicet

2249 1931 2384 1985 silva
2413 1942 2533 1999 qua:
2559 1927 2613 1982 in
2639 1925 2758 1980 loco
2792 1929 3140 1994 uuncupante
3161 1920 3504 1985 Astanetum,
3537 1919 3696 1974 inter
3724 1919 3861 1973 dum

2249 2023 2455 2081 rivulos
2502 2019 2812 2077 Tailerniou
2852 2024 2909 2072 et
2950 2008 3249 2072 Dulnosusn
3275 2027 3398 2069 esse
3448 2012 3702 2068 videtur.
3752 2011 3862 2068 Eos

2248 2127 2466 2189 quoque
2509 2110 2670 2182 hujus
2714 2108 3082 2166 contentionis
3123 2113 3180 2163 et
3208 2104 3491 2163 seditionis
3522 2104 3863 2175 qualitatem

2253 2219 2585 2281 cognoscere
2612 2203 2886 2265 volentes,
2926 2200 3178 2256 misimus
3205 2198 3342 2255 duos
3366 2214 3434 2253 ex
3472 2197 3736 2253 ﬁdelibus
3768 2212 3866 2257 no-

2252 2302 2384 2356 stris
2420 2294 2699 2355 Jastonem
2742 2293 2996 2351 videlicet
3042 2292 3302 2347 comitem
3332 2290 3527 2365 palatii
3571 2289 3761 2345 nostri
3812 2296 3866 2345 et

2249 2392 2546 2448 Wirnitum
2588 2387 2909 2458 magistrum
2950 2382 3304 2454 parvulorum
3366 2389 3693 2436 nostrorum
3721 2421 3741 2445 ,
3805 2387 3863 2433 ut

2251 2500 2378 2541 eum
2408 2484 2589 2539 locum
2618 2482 2684 2537 de
2710 2496 2816 2551 qua
2852 2476 3011 2547 hujus
3048 2475 3418 2535 contentionis
3467 2475 3714 2531 intentio
3736 2490 3865 2545 age-

2250 2579 2437 2642 batur,
2463 2576 2816 2646 iuspicerent,
2838 2580 2893 2627 et
2910 2587 3017 2642 per
3043 2571 3543 2627 cimus-manentes
3571 2570 3863 2638 utriusque

2251 2669 2427 2741 partis
2465 2668 2543 2722 rei
2571 2667 2862 2720 veritatem
2884 2664 3258 2733 inquirerem,
3297 2660 3390 2731 qui
3418 2660 3635 2716 reversi
3662 2677 3864 2715 renun-

2254 2764 2532 2825 tiaverunt
2574 2760 2739 2821 nobis
2774 2756 2922 2829 quod
2958 2770 3088 2812 cum
3123 2763 3461 2811 manuatus
3495 2751 3663 2808 Audo
3690 2753 3861 2811 abbas

2238 2866 2353 2926 εμπ
2378 2853 2687 2923 priscorum
2715 2862 2905 2922 θυμω
2941 2849 3281 2907 Francorum
3308 2846 3634 2902 donationis
3654 2860 3860 2916 praece-

2248 2956 2608 3020 ptamecaoa
2626 2943 2911 3003 etfamilia
2926 2943 3221 2999 memorati
3242 2942 3367 2997 ﬁsci
3390 2943 3597 3005 nostri,
3623 2956 3689 2996 ac
3715 2951 3860 2995 acto—

2244 3057 2346 3099 res
2388 3042 2629 3113 ejusdem
2662 3049 2897 3112 propter
2918 3041 3199 3109 antiquam
3240 3038 3703 3094 consuetudinem
3738 3052 3859 3092 suas

2259 3136 2694 3208 Opportunitates
2718 3143 2773 3190 et
2809 3134 3223 3190 commoditates
3242 3135 3300 3188 in
3327 3133 3521 3189 eodem
3548 3132 3695 3187 silva
3717 3147 3859 3188 com—

2248 3236 2500 3291 muniter
2524 3236 2733 3290 habere
2754 3232 3013 3315 debeant,
3050 3230 3161 3287 has
3193 3238 3379 3285 autem
3412 3229 3859 3300 opportunitates

2254 3339 2314 3387 et
2342 3328 2779 3394 commoditates,
2800 3334 3028 3397 propter
3046 3323 3424 3380 contentiones
3438 3330 3501 3376 et
3524 3320 3857 3379 discordias.

2255 3442 2327 3485 ne
2361 3427 2560 3484 abhinc
2602 3425 2658 3479 in
2704 3424 2949 3478 inuri-um
2980 3416 3386 3491 ’ﬁarrt,.plncuit
3416 3417 3579 3473 nobis
3622 3417 3683 3472 in
3720 3417 3859 3472 hunc

2255 3520 2480 3579 modum
2502 3516 2878 3573 determinari:
2906 3532 2919 3568 :
2952 3515 3004 3570 id
3027 3520 3131 3578 est,
3156 3526 3224 3567 vn
3242 3496 3375 3566 cum
3394 3517 3684 3580 praecepta
3712 3523 3861 3579 rega-

2246 3614 2353 3679 lia,
2386 3624 2508 3681 quae
2542 3610 2612 3665 de
2644 3614 2945 3664 memorata
2977 3604 3108 3661 silva
3136 3603 3283 3658 circa
3316 3600 3712 3672 praesa-lpum
3750 3610 3862 3653 uio-

2259 3703 2563 3760 nasterium
2596 3716 2631 3756 a
2660 3699 2866 3770 priscis
2888 3697 3235 3752 Francorum
3284 3693 3507 3764 regibus
3552 3688 3713 3747 facta
3751 3689 3864 3745 fue-

2259 3802 2413 3859 runt,
2462 3792 2795 3848 inviolabilia
2854 3795 3236 3860 permaneant,
3286 3800 3412 3841 cum
3455 3792 3702 3853 utraque
3742 3796 3863 3854 pars

2258 3887 2580 3944 monasterii
2608 3884 2859 3939 videlicet
2886 3890 2941 3937 et
2960 3881 3079 3937 ﬁsci
3115 3879 3287 3935 nostri
3312 3879 3566 3933 eamdem
3588 3877 3787 3931 silvam
3808 3876 3861 3929 in

2254 3979 2480 4051 pascuis
2500 3976 2822 4032 animalium
2834 3981 2899 4029 et
2922 3986 3216 4044 porcorum
3236 3970 3485 4034 utendis,
3513 3985 3643 4024 cum
3668 3969 3727 4023 in
3755 3970 3864 4022 rut

2258 4068 2643 4126 teriaminibus
2684 4067 2947 4123 faciendis
2987 4068 3044 4119 et
3088 4061 3490 4134 piscationibus
3541 4058 3865 4117 exercendis

2262 4165 2384 4220 sine
2419 4163 2737 4235 aliquolibe't
2762 4161 2992 4218 alterius
3012 4159 3189 4230 partis
3210 4156 3616 4229 impedimento
3640 4155 3864 4210 dimissa

2254 4258 2369 4314 ‘si‘bi
2408 4258 2643 4314 invicem
2682 4253 3031 4328 pastionatici
3070 4252 3393 4309 solutionem
3430 4251 3785 4320 mquabilitcr
3814 4254 3866 4303 et

2256 4351 2629 4408 communiter
2654 4348 2907 4413 habeant,
2933 4355 2988 4402 et
3024 4352 3217 4401 nostra
3246 4354 3374 4414 pars
3404 4341 3731 4397 nullatenus
3762 4354 3867 4394 me-

2258 4452 2535 4499 moratam
2570 4442 2767 4498 silvam
2812 4440 2959 4495 ultra
2999 4438 3333 4508 exstirpare,
3376 4442 3472 4489 aut
3510 4431 3866 4489 mansioniles

534 4557 548 4565 -
572 4523 727 4595 regni
756 4520 933 4578 nostri
958 4519 1275 4583 stabilitate,
1307 4515 1521 4571 Domini
1549 4512 1981 4569 misericordiam
2012 4509 2163 4564 inde-
2187 4538 2241 4602 Β
2267 4537 2320 4592 in
2340 4513 2415 4592 lea
2440 4535 2620 4592 facere
2645 4539 2957 4606 pmmmat.
2981 4532 3049 4587 Et
3077 4540 3137 4586 ιη
3162 4533 3263 4586 hoc
3291 4537 3491 4584 “osum
3516 4525 3865 4583 nummatis

570 4617 819 4677 sinenter
871 4627 1103 4670 exorare
1145 4611 1502 4668 delectentur.
1565 4606 1635 4662 Et
1688 4615 1749 4662 ut
1795 4606 1913 4661 haec
1961 4613 2164 4659 nostrai

576 4709 918 4766 auctoritatis
959 4703 1251 4778 praeceptio
1293 4717 1359 4758 ac
1389 4699 1729 4758 conﬁrmatio
1755 4714 1856 4769 per
1893 4696 2167 4753 curricula

575 4814 844 4859 annorum
892 4795 1257 4855 inviolabilem
1307 4802 1472 4864 atque
1519 4790 1888 4849 incouvulsam
1925 4789 2169 4846 obtineat

568 4892 917 4957 ﬁrmitatem,
940 4903 1116 4947 manu
1132 4885 1359 4958 propria
1389 4884 1577 4941 subwr
1612 4880 1951 4939 ﬁrmavimus
1981 4887 2038 4939 ot
2060 4894 2161 4937 «am

580 4984 693 5039 nuli
720 4983 891 5040 nostri
918 4979 1275 5052 impressione
1303 4975 1504 5048 signari
1524 4973 1807 5045 jussimus.

653 5074 880 5148 Signum
910 5072 1165 5130 Ludovici
1192 5068 1565 5143 gloriosissimi
1592 5062 1957 5136 imperatoris.

655 5165 880 5241 Signum
909 5165 1150 5224 lctbarii
1178 5162 1514 5220 serenissimi
1537 5158 1769 5234 Augusti

655 5254 1220 5316 Durandusdiaconus
1240 5255 1310 5311 ad
1320 5254 1496 5310 vicem
1520 5247 1803 5321 Fredugisi
1828 5242 2169 5317 recognovit.

658 5350 797 5409 Data
817 5367 857 5408 ll
885 5350 1012 5409 ldus
1052 5347 1375 5414 Februarii,
1419 5358 1561 5400 anno
1592 5341 1811 5401 Christo
1844 5338 2081 5412 propitio
2100 5334 2172 5391 14

588 5444 804 5519 imperii
829 5445 1037 5504 domini
1061 5442 1321 5502 Ludovici
1349 5437 1582 5513 piissimi
1608 5433 1838 5507 Augusti
1854 5474 1871 5500 ,
1896 5439 1952 5488 et
1973 5429 2175 5486 Lotha-

589 5537 658 5595 rii
688 5536 744 5604 δ,
775 5535 969 5593 lndict.
990 5533 1047 5591 δ.
1082 5534 1280 5593 Actum
1310 5525 1639 5602 Aquisgnni
1666 5524 1876 5599 palatio
1903 5521 2090 5596 regio,
2114 5519 2173 5576 in

588 5628 689 5688 Dei
712 5629 934 5688 nomine
961 5626 1215 5685 feliciter.
1242 5623 1439 5689 Amen.

2263 4630 2635 4701 conscriptum
2672 4640 2860 4685 verum
2891 4627 3238 4682 credatur'ac
3272 4616 3591 4694 diligentius
3638 4634 3862 4676 conser-

2263 4731 2423 4779 vetur
2439 4763 2454 4787 ,
2491 4720 2678 4777 annuli
2704 4720 2879 4776 nostri
2906 4718 3262 4788 impressione
3278 4718 3475 4770 subter
3503 4726 3640 4769 eum
3666 4709 3865 4785 signari

2252 4814 2545 4887 iussimus.

2333 4909 2450 4982 Ego
2477 4908 2910 4965 licrminmarius
2926 4904 3175 4963 notarius
3203 4898 3470 4961 ad'vlcem
3505 4898 3867 4958 Friducisre-

2258 5004 2523 5075 cognovi.

2346 5100 2480 5155 Data
2502 5112 2600 5152 vm
2624 5094 2853 5151 Kalend.
2884 5092 3050 5159 Junii,
3077 5090 3296 5150 Christo
3320 5088 3591 5163 propitio,
3610 5086 3867 5144 annot-

2277 5199 2422 5259 cimo
2464 5202 2660 5270 quarto
2688 5192 2916 5264 imperii
2943 5191 3125 5248 domui
3153 5187 3413 5247 Ludovici
3438 5194 3501 5246 et
3528 5185 3719 5241 domui
3765 5183 3868 5241 Lo-

2272 5295 2443 5355 tharii
2474 5292 2664 5367 quinto
2940 5284 3201 5358 Augusti,
3220 5281 3533 5341 indictione
3560 5278 3618 5335 5.

2347 5364 2545 5444 sum
2569 5384 2804 5442 recus-
2822 5380 3039 5454 primo
3078 5378 3228 5453 regio
3259 5377 3320 5437 in
3350 5370 3462 5432 Dei
3487 5371 3724 5435 nomine
3752 5364 3868 5429 ui-

2270 5478 2434 5537 citer.
2460 5474 2656 5535 Amen.

674 5847 700 5877 ο
728 5833 903 5902 Hujus
915 5829 1105 5903 palatii
1133 5828 1272 5901 regii
1294 5826 1445 5885 nulla
1470 5824 1709 5884 occurrit
1726 5820 1937 5884 mentio
1962 5796 2195 5879 in'llbro'
2212 5825 2272 5877 IV
2295 5806 2599 5874 ΜΩηῆ
2614 5804 2687 5868 de
2702 5804 2801 5866 τκο
2831 5794 3200 5878 dipme
