4050 6340
149 354 156 359 ι
234 313 386 382 Μ’ϐδ

885 429 1173 490 CXXXIX.

445 537 549 584 ηο
569 538 869 583 Nam“
897 542 945 582 8.
977 537 1226 580 Iulium
1250 537 1614 581 IOHASTIRIO.

739 616 905 689 (Ante
943 633 1143 670 annum
1173 614 1301 670 828.

221 709 341 786 {Ex
369 707 704 767 Minio
731 707 1040 786 Hic-jacensi
1057 747 1071 772 ,
1097 706 1244 786 apud
1266 705 1328 760 D.
1360 702 1654 775 Bouquet.,
1681 711 1816 760 tom.

824 777 909 848 Vl,
945 794 1069 851 pag.
1095 775 1247 850 554.]

303 906 333 936 ι
355 894 417 950 In
443 891 662 948 nomine
686 890 897 947 Domini
921 891 1014 946 Dei
1041 888 1426 961 omnipotentis
1446 895 1504 944 et
1523 886 1822 944 Salvatoris

230 986 406 1043 nostri
449 984 576 1040 Iesu
613 982 849 1049 Christi,
893 982 1200 1040 Ludovicus
1243 990 1300 1037 et
1339 979 1634 1036 Lotharius
1677 980 1822 1036 filius

227 1079 350 1150 ejus
379 1081 560 1136 divina
605 1079 895 1134 ordinante
930 1076 1273 1149 providentia
1314 1076 1673 1149 imperatores
1714 1074 1823 1130 Au-

231 1172 398 1245 gusti.

306 1265 504 1320 Notum
549 1263 667 1320 fieri
698 1262 949 1320 volumus
981 1261 1252 1334 imprimis
1279 1261 1686 1318 successoribus
1723 1275 1824 1316 no-

232 1359 385 1423 stris,
432 1371 641 1416 necnon
661 1363 722 1412 et
750 1357 1002 1411 omnibus
1042 1355 1313 1421 ﬁdelibus,
1367 1354 1493 1424 quia
1530 1353 1825 1425 postulavit

231 1451 665 1523 magnitudinem
691 1458 935 1505 nostram
963 1446 1130 1505 Jonas
1159 1448 1332 1504 fidelis
1353 1455 1539 1503 noster
1576 1446 1824 1501 Aurelia-

227 1544 422 1600 nensis
444 1543 642 1616 praesul
678 1543 968 1609 Ecclesiae,
1001 1551 1061 1598 ut
1095 1542 1293 1597 divina:
1323 1541 1602 1597 servitutis
1627 1541 1697 1595 ob
1719 1541 1821 1594 ho-

233 1649 445 1700 norem,
477 1641 532 1688 et
549 1641 771 1703 propter
797 1633 1153 1689 monasticam
1176 1633 1444 1688 veraciter
1464 1633 1824 1703 religioseque

233 1726 561 1783 servandum
598 1727 845 1782 ordinem
871 1767 886 1792 ,
917 1735 1115 1782 nostra:
1157 1728 1495 1783 auctoritatis
1538 1727 1823 1798 privilegio

1384 314 1780 376 DIPLOMATA
1815 298 2370 372 ECCLESIASTICA.

1842 431 1897 494 Α
1920 429 2076 484 nario
2103 427 2383 497 cujusdam
2412 425 2777 483 Dromedamii
2798 469 2813 494 ,
2843 434 2901 484 et
2934 425 3176 484 decurrit
3202 441 3305 499 per
3337 427 3516 500 ripam

3375 310 3516 370 H66

1923 520 2109 576 Sancti
2152 520 2342 576 Hilarii
2369 519 2670 589 usquedum
2699 517 2980 589 cujusdam
3011 519 3253 575 Mortosii
3291 521 3513 577 nomine

1920 612 2028 666 vici
2049 611 2360 666 derodendo
2381 609 2516 666 fines
2539 609 2746 681 Ligeris
2765 609 2920 672 alveo
2942 623 3048 663 non
3065 609 3282 666 modico
3302 608 3514 672 invehi-

1922 710 2032 767 tur,
2063 703 2393 758 terminante
2418 701 2652 772 quadam
2678 700 2922 756 conclavi
2947 707 3106 756 terrm
3126 701 3350 757 alterius
3373 702 3510 774 ripa:

1919 795 2169 868 praedicti
2194 794 2512 856 monasterii
2533 799 2725 849 contra
2748 791 2840 846 ubi
2863 791 3030 847 etiam
3049 791 3264 860 publica
3285 792 3375 847 via
3405 801 3514 861 est,
3545 774 3553 791 ’

1907 891 2068 947 inter
2095 905 2258 960 quam
2286 898 2341 946 et
2362 890 2589 945 alteram
2613 896 2820 944 terram
2848 885 3094 956 praedicti
3117 885 3351 941 emnobii
3381 901 3517 958 pau-

1921 984 2091 1040 lulum
2129 984 2373 1039 extendit
2405 999 2467 1039 se
2509 981 2758 1053 quaedam
2790 978 2995 1035 terruia
3033 975 3252 1036 Sancta)
3299 977 3513 1047 Crucis,

1923 1092 2136 1132 necnon
2164 1086 2220 1134 et
2247 1074 2495 1131 fluviolus
2523 1074 2784 1130 Rollenus
2803 1113 2818 1138 ,
2848 1072 2941 1143 qui
2969 1073 3025 1128 in
3063 1071 3255 1127 eodem
3293 1069 3412 1126 loco
3449 1071 3519 1126 ad

1923 1185 2166 1243 praesens
2207 1169 2480 1224 invehitur
2514 1167 2712 1238 Ligeri.
2740 1165 2926 1220 Altera
2955 1179 3086 1219 vero
3113 1163 3231 1234 ripa
3269 1162 3521 1233 praedicti

1925 1264 2074 1319 fluvii
2096 1263 2325 1335 Ligerici
2352 1276 2566 1332 semper
2584 1259 2828 1331 praedicti
2851 1257 3086 1313 emnobii
3113 1267 3196 1313 est
3211 1255 3518 1328 potestatis,

1925 1357 2174 1428 quamvis
2222 1353 2592 1423 cujuscunque
2642 1359 2790 1406 terra
2824 1349 3066 1404 alterius
3106 1345 3245 1417 juris
3291 1347 3525 1418 desuper

1925 1449 2210 1505 habeatur.
2256 1447 2324 1503 Et
2351 1447 2408 1502 in
2445 1447 2669 1504 civitate
2700 1442 3080 1504 Aurelianensi
3109 1441 3352 1513 possidet
3383 1453 3524 1511 pra:-

1925 1540 2097 1596 fatum
2123 1538 2433 1595 coenobium
2463 1536 2786 1593 Miciacense
2813 1535 3135 1599 claustrum,
3155 1533 3298 1604 quod
3322 1533 3524 1588 dicitur

1925 1630 2135 1702 capella
2165 1628 2352 1684 Sancti
2383 1627 2681 1690 Maximini,
2719 1634 2778 1681 et
2807 1635 2952 1680 terra
2984 1624 3156 1695 ipsius
3186 1622 3367 1678 allodii
3405 1621 3522 1677 exit

1925 1729 2089 1778 extra
2122 1735 2358 1775 murum.
2382 1718 2457 1774 Et
2483 1718 2589 1774 alio
2620 1718 2740 1773 loco
2761 1717 2817 1772 in
2840 1717 3062 1773 civitate
3086 1716 3250 1771 habet
3269 1714 3525 1769 allodium

233 1819 700 1875 committeremus
735 1817 810 1871 illi
837 1818 1106 1887 quoddam
1136 1817 1442 1874 coenobium
1471 1819 1637 1889 regiae
1666 1827 1824 1890 pote-
1851 1811 1903 1882 Β
1933 1815 2249 1871 Μοιηὸιτνίο
2297 1813 2442 1868 inter
2474 1811 2734 1868 Sanctum
2789 1810 3125 1880 Stephanum
3165 1815 3220 1864 et
3265 1805 3525 1862 Sanctam

232 1910 428 1974 statis,
458 1907 792 1962 nominatum
826 1907 1131 1973 Miciacum,
1171 1909 1227 1964 in
1263 1907 1640 1964 Aurelianensi
1689 1908 1828 1962 dim-

235 2002 367 2065 ccsi,
399 1999 679 2058 fundatum
713 2000 770 2058 in
805 2000 1009 2056 honore
1041 2001 1135 2055 Dei
1163 2009 1217 2056 et
1258 1989 1476 2073 gl'oriosi
1513 2009 1825 2071 protomar-

236 2095 372 2165 tyris
417 2093 683 2163 Stephani
731 2109 763 2147 a
813 2093 1081 2149 Clodoveo
1127 2094 1305 2165 primo
1352 2092 1828 2149 Christianissimo

237 2189 568 2244 Francorum
602 2203 747 2259 rege,
777 2199 832 2242 et
851 2189 1212 2259 posteriorum
1238 2189 1608 2246 munificentia
1636 2206 1829 2263 regum

236 2281 507 2351 ampliﬁce
541 2279 910 2335 sublimatum.
949 2280 1094 2336 idem
1123 2290 1306 2336 autem
1336 2283 1665 2338 venerabilis
1691 2298 1831 2354 pra:-

236 2373 324 2430 sul
387 2372 548 2428 Jonas
602 2371 886 2443 praefatum
943 2372 1323 2428 Miciacensem
1375 2373 1553 2430 locum
1607 2375 1829 2446 speciali

237 2480 425 2521 amore
450 2465 677 2536 diligens
696 2506 711 2530 ,
741 2467 812 2520 ob
836 2465 1089 2520 meritum
1126 2475 1181 2522 et
1212 2469 1573 2523 reverentiam
1599 2470 1832 2525 sanctis-

237 2559 502 2615 simorum
532 2557 754 2612 Patrum
790 2557 1061 2629 Euspicii,
1104 2557 1403 2627 Maximini,
1443 2559 1588 2616 Aviti
1617 2570 1673 2617 et
1700 2561 1832 2618 alio-

238 2663 361 2704 rum
411 2650 810 2720 quamplurium
842 2690 855 2714 ,
911 2650 1003 2720 qui
1049 2651 1105 2706 in
1155 2651 1344 2706 eodem
1403 2653 1652 2709 coenobio
1706 2669 1832 2709 cum

239 2743 478 2816 plurium
507 2741 734 2798 fratrum
772 2760 1000 2799 numero
1023 2745 1123 2800 sub
1151 2746 1451 2802 monastico
1477 2747 1669 2804 ordine
1706 2761 1834 2818 pro-

239 2836 496 2893 babiliter
523 2836 633 2892 Deo
669 2838 873 2893 vixisse
908 2846 963 2892 et
999 2839 1270 2908 placuisse
1309 2839 1657 2896 declarantur
1681 2840 1834 2897 testi-

241 2931 428 2985 monio
461 2931 792 2986 evidentium
820 2932 1207 2987 miraculorum
1229 2975 1244 2999 ,
1285 2950 1392 2988 non
1425 2934 1709 2990 ambitiosa
1741 2951 1834 2991 cu-

243 3020 474 3090 piditate
498 3029 590 3076 aut
625 3021 767 3076 l'astu
793 3024 1062 3092 superbia:
1092 3025 1327 3096 expetit,
1359 3025 1453 3081 sed
1485 3035 1544 3081 ut
1570 3027 1836 3099 regularis

245 3113 382 3168 ordo
403 3115 736 3170 monasticus
760 3115 1165 3186 religiosissime
1187 3118 1541 3173 custodiendo
1565 3127 1834 3176 teneatur.

245 3201 440 3259 Nostra
472 3222 601 3276 ergo
625 3207 801 3276 pietas
834 3177 930 3262 tali
961 3209 1170 3264 ratione
1199 3210 1490 3264 committit
1516 3211 1617 3266 sibi
1643 3177 1910 3281 prmia-\C

245 3305 364 3352 tum
403 3298 581 3352 locum
619 3307 672 3352 et
700 3299 1106 3354 successoribus
1129 3299 1270 3369 ejus,
1300 3309 1360 3355 ut
1405 3302 1576 3372 magis
1614 3317 1712 3373 per
1743 3317 1839 3358 eos

248 3392 518 3469 spirituali
561 3401 616 3448 et
657 3394 940 3462 temporali
991 3403 1254 3466 augeatur
1296 3395 1630 3451 incremento
1677 3412 1842 3468 quam

249 3489 550 3550 minuatur,
581 3491 636 3538 et
673 3500 849 3554 neque
882 3483 1048 3539 ullam
1081 3486 1384 3557 tyrannidis
1418 3487 1842 3543 dominationem

252 3594 420 3651 super
449 3577 769 3643 monachos,
813 3575 1094 3641 familiam,
1134 3578 1404 3650 mancipia
1424 3620 1439 3645 ,
1467 3594 1652 3636 servos
1685 3596 1846 3640 exer-

256 3679 450 3734 ceant,
499 3677 556 3724 ct
583 3683 760 3739 neque
800 3668 916 3739 ipse
956 3675 1048 3722 aut
1084 3667 1279 3738 aliquis
1317 3684 1690 3726 successorum
1728 3669 1848 3742 ejus

255 3777 291 3819 a
317 3761 440 3832 jure
476 3770 532 3816 ct
575 3768 842 3831 potestate
887 3759 1096 3830 prmfati
1145 3760 1482 3817 Miciacensis
1531 3763 1850 3818 monasterii

259 3854 464 3926 aliquid
513 3869 696 3908 rerum
743 3869 960 3908 suarum
1003 3853 1282 3907 mobilium
1325 3855 1409 3907 vel
1460 3855 1846 3920 immobilium,

260 3961 398 4016 quas
444 3961 588 3999 nunc
640 3944 858 3999 Christo
887 3943 1123 4014 propitio
1170 3945 1438 4014 possidet,
1469 3945 1554 3999 vel
1587 3945 1642 4000 in
1671 3945 1851 4000 futuro

260 4038 525 4108 acquiret,
559 4046 652 4093 aut
697 4038 752 4090 in
795 4037 1012 4091 domino
1037 4038 1257 4107 proprio
1287 4037 1540 4103 invadat,
1586 4047 1679 4092 aut
1720 4054 1854 4108 quo-

263 4130 535 4203 quomodo
556 4130 827 4200 subripiat
853 4131 940 4184 vel
967 4131 1270 4194 subtrahat,
1299 4137 1392 4184 aut
1435 4129 1595 4184 alicui
1628 4129 1850 4184 tribuat.

261 4222 345 4278 Ad
379 4222 626 4277 notitiam
660 4231 842 4277 autem
884 4223 1187 4278 futurorum
1226 4221 1428 4291 placuit
1461 4222 1616 4277 nobis
1663 4223 1715 4276 in
1751 4222 1856 4278 hoc

260 4315 642 4385 pragmatico,
694 4314 836 4384 quod
884 4315 939 4369 in
992 4315 1282 4384 prcesentia
1314 4324 1501 4369 nostra
1546 4314 1662 4384 ipse
1689 4311 1857 4370 Jonas

265 4420 575 4477 episcopus,
621 4423 727 4460 una
784 4422 904 4460 cum
956 4407 1297 4461 connivenlia
1329 4406 1732 4476 metropolitani
1773 4404 1856 4461 sui

265 4495 556 4550 Hieremiae
593 4494 847 4550 dictando
888 4496 1210 4565 composuit,
1257 4503 1311 4550 ct
1354 4495 1614 4565 scriptum
1654 4502 1853 4550 nostra:

1879 4546 1936 4608 D

1927 1906 2158 1963 Mariam
2201 1905 2334 1962 Boni
2363 1904 2568 1970 Nuntii,
2601 1912 2658 1959 et
2691 1903 2836 1959 ultra
2865 1901 3087 1957 ﬂuvium
3115 1901 3328 1973 Ligeris
3360 1901 3525 1956 habet

1927 2000 2113 2057 villam
2141 1999 2369 2065 Berarii,
2402 2014 2526 2070 quin
2553 1998 2754 2054 dicitur
2779 1997 2984 2069 capella
3009 1996 3194 2053 Sancti
3223 1996 3523 2063 Maximini,

1929 2102 1986 2148 et
2038 2091 2348 2147 censiacum
2389 2106 2512 2146 cum
2565 2090 2722 2154 silva,
2772 2099 2828 2145 et
2858 2097 3094 2144 montem
3149 2087 3412 2155 Pastoris,
3472 2094 3530 2143 et

1929 2193 2174 2241 montem
2207 2182 2468 2238 Thebaldi
2493 2223 2510 2248 ,
2542 2189 2597 2237 et
2628 2181 2815 2236 villam
2849 2179 3201 2236 Marmanios.
3233 2179 3302 2235 Et
3330 2179 3386 2235 in
3417 2177 3526 2234 alio

1929 2277 2052 2333 loco
2077 2276 2243 2332 habet
2266 2274 2617 2330 Cambiacum
2645 2273 2848 2338 villam,
2877 2287 3004 2328 cum
3026 2273 3257 2328 ecclesia
3278 2279 3332 2327 et
3351 2272 3528 2328 omni-

1930 2367 2034 2424 bus
2054 2367 2157 2423 sibi
2180 2365 2600 2436 pertinentibus.
2631 2365 2699 2419 Et
2721 2365 2775 2419 in
2809 2364 2916 2418 alio
2941 2363 3062 2420 loco
3090 2363 3273 2418 villam
3299 2379 3421 2433 qua:
3445 2362 3529 2418 di-

1933 2461 2080 2516 citur
2104 2459 2404 2523 Fontanas,
2430 2458 2523 2513 ubi
2552 2465 2636 2513 cst
2666 2456 2873 2512 rivulus
2899 2472 3076 2527 aqum,
3099 2463 3154 2512 et
3180 2471 3347 2528 prope
3377 2455 3528 2511 illam

1931 2554 2100 2611 habet
2126 2551 2310 2607 villam
2341 2566 2460 2622 quae
2493 2550 2693 2607 dicitur
2725 2548 3013 2620 Casellagi.
3039 2548 3096 2604 in
3127 2548 3412 2604 Secalonia
3450 2545 3530 2621 (la

1935 2645 2188 2720 Sologne)
2224 2661 2354 2702 vero
2392 2645 2637 2718 possidet
2668 2653 2879 2700 curtem
2911 2643 3258 2700 Venuensem
3291 2658 3413 2699 cum
3439 2659 3532 2700 ec-

1936 2742 2122 2808 clesia,
2155 2741 2440 2810 mancipiis
2463 2782 2477 2806 ,
2508 2739 2673 2794 terris
2698 2739 2860 2793 cultis
2889 2745 2945 2793 et
2972 2723 3210 2804 incultis,
3244 2745 3300 2793 et
3334 2737 3530 2792 silvam

1913 2850 2058 2906 quas
2069 2834 2267 2890 dicitur
2288 2833 2623 2898 Tassimata;
2648 2841 2860 2888 curtem
2880 2831 3045 2887 etiam
3065 2831 3530 2898 Litimiaceosem,

1937 2943 2060 2999 qua:
2081 2927 2240 2997 vulgo
2268 2927 2468 2982 dicitur
2488 2924 2922 2991 Monsteuranni,
2940 2941 3063 2981 cum
3086 2925 3281 2992 servis,
3305 2925 3458 2982 silvis
3481 2931 3538 2982 et

1940 3020 2060 3076 aliis
2089 3017 2252 3076 rebus
2279 3019 2381 3074 sibi
2417 3017 2829 3088 adjacentibus,
2855 3032 2921 3073 ac
2959 3016 3145 3071 villam
3195 3017 3360 3072 Dardi
3409 3033 3536 3072 cum

1941 3113 2195 3168 omnibus
2238 3111 2342 3166 sibi
2375 3112 2775 3183 pertinentibus
2799 3152 2814 3178 ,
2858 3126 2923 3166 ac
2964 3111 3148 3166 villam
3177 3127 3297 3182 qua:
3336 3110 3539 3168 dicitur

1942 3206 2293 3263 Fontcnellas
2311 3248 2326 3273 ,
2351 3221 2478 3261 cum
2505 3205 2663 3271 silva,
2692 3205 2866 3261 servis
2886 3213 2940 3259 et
2961 3205 3213 3262 omnibus
3237 3205 3340 3261 sibi
3370 3206 3540 3276 perti-

1944 3299 2219 3354 nentibus.
2244 3298 2313 3352 Et
2337 3296 2502 3353 habet
2525 3297 2812 3354 ecclesiam
2838 3295 3027 3353 Sancti
3055 3296 3201 3352 Petri
3226 3297 3282 3352 in
3307 3296 3542 3358 Gaudia-

1947 3406 2032 3457 co,
2064 3398 2119 3444 et
2147 3389 2437 3445 ecclesiam
2471 3387 2659 3446 Sancti
2694 3388 2888 3448 Hilarii
2920 3389 3064 3444 ultra
3101 3388 3432 3462 Ligericum.
3461 3389 3544 3447 Ac

1947 3481 2004 3541 in
2044 3481 2323 3554 Marogilo,
2355 3481 2409 3535 in
2449 3497 2557 3537 uno
2588 3481 2706 3537 loco
2741 3482 2983 3553 possidet
3006 3481 3073 3538 de
3100 3483 3274 3554 pratis
3301 3499 3454 3550 xxxv,
3486 3490 3549 3540 et

1947 3571 2003 3626 in
2038 3571 2145 3626 alio
2182 3570 2331 3636 loco,
2365 3572 2458 3642 qui
2507 3572 2707 3629 dicitur
2754 3561 2838 3628 A'd
2869 3572 3078 3638 Renas,
3120 3575 3174 3630 in
3209 3574 3406 3631 allodio
3433 3575 3547 3631 ari-

1947 3682 2156 3742 pennas
2184 3682 2269 3733 1v;
2321 3674 2375 3720 et
2421 3665 2477 3724 in
2522 3674 2813 3739 prospectu
2840 3665 3150 3721 Aurelianis
3191 3667 3246 3721 in
3295 3666 3415 3723 loco
3449 3667 3547 3738 qui

1952 3761 2153 3819 dicitur
2175 3757 2257 3813 Ad
2285 3758 2508 3814 Portum
2534 3758 2602 3830 (le
2628 3758 2965 3830 Portereau),
2987 3761 3278 3828 aripennos
3297 3761 3366 3815 de
3386 3760 3550 3818 vinea

1950 3865 2070 3903 γιιι.
2115 3847 2242 3903 Hzcc
2285 3848 2586 3905 Clodoveus
2628 3849 2838 3919 primus
2886 3867 2982 3904 rex
3037 3851 3370 3908 Francorum
3422 3853 3545 3912 loco

1953 3939 2264 3994 Miciacensi
2314 3938 2440 4009 jure
2487 3940 2831 3995 hzereditario
2880 3940 3120 3997 donavit.
3171 3942 3240 3997 Et
3289 3943 3346 3999 in
3406 3959 3548 4018 pago

1953 4033 2280 4087 Bituricensi
2331 4033 2472 4087 infra
2514 4032 2793 4087 castellum
2844 4032 3030 4089 Sancti
3084 4033 3336 4091 Gundulfl
3383 4037 3553 4094 habet
3633 4059 3638 4062 ·

1955 4135 2164 4181 curtem
2203 4124 2513 4180 Pauliacum
2537 4164 2553 4192 ,
2595 4139 2717 4179 cum
2760 4123 2986 4180 ecclesia
3016 4133 3071 4180 et
3111 4142 3254 4197 aqua
3291 4127 3550 4185 Nostiusa

1958 4232 2023 4272 ac
2067 4217 2319 4271 omnibus
2376 4216 2478 4271 sibi
2529 4216 2947 4288 pertinentibus.
2996 4216 3065 4272 Et
3114 4218 3278 4274 habet
3315 4219 3550 4278 alteram

1959 4320 2166 4369 curtem
2193 4311 2265 4365 ibi
2289 4309 2445 4380 juxta
2474 4310 2791 4382 praidictum
2827 4308 3163 4378 Pauliacum,
3199 4326 3320 4383 qua:
3350 4312 3553 4368 dicitur

1957 4403 2039 4458 Ad
2073 4401 2331 4457 Sanctum
2355 4401 2663 4463 Martinum,
2691 4417 2814 4457 cum
2831 4403 3060 4458 ecclesia
3087 4417 3152 4458 ac
3173 4403 3424 4458 omnibus
3446 4403 3552 4460 sibi

1959 4493 2378 4566 pertinentibus.
2395 4492 2520 4548 Hac
2533 4491 2873 4548 Clodomirus
2888 4491 3030 4549 filius
3050 4493 3280 4549 senioris
3295 4492 3551 4550 Clodovei

267 4588 603 4643 excellentia:
633 4589 1091 4658 corroborandum
1119 4587 1343 4652 obtulit,
1368 4587 1612 4643 adnotari
1638 4602 1858 4657 posses-
1880 4583 1935 4608 ν
1960 4584 2184 4656 ρι’ωίὶιιο
2207 4585 2325 4639 loco
2343 4584 2631 4640 concessit.
2649 4583 2823 4638 Habet
2845 4591 3406 4654 quoquepotestatem
3429 4597 3553 4653 qua!

269 4679 452 4734 siones
494 4687 757 4733 terrarum
803 4696 923 4749 qua:
963 4680 1017 4733 in
1063 4679 1351 4749 prmceptis
1397 4694 1586 4751 regum
1618 4680 1863 4734 contine-

269 4769 470 4826 bantur
509 4788 737 4842 quornm
779 4772 1146 4828 munificentia
1181 4773 1442 4844 praedicto
1487 4771 1608 4828 loco
1650 4773 1861 4846 largita:

271 4870 418 4927 sunt,
443 4879 577 4934 quas
608 4865 1020 4934 prmscntialiter
1049 4866 1141 4920 Dei
1170 4865 1341 4936 gratia
1365 4881 1556 4922 secure
1584 4881 1649 4921 ac
1682 4868 1864 4937 quiete

269 4956 532 5029 possidet.
565 4956 724 5010 Prior
748 4965 832 5011 est
855 4955 1054 5010 fundus
1083 4955 1421 5012 Miciacensis
1448 4972 1571 5013 cum
1605 4958 1864 5028 appendi-

273 5049 376 5105 ciis
402 5049 515 5104 suis
539 5090 552 5113 ,
587 5063 652 5103 ac
681 5047 874 5104 fluvius
904 5047 1112 5118 Ligeris
1133 5056 1186 5102 et
1212 5047 1474 5120 Ligerici;
1505 5033 1864 5104 contio-tuatim

272 5140 510 5211 pertinet
548 5154 687 5207 aqua
728 5137 971 5207 ejusdem
1015 5138 1161 5194 ﬂuvii
1202 5139 1412 5211 Ligeris
1441 5139 1509 5194 ad
1544 5140 1865 5211 przedictum

276 5231 586 5297 mobium
611 5245 681 5288 ex
707 5239 935 5301 utraque
960 5232 1099 5302 ripa,
1133 5233 1203 5290 ab
1229 5232 1322 5287 illo
1343 5232 1465 5288 loco
1489 5246 1560 5286 ex
1589 5246 1697 5301 quo
1728 5231 1865 5287 inci-

275 5327 359 5400 pit
403 5335 548 5381 tcrra
584 5322 826 5394 ejusdem
851 5338 1013 5394 supra
1060 5323 1318 5394 capellam
1349 5321 1543 5378 Sancti
1581 5321 1864 5378 Maximini

280 5418 350 5476 ab
368 5419 607 5486 oriente,
646 5417 818 5474 donec
844 5415 1065 5472 finiatur
1085 5423 1198 5472 tota
1232 5416 1491 5478 adversus
1521 5415 1862 5477 occidentem

271 5528 405 5572 cum
429 5510 593 5570 ﬂuvio
621 5512 866 5570 Rolleno.
904 5511 1137 5571 Tantum
1161 5525 1290 5566 vero
1311 5509 1460 5566 fluvii
1484 5509 1717 5582 Ligerici
1737 5525 1863 5580 per-

279 5605 420 5661 tinet
451 5606 519 5661 ad
549 5605 867 5676 praedictum
907 5603 1296 5661 monasterium
1314 5643 1329 5669 ,
1367 5612 1629 5675 quantum
1655 5605 1745 5660 hic
1773 5603 1866 5664 ad-

277 5706 522 5756 notatur.
557 5697 750 5770 Incipit
791 5698 936 5758 enim
961 5697 1233 5772 possessio
1259 5697 1410 5754 ﬂuvii
1437 5697 1666 5773 Ligerici
1690 5713 1719 5753 a
1741 5695 1868 5754 fari-

1959 4677 2160 4734 dicitur
2183 4676 2409 4740 Vienna,
2435 4691 2559 4732 cum
2586 4675 2815 4731 ecclesia
2839 4683 2895 4729 et
2915 4675 3051 4730 silva
3077 4683 3135 4731 et
3161 4676 3416 4734 omnibus
3443 4674 3548 4734 sibi

1940 4770 2379 4843 pertinentibus,
2397 4769 2450 4826 in
2473 4786 2581 4841 qua
2605 4777 2690 4825 est
2715 4767 3086 4836 collalimilus;
3115 4778 3511 4841 acpotestatem
3530 4807 3549 4834 ,

1962 4877 2082 4934 qua:
2107 4861 2308 4917 dicitur
2329 4861 2468 4917 Villa
2481 4861 2682 4926 Mariae,
2699 4876 2820 4915 cum
2837 4861 3091 4916 omnibus
3111 4860 3213 4917 sibi
3228 4861 3553 4933 pertinenti-

1961 4957 2084 5023 bus,
2107 4971 2174 5012 ac
2199 4955 2389 5011 silvam
2418 4970 2539 5026 quae
2577 4954 2774 5010 dicitur
2801 4953 3090 5019 Torsellis,
3121 4961 3394 5010 tenentem
3419 4953 3555 5010 duas

1957 5048 2164 5121 leugas.
2187 5049 2315 5105 Haec
2335 5047 2607 5106 Clotarius
2628 5063 2723 5104 rex
2748 5047 3008 5120 praedicto
3033 5047 3154 5104 loco
3179 5047 3469 5105 concessit.
3491 5046 3555 5103 In

1972 5139 2180 5195 Belsica
2193 5155 2322 5194 vero
2335 5137 2497 5194 habet
2507 5145 2828 5208 potestatem
2841 5136 3074 5192 Ardreni
3089 5137 3234 5207 putei
3251 5136 3313 5206 (Α
3321 5137 3554 5210 mruys),

1971 5247 2097 5289 cum
2115 5217 2376 5287 omnibus
2395 5229 2497 5287 sibi
2517 5227 2942 5300 pertinentibus,
2957 5227 3208 5295 Bittiaco,
3235 5228 3557 5285 Montemui-

1970 5325 2156 5390 chcth,
2187 5322 2420 5389 Pirario,
2463 5319 2719 5388 Sanclno,
2750 5320 3117 5386 Nocumento,
3146 5334 3212 5376 ac
3240 5319 3344 5376 sibi
3381 5316 3558 5376 servis

1965 5417 2392 5489 pertinentibus;
2429 5414 2569 5472 etin
2593 5429 2734 5486 pago
2759 5413 3066 5484 Stampensi
3079 5411 3236 5474 villas
3258 5413 3414 5481 duas,
3443 5410 3551 5469 Ca-

1966 5511 2130 5567 seilas
2171 5518 2228 5567 et
2271 5509 2599 5568 Castaneum
2645 5508 2865 5566 Vitiare.
2913 5507 3022 5566 ista
3071 5521 3168 5564 rex
3211 5504 3552 5577 Chilpericus

1970 5601 2136 5660 dedit.
2196 5601 2276 5659 Ac
2320 5601 2376 5660 in
2422 5599 2738 5657 Belvaccnsi
2795 5613 2933 5676 pago
2974 5599 3139 5656 habet
3184 5595 3369 5652 villam
3426 5607 3551 5666 quas

1961 5693 2169 5760 dicitur
2203 5693 2287 5758 Ad
2331 5693 2596 5762 Sanctum
2639 5693 2994 5765 Maximinum
3042 5707 3168 5752 cum
3217 5686 3452 5748 ecclesia
3496 5687 3557 5743 in

356 5819 384 5850 ι
415 5805 636 5864 lnsolita
673 5808 961 5868 invocatio.
1011 5807 1163 5865 Multi
1204 5806 1295 5864 alii
1340 5808 1479 5865 naevi
1511 5809 1617 5865 hoc
1651 5813 1984 5894 praeceptum
2013 5813 2326 5886 suspectum
2350 5805 2604 5865 reddunt.
