4050 6340
531 365 672 423 1167

1674 372 1996 433 LUDOVlCl
2034 373 2057 429 l
2092 369 2560 433 COGNOMENTO
2598 372 2682 430 PII

3674 374 3826 433 “63

529 488 737 545 honore
775 484 945 558 ipsius
981 486 1179 555 dicata,
1211 505 1332 561 quae
1357 490 1532 546 vicina
1584 497 1669 547 est
1703 489 2110 563 Sylvanectensi
2137 491 2191 552 Α
2215 494 2277 542 ut
2313 487 2460 543 nulla
2501 504 2562 544 se
2596 488 2884 544 occasione
2918 501 3101 560 neque
3126 487 3408 561 episcopos
3436 501 3617 559 neque
3650 487 3829 558 quili~

502 581 832 653 parochias;
882 589 939 637 et
991 582 1047 637 in
1095 592 1385 654 prospectu
1433 583 1738 639 Aurelianis
1788 590 2115 654 potestatem

525 670 809 737 Bruerias,
845 687 970 742 quae
1003 674 1207 729 dicitur
1228 674 1310 729 Ad
1339 675 1598 732 Sanctum
1626 675 1961 747 Dionysium,
1992 689 2116 730 cum

502 762 756 825 ,ecclesia
793 762 849 819 in
889 764 1062 835 ipsius
1097 767 1352 839 martyris
1379 768 1586 824 honore
1619 768 1820 833 dicata,
1853 782 1978 823 cum
2013 767 2118 823 sibi

528 855 944 925 pertinentibus,
975 854 1250 922 Alharias,
1292 856 1624 923 Caventono,
1657 858 1956 921 Asinarias,
2001 872 2119 913 ser-

504 948 633 1012 ,vis,
672 948 853 1014 terris,
884 949 1084 1018 pratis;
1127 959 1182 1005 ct
1217 949 1274 1005 in
1313 950 1419 1005 alio
1456 950 1577 1006 loco
1607 949 1792 1005 villam
1820 948 2114 1015 Nemesim,

528 1052 655 1091 cum
682 1053 845 1104 aqua,
876 1039 1055 1103 terris,
1087 1039 1261 1109 pratis
1294 1047 1349 1096 et
1384 1040 1637 1097 omnibus
1671 1040 1772 1096 sibi
1799 1039 2120 1112 pertinenti-

530 1127 653 1184 bus.
704 1128 833 1186 lltcc
877 1130 1212 1202 Dagobertus
1266 1147 1363 1187 rex
1410 1140 1494 1188 est
1542 1132 1785 1204 largitus.
1850 1131 1919 1186 Et
1961 1129 2117 1201 juxta

531 1221 723 1277 silvam
774 1223 989 1295 longam
1042 1225 1205 1281 habet
1257 1225 1439 1281 villam
1484 1241 1605 1297 qua:
1665 1225 1866 1280 dicitur
1915 1222 2119 1278 Villare

533 1312 811 1382 Magnum,
856 1331 979 1370 cum
1025 1315 1252 1380 ecclesia
1304 1324 1491 1372 sancta
1537 1313 1765 1387 [dicata]
1813 1314 1869 1368 in
1914 1313 2119 1368 honore

502 1407 707 1461 sancti
738 1407 1033 1464 Maximini.
1070 1409 1151 1467 Ac.
1189 1411 1243 1465 in
1280 1426 1420 1482 pago
1446 1410 1685 1466 Dunensi
1730 1410 1924 1466 cellam
1954 1410 2119 1466 habet

531 1494 586 1549 in
630 1492 751 1551 loco
787 1497 878 1565 qui
919 1498 1121 1554 dicitur
1162 1498 1314 1555 Mons
1343 1499 1560 1555 Letardi
1602 1498 1949 1571 (Moutlitar),
1995 1515 2118 1555 cum

531 1600 672 1657 aqua
709 1587 935 1653 Conida,
966 1590 1314 1657 molendinis,
1344 1591 1501 1657 silva,
1528 1591 1720 1662 pratis,
1753 1590 1916 1646 terris
1958 1590 2119 1647 cultis

528 1685 585 1733 et
621 1677 859 1743 incultis,
899 1681 1116 1749 pascuis
1156 1689 1212 1736 et
1250 1681 1457 1747 vineis,
1502 1682 1790 1752 mancipiis
1832 1690 1887 1736 et
1922 1682 2113 1738 servis.

530 1767 658 1825 Hazc
695 1769 1066 1827 Theodoricus
1113 1788 1207 1827 rex
1250 1787 1315 1829 ex
1363 1774 1679 1830 haereditate
1706 1773 1843 1844 Lupi
1885 1774 2115 1845 piissimi

527 1860 683 1917 ducis
726 1862 987 1933 pradicto
1030 1863 1149 1919 loco
1193 1864 1438 1921 contulit.
1489 1865 1558 1920 Et
1605 1866 1656 1920 in
1699 1833 1838 1938 pago
1867 1833 2116 1922 Lemovi-
2141 1833 2191 1894 Β

527 1950 677 2005 censi
716 1951 883 2007 habet
915 1952 1200 2010 ecclesiam
1233 1969 1354 2024 qua:
1374 1955 1578 2010 dicitur
1613 1953 1953 2025 Magniacus,
1991 1970 2115 2011 cum

528 2043 761 2099 ecclesia
790 2052 847 2100 et
873 2060 1034 2116 aqua,
1058 2047 1402 2114 molendinis,
1426 2050 1587 2104 terris
1612 2049 1772 2106 cultis
1796 2056 1851 2105 et
1879 2048 2114 2115 incultis,

529 2135 735 2202 vineis,
776 2137 983 2206 pratis,
1033 2137 1214 2204 silvis,
1268 2139 1508 2208 pascuis,
1557 2140 1740 2209 parvis
1788 2139 2022 2195 exitibus
2061 2146 2119 2194 et

532 2226 893 2297 regressibus,
921 2228 1115 2293 servis,
1148 2228 1452 2298 mancipiis.
1496 2226 1649 2284 Hanc
1673 2238 1881 2284 curtem
1909 2228 2120 2299 genitor

531 2327 720 2373 noster
754 2319 1024 2389 gloriosus
1049 2320 1325 2391 Augustus
1362 2318 1588 2376 Carolus
1625 2319 1850 2393 Magnus
1887 2321 2121 2391 impera-

536 2418 623 2465 tor
650 2410 882 2465 contulit
908 2409 1218 2466 Miciacensi
1253 2411 1390 2479 loco.
1431 2410 1513 2467 Ac
1542 2413 1594 2467 in
1626 2412 1934 2469 Pictavensi
1962 2413 2122 2469 terri-

532 2500 692 2562 torio,
738 2501 790 2555 in
831 2509 992 2571 portu
1026 2501 1301 2569 Vitrariae,
1332 2503 1386 2558 in
1413 2518 1551 2575 pago
1580 2502 1935 2559 Herbadelico
1961 2518 2123 2574 super

500 2656 505 2661 δ
534 2589 756 2645 ﬂuvium
786 2592 1125 2659 Tannacum,
1155 2594 1319 2650 habet
1346 2610 1503 2650 areas
1548 2594 1857 2651 Salinarum
1895 2597 1963 2651 ad
1991 2611 2124 2652 one-

534 2684 730 2739 randas
756 2699 941 2748 naves,
971 2686 1085 2741 sive
1112 2686 1179 2740 ad
1206 2702 1333 2743 suas
1357 2687 1713 2744 necessitates
1736 2687 2119 2754 excludendas,

531 2786 587 2831 et
634 2778 876 2847 possidet
923 2779 1214 2849 praedictas
1270 2794 1428 2835 areas
1490 2795 1611 2835 cum
1670 2780 1876 2846 vineis,
1926 2780 2121 2846 terris,

533 2867 729 2936 pratis,
759 2869 998 2938 pascuis,
1026 2870 1179 2925 silvis
1207 2879 1262 2926 et
1290 2871 1544 2926 omnibus
1572 2871 1673 2926 sibi
1698 2870 2121 2941 pertinentibus,

534 2972 656 3028 quae
696 2957 1096 3016 Garotholenus
1147 2962 1213 3016 de
1260 2961 1392 3017 ﬁsco
1446 2962 1594 3030 regio
1640 2963 1859 3028 habuit,
1913 2963 2124 3020 scilicet

531 3068 564 3104 a
603 3057 791 3105 nostro
832 3066 933 3108 avo
967 3050 1193 3122 Pippino
1245 3061 1302 3108 et
1342 3053 1454 3109 ﬁlio
1494 3053 1611 3124 ejus
1652 3054 1896 3125 genitore
1937 3064 2126 3113 nostro

533 3139 730 3197 Carolo
779 3141 947 3214 regali
1001 3130 1371 3199 muniﬁcentia
1435 3142 1690 3199 collatum
1743 3152 1828 3200 est
1874 3144 2125 3203 cmnobio

494 3219 501 3225 ’
535 3230 866 3288 Miciacensi.
896 3232 1005 3289 Nos
1032 3249 1186 3299 vero,
1226 3250 1296 3289 ne
1335 3233 1620 3292 inferiores
1650 3235 1964 3290 videremur
1985 3250 2126 3306 pra:-

533 3320 693 3377 dictis
724 3323 963 3393 regibus,
995 3323 1258 3379 beneﬁcio
1297 3325 1667 3381 concessimus
1706 3325 1968 3395 praedicto
2004 3325 2124 3383 loco

535 3426 633 3479 per
673 3410 1111 3480 deprecationem
1147 3412 1492 3471 Dructesindi
1533 3415 1745 3471 abbatis
1781 3416 1951 3486 ipsius
1994 3416 2122 3484 loci,

492 3506 497 3511 ‘
534 3506 591 3553 et
610 3499 892 3572 privilegio
933 3502 1276 3557 auctoritatis
1307 3512 1507 3558 nostra:
1554 3504 1970 3561 corroboramus
2012 3506 2125 3561 dis-

534 3590 842 3646 cursionem
900 3591 1063 3647 trium
1110 3593 1329 3649 navium
1370 3609 1469 3664 per
1507 3596 1720 3650 diversa
1774 3596 1987 3665 imperii
2030 3613 2128 3653 no-

494 3694 501 3698 ’
536 3682 634 3737 stri
665 3681 907 3749 ﬁumina,
941 3684 1151 3739 scilicet
1172 3701 1268 3756 per
1282 3686 1542 3758 Ligerim,
1575 3685 1903 3758 Sequanam,
1929 3688 2130 3745 Mater-

536 3788 662 3827 nam
707 3773 1077 3848 [Matronam],
1122 3775 1347 3843 Carum,
1381 3777 1706 3849 Vigennam,
1737 3778 1978 3849 Sartam,
2020 3782 2130 3839 Me-

536 3863 788 3928 duanam,
817 3864 1035 3932 Lidum,
1075 3882 1176 3936 pro
1211 3868 1542 3938 quibuslibet
1583 3872 1899 3928 monasterii
1941 3887 2131 3929 neces-

538 3954 809 4023 sitatibus,
839 3964 899 4009 ut
938 3971 1128 4012 secure
1157 3967 1212 4013 et
1250 3958 1418 4014 libere
1460 3960 1540 4014 ire
1580 3975 1645 4015 ac
1686 3960 1864 4017 redire
1892 3962 2129 4030 valeant,

540 4060 607 4099 ac
640 4062 751 4100 non
778 4049 1005 4102 reddant
1032 4049 1199 4104 ullum
1228 4050 1503 4106 teloneum
1532 4051 1619 4107 vel
1652 4049 1814 4110 ullam
1842 4065 2132 4111 consuetu-

539 4136 720 4191 dinem
756 4139 840 4193 vel
876 4139 1113 4210 aliquam
1163 4143 1585 4199 redhibitionem
1627 4161 1639 4197 :
1681 4152 1737 4199 et
1775 4159 1844 4200 ne
1876 4146 2133 4216 quislibet

540 4238 773 4285 exactor
801 4231 917 4289 ﬁsci
959 4233 1026 4288 de
1054 4237 1255 4302 carris,
1289 4238 1373 4291 vel
1420 4238 1651 4294 carretis
1700 4238 1787 4295 vel
1822 4242 2129 4312 sagmariis,

538 4325 625 4378 vel
672 4326 737 4382 de
785 4340 1105 4398 quocunque
1150 4330 1399 4385 vehiculo
1443 4332 1557 4386 sive
1603 4346 1702 4401 per
1748 4340 1976 4399 terram,
2017 4333 2133 4389 sive

538 4435 639 4491 pcr
686 4434 879 4490 aquam
926 4421 1070 4476 facto
1097 4463 1111 4488 ,
1178 4423 1267 4477 vel
1312 4422 1378 4477 de
1427 4439 1753 4494 quocunque
1802 4425 2132 4482 commercio

541 4511 848 4583 pertinente
885 4513 953 4567 ad
987 4511 1305 4581 pmdictum
1344 4512 1520 4567 locum
1558 4514 1737 4583 exigat
1770 4515 1855 4573 vel
1901 4516 2133 4587 accipiat

542 4602 708 4659 ullam
744 4602 1193 4658 consuetudinem
1231 4618 1245 4657 :
1280 4620 1381 4658 nec
1410 4604 1741 4673 quibuslibet
1786 4607 2019 4676 negotiis
2049 4607 2132 4661 fa-

542 4694 666 4759 ctis,
698 4692 784 4749 vel
823 4694 879 4747 in
916 4693 1078 4759 villis,
1114 4693 1295 4758 terris,
1334 4694 1510 4763 aquis,
1539 4693 1690 4750 silvis
1728 4696 1970 4765 praedicti
2014 4714 2132 4754 mo—

494 4794 501 4807 '
544 4784 791 4851 nastcrii,
821 4785 1181 4854 undecunque
1210 4793 1450 4856 potestas
1471 4786 1760 4855 judiciaria
1790 4786 1991 4857 aliquid
2016 4790 2133 4845 exi-

490 4874 497 4881 '
545 4889 672 4944 gere
712 4884 1027 4945 praesumat,
1070 4875 1308 4944 aliquam
1346 4874 1518 4944 legem
1556 4874 1642 4930 vel
1678 4879 2129 4935 consuetudinem

490 4966 499 4981 ‘
545 4967 792 5037 accipere
830 4967 913 5022 vel
959 4967 1193 5039 exigere,
1238 4967 1323 5021 vel
1361 4966 1657 5037 quamlibet
1702 4966 2005 5023 molestiam
2046 4971 2131 5026 in-

546 5056 706 5111 ferre.
743 5057 810 5113 Et
835 5060 1066 5115 obeunte
1094 5058 1289 5114 abbate
1319 5058 1634 5113 monasterii
1662 5058 1852 5130 ipsius,
1878 5060 2128 5119 volumus

490 5240 495 5243 _
518 5207 532 5256 ξ
617 5208 643 5233 ει
683 5194 1073 5266 Corrigendum
1100 5202 1267 5259 esset,
1291 5209 1429 5248 anno
1460 5193 1553 5258 25,
1606 5203 1669 5248 ut
1711 5208 1886 5248 annus
1911 5194 2127 5266 imperii

546 5279 670 5319 cum
700 5263 989 5321 indictione
1023 5266 1233 5322 decima
1271 5272 1463 5334 quarta
1501 5273 1713 5334 etcum
1743 5279 1886 5318 anno
1924 5263 2128 5323 Christi

544 5334 649 5395 856
696 5337 1027 5390 conveniret.
1072 5333 1415 5392 Verum’hoc
1467 5333 1702 5405 diploma
1756 5344 1881 5405 ante
1907 5335 1958 5389 id
1998 5342 2131 5392 tem-

543 5422 653 5475 pus,
683 5405 867 5475 datum
893 5407 1164 5472 evincunt,
1195 5406 1249 5459 l°
1272 5404 1576 5473 inscriptio,
1609 5405 1664 5459 in
1688 5404 2126 5475 quaLudovicus

542 5474 597 5530 i-t
632 5474 932 5547 Lotharius
967 5477 1125 5532 simul
1174 5477 1549 5547 imperatores,
1593 5483 1649 5529 et
1686 5474 1903 5545 quidem
1950 5475 2128 5532 divina

544 5546 831 5617 ordinante
870 5547 1191 5617 providentia
1235 5546 1632 5617 exprimuntur,
1684 5556 1880 5617 praeter
1919 5561 2126 5603 morem

548 5632 577 5668 a
635 5616 945 5672 secessione
991 5615 1233 5671 Lotharii
1302 5615 1656 5687 usurpatum;
1688 5615 1767 5671 θ’
1803 5631 2126 5687 consensus

547 5687 827 5743 lliercmite
878 5687 1261 5757 archiepiscopi
1309 5686 1669 5752 Senonensis,
1724 5686 1815 5757 qui
1882 5687 2128 5757 septenio

549 5770 668 5808 “me
710 5773 907 5811 annum
943 5756 1047 5811 856
1085 5756 1420 5817 dem-isserat;
1471 5759 1527 5811 ὗν
1570 5756 1895 5826 subscriptio
1940 5756 2130 5813 Fridu-

548 5828 646 5896 ειοί
683 5828 1011 5890 cuncellarii,
1055 5827 1146 5896 qui
1181 5837 1304 5880 ante
1327 5828 1458 5879 duos
1480 5843 1650 5881 annuos
1674 5826 1903 5882 obierat.
1928 5827 2128 5895 Quam-

2214 578 2306 633 bet
2326 577 2488 649 regia:
2523 578 2809 649 potestatis
2834 578 3091 636 minister
3136 580 3193 635 in
3223 580 3597 638 describendis
3614 580 3832 652 pravi-

2217 669 2516 740 dendisque
2537 672 2821 743 acquisitis
2866 675 3323 746 acquirendisque
3348 673 3597 744 ejusdem
3622 689 3830 731 mona-

2216 759 2365 814 sterii
2405 761 2569 817 rebus
2604 764 2947 834 permisceat.
2987 764 3259 822 Abhatem
3306 780 3440 821 vero
3467 765 3655 822 eidem
3706 781 3829 823 mo-

2215 853 2457 909 nasterio
2498 869 2607 910 non
2659 855 2851 923 alium,
2897 872 3060 928 quam
3102 872 3266 929 quem
3298 856 3519 929 dignum
3570 858 3834 914 moribus

2217 944 2491 998 communi
2513 958 2783 1002 consensu
2819 946 3171 1019 congregatio
3208 954 3323 1003 tota
3349 948 3701 1018 poposcerit,
3737 963 3830 1004 or-

2217 1034 2391 1090 dinari
2432 1035 2681 1092 volumus
2714 1053 2727 1089 :
2755 1052 2821 1092 ac
2841 1037 3033 1094 orandi
3079 1037 3456 1094 tantummodo
3500 1052 3680 1093 causa
3738 1054 3832 1096 ac-

2217 1127 2441 1183 cedendi
2481 1130 2550 1185 ad
2577 1129 2862 1200 praefatum
2901 1129 3080 1187 locum
3108 1130 3364 1200 episcopo
3390 1129 3684 1185 licentiam
3736 1130 3833 1187 da-

2218 1232 2369 1283 mus;
2418 1227 2512 1275 aut
2549 1220 2597 1275 si
2636 1220 2779 1277 forte
2826 1220 2897 1277 ad
2947 1220 3257 1293 peragenda
3301 1234 3461 1276 saera
3513 1220 3831 1280 missarum

2219 1307 2384 1365 fuerit
2410 1309 2672 1368 invitatus
2704 1312 2985 1384 mysteria,
3012 1320 3070 1368 et
3088 1313 3134 1369 si
3162 1310 3396 1368 voluerit
3419 1313 3699 1384 predicto
3726 1329 3834 1371 cte-

2219 1401 2382 1456 nohio
2418 1401 2625 1473 aliquid
2663 1403 2732 1459 de
2757 1404 3032 1474 episcopio
3070 1418 3169 1460 suo
3214 1404 3366 1470 dare,
3407 1413 3606 1460 nostra
3651 1405 3831 1477 regali

2221 1498 2278 1546 et
2300 1506 2397 1547 sua
2428 1492 2706 1562 pontiﬁcia
2750 1495 3072 1550 auctoritate
3112 1501 3375 1566 peragat;
3409 1501 3469 1549 at
3491 1493 3541 1549 si
3567 1493 3831 1552 voluntas

2219 1590 2277 1639 et
2307 1581 2542 1639 facultas
2568 1583 2933 1655 denegaverit,
2982 1584 3051 1641 de
3086 1584 3155 1641 iis
3175 1600 3296 1656 qua:
3324 1584 3539 1641 collatae
3569 1596 3709 1640 sunt
3742 1600 3829 1642 re.

2222 1680 2323 1730 bus
2365 1675 2499 1731 nihil
2542 1676 2798 1733 invadere
2841 1685 3154 1748 pmsumat.
3214 1677 3389 1735 Porro
3421 1679 3471 1734 si
3519 1679 3830 1750 contigerit

2222 1767 2440 1838 aliquod
2498 1769 2856 1825 infortunium
2914 1770 3285 1842 cujuscunque
3358 1770 3825 1844 perturbationis,

2218 1859 2361 1931 quod
2386 1860 2457 1916 ab
2488 1860 2743 1932 episcopo
2787 1862 2960 1933 possit
2989 1861 3212 1918 minime
3263 1859 3511 1929 dil'ﬁniri,
3581 1861 3674 1917 vel
3714 1862 3831 1934 ipse

2219 1965 2349 2021 erga
2391 1951 2569 2021 ipsum
2607 1950 2788 2007 locum
2845 1951 2988 2010 male
3025 1967 3195 2026 agens
3232 1951 3426 2027 [agat],
3458 1950 3733 2023 iubemus
3774 1965 3831 2011 ut

2221 2049 2539 2098 nostrorum
2578 2056 2958 2100 successorum
2995 2058 3184 2117 regum
3218 2044 3442 2101 auribus
3484 2044 3826 2111 declaretur,

2225 2139 2288 2187 ut
2313 2132 2485 2201 regali
2522 2130 2728 2201 judicio
2765 2133 3028 2204 quidquid
3056 2134 3409 2204 depravatum
3439 2132 3617 2191 fuerit
3654 2135 3832 2191 corri-

2222 2232 2399 2295 gatur.
2443 2223 2523 2279 Ne
2575 2239 2704 2297 ergo
2750 2232 2942 2295 putent
2993 2214 3254 2296 praesules
3302 2227 3452 2283 sedis
3503 2227 3830 2283 Aureliani:

2219 2322 2444 2386 propter
2481 2315 2623 2371 hanc
2670 2315 3202 2372 commendationem
3253 2316 3322 2372 ad
3381 2314 3732 2386 adjutorinm
3764 2332 3827 2373 ac

2223 2406 2590 2463 defensionem
2620 2407 2959 2464 Miciawnsis
3000 2408 3235 2465 cmnobii
3265 2422 3297 2464 a
3330 2408 3492 2464 nobis
3519 2409 3617 2479 pie
3636 2425 3708 2467 ac
3732 2410 3830 2467 Ini-

2224 2499 2574 2555 sericorditer
2611 2499 2832 2566 factam,
2889 2515 3053 2572 quam
3091 2498 3237 2556 ﬁdeli
3292 2508 3484 2556 nostro
3529 2498 3829 2570 Jonaepi-

2225 2605 2391 2661 scopo
2424 2592 2841 2660 committimus,
2872 2608 2941 2650 eo
2969 2594 3115 2665 quod
3133 2594 3426 2665 praesentia
3457 2594 3832 2667 nostr-alonge

2227 2689 2435 2737 remota
2484 2684 2555 2739 sit
2585 2685 2654 2739 ab
2675 2683 2783 2741 illis
2810 2686 3079 2756 partibus,
3122 2700 3212 2743 res
3243 2684 3458 2758 praefati
3499 2686 3831 2743 monasterii

2226 2771 2471 2841 qualibet
2497 2774 2897 2831 machinatione
2918 2775 3182 2843 alienare,
3211 2777 3297 2833 vel
3322 2778 3503 2848 ipsum
3538 2777 3730 2834 locum
3751 2779 3832 2835 in-

2226 2863 2491 2935 quietare,
2545 2866 2847 2936 praesertim
2894 2882 3017 2923 cum
3066 2876 3123 2923 et
3157 2867 3417 2939 przefatus
3470 2869 3632 2925 locus
3682 2870 3831 2942 regis

2225 2955 2492 3013 beneﬁcio
2529 2958 2601 3013 sit
2645 2956 2925 3025 fundatus,
2958 2967 3014 3015 et
3050 2975 3142 3016 res
3184 2960 3354 3031 ipsius
3392 2962 3636 3017 cmnohii
3680 2961 3830 3032 larga

2226 3061 2416 3117 regum
2443 3048 2809 3105 muniﬁcentia
2836 3051 2946 3107 sint
2975 3051 3212 3125 largitte.
3248 3052 3432 3124 Itaque
3479 3069 3831 3125 summopere

2222 3139 2464 3212 jubendo
2496 3141 2742 3198 volumus
2784 3151 2845 3198 ut
2886 3146 3139 3201 monachi
3165 3146 3411 3217 praedicti
3437 3145 3548 3202 loci
3585 3148 3662 3203 ad
3690 3148 3829 3204 divi-

2231 3246 2362 3285 num
2408 3232 2689 3289 servitium
2748 3234 3198 3294 honoriﬁcentius
3234 3240 3613 3312 peragendum
3668 3241 3833 3297 rebus

2230 3321 2479 3391 superius
2537 3323 2857 3381 memoratis
2892 3324 3069 3392 dilati,
3132 3327 3458 3398 regulariter
3492 3331 3676 3386 otium
3705 3347 3829 3388 sal-

2228 3420 2330 3468 ctaa
2369 3414 2570 3484 quietis
2613 3430 2712 3486 per
2768 3418 3101 3488 adiutorium
3140 3420 3380 3494 episcopi
3428 3434 3489 3480 et
3533 3439 3642 3497 per
3693 3424 3831 3480 hanc

2229 3515 2475 3561 nostram
2523 3509 2906 3566 auctoritatem
2960 3509 3163 3582 adepti,
3218 3512 3274 3568 in
3302 3513 3389 3569 his
3432 3515 3490 3570 in
3536 3515 3743 3587 quibus:
3775 3531 3832 3573 ae

2230 3600 2341 3656 Deo
2368 3601 2746 3667 devinxerunt,
2774 3603 2957 3659 divina
2982 3603 3209 3674 iuvante
3235 3607 3434 3677 gratia,
3474 3607 3832 3665 immobiliter

2229 3701 2602 3763 permaneant.
2655 3694 2723 3750 Et
2758 3710 2858 3766 pro
2901 3697 3007 3754 hoc
3051 3699 3317 3756 beneﬁcio
3353 3716 3387 3754 a
3420 3702 3586 3758 nobis
3633 3704 3831 3775 impar-

2227 3780 2329 3837 tito
2360 3780 2668 3855 ﬂagitamus
2722 3786 3050 3843 omnimodis
3087 3803 3276 3846 servos
3317 3789 3415 3846 Dei
3455 3792 3683 3861 prtcl‘ati
3728 3791 3827 3849 loci

2232 3877 2551 3943 monachos,
2586 3870 2657 3932 ’ut
2686 3894 2784 3949 pro
2811 3881 2969 3936 nobis
2992 3889 3049 3936 et
3073 3880 3302 3953 conjuge
3328 3892 3519 3939 nostra
3555 3882 3751 3941 Iudith
3770 3894 3827 3941 et

2232 3968 2402 4039 prole,
2432 3976 2487 4024 et
2525 3968 2821 4027 stabilitate
2856 3970 3069 4043 imperii
3096 3989 3130 4028 a
3179 3973 3292 4029 Deo
3327 3975 3488 4031 nobis
3511 3975 3726 4043 collati,
3776 3984 3829 4033 et

2233 4078 2329 4133 per
2348 4069 2544 4118 cuncta
2583 4062 2780 4118 saecula
2817 4078 2916 4134 per
2948 4080 3294 4123 successores
3322 4076 3549 4125 nostros
3583 4086 3689 4126 sua
3715 4087 3832 4141 gra-

2233 4153 2442 4209 tissima
2466 4154 2667 4225 pietate
2698 4157 3055 4213 conservandi
3087 4173 3302 4228 semper
3329 4160 3699 4231 omnipotenti
3723 4162 3829 4218 Deo

2231 4259 2424 4316 preces
2457 4242 2704 4302 fundant.
2749 4245 2864 4303 Hoc
2900 4257 3079 4304 autem
3108 4259 3464 4321 praeceptum.
3523 4261 3587 4306 ut
3624 4252 3831 4324 plenio-

2235 4350 2351 4391 rem
2383 4337 2437 4391 in
2475 4338 2865 4408 omnipotentis
2897 4338 3102 4395 Christi
3138 4342 3358 4398 nomine
3403 4343 3658 4399 obtineat
3685 4346 3832 4418 rigo-

2234 4442 2369 4491 rem,
2411 4435 2466 4482 et
2494 4443 2525 4481 a
2561 4429 2966 4486 successoribus
2995 4432 3200 4487 nostris
3233 4432 3506 4489 credendo
3539 4449 3831 4491 conserve-

2158 4550 2211 4613 Ι)
2239 4524 2345 4582 tur,
2370 4518 2589 4573 nomine
2611 4526 2801 4573 nostro
2823 4526 2879 4574 et
2897 4534 3107 4585 eorum,
3131 4520 3226 4590 qui
3251 4530 3557 4591 praesentes
3577 4524 3828 4589 aderant,

2240 4608 2458 4664 titulare
2494 4607 2787 4675 voluimus,
2839 4616 2896 4664 et
2921 4609 3106 4665 annuli
3133 4612 3307 4667 nostri
3347 4612 3719 4684 impressione
3752 4615 3829 4672 si-

2234 4703 2388 4773 gnari
2410 4702 2695 4773 jussimus.

2305 4796 2497 4850 Datum
2512 4810 2602 4850 XIV
2617 4794 2733 4850 Kal.
2763 4794 2968 4863 Martii,
3022 4812 3169 4853 anno
3190 4796 3410 4854 Christo
3437 4801 3682 4869 propitio
3705 4800 3776 4856 ει
3799 4813 3825 4843 ι

2232 4885 2445 4955 imperii
2488 4885 2692 4940 domini
2752 4885 3011 4942 Ludovici
3088 4887 3320 4957 piissimi
3378 4889 3636 4960 Augusti,
3690 4891 3827 4947 indi-

2202 4976 2417 5071 .ctione
2456 4976 2544 5031 l4.
2584 4976 2780 5033 Actum
2811 4977 3142 5050 Aquisgrani
3188 4978 3391 5049 palatio
3433 4979 3587 5052 regio
3623 4980 3688 5037 in
3734 4981 3827 5036 Dei

2236 5081 2455 5121 nomine

2227 5201 2312 5274 vis
2336 5200 2440 5258 hoc
2463 5206 2857 5274 pragmaticum
2890 5212 2973 5260 tot
3003 5205 3174 5260 ntevis
3204 5204 3534 5271 maculetur,
3588 5206 3829 5264 Habilio-

2229 5272 2355 5327 nius
2380 5272 2587 5338 tamen,
2622 5274 2715 5330 lib.
2740 5291 2871 5331 xxxi
2898 5274 3094 5331 Annal.
3123 5274 3355 5339 Beued.,
3381 5292 3534 5330 num.
3569 5277 3661 5340 66,
3692 5278 3824 5334 illud

2228 5358 2337 5399 non
2376 5345 2829 5417 contemnendum
2857 5346 3275 5417 p_utat,_quiaiin
3325 5361 3392 5417 eo
3448 5348 3583 5417 quid
3635 5348 3827 5405 Clodo-

2225 5429 2359 5486 veus
2391 5413 2638 5486 Magnus,
2680 5415 2809 5486 quid
2858 5413 2976 5483 ejus
3025 5413 3121 5471 ﬁlii
3154 5413 3498 5472 Clodomirus
3536 5429 3598 5473 et
3633 5417 3825 5475 Clota-

2225 5431 2359 5469 veus
2392 5431 2638 5539 magnus,
2680 5431 2809 5486 quia
2860 5431 2976 5483 eius
3025 5431 3121 5471 lllll
3154 5431 3498 5472 uouomirns
3536 5431 3598 5473 et
3633 5431 3825 5475 uota-

2182 5516 2191 5519 -
2226 5484 2362 5549 rius,
2385 5486 2478 5570 τις]
2538 5485 2872 5570 Chilpericus
2897 5486 3316 5570 Clotarii_ﬁlin_s,
3362 5487 3493 5570 quid
3516 5487 3825 5570 Chilperici

2182 5608 2193 5613 ἦ
2231 5569 2400 5624 nepos
2430 5555 2781 5639 Dagobcrtus,
2812 5556 3088 5639 ipsiusque
3116 5555 3403 5640 Dagohertgi
3434 5558 3623 5641 itidem
3648 5555 3826 5631 nepos

2182 5674 2203 5703 ι.
2230 5622 2601 5712 Iheqdericus
2648 5633 2881 5712 tertt'us,_
2910 5628 3042 5710 quid
3077 5629 3310 5712 demque
3334 5627 3616 5711 Pippinns,

2178 5700 2193 5753 “.
2230 5693 2317 5751 lus
2373 5694 2598 5766 Magnus
2651 5711 2718 5750 ac
2769 5693 3071 5753 Ludovicus
3113 5693 3452 5755 Miciacensi'
3478 5693 3819 5758 monasterio

2232 5765 2579 5831 contulerint,
2620 5766 2933 5838 singillatim
2967 5768 3309 5839 exprimitur.
