  <div class='ocr_page' id='page_1' title='image "/cluster/home/n/w/nwhite01/storage/ocr_20150623/104/hvd.32044015466824/615.png"; bbox 0 0 4050 6340; ppageno 0'>
   <div class='ocr_carea' id='block_1_1' title="bbox 640 345 771 406">
    <p class='ocr_par' dir='ltr' id='par_1_1' title="bbox 640 345 771 406">
     <span class='ocr_line' id='line_1_1' title="bbox 640 345 771 406; baseline 0.023 -4"><span class='ocrx_word' id='word_1_1' title='bbox 640 345 771 406; x_wconf 88' lang='grc'><strong>1171</strong></span> 
     </span>
    </p>
   </div>
   <div class='ocr_carea' id='block_1_2' title="bbox 1780 319 2800 402">
    <p class='ocr_par' dir='ltr' id='par_1_2' title="bbox 1780 319 2800 402">
     <span class='ocr_line' id='line_1_2' title="bbox 1780 319 2800 402; baseline -0.007 0"><span class='ocrx_word' id='word_1_2' title='bbox 1780 323 2108 402; x_wconf 70' lang='lat' dir='ltr'><strong>Lunovncn</strong></span> <span class='ocrx_word' id='word_1_3' title='bbox 2141 319 2176 397; x_wconf 81' lang='grc' dir='ltr'><strong>ῑ</strong></span> <span class='ocrx_word' id='word_1_4' title='bbox 2205 339 2676 400; x_wconf 80' lang='lat' dir='ltr'><strong>COGNOMENTO</strong></span> <span class='ocrx_word' id='word_1_5' title='bbox 2715 338 2800 395; x_wconf 87' lang='lat' dir='ltr'><strong>Pll</strong></span> 
     </span>
    </p>
   </div>
   <div class='ocr_carea' id='block_1_3' title="bbox 3705 349 3801 406">
    <p class='ocr_par' dir='ltr' id='par_1_3' title="bbox 3705 349 3801 406">
     <span class='ocr_line' id='line_1_3' title="bbox 3705 349 3801 406; baseline 0.021 -2"><span class='ocrx_word' id='word_1_6' title='bbox 3705 349 3801 406; x_wconf 68' lang='lat' dir='ltr'><strong>illi</strong></span> 
     </span>
    </p>
   </div>
   <div class='ocr_carea' id='block_1_4' title="bbox 638 439 3789 533">
    <p class='ocr_par' dir='ltr' id='par_1_4' title="bbox 638 439 3789 533">
     <span class='ocr_line' id='line_1_4' title="bbox 638 439 3789 533; baseline 0 -13"><span class='ocrx_word' id='word_1_7' title='bbox 638 439 748 529; x_wconf 71' lang='lat' dir='ltr'><strong>tur,</strong></span> <span class='ocrx_word' id='word_1_8' title='bbox 780 465 844 520; x_wconf 92' lang='lat' dir='ltr'><strong>de</strong></span> <span class='ocrx_word' id='word_1_9' title='bbox 879 462 1076 517; x_wconf 81' lang='lat' dir='ltr'><strong>annulo</strong></span> <span class='ocrx_word' id='word_1_10' title='bbox 1104 469 1293 518; x_wconf 88' lang='lat' dir='ltr'><strong>nostro</strong></span> <span class='ocrx_word' id='word_1_11' title='bbox 1320 462 1506 518; x_wconf 77' lang='lat' dir='ltr'><strong>subter</strong></span> <span class='ocrx_word' id='word_1_12' title='bbox 1532 477 1671 518; x_wconf 84' lang='lat' dir='ltr'><strong>eam</strong></span> <span class='ocrx_word' id='word_1_13' title='bbox 1679 459 1943 533; x_wconf 90' lang='lat' dir='ltr'><strong>iussimus</strong></span> <span class='ocrx_word' id='word_1_14' title='bbox 1971 458 2216 530; x_wconf 85' lang='lat' dir='ltr'><strong>sigillari.</strong></span> <span class='ocrx_word' id='word_1_15' title='bbox 2245 459 2299 521; x_wconf 80' lang='grc' dir='ltr'>Α</span> <span class='ocrx_word' id='word_1_16' title='bbox 2322 459 2615 528; x_wconf 81' lang='lat' dir='ltr'><strong>requiescit</strong></span> <span class='ocrx_word' id='word_1_17' title='bbox 2636 459 2771 529; x_wconf 90' lang='lat' dir='ltr'><strong>ipse,</strong></span> <span class='ocrx_word' id='word_1_18' title='bbox 2801 463 3172 512; x_wconf 88' lang='lat' dir='ltr'><strong>constructum</strong></span> <span class='ocrx_word' id='word_1_19' title='bbox 3203 454 3260 509; x_wconf 90' lang='lat' dir='ltr'><strong>in</strong></span> <span class='ocrx_word' id='word_1_20' title='bbox 3304 456 3545 512; x_wconf 85' lang='lat' dir='ltr'><strong>suburbio</strong></span> <span class='ocrx_word' id='word_1_21' title='bbox 3567 459 3703 530; x_wconf 85' lang='lat' dir='ltr'><strong>ipsius</strong></span> <span class='ocrx_word' id='word_1_22' title='bbox 3718 465 3789 521; x_wconf 84' lang='lat' dir='ltr'><strong>civi</strong></span> 
     </span>
    </p>
   </div>
   <div class='ocr_carea' id='block_1_5' title="bbox 636 550 2223 623">
    <p class='ocr_par' dir='ltr' id='par_1_5' title="bbox 636 550 2223 623">
     <span class='ocr_line' id='line_1_5' title="bbox 636 550 2223 623; baseline -0.004 -13"><span class='ocrx_word' id='word_1_23' title='bbox 636 552 1020 610; x_wconf 79' lang='lat' dir='ltr'><strong>Hirminmaris</strong></span> <span class='ocrx_word' id='word_1_24' title='bbox 1039 555 1282 609; x_wconf 88' lang='lat' dir='ltr'><strong>notarius</strong></span> <span class='ocrx_word' id='word_1_25' title='bbox 1312 553 1381 607; x_wconf 90' lang='lat' dir='ltr'><strong>ad</strong></span> <span class='ocrx_word' id='word_1_26' title='bbox 1413 555 1585 609; x_wconf 80' lang='lat' dir='ltr'><strong>vicem</strong></span> <span class='ocrx_word' id='word_1_27' title='bbox 1615 552 1883 623; x_wconf 85' lang='lat' dir='ltr'><strong>Fridugisi</strong></span> <span class='ocrx_word' id='word_1_28' title='bbox 1911 550 2223 622; x_wconf 82' lang='lat' dir='ltr'><strong>recognovi.</strong></span> 
     </span>
    </p>
   </div>
   <div class='ocr_carea' id='block_1_6' title="bbox 706 639 2218 714">
    <p class='ocr_par' dir='ltr' id='par_1_6' title="bbox 706 639 2218 714">
     <span class='ocr_line' id='line_1_6' title="bbox 706 639 2218 714; baseline -0.002 -16"><span class='ocrx_word' id='word_1_29' title='bbox 706 641 844 698; x_wconf 88' lang='lat' dir='ltr'><strong>Data</strong></span> <span class='ocrx_word' id='word_1_30' title='bbox 872 652 1068 714; x_wconf 88' lang='lat' dir='ltr'><strong>quarto</strong></span> <span class='ocrx_word' id='word_1_31' title='bbox 1095 642 1232 698; x_wconf 86' lang='lat' dir='ltr'><strong>Non.</strong></span> <span class='ocrx_word' id='word_1_32' title='bbox 1263 643 1459 708; x_wconf 82' lang='lat' dir='ltr'><strong>Martii,</strong></span> <span class='ocrx_word' id='word_1_33' title='bbox 1505 659 1671 710; x_wconf 88' lang='lat' dir='ltr'><strong>anno,</strong></span> <span class='ocrx_word' id='word_1_34' title='bbox 1710 641 1926 697; x_wconf 89' lang='lat' dir='ltr'><strong>Christo</strong></span> <span class='ocrx_word' id='word_1_35' title='bbox 1964 639 2218 712; x_wconf 89' lang='lat' dir='ltr'><strong>propitio,</strong></span> 
     </span>
    </p>
   </div>
   <div class='ocr_carea' id='block_1_7' title="bbox 637 733 2224 808">
    <p class='ocr_par' dir='ltr' id='par_1_7' title="bbox 637 733 2224 808">
     <span class='ocr_line' id='line_1_7' title="bbox 637 733 2224 808; baseline -0.001 -18"><span class='ocrx_word' id='word_1_36' title='bbox 637 735 706 790; x_wconf 78' lang='grc'><strong>15</strong></span> <span class='ocrx_word' id='word_1_37' title='bbox 742 735 955 808; x_wconf 87' lang='lat' dir='ltr'><strong>imperii</strong></span> <span class='ocrx_word' id='word_1_38' title='bbox 1004 736 1188 792; x_wconf 83' lang='lat' dir='ltr'><strong>domni</strong></span> <span class='ocrx_word' id='word_1_39' title='bbox 1229 735 1486 792; x_wconf 80' lang='lat' dir='ltr'><strong>Ludovici</strong></span> <span class='ocrx_word' id='word_1_40' title='bbox 1532 744 1589 791; x_wconf 91' lang='lat' dir='ltr'><strong>et</strong></span> <span class='ocrx_word' id='word_1_41' title='bbox 1627 735 1868 790; x_wconf 90' lang='lat' dir='ltr'><strong>Lotharii</strong></span> <span class='ocrx_word' id='word_1_42' title='bbox 1912 733 1946 788; x_wconf 85' lang='lat'><strong><em>6</em></strong></span> <span class='ocrx_word' id='word_1_43' title='bbox 1993 733 2224 804; x_wconf 84' lang='lat' dir='ltr'><strong>piissimi</strong></span> 
     </span>
    </p>
   </div>
   <div class='ocr_carea' id='block_1_8' title="bbox 633 826 2228 899">
    <p class='ocr_par' dir='ltr' id='par_1_8' title="bbox 633 826 2228 899">
     <span class='ocr_line' id='line_1_8' title="bbox 633 826 2228 899; baseline 0.001 -17"><span class='ocrx_word' id='word_1_44' title='bbox 633 826 888 899; x_wconf 84' lang='lat' dir='ltr'><strong>Augusti,</strong></span> <span class='ocrx_word' id='word_1_45' title='bbox 924 828 1217 883; x_wconf 87' lang='lat' dir='ltr'><strong>indictione</strong></span> <span class='ocrx_word' id='word_1_46' title='bbox 1245 827 1298 883; x_wconf 89' lang='lat'><strong>6.</strong></span> <span class='ocrx_word' id='word_1_47' title='bbox 1344 827 1539 882; x_wconf 83' lang='lat' dir='ltr'><strong>Actum</strong></span> <span class='ocrx_word' id='word_1_48' title='bbox 1567 827 1891 898; x_wconf 87' lang='lat' dir='ltr'><strong>Aquisgrani</strong></span> <span class='ocrx_word' id='word_1_49' title='bbox 1911 826 2114 898; x_wconf 85' lang='lat' dir='ltr'><strong>palatio</strong></span> <span class='ocrx_word' id='word_1_50' title='bbox 2142 841 2228 883; x_wconf 80' lang='lat' dir='ltr'><strong>re-</strong></span> 
     </span>
    </p>
   </div>
   <div class='ocr_carea' id='block_1_9' title="bbox 633 918 1789 990">
    <p class='ocr_par' dir='ltr' id='par_1_9' title="bbox 633 918 1789 990">
     <span class='ocr_line' id='line_1_9' title="bbox 633 918 1789 990; baseline -0.001 -16"><span class='ocrx_word' id='word_1_51' title='bbox 633 919 725 990; x_wconf 88' lang='lat' dir='ltr'><strong>gio</strong></span> <span class='ocrx_word' id='word_1_52' title='bbox 751 931 803 987; x_wconf 79' lang='grc' dir='ltr'><strong>ι,</strong></span> <span class='ocrx_word' id='word_1_53' title='bbox 827 920 884 975; x_wconf 87' lang='lat' dir='ltr'><strong>in</strong></span> <span class='ocrx_word' id='word_1_54' title='bbox 915 918 1015 976; x_wconf 88' lang='lat' dir='ltr'><strong>Dei</strong></span> <span class='ocrx_word' id='word_1_55' title='bbox 1045 920 1260 976; x_wconf 86' lang='lat' dir='ltr'><strong>nomine</strong></span> <span class='ocrx_word' id='word_1_56' title='bbox 1294 918 1542 975; x_wconf 78' lang='lat' dir='ltr'><strong>feliciter.</strong></span> <span class='ocrx_word' id='word_1_57' title='bbox 1595 918 1789 975; x_wconf 88' lang='lat' dir='ltr'><strong>Amen.</strong></span> 
     </span>
    </p>
   </div>
   <div class='ocr_carea' id='block_1_10' title="bbox 1347 1031 1529 1088">
    <p class='ocr_par' dir='ltr' id='par_1_10' title="bbox 1347 1031 1529 1088">
     <span class='ocr_line' id='line_1_10' title="bbox 1347 1031 1529 1088; baseline -0.005 0"><span class='ocrx_word' id='word_1_58' title='bbox 1347 1031 1529 1088; x_wconf 79' lang='lat' dir='ltr'><strong>CXLI.</strong></span> 
     </span>
    </p>
   </div>
   <div class='ocr_carea' id='block_1_11' title="bbox 706 1133 2152 1180">
    <p class='ocr_par' dir='ltr' id='par_1_11' title="bbox 706 1133 2152 1180">
     <span class='ocr_line' id='line_1_11' title="bbox 706 1133 2152 1180; baseline -0.001 -1"><span class='ocrx_word' id='word_1_59' title='bbox 706 1137 811 1180; x_wconf 64' lang='lat' dir='ltr'><strong>P30</strong></span> <span class='ocrx_word' id='word_1_60' title='bbox 851 1133 1294 1180; x_wconf 63' lang='grc' dir='ltr'><strong>ωτιυκιτιοκις</strong></span> <span class='ocrx_word' id='word_1_61' title='bbox 1337 1137 1605 1178; x_wconf 71' lang='grc' dir='ltr'><strong>εοειεεω</strong></span> <span class='ocrx_word' id='word_1_62' title='bbox 1651 1137 1864 1179; x_wconf 63' lang='lat' dir='ltr'><strong>“NIGRI</strong></span> <span class='ocrx_word' id='word_1_63' title='bbox 1905 1137 1966 1177; x_wconf 76' lang='lat' dir='ltr'><strong>IN</strong></span> <span class='ocrx_word' id='word_1_64' title='bbox 2010 1136 2152 1178; x_wconf 66' lang='lat' dir='ltr'><strong>UB“</strong></span> 
     </span>
    </p>
   </div>
   <div class='ocr_carea' id='block_1_12' title="bbox 1303 1210 1553 1250">
    <p class='ocr_par' dir='ltr' id='par_1_12' title="bbox 1303 1210 1553 1250">
     <span class='ocr_line' id='line_1_12' title="bbox 1303 1210 1553 1250; baseline -0.004 -1"><span class='ocrx_word' id='word_1_65' title='bbox 1303 1210 1553 1250; x_wconf 72' lang='lat' dir='ltr'><strong>DIVIONIS.</strong></span> 
     </span>
    </p>
   </div>
   <div class='ocr_carea' id='block_1_13' title="bbox 1249 1286 1608 1360">
    <p class='ocr_par' dir='ltr' id='par_1_13' title="bbox 1249 1286 1608 1360">
     <span class='ocr_line' id='line_1_13' title="bbox 1249 1286 1608 1360; baseline 0 -20"><span class='ocrx_word' id='word_1_66' title='bbox 1249 1287 1421 1360; x_wconf 85' lang='lat' dir='ltr'><strong>(Anno</strong></span> <span class='ocrx_word' id='word_1_67' title='bbox 1459 1286 1608 1358; x_wconf 77' lang='grc'><strong>828.)</strong></span> 
     </span>
    </p>
   </div>
   <div class='ocr_carea' id='block_1_14' title="bbox 636 1373 2219 1450">
    <p class='ocr_par' dir='ltr' id='par_1_14' title="bbox 636 1373 2219 1450">
     <span class='ocr_line' id='line_1_14' title="bbox 636 1373 2219 1450; baseline 0.001 -20"><span class='ocrx_word' id='word_1_68' title='bbox 636 1373 828 1448; x_wconf 84' lang='lat' dir='ltr'><strong>[Apud</strong></span> <span class='ocrx_word' id='word_1_69' title='bbox 850 1375 1076 1443; x_wconf 89' lang='lat' dir='ltr'><strong>Mabill.,</strong></span> <span class='ocrx_word' id='word_1_70' title='bbox 1105 1377 1246 1432; x_wconf 83' lang='lat' dir='ltr'><strong>Ann.</strong></span> <span class='ocrx_word' id='word_1_71' title='bbox 1274 1377 1390 1431; x_wconf 85' lang='lat' dir='ltr'><strong>ord.</strong></span> <span class='ocrx_word' id='word_1_72' title='bbox 1416 1375 1478 1434; x_wconf 91' lang='lat' dir='ltr'><strong>S.</strong></span> <span class='ocrx_word' id='word_1_73' title='bbox 1505 1376 1728 1442; x_wconf 84' lang='lat' dir='ltr'><strong>Bened.,</strong></span> <span class='ocrx_word' id='word_1_74' title='bbox 1751 1384 1881 1432; x_wconf 89' lang='lat' dir='ltr'><strong>tom.</strong></span> <span class='ocrx_word' id='word_1_75' title='bbox 1899 1377 1963 1443; x_wconf 88' lang='lat' dir='ltr'><strong>Il,</strong></span> <span class='ocrx_word' id='word_1_76' title='bbox 1985 1393 2040 1447; x_wconf 90' lang='lat' dir='ltr'><strong>p.</strong></span> <span class='ocrx_word' id='word_1_77' title='bbox 2058 1376 2179 1432; x_wconf 85' lang='grc'><strong>516.</strong></span> <span class='ocrx_word' id='word_1_78' title='bbox 2198 1408 2219 1450; x_wconf 54' lang='grc' dir='ltr'><strong><em>ι</em></strong></span> 
     </span>
    </p>
   </div>
   <div class='ocr_carea' id='block_1_15' title="bbox 706 1467 2220 1526">
    <p class='ocr_par' dir='ltr' id='par_1_15' title="bbox 706 1467 2220 1526">
     <span class='ocr_line' id='line_1_15' title="bbox 706 1467 2220 1526; baseline 0 -2"><span class='ocrx_word' id='word_1_79' title='bbox 706 1470 765 1526; x_wconf 89' lang='lat' dir='ltr'><strong>ln</strong></span> <span class='ocrx_word' id='word_1_80' title='bbox 801 1471 1017 1525; x_wconf 84' lang='lat' dir='ltr'><strong>nomine</strong></span> <span class='ocrx_word' id='word_1_81' title='bbox 1053 1469 1266 1525; x_wconf 89' lang='lat' dir='ltr'><strong>Domini</strong></span> <span class='ocrx_word' id='word_1_82' title='bbox 1311 1470 1406 1525; x_wconf 89' lang='lat' dir='ltr'><strong>Dei</strong></span> <span class='ocrx_word' id='word_1_83' title='bbox 1441 1478 1496 1524; x_wconf 91' lang='lat' dir='ltr'><strong>et</strong></span> <span class='ocrx_word' id='word_1_84' title='bbox 1546 1469 1846 1525; x_wconf 87' lang='lat' dir='ltr'><strong>Salvatoris</strong></span> <span class='ocrx_word' id='word_1_85' title='bbox 1874 1470 2046 1524; x_wconf 84' lang='lat' dir='ltr'><strong>nostri</strong></span> <span class='ocrx_word' id='word_1_86' title='bbox 2091 1467 2220 1524; x_wconf 83' lang='lat' dir='ltr'><strong>Jesu</strong></span> 
     </span>
    </p>
   </div>
   <div class='ocr_carea' id='block_1_16' title="bbox 634 1563 2223 1632">
    <p class='ocr_par' dir='ltr' id='par_1_16' title="bbox 634 1563 2223 1632">
     <span class='ocr_line' id='line_1_16' title="bbox 634 1563 2223 1632; baseline -0.004 -8"><span class='ocrx_word' id='word_1_87' title='bbox 634 1563 852 1629; x_wconf 83' lang='lat' dir='ltr'><strong>Christi,</strong></span> <span class='ocrx_word' id='word_1_88' title='bbox 878 1563 1184 1620; x_wconf 88' lang='lat' dir='ltr'><strong>Ludovicus</strong></span> <span class='ocrx_word' id='word_1_89' title='bbox 1203 1565 1383 1620; x_wconf 89' lang='lat' dir='ltr'><strong>divina</strong></span> <span class='ocrx_word' id='word_1_90' title='bbox 1415 1565 1700 1620; x_wconf 82' lang='lat' dir='ltr'><strong>ordinante</strong></span> <span class='ocrx_word' id='word_1_91' title='bbox 1729 1564 2067 1632; x_wconf 81' lang='lat' dir='ltr'><strong>providentia</strong></span> <span class='ocrx_word' id='word_1_92' title='bbox 2117 1564 2223 1618; x_wconf 86' lang='lat' dir='ltr'><strong>im-</strong></span> 
     </span>
    </p>
   </div>
   <div class='ocr_carea' id='block_1_17' title="bbox 631 1653 2219 1726">
    <p class='ocr_par' dir='ltr' id='par_1_17' title="bbox 631 1653 2219 1726">
     <span class='ocr_line' id='line_1_17' title="bbox 631 1653 2219 1726; baseline 0.001 -17"><span class='ocrx_word' id='word_1_93' title='bbox 631 1663 854 1726; x_wconf 82' lang='lat' dir='ltr'><strong>perator</strong></span> <span class='ocrx_word' id='word_1_94' title='bbox 891 1654 1185 1726; x_wconf 82' lang='lat' dir='ltr'><strong>Augustus,</strong></span> <span class='ocrx_word' id='word_1_95' title='bbox 1219 1655 1459 1711; x_wconf 88' lang='lat' dir='ltr'><strong>Amadeo</strong></span> <span class='ocrx_word' id='word_1_96' title='bbox 1492 1655 1700 1720; x_wconf 87' lang='lat' dir='ltr'><strong>comiti,</strong></span> <span class='ocrx_word' id='word_1_97' title='bbox 1727 1654 1892 1711; x_wconf 64' lang='lat' dir='ltr'><strong>lleliaa</strong></span> <span class='ocrx_word' id='word_1_98' title='bbox 1915 1663 1973 1710; x_wconf 91' lang='lat' dir='ltr'><strong>et</strong></span> <span class='ocrx_word' id='word_1_99' title='bbox 1997 1653 2219 1720; x_wconf 85' lang='lat' dir='ltr'><strong>Waldo,</strong></span> 
     </span>
    </p>
   </div>
   <div class='ocr_carea' id='block_1_18' title="bbox 628 1745 2221 1804">
    <p class='ocr_par' dir='ltr' id='par_1_18' title="bbox 628 1745 2221 1804">
     <span class='ocr_line' id='line_1_18' title="bbox 628 1745 2221 1804; baseline -0.002 -2"><span class='ocrx_word' id='word_1_100' title='bbox 628 1747 941 1804; x_wconf 85' lang='lat' dir='ltr'><strong>lsembardo</strong></span> <span class='ocrx_word' id='word_1_101' title='bbox 965 1755 1024 1802; x_wconf 89' lang='lat' dir='ltr'><strong>et</strong></span> <span class='ocrx_word' id='word_1_102' title='bbox 1047 1748 1308 1803; x_wconf 88' lang='lat' dir='ltr'><strong>Barberto</strong></span> <span class='ocrx_word' id='word_1_103' title='bbox 1336 1747 1510 1804; x_wconf 86' lang='lat' dir='ltr'><strong>vassis</strong></span> <span class='ocrx_word' id='word_1_104' title='bbox 1540 1747 1757 1802; x_wconf 88' lang='lat' dir='ltr'><strong>nostris.</strong></span> <span class='ocrx_word' id='word_1_105' title='bbox 1806 1745 2002 1802; x_wconf 81' lang='lat' dir='ltr'><strong>Notum</strong></span> <span class='ocrx_word' id='word_1_106' title='bbox 2025 1746 2096 1801; x_wconf 94' lang='lat' dir='ltr'><strong>sit</strong></span> <span class='ocrx_word' id='word_1_107' title='bbox 2124 1761 2221 1800; x_wconf 89' lang='lat' dir='ltr'><strong>vo-</strong></span> 
     </span>
    </p>
   </div>
   <div class='ocr_carea' id='block_1_19' title="bbox 2329 549 3800 626">
    <p class='ocr_par' dir='ltr' id='par_1_19' title="bbox 2329 549 3800 626">
     <span class='ocr_line' id='line_1_19' title="bbox 2329 549 3800 626; baseline 0.003 -19"><span class='ocrx_word' id='word_1_108' title='bbox 2329 554 2474 618; x_wconf 89' lang='lat' dir='ltr'><strong>tatis,</strong></span> <span class='ocrx_word' id='word_1_109' title='bbox 2499 568 2622 607; x_wconf 90' lang='lat' dir='ltr'><strong>cum</strong></span> <span class='ocrx_word' id='word_1_110' title='bbox 2653 552 2904 606; x_wconf 90' lang='lat' dir='ltr'><strong>omnibus</strong></span> <span class='ocrx_word' id='word_1_111' title='bbox 2939 549 3272 620; x_wconf 87' lang='lat' dir='ltr'><strong>appendiciis</strong></span> <span class='ocrx_word' id='word_1_112' title='bbox 3298 558 3351 603; x_wconf 91' lang='lat' dir='ltr'><strong>et</strong></span> <span class='ocrx_word' id='word_1_113' title='bbox 3379 552 3800 626; x_wconf 68' lang='lat' dir='ltr'><strong>assentiisbeorum,</strong></span> 
     </span>
    </p>
   </div>
   <div class='ocr_carea' id='block_1_20' title="bbox 2325 641 3800 714">
    <p class='ocr_par' dir='ltr' id='par_1_20' title="bbox 2325 641 3800 714">
     <span class='ocr_line' id='line_1_20' title="bbox 2325 641 3800 714; baseline 0.005 -17"><span class='ocrx_word' id='word_1_114' title='bbox 2325 660 2443 714; x_wconf 72' lang='lat' dir='ltr'><strong>quce</strong></span> <span class='ocrx_word' id='word_1_115' title='bbox 2466 660 2572 698; x_wconf 90' lang='lat' dir='ltr'><strong>non</strong></span> <span class='ocrx_word' id='word_1_116' title='bbox 2595 643 2767 698; x_wconf 90' lang='lat' dir='ltr'><strong>solum</strong></span> <span class='ocrx_word' id='word_1_117' title='bbox 2816 642 2957 697; x_wconf 91' lang='lat' dir='ltr'><strong>idem</strong></span> <span class='ocrx_word' id='word_1_118' title='bbox 2983 641 3199 712; x_wconf 76' lang='lat' dir='ltr'><strong>genitor</strong></span> <span class='ocrx_word' id='word_1_119' title='bbox 3233 649 3446 707; x_wconf 86' lang='lat' dir='ltr'><strong>noster,</strong></span> <span class='ocrx_word' id='word_1_120' title='bbox 3490 658 3654 699; x_wconf 83' lang='lat' dir='ltr'><strong>verum</strong></span> <span class='ocrx_word' id='word_1_121' title='bbox 3694 652 3800 706; x_wconf 84' lang='lat' dir='ltr'><strong>etiam</strong></span> 
     </span>
    </p>
   </div>
   <div class='ocr_carea' id='block_1_21' title="bbox 2322 734 3800 806">
    <p class='ocr_par' dir='ltr' id='par_1_21' title="bbox 2322 734 3800 806">
     <span class='ocr_line' id='line_1_21' title="bbox 2322 734 3800 806; baseline 0.003 -18"><span class='ocrx_word' id='word_1_122' title='bbox 2322 734 2747 806; x_wconf 62' lang='lat' dir='ltr'><strong>praedecessores</strong></span> <span class='ocrx_word' id='word_1_123' title='bbox 2770 735 2886 805; x_wconf 92' lang='lat' dir='ltr'><strong>eius</strong></span> <span class='ocrx_word' id='word_1_124' title='bbox 2937 749 3112 804; x_wconf 87' lang='lat' dir='ltr'><strong>reges,</strong></span> <span class='ocrx_word' id='word_1_125' title='bbox 3143 735 3424 806; x_wconf 83' lang='lat' dir='ltr'><strong>ipsamque</strong></span> <span class='ocrx_word' id='word_1_126' title='bbox 3466 736 3626 790; x_wconf 88' lang='lat' dir='ltr'><strong>sedem</strong></span> <span class='ocrx_word' id='word_1_127' title='bbox 3648 740 3721 793; x_wconf 87' lang='lat' dir='ltr'><strong>sub</strong></span> <span class='ocrx_word' id='word_1_128' title='bbox 3742 758 3800 799; x_wconf 85' lang='lat' dir='ltr'><strong>suo</strong></span> 
     </span>
    </p>
   </div>
   <div class='ocr_carea' id='block_1_22' title="bbox 2323 827 3803 901">
    <p class='ocr_par' dir='ltr' id='par_1_22' title="bbox 2323 827 3803 901">
     <span class='ocr_line' id='line_1_22' title="bbox 2323 827 3803 901; baseline 0.004 -21"><span class='ocrx_word' id='word_1_129' title='bbox 2323 827 2620 882; x_wconf 85' lang='lat' dir='ltr'><strong>munimine</strong></span> <span class='ocrx_word' id='word_1_130' title='bbox 2647 835 2704 882; x_wconf 91' lang='lat' dir='ltr'><strong>et</strong></span> <span class='ocrx_word' id='word_1_131' title='bbox 2751 827 3066 882; x_wconf 77' lang='lat' dir='ltr'><strong>defensione</strong></span> <span class='ocrx_word' id='word_1_132' title='bbox 3093 843 3219 882; x_wconf 88' lang='lat' dir='ltr'><strong>cum</strong></span> <span class='ocrx_word' id='word_1_133' title='bbox 3249 827 3454 882; x_wconf 84' lang='lat' dir='ltr'><strong>cellulis</strong></span> <span class='ocrx_word' id='word_1_134' title='bbox 3474 827 3566 882; x_wconf 84' lang='lat' dir='ltr'><strong>sibi</strong></span> <span class='ocrx_word' id='word_1_135' title='bbox 3590 828 3803 901; x_wconf 83' lang='lat' dir='ltr'><strong>subiectis,</strong></span> 
     </span>
    </p>
   </div>
   <div class='ocr_carea' id='block_1_23' title="bbox 2322 919 3801 992">
    <p class='ocr_par' dir='ltr' id='par_1_23' title="bbox 2322 919 3801 992">
     <span class='ocr_line' id='line_1_23' title="bbox 2322 919 3801 992; baseline 0.001 -16"><span class='ocrx_word' id='word_1_136' title='bbox 2322 928 2380 976; x_wconf 90' lang='lat' dir='ltr'><strong>et</strong></span> <span class='ocrx_word' id='word_1_137' title='bbox 2406 921 2564 976; x_wconf 82' lang='lat' dir='ltr'><strong>rebus</strong></span> <span class='ocrx_word' id='word_1_138' title='bbox 2583 921 2667 976; x_wconf 92' lang='lat' dir='ltr'><strong>vel</strong></span> <span class='ocrx_word' id='word_1_139' title='bbox 2697 921 3005 976; x_wconf 85' lang='lat' dir='ltr'><strong>hominibus</strong></span> <span class='ocrx_word' id='word_1_140' title='bbox 3035 920 3103 975; x_wconf 90' lang='lat' dir='ltr'><strong>ad</strong></span> <span class='ocrx_word' id='word_1_141' title='bbox 3133 935 3194 975; x_wconf 86' lang='lat' dir='ltr'><strong>se</strong></span> <span class='ocrx_word' id='word_1_142' title='bbox 3228 919 3606 990; x_wconf 79' lang='lat' dir='ltr'><strong>pertinentibus</strong></span> <span class='ocrx_word' id='word_1_143' title='bbox 3621 921 3686 976; x_wconf 78' lang='lat' dir='ltr'><strong>vel</strong></span> <span class='ocrx_word' id='word_1_144' title='bbox 3711 925 3801 992; x_wconf 76' lang='lat' dir='ltr'><strong>aspi-</strong></span> 
     </span>
    </p>
   </div>
   <div class='ocr_carea' id='block_1_24' title="bbox 2322 1011 3804 1075">
    <p class='ocr_par' dir='ltr' id='par_1_24' title="bbox 2322 1011 3804 1075">
     <span class='ocr_line' id='line_1_24' title="bbox 2322 1011 3804 1075; baseline 0.001 -8"><span class='ocrx_word' id='word_1_145' title='bbox 2322 1012 2590 1067; x_wconf 86' lang='lat' dir='ltr'><strong>cientibus</strong></span> <span class='ocrx_word' id='word_1_146' title='bbox 2611 1013 2906 1068; x_wconf 90' lang='lat' dir='ltr'><strong>consistere</strong></span> <span class='ocrx_word' id='word_1_147' title='bbox 2921 1011 3196 1075; x_wconf 78' lang='lat' dir='ltr'><strong>fecissent,</strong></span> <span class='ocrx_word' id='word_1_148' title='bbox 3222 1021 3276 1066; x_wconf 92' lang='lat' dir='ltr'><strong>et</strong></span> <span class='ocrx_word' id='word_1_149' title='bbox 3297 1026 3477 1066; x_wconf 92' lang='lat' dir='ltr'><strong>eorum</strong></span> <span class='ocrx_word' id='word_1_150' title='bbox 3499 1011 3804 1068; x_wconf 66' lang='lat' dir='ltr'><strong>immunitatem</strong></span> 
     </span>
    </p>
   </div>
   <div class='ocr_carea' id='block_1_25' title="bbox 2323 1101 3803 1173">
    <p class='ocr_par' dir='ltr' id='par_1_25' title="bbox 2323 1101 3803 1173">
     <span class='ocr_line' id='line_1_25' title="bbox 2323 1101 3803 1173; baseline 0.001 -14"><span class='ocrx_word' id='word_1_151' title='bbox 2323 1105 2738 1160; x_wconf 86' lang='lat' dir='ltr'><strong>auctoritatibus</strong></span> <span class='ocrx_word' id='word_1_152' title='bbox 2770 1107 2841 1160; x_wconf 88' lang='lat' dir='ltr'><strong>ab</strong></span> <span class='ocrx_word' id='word_1_153' title='bbox 2877 1104 3253 1173; x_wconf 85' lang='lat' dir='ltr'><strong>inquietudine</strong></span> <span class='ocrx_word' id='word_1_154' title='bbox 3300 1101 3583 1171; x_wconf 73' lang='lat' dir='ltr'><strong>iudiciaria,-</strong></span> <span class='ocrx_word' id='word_1_155' title='bbox 3604 1105 3803 1172; x_wconf 75' lang='lat' dir='ltr'><strong>potestatis</strong></span> 
     </span>
    </p>
   </div>
   <div class='ocr_carea' id='block_1_26' title="bbox 2321 1193 3800 1266">
    <p class='ocr_par' dir='ltr' id='par_1_26' title="bbox 2321 1193 3800 1266">
     <span class='ocr_line' id='line_1_26' title="bbox 2321 1193 3800 1266; baseline -0.003 -13"><span class='ocrx_word' id='word_1_156' title='bbox 2321 1198 2511 1253; x_wconf 85' lang='lat' dir='ltr'><strong>eadem</strong></span> <span class='ocrx_word' id='word_1_157' title='bbox 2536 1198 2743 1252; x_wconf 86' lang='lat' dir='ltr'><strong>munita</strong></span> <span class='ocrx_word' id='word_1_158' title='bbox 2770 1199 2932 1266; x_wconf 85' lang='lat' dir='ltr'><strong>atque</strong></span> <span class='ocrx_word' id='word_1_159' title='bbox 2949 1196 3173 1250; x_wconf 77' lang='lat' dir='ltr'><strong>defensa</strong></span> <span class='ocrx_word' id='word_1_160' title='bbox 3197 1195 3383 1249; x_wconf 80' lang='lat' dir='ltr'><strong>fuisset</strong></span> <span class='ocrx_word' id='word_1_161' title='bbox 3404 1193 3625 1247; x_wconf 85' lang='lat' dir='ltr'><strong>ecclesia.</strong></span> <span class='ocrx_word' id='word_1_162' title='bbox 3646 1194 3723 1247; x_wconf 84' lang='lat' dir='ltr'><strong>Sed</strong></span> <span class='ocrx_word' id='word_1_163' title='bbox 3739 1209 3800 1261; x_wconf 79' lang='lat' dir='ltr'><strong>pro</strong></span> 
     </span>
    </p>
   </div>
   <div class='ocr_carea' id='block_1_27' title="bbox 2322 1287 3803 1361">
    <p class='ocr_par' dir='ltr' id='par_1_27' title="bbox 2322 1287 3803 1361">
     <span class='ocr_line' id='line_1_27' title="bbox 2322 1287 3803 1361; baseline -0.002 -16"><span class='ocrx_word' id='word_1_164' title='bbox 2322 1291 2402 1345; x_wconf 87' lang='lat' dir='ltr'><strong>rei</strong></span> <span class='ocrx_word' id='word_1_165' title='bbox 2435 1290 2690 1346; x_wconf 87' lang='lat' dir='ltr'><strong>ﬁrmitate</strong></span> <span class='ocrx_word' id='word_1_166' title='bbox 2725 1291 3019 1361; x_wconf 81' lang='lat' dir='ltr'><strong>postulavit</strong></span> <span class='ocrx_word' id='word_1_167' title='bbox 3055 1304 3085 1343; x_wconf 89' lang='lat' dir='ltr'><strong>a</strong></span> <span class='ocrx_word' id='word_1_168' title='bbox 3122 1289 3284 1343; x_wconf 87' lang='lat' dir='ltr'><strong>nobis</strong></span> <span class='ocrx_word' id='word_1_169' title='bbox 3325 1287 3566 1359; x_wconf 63' lang='lat' dir='ltr'><strong>praefatus</strong></span> <span class='ocrx_word' id='word_1_170' title='bbox 3607 1287 3803 1342; x_wconf 77' lang='lat' dir='ltr'><strong>Sicharius</strong></span> 
     </span>
    </p>
   </div>
   <div class='ocr_carea' id='block_1_28' title="bbox 2322 1381 3802 1454">
    <p class='ocr_par' dir='ltr' id='par_1_28' title="bbox 2322 1381 3802 1454">
     <span class='ocr_line' id='line_1_28' title="bbox 2322 1381 3802 1454; baseline -0.002 -18"><span class='ocrx_word' id='word_1_171' title='bbox 2322 1384 2760 1454; x_wconf 87' lang='lat' dir='ltr'><strong>archiepiscopus</strong></span> <span class='ocrx_word' id='word_1_172' title='bbox 2785 1393 2864 1447; x_wconf 93' lang='lat' dir='ltr'><strong>ut,</strong></span> <span class='ocrx_word' id='word_1_173' title='bbox 2891 1392 3180 1453; x_wconf 86' lang='lat' dir='ltr'><strong>parentum</strong></span> <span class='ocrx_word' id='word_1_174' title='bbox 3207 1396 3301 1436; x_wconf 87' lang='lat' dir='ltr'><strong>seu</strong></span> <span class='ocrx_word' id='word_1_175' title='bbox 3329 1381 3725 1452; x_wconf 69' lang='lat' dir='ltr'><strong>praedecessortnn</strong></span> <span class='ocrx_word' id='word_1_176' title='bbox 3743 1396 3802 1433; x_wconf 77' lang='lat' dir='ltr'><strong>no-</strong></span> 
     </span>
    </p>
   </div>
   <div class='ocr_carea' id='block_1_29' title="bbox 2321 1472 3798 1546">
    <p class='ocr_par' dir='ltr' id='par_1_29' title="bbox 2321 1472 3798 1546">
     <span class='ocr_line' id='line_1_29' title="bbox 2321 1472 3798 1546; baseline -0.003 -18"><span class='ocrx_word' id='word_1_177' title='bbox 2321 1483 2558 1544; x_wconf 68' lang='lat' dir='ltr'><strong>strorum</strong></span> <span class='ocrx_word' id='word_1_178' title='bbox 2589 1491 2772 1546; x_wconf 87' lang='lat' dir='ltr'><strong>regum</strong></span> <span class='ocrx_word' id='word_1_179' title='bbox 2795 1490 3000 1530; x_wconf 88' lang='lat' dir='ltr'><strong>morem</strong></span> <span class='ocrx_word' id='word_1_180' title='bbox 3022 1482 3334 1544; x_wconf 87' lang='lat' dir='ltr'><strong>sequentes,</strong></span> <span class='ocrx_word' id='word_1_181' title='bbox 3368 1472 3642 1542; x_wconf 90' lang='lat' dir='ltr'><strong>huiusmodi</strong></span> <span class='ocrx_word' id='word_1_182' title='bbox 3666 1481 3798 1524; x_wconf 77' lang='lat' dir='ltr'><strong>nostra</strong></span> 
     </span>
    </p>
   </div>
   <div class='ocr_carea' id='block_1_30' title="bbox 2321 1565 3801 1640">
    <p class='ocr_par' dir='ltr' id='par_1_30' title="bbox 2321 1565 3801 1640">
     <span class='ocr_line' id='line_1_30' title="bbox 2321 1565 3801 1640; baseline -0.003 -18"><span class='ocrx_word' id='word_1_183' title='bbox 2321 1569 2678 1625; x_wconf 88' lang='lat' dir='ltr'><strong>immunitatis</strong></span> <span class='ocrx_word' id='word_1_184' title='bbox 2706 1579 3034 1640; x_wconf 66' lang='lat' dir='ltr'><strong>praeceptum</strong></span> <span class='ocrx_word' id='word_1_185' title='bbox 3059 1569 3134 1626; x_wconf 89' lang='lat' dir='ltr'><strong>ob</strong></span> <span class='ocrx_word' id='word_1_186' title='bbox 3163 1583 3405 1623; x_wconf 79' lang='lat' dir='ltr'><strong>amorem</strong></span> <span class='ocrx_word' id='word_1_187' title='bbox 3439 1565 3525 1619; x_wconf 85' lang='lat' dir='ltr'><strong>Dei</strong></span> <span class='ocrx_word' id='word_1_188' title='bbox 3548 1573 3598 1619; x_wconf 90' lang='lat' dir='ltr'><strong>et</strong></span> <span class='ocrx_word' id='word_1_189' title='bbox 3625 1579 3801 1618; x_wconf 78' lang='lat' dir='ltr'><strong>reveren-</strong></span> 
     </span>
    </p>
   </div>
   <div class='ocr_carea' id='block_1_31' title="bbox 2321 1652 3803 1732">
    <p class='ocr_par' dir='ltr' id='par_1_31' title="bbox 2321 1652 3803 1732">
     <span class='ocr_line' id='line_1_31' title="bbox 2321 1652 3803 1732; baseline -0.004 -20"><span class='ocrx_word' id='word_1_190' title='bbox 2321 1662 2452 1716; x_wconf 83' lang='lat' dir='ltr'><strong>tiam</strong></span> <span class='ocrx_word' id='word_1_191' title='bbox 2483 1662 2651 1732; x_wconf 90' lang='lat' dir='ltr'><strong>ipsius</strong></span> <span class='ocrx_word' id='word_1_192' title='bbox 2688 1663 2862 1717; x_wconf 89' lang='lat' dir='ltr'><strong>sancti</strong></span> <span class='ocrx_word' id='word_1_193' title='bbox 2905 1661 3005 1716; x_wconf 89' lang='lat' dir='ltr'><strong>loci</strong></span> <span class='ocrx_word' id='word_1_194' title='bbox 3048 1661 3202 1715; x_wconf 79' lang='lat' dir='ltr'><strong>circa</strong></span> <span class='ocrx_word' id='word_1_195' title='bbox 3258 1659 3426 1728; x_wconf 85' lang='lat' dir='ltr'><strong>ipsam</strong></span> <span class='ocrx_word' id='word_1_196' title='bbox 3454 1655 3694 1710; x_wconf 83' lang='lat' dir='ltr'><strong>ecclesiam</strong></span> <span class='ocrx_word' id='word_1_197' title='bbox 3730 1652 3803 1706; x_wconf 74' lang='lat' dir='ltr'><strong>ﬁeri</strong></span> 
     </span>
    </p>
   </div>
   <div class='ocr_carea' id='block_1_32' title="bbox 2322 1752 3802 1825">
    <p class='ocr_par' dir='ltr' id='par_1_32' title="bbox 2322 1752 3802 1825">
     <span class='ocr_line' id='line_1_32' title="bbox 2322 1752 3802 1825; baseline -0.008 -15"><span class='ocrx_word' id='word_1_198' title='bbox 2322 1770 2693 1810; x_wconf 90' lang='lat' dir='ltr'><strong>censeremus.</strong></span> <span class='ocrx_word' id='word_1_199' title='bbox 2721 1754 2885 1824; x_wconf 83' lang='lat' dir='ltr'><strong>Cujus</strong></span> <span class='ocrx_word' id='word_1_200' title='bbox 2923 1753 3174 1825; x_wconf 87' lang='lat' dir='ltr'><strong>petitioni</strong></span> <span class='ocrx_word' id='word_1_201' title='bbox 3207 1752 3438 1806; x_wconf 87' lang='lat' dir='ltr'><strong>libenter</strong></span> <span class='ocrx_word' id='word_1_202' title='bbox 3464 1761 3695 1803; x_wconf 82' lang='lat' dir='ltr'><strong>assensum</strong></span> <span class='ocrx_word' id='word_1_203' title='bbox 3715 1761 3802 1814; x_wconf 76' lang='lat' dir='ltr'><strong>pra-</strong></span> 
     </span>
    </p>
   </div>
   <div class='ocr_carea' id='block_1_33' title="bbox 631 1826 3802 1913">
    <p class='ocr_par' dir='ltr' id='par_1_33' title="bbox 631 1826 3802 1913">
     <span class='ocr_line' id='line_1_33' title="bbox 631 1826 3802 1913; baseline -0.003 -17"><span class='ocrx_word' id='word_1_204' title='bbox 631 1840 719 1897; x_wconf 90' lang='lat' dir='ltr'><strong>bis</strong></span> <span class='ocrx_word' id='word_1_205' title='bbox 737 1841 863 1910; x_wconf 87' lang='lat' dir='ltr'><strong>quia</strong></span> <span class='ocrx_word' id='word_1_206' title='bbox 886 1840 1134 1895; x_wconf 89' lang='lat' dir='ltr'><strong>volumus</strong></span> <span class='ocrx_word' id='word_1_207' title='bbox 1157 1847 1218 1894; x_wconf 93' lang='lat' dir='ltr'><strong>ut</strong></span> <span class='ocrx_word' id='word_1_208' title='bbox 1266 1839 1597 1908; x_wconf 88' lang='lat' dir='ltr'><strong>adiutorium</strong></span> <span class='ocrx_word' id='word_1_209' title='bbox 1625 1838 1837 1893; x_wconf 77' lang='lat' dir='ltr'><strong>faciatis</strong></span> <span class='ocrx_word' id='word_1_210' title='bbox 1884 1836 2222 1907; x_wconf 84' lang='lat' dir='ltr'><strong>Herlegaudo</strong></span> <span class='ocrx_word' id='word_1_211' title='bbox 2247 1826 2297 1888; x_wconf 87' lang='lat' dir='ltr'><strong>B</strong></span> <span class='ocrx_word' id='word_1_212' title='bbox 2324 1847 2566 1913; x_wconf 60' lang='lat' dir='ltr'><strong>inﬁmus,</strong></span> <span class='ocrx_word' id='word_1_213' title='bbox 2597 1855 2653 1903; x_wconf 71' lang='grc' dir='ltr'><strong>ει</strong></span> <span class='ocrx_word' id='word_1_214' title='bbox 2678 1848 2783 1903; x_wconf 73' lang='lat' dir='ltr'><strong>hoc</strong></span> <span class='ocrx_word' id='word_1_215' title='bbox 2814 1857 3014 1903; x_wconf 67' lang='grc' dir='ltr'><strong>ηοειιοω</strong></span> <span class='ocrx_word' id='word_1_216' title='bbox 3041 1844 3388 1902; x_wconf 57' lang='lat' dir='ltr'><strong>auum-imis</strong></span> <span class='ocrx_word' id='word_1_217' title='bbox 3414 1851 3691 1913; x_wconf 62' lang='lat' dir='ltr'><strong>pmpmm</strong></span> <span class='ocrx_word' id='word_1_218' title='bbox 3711 1839 3802 1892; x_wconf 76' lang='lat' dir='ltr'><strong>circa</strong></span> 
     </span>
    </p>
   </div>
   <div class='ocr_carea' id='block_1_34' title="bbox 631 1928 2225 2000">
    <p class='ocr_par' dir='ltr' id='par_1_34' title="bbox 631 1928 2225 2000">
     <span class='ocr_line' id='line_1_34' title="bbox 631 1928 2225 2000; baseline -0.005 -10"><span class='ocrx_word' id='word_1_219' title='bbox 631 1931 861 1990; x_wconf 82' lang='lat' dir='ltr'><strong>diacono</strong></span> <span class='ocrx_word' id='word_1_220' title='bbox 891 1931 958 1986; x_wconf 92' lang='lat' dir='ltr'><strong>ad</strong></span> <span class='ocrx_word' id='word_1_221' title='bbox 1005 1933 1413 1988; x_wconf 88' lang='lat' dir='ltr'><strong>restaurandam</strong></span> <span class='ocrx_word' id='word_1_222' title='bbox 1441 1940 1500 1986; x_wconf 92' lang='lat' dir='ltr'><strong>et</strong></span> <span class='ocrx_word' id='word_1_223' title='bbox 1547 1930 2024 2000; x_wconf 74' lang='lat' dir='ltr'><strong>recooperiendam</strong></span> <span class='ocrx_word' id='word_1_224' title='bbox 2048 1928 2225 1983; x_wconf 87' lang='lat' dir='ltr'><strong>eccle-</strong></span> 
     </span>
    </p>
   </div>
   <div class='ocr_carea' id='block_1_35' title="bbox 631 2020 2222 2096">
    <p class='ocr_par' dir='ltr' id='par_1_35' title="bbox 631 2020 2222 2096">
     <span class='ocr_line' id='line_1_35' title="bbox 631 2020 2222 2096; baseline -0.004 -16"><span class='ocrx_word' id='word_1_225' title='bbox 631 2025 774 2080; x_wconf 86' lang='lat' dir='ltr'><strong>siam</strong></span> <span class='ocrx_word' id='word_1_226' title='bbox 821 2025 992 2080; x_wconf 88' lang='lat' dir='ltr'><strong>sancti</strong></span> <span class='ocrx_word' id='word_1_227' title='bbox 1036 2025 1260 2096; x_wconf 89' lang='lat' dir='ltr'><strong>Benigni</strong></span> <span class='ocrx_word' id='word_1_228' title='bbox 1289 2024 1546 2095; x_wconf 83' lang='lat' dir='ltr'><strong>martyris</strong></span> <span class='ocrx_word' id='word_1_229' title='bbox 1572 2023 1796 2088; x_wconf 88' lang='lat' dir='ltr'><strong>Christi,</strong></span> <span class='ocrx_word' id='word_1_230' title='bbox 1830 2029 2052 2092; x_wconf 87' lang='lat' dir='ltr'><strong>propter</strong></span> <span class='ocrx_word' id='word_1_231' title='bbox 2074 2020 2222 2075; x_wconf 86' lang='lat' dir='ltr'><strong>illam</strong></span> 
     </span>
    </p>
   </div>
   <div class='ocr_carea' id='block_1_36' title="bbox 629 2113 2223 2186">
    <p class='ocr_par' dir='ltr' id='par_1_36' title="bbox 629 2113 2223 2186">
     <span class='ocr_line' id='line_1_36' title="bbox 629 2113 2223 2186; baseline -0.004 -12"><span class='ocrx_word' id='word_1_232' title='bbox 629 2116 840 2174; x_wconf 81' lang='lat' dir='ltr'><strong>scilicet</strong></span> <span class='ocrx_word' id='word_1_233' title='bbox 871 2117 1138 2172; x_wconf 90' lang='lat' dir='ltr'><strong>rationem</strong></span> <span class='ocrx_word' id='word_1_234' title='bbox 1159 2158 1174 2182; x_wconf 88' lang='lat'><strong>,</strong></span> <span class='ocrx_word' id='word_1_235' title='bbox 1237 2117 1364 2186; x_wconf 84' lang='lat' dir='ltr'><strong>quia</strong></span> <span class='ocrx_word' id='word_1_236' title='bbox 1389 2125 1725 2186; x_wconf 90' lang='lat' dir='ltr'><strong>compertum</strong></span> <span class='ocrx_word' id='word_1_237' title='bbox 1779 2114 1938 2171; x_wconf 89' lang='lat' dir='ltr'><strong>nobis</strong></span> <span class='ocrx_word' id='word_1_238' title='bbox 1969 2123 2053 2170; x_wconf 88' lang='lat' dir='ltr'><strong>est</strong></span> <span class='ocrx_word' id='word_1_239' title='bbox 2077 2113 2223 2184; x_wconf 86' lang='lat' dir='ltr'><strong>quod</strong></span> 
     </span>
    </p>
   </div>
   <div class='ocr_carea' id='block_1_37' title="bbox 630 2204 2222 2276">
    <p class='ocr_par' dir='ltr' id='par_1_37' title="bbox 630 2204 2222 2276">
     <span class='ocr_line' id='line_1_37' title="bbox 630 2204 2222 2276; baseline -0.002 -14"><span class='ocrx_word' id='word_1_240' title='bbox 630 2221 730 2264; x_wconf 77' lang='lat' dir='ltr'><strong>vos</strong></span> <span class='ocrx_word' id='word_1_241' title='bbox 772 2207 839 2262; x_wconf 91' lang='lat' dir='ltr'><strong>de</strong></span> <span class='ocrx_word' id='word_1_242' title='bbox 869 2207 1081 2263; x_wconf 88' lang='lat' dir='ltr'><strong>ratione</strong></span> <span class='ocrx_word' id='word_1_243' title='bbox 1099 2207 1344 2276; x_wconf 84' lang='lat' dir='ltr'><strong>ejusdem</strong></span> <span class='ocrx_word' id='word_1_244' title='bbox 1371 2206 1617 2262; x_wconf 63' lang='lat' dir='ltr'><strong>ecclesiae</strong></span> <span class='ocrx_word' id='word_1_245' title='bbox 1642 2204 1906 2261; x_wconf 91' lang='lat' dir='ltr'><strong>beneﬁcia</strong></span> <span class='ocrx_word' id='word_1_246' title='bbox 1941 2204 2222 2270; x_wconf 85' lang='lat' dir='ltr'><strong>habeatis;</strong></span> 
     </span>
    </p>
   </div>
   <div class='ocr_carea' id='block_1_38' title="bbox 628 2294 2224 2364">
    <p class='ocr_par' dir='ltr' id='par_1_38' title="bbox 628 2294 2224 2364">
     <span class='ocr_line' id='line_1_38' title="bbox 628 2294 2224 2364; baseline -0.002 -12"><span class='ocrx_word' id='word_1_247' title='bbox 628 2309 690 2352; x_wconf 84' lang='lat' dir='ltr'><strong>et</strong></span> <span class='ocrx_word' id='word_1_248' title='bbox 711 2310 903 2362; x_wconf 90' lang='lat' dir='ltr'><strong>nonas,</strong></span> <span class='ocrx_word' id='word_1_249' title='bbox 928 2304 986 2352; x_wconf 93' lang='lat' dir='ltr'><strong>et</strong></span> <span class='ocrx_word' id='word_1_250' title='bbox 1025 2296 1263 2351; x_wconf 86' lang='lat' dir='ltr'><strong>decimas</strong></span> <span class='ocrx_word' id='word_1_251' title='bbox 1290 2295 1344 2350; x_wconf 91' lang='lat' dir='ltr'><strong>in</strong></span> <span class='ocrx_word' id='word_1_252' title='bbox 1370 2295 1620 2351; x_wconf 87' lang='lat' dir='ltr'><strong>omnibus</strong></span> <span class='ocrx_word' id='word_1_253' title='bbox 1650 2295 1781 2351; x_wconf 84' lang='lat' dir='ltr'><strong>dare</strong></span> <span class='ocrx_word' id='word_1_254' title='bbox 1806 2294 2019 2351; x_wconf 81' lang='lat' dir='ltr'><strong>faciatis</strong></span> <span class='ocrx_word' id='word_1_255' title='bbox 2044 2309 2059 2349; x_wconf 89' lang='lat'>:</span> <span class='ocrx_word' id='word_1_256' title='bbox 2092 2295 2224 2364; x_wconf 89' lang='lat' dir='ltr'><strong>quia</strong></span> 
     </span>
    </p>
   </div>
   <div class='ocr_carea' id='block_1_39' title="bbox 627 2385 2226 2463">
    <p class='ocr_par' dir='ltr' id='par_1_39' title="bbox 627 2385 2226 2463">
     <span class='ocr_line' id='line_1_39' title="bbox 627 2385 2226 2463; baseline -0.002 -20"><span class='ocrx_word' id='word_1_257' title='bbox 627 2386 836 2459; x_wconf 85' lang='lat' dir='ltr'><strong>iustum</strong></span> <span class='ocrx_word' id='word_1_258' title='bbox 890 2395 994 2463; x_wconf 87' lang='lat' dir='ltr'><strong>est.</strong></span> <span class='ocrx_word' id='word_1_259' title='bbox 1053 2385 1347 2456; x_wconf 88' lang='lat' dir='ltr'><strong>Propterea</strong></span> <span class='ocrx_word' id='word_1_260' title='bbox 1403 2386 1785 2442; x_wconf 89' lang='lat' dir='ltr'><strong>constituimus</strong></span> <span class='ocrx_word' id='word_1_261' title='bbox 1833 2387 1990 2442; x_wconf 83' lang='lat' dir='ltr'><strong>vobis</strong></span> <span class='ocrx_word' id='word_1_262' title='bbox 2043 2393 2105 2441; x_wconf 79' lang='lat' dir='ltr'><strong>ut</strong></span> <span class='ocrx_word' id='word_1_263' title='bbox 2153 2385 2226 2440; x_wconf 89' lang='lat' dir='ltr'><strong>ad</strong></span> 
     </span>
    </p>
   </div>
   <div class='ocr_carea' id='block_1_40' title="bbox 628 2479 2226 2552">
    <p class='ocr_par' dir='ltr' id='par_1_40' title="bbox 628 2479 2226 2552">
     <span class='ocr_line' id='line_1_40' title="bbox 628 2479 2226 2552; baseline 0.001 -17"><span class='ocrx_word' id='word_1_264' title='bbox 628 2482 1048 2536; x_wconf 84' lang='lat' dir='ltr'><strong>restaurandam</strong></span> <span class='ocrx_word' id='word_1_265' title='bbox 1078 2479 1222 2535; x_wconf 89' lang='lat' dir='ltr'><strong>illam</strong></span> <span class='ocrx_word' id='word_1_266' title='bbox 1248 2480 1554 2547; x_wconf 86' lang='lat' dir='ltr'><strong>ecclesiam,</strong></span> <span class='ocrx_word' id='word_1_267' title='bbox 1578 2491 1632 2536; x_wconf 91' lang='lat' dir='ltr'><strong>et</strong></span> <span class='ocrx_word' id='word_1_268' title='bbox 1661 2481 2100 2552; x_wconf 87' lang='lat' dir='ltr'><strong>cooperiendam,</strong></span> <span class='ocrx_word' id='word_1_269' title='bbox 2126 2479 2226 2536; x_wconf 76' lang='lat' dir='ltr'><strong>ad-</strong></span> 
     </span>
    </p>
   </div>
   <div class='ocr_carea' id='block_1_41' title="bbox 628 2571 2225 2644">
    <p class='ocr_par' dir='ltr' id='par_1_41' title="bbox 628 2571 2225 2644">
     <span class='ocr_line' id='line_1_41' title="bbox 628 2571 2225 2644; baseline 0 -17"><span class='ocrx_word' id='word_1_270' title='bbox 628 2572 887 2644; x_wconf 85' lang='lat' dir='ltr'><strong>iutorium</strong></span> <span class='ocrx_word' id='word_1_271' title='bbox 933 2574 1218 2644; x_wconf 68' lang='lat' dir='ltr'><strong>prmstetis.</strong></span> <span class='ocrx_word' id='word_1_272' title='bbox 1246 2571 1439 2630; x_wconf 76' lang='lat' dir='ltr'><strong>Videte</strong></span> <span class='ocrx_word' id='word_1_273' title='bbox 1484 2582 1545 2629; x_wconf 92' lang='lat' dir='ltr'><strong>ut</strong></span> <span class='ocrx_word' id='word_1_274' title='bbox 1573 2576 1794 2630; x_wconf 90' lang='lat' dir='ltr'><strong>omnino</strong></span> <span class='ocrx_word' id='word_1_275' title='bbox 1820 2573 2110 2644; x_wconf 86' lang='lat' dir='ltr'><strong>impleatis,</strong></span> <span class='ocrx_word' id='word_1_276' title='bbox 2143 2579 2225 2627; x_wconf 86' lang='lat' dir='ltr'><strong>at-</strong></span> 
     </span>
    </p>
   </div>
   <div class='ocr_carea' id='block_1_42' title="bbox 629 2666 2226 2738">
    <p class='ocr_par' dir='ltr' id='par_1_42' title="bbox 629 2666 2226 2738">
     <span class='ocr_line' id='line_1_42' title="bbox 629 2666 2226 2738; baseline -0.001 -17"><span class='ocrx_word' id='word_1_277' title='bbox 629 2682 740 2737; x_wconf 89' lang='lat' dir='ltr'><strong>que</strong></span> <span class='ocrx_word' id='word_1_278' title='bbox 767 2668 1067 2738; x_wconf 79' lang='lat' dir='ltr'><strong>expressim</strong></span> <span class='ocrx_word' id='word_1_279' title='bbox 1093 2667 1248 2730; x_wconf 83' lang='lat' dir='ltr'><strong>vobis</strong></span> <span class='ocrx_word' id='word_1_280' title='bbox 1275 2667 1666 2724; x_wconf 90' lang='lat' dir='ltr'><strong>demandamus</strong></span> <span class='ocrx_word' id='word_1_281' title='bbox 1712 2676 1772 2721; x_wconf 91' lang='lat' dir='ltr'><strong>ut</strong></span> <span class='ocrx_word' id='word_1_282' title='bbox 1794 2668 1999 2723; x_wconf 87' lang='lat' dir='ltr'><strong>nullam</strong></span> <span class='ocrx_word' id='word_1_283' title='bbox 2027 2666 2226 2720; x_wconf 74' lang='lat' dir='ltr'><strong>exinde</strong></span> 
     </span>
    </p>
   </div>
   <div class='ocr_carea' id='block_1_43' title="bbox 631 2756 2227 2830">
    <p class='ocr_par' dir='ltr' id='par_1_43' title="bbox 631 2756 2227 2830">
     <span class='ocr_line' id='line_1_43' title="bbox 631 2756 2227 2830; baseline -0.001 -18"><span class='ocrx_word' id='word_1_284' title='bbox 631 2757 878 2814; x_wconf 88' lang='lat' dir='ltr'><strong>habeatis</strong></span> <span class='ocrx_word' id='word_1_285' title='bbox 906 2757 1312 2828; x_wconf 73' lang='lat' dir='ltr'><strong>negligentiam,</strong></span> <span class='ocrx_word' id='word_1_286' title='bbox 1335 2759 1381 2815; x_wconf 90' lang='lat' dir='ltr'><strong>si</strong></span> <span class='ocrx_word' id='word_1_287' title='bbox 1410 2760 1641 2830; x_wconf 77' lang='lat' dir='ltr'><strong>gratiam</strong></span> <span class='ocrx_word' id='word_1_288' title='bbox 1669 2765 1919 2814; x_wconf 89' lang='lat' dir='ltr'><strong>nostram</strong></span> <span class='ocrx_word' id='word_1_289' title='bbox 1943 2756 2108 2812; x_wconf 88' lang='lat' dir='ltr'><strong>vultis</strong></span> <span class='ocrx_word' id='word_1_290' title='bbox 2133 2756 2227 2810; x_wconf 58' lang='lat' dir='ltr'><strong>hac</strong></span> 
     </span>
    </p>
   </div>
   <div class='ocr_carea' id='block_1_44' title="bbox 631 2847 2223 2922">
    <p class='ocr_par' dir='ltr' id='par_1_44' title="bbox 631 2847 2223 2922">
     <span class='ocr_line' id='line_1_44' title="bbox 631 2847 2223 2922; baseline 0.001 -19"><span class='ocrx_word' id='word_1_291' title='bbox 631 2849 781 2904; x_wconf 88' lang='lat' dir='ltr'><strong>bere.</strong></span> <span class='ocrx_word' id='word_1_292' title='bbox 796 2849 866 2904; x_wconf 84' lang='lat' dir='ltr'><strong>Et</strong></span> <span class='ocrx_word' id='word_1_293' title='bbox 884 2857 943 2904; x_wconf 92' lang='lat' dir='ltr'><strong>ut</strong></span> <span class='ocrx_word' id='word_1_294' title='bbox 961 2851 1164 2906; x_wconf 89' lang='lat' dir='ltr'><strong>certius</strong></span> <span class='ocrx_word' id='word_1_295' title='bbox 1174 2852 1516 2922; x_wconf 87' lang='lat' dir='ltr'><strong>cognoscatis</strong></span> <span class='ocrx_word' id='word_1_296' title='bbox 1539 2853 1679 2907; x_wconf 89' lang='lat' dir='ltr'><strong>hanc</strong></span> <span class='ocrx_word' id='word_1_297' title='bbox 1693 2859 1938 2907; x_wconf 87' lang='lat' dir='ltr'><strong>nostram</strong></span> <span class='ocrx_word' id='word_1_298' title='bbox 1963 2864 2082 2906; x_wconf 90' lang='lat' dir='ltr'><strong>esse</strong></span> <span class='ocrx_word' id='word_1_299' title='bbox 2101 2847 2223 2918; x_wconf 87' lang='lat' dir='ltr'><strong>ius-</strong></span> 
     </span>
    </p>
   </div>
   <div class='ocr_carea' id='block_1_45' title="bbox 632 2938 1967 3013">
    <p class='ocr_par' dir='ltr' id='par_1_45' title="bbox 632 2938 1967 3013">
     <span class='ocr_line' id='line_1_45' title="bbox 632 2938 1967 3013; baseline 0.001 -19"><span class='ocrx_word' id='word_1_300' title='bbox 632 2938 866 3009; x_wconf 82' lang='lat' dir='ltr'><strong>sionem,</strong></span> <span class='ocrx_word' id='word_1_301' title='bbox 896 2941 964 2998; x_wconf 89' lang='lat' dir='ltr'><strong>de</strong></span> <span class='ocrx_word' id='word_1_302' title='bbox 990 2941 1191 2998; x_wconf 83' lang='lat' dir='ltr'><strong>annulo</strong></span> <span class='ocrx_word' id='word_1_303' title='bbox 1214 2952 1402 2999; x_wconf 88' lang='lat' dir='ltr'><strong>nostro</strong></span> <span class='ocrx_word' id='word_1_304' title='bbox 1423 2943 1687 3013; x_wconf 90' lang='lat' dir='ltr'><strong>iussimus</strong></span> <span class='ocrx_word' id='word_1_305' title='bbox 1717 2941 1967 3013; x_wconf 72' lang='lat' dir='ltr'><strong>sigillati.</strong></span> 
     </span>
    </p>
   </div>
   <div class='ocr_carea' id='block_1_46' title="bbox 1344 3056 1547 3113">
    <p class='ocr_par' dir='ltr' id='par_1_46' title="bbox 1344 3056 1547 3113">
     <span class='ocr_line' id='line_1_46' title="bbox 1344 3056 1547 3113; baseline -0.01 0"><span class='ocrx_word' id='word_1_306' title='bbox 1344 3056 1547 3113; x_wconf 80' lang='lat' dir='ltr'><strong>CXLII.</strong></span> 
     </span>
    </p>
   </div>
   <div class='ocr_carea' id='block_1_47' title="bbox 835 3163 2015 3209">
    <p class='ocr_par' dir='ltr' id='par_1_47' title="bbox 835 3163 2015 3209">
     <span class='ocr_line' id='line_1_47' title="bbox 835 3163 2015 3209; baseline -0.003 -1"><span class='ocrx_word' id='word_1_307' title='bbox 835 3165 938 3208; x_wconf 61' lang='lat' dir='ltr'><strong>P30</strong></span> <span class='ocrx_word' id='word_1_308' title='bbox 973 3163 1354 3209; x_wconf 67' lang='lat' dir='ltr'><strong>IURDIGALINS!</strong></span> <span class='ocrx_word' id='word_1_309' title='bbox 1393 3167 1438 3207; x_wconf 83' lang='grc'><strong>8.</strong></span> <span class='ocrx_word' id='word_1_310' title='bbox 1481 3164 1707 3206; x_wconf 65' lang='grc' dir='ltr'><strong>ΑΝὨΜΞΒ</strong></span> <span class='ocrx_word' id='word_1_311' title='bbox 1744 3164 2015 3207; x_wconf 63' lang='grc' dir='ltr'><strong>εσοιεςῐλ.</strong></span> 
     </span>
    </p>
   </div>
   <div class='ocr_carea' id='block_1_48' title="bbox 1151 3240 1726 3317">
    <p class='ocr_par' dir='ltr' id='par_1_48' title="bbox 1151 3240 1726 3317">
     <span class='ocr_line' id='line_1_48' title="bbox 1151 3240 1726 3317; baseline -0.005 -20"><span class='ocrx_word' id='word_1_312' title='bbox 1151 3243 1309 3317; x_wconf 81' lang='lat' dir='ltr'><strong>(Ante</strong></span> <span class='ocrx_word' id='word_1_313' title='bbox 1340 3241 1539 3297; x_wconf 83' lang='lat' dir='ltr'><strong>annum</strong></span> <span class='ocrx_word' id='word_1_314' title='bbox 1576 3240 1726 3313; x_wconf 70' lang='grc'><strong>828.)</strong></span> 
     </span>
    </p>
   </div>
   <div class='ocr_carea' id='block_1_49' title="bbox 633 3331 2225 3408">
    <p class='ocr_par' dir='ltr' id='par_1_49' title="bbox 633 3331 2225 3408">
     <span class='ocr_line' id='line_1_49' title="bbox 633 3331 2225 3408; baseline 0.001 -19"><span class='ocrx_word' id='word_1_315' title='bbox 633 3331 826 3408; x_wconf 82' lang='lat' dir='ltr'><strong>[Apud</strong></span> <span class='ocrx_word' id='word_1_316' title='bbox 850 3332 915 3408; x_wconf 79' lang='lat' dir='ltr'><strong>D.</strong></span> <span class='ocrx_word' id='word_1_317' title='bbox 940 3335 1230 3408; x_wconf 78' lang='lat' dir='ltr'><strong>Bouquet.,</strong></span> <span class='ocrx_word' id='word_1_318' title='bbox 1255 3343 1386 3408; x_wconf 42' lang='lat' dir='ltr'><strong>tom:</strong></span> <span class='ocrx_word' id='word_1_319' title='bbox 1409 3333 1512 3408; x_wconf 56' lang='lat' dir='ltr'><strong>Vl,</strong></span> <span class='ocrx_word' id='word_1_320' title='bbox 1542 3349 1669 3408; x_wconf 81' lang='lat' dir='ltr'><strong>pag.</strong></span> <span class='ocrx_word' id='word_1_321' title='bbox 1699 3335 1824 3402; x_wconf 83' lang='lat'><strong>557,</strong></span> <span class='ocrx_word' id='word_1_322' title='bbox 1844 3351 1928 3408; x_wconf 64' lang='lat' dir='ltr'><strong>ex</strong></span> <span class='ocrx_word' id='word_1_323' title='bbox 1967 3335 2225 3408; x_wconf 78' lang='lat' dir='ltr'><strong>Lopesio,</strong></span> 
     </span>
    </p>
   </div>
   <div class='ocr_carea' id='block_1_50' title="bbox 846 3405 2004 3478">
    <p class='ocr_par' dir='ltr' id='par_1_50' title="bbox 846 3405 2004 3478">
     <span class='ocr_line' id='line_1_50' title="bbox 846 3405 2004 3478; baseline 0 -18"><span class='ocrx_word' id='word_1_324' title='bbox 846 3406 1050 3461; x_wconf 79' lang='lat' dir='ltr'><strong>Eccles.</strong></span> <span class='ocrx_word' id='word_1_325' title='bbox 1078 3405 1312 3476; x_wconf 16' lang='lat' dir='ltr'><strong>fletrop.</strong></span> <span class='ocrx_word' id='word_1_326' title='bbox 1345 3405 1652 3476; x_wconf 79' lang='lat' dir='ltr'><strong>Burdigal.,</strong></span> <span class='ocrx_word' id='word_1_327' title='bbox 1691 3422 1814 3478; x_wconf 87' lang='lat' dir='ltr'><strong>pag.</strong></span> <span class='ocrx_word' id='word_1_328' title='bbox 1841 3406 2004 3478; x_wconf 77' lang='lat'><strong>577.]</strong></span> 
     </span>
    </p>
   </div>
   <div class='ocr_carea' id='block_1_51' title="bbox 705 3495 2228 3566">
    <p class='ocr_par' dir='ltr' id='par_1_51' title="bbox 705 3495 2228 3566">
     <span class='ocr_line' id='line_1_51' title="bbox 705 3495 2228 3566; baseline 0 -14"><span class='ocrx_word' id='word_1_329' title='bbox 705 3497 768 3553; x_wconf 87' lang='lat' dir='ltr'><strong>In</strong></span> <span class='ocrx_word' id='word_1_330' title='bbox 803 3498 1021 3553; x_wconf 90' lang='lat' dir='ltr'><strong>nomine</strong></span> <span class='ocrx_word' id='word_1_331' title='bbox 1059 3498 1156 3553; x_wconf 90' lang='lat' dir='ltr'><strong>Dei</strong></span> <span class='ocrx_word' id='word_1_332' title='bbox 1185 3506 1240 3552; x_wconf 93' lang='lat' dir='ltr'><strong>et</strong></span> <span class='ocrx_word' id='word_1_333' title='bbox 1278 3495 1578 3553; x_wconf 88' lang='lat' dir='ltr'><strong>Salvatoris</strong></span> <span class='ocrx_word' id='word_1_334' title='bbox 1629 3500 1801 3554; x_wconf 91' lang='lat' dir='ltr'><strong>nostri</strong></span> <span class='ocrx_word' id='word_1_335' title='bbox 1836 3498 1966 3554; x_wconf 82' lang='lat' dir='ltr'><strong>Jesu</strong></span> <span class='ocrx_word' id='word_1_336' title='bbox 2001 3498 2228 3566; x_wconf 84' lang='lat' dir='ltr'><strong>Christi,</strong></span> 
     </span>
    </p>
   </div>
   <div class='ocr_carea' id='block_1_52' title="bbox 634 3586 2230 3662">
    <p class='ocr_par' dir='ltr' id='par_1_52' title="bbox 634 3586 2230 3662">
     <span class='ocr_line' id='line_1_52' title="bbox 634 3586 2230 3662; baseline -0.001 -16"><span class='ocrx_word' id='word_1_337' title='bbox 634 3587 945 3646; x_wconf 78' lang='lat' dir='ltr'><strong>Ludovicus</strong></span> <span class='ocrx_word' id='word_1_338' title='bbox 985 3587 1164 3645; x_wconf 74' lang='lat' dir='ltr'><strong>divina</strong></span> <span class='ocrx_word' id='word_1_339' title='bbox 1205 3586 1493 3645; x_wconf 87' lang='lat' dir='ltr'><strong>ordinante</strong></span> <span class='ocrx_word' id='word_1_340' title='bbox 1535 3589 1877 3662; x_wconf 87' lang='lat' dir='ltr'><strong>providentia</strong></span> <span class='ocrx_word' id='word_1_341' title='bbox 1933 3589 2230 3659; x_wconf 86' lang='lat' dir='ltr'><strong>imperator</strong></span> 
     </span>
    </p>
   </div>
   <div class='ocr_carea' id='block_1_53' title="bbox 636 3682 1018 3754">
    <p class='ocr_par' dir='ltr' id='par_1_53' title="bbox 636 3682 1018 3754">
     <span class='ocr_line' id='line_1_53' title="bbox 636 3682 1018 3754; baseline -0.005 -15"><span class='ocrx_word' id='word_1_342' title='bbox 636 3682 934 3754; x_wconf 80' lang='lat' dir='ltr'><strong>Augustus.</strong></span> <span class='ocrx_word' id='word_1_343' title='bbox 1012 3731 1018 3737; x_wconf 87' lang='lat'><strong>.</strong></span> 
     </span>
    </p>
   </div>
   <div class='ocr_carea' id='block_1_54' title="bbox 709 3769 2228 3830">
    <p class='ocr_par' dir='ltr' id='par_1_54' title="bbox 709 3769 2228 3830">
     <span class='ocr_line' id='line_1_54' title="bbox 709 3769 2228 3830; baseline -0.001 -1"><span class='ocrx_word' id='word_1_344' title='bbox 709 3771 768 3829; x_wconf 88' lang='lat' dir='ltr'><strong>Si</strong></span> <span class='ocrx_word' id='word_1_345' title='bbox 792 3771 1135 3830; x_wconf 89' lang='lat' dir='ltr'><strong>liberalitatis</strong></span> <span class='ocrx_word' id='word_1_346' title='bbox 1161 3780 1364 3830; x_wconf 73' lang='lat' dir='ltr'><strong>nostra:</strong></span> <span class='ocrx_word' id='word_1_347' title='bbox 1420 3786 1646 3828; x_wconf 87' lang='lat' dir='ltr'><strong>munere</strong></span> <span class='ocrx_word' id='word_1_348' title='bbox 1687 3770 1825 3828; x_wconf 89' lang='lat' dir='ltr'><strong>locis</strong></span> <span class='ocrx_word' id='word_1_349' title='bbox 1875 3769 1991 3827; x_wconf 90' lang='lat' dir='ltr'><strong>Deo</strong></span> <span class='ocrx_word' id='word_1_350' title='bbox 2031 3769 2228 3827; x_wconf 88' lang='lat' dir='ltr'><strong>dicatis</strong></span> 
     </span>
    </p>
   </div>
   <div class='ocr_carea' id='block_1_55' title="bbox 637 3863 2229 3936">
    <p class='ocr_par' dir='ltr' id='par_1_55' title="bbox 637 3863 2229 3936">
     <span class='ocr_line' id='line_1_55' title="bbox 637 3863 2229 3936; baseline -0.001 -15"><span class='ocrx_word' id='word_1_351' title='bbox 637 3865 896 3936; x_wconf 85' lang='lat' dir='ltr'><strong>quiddam</strong></span> <span class='ocrx_word' id='word_1_352' title='bbox 937 3863 1267 3922; x_wconf 87' lang='lat' dir='ltr'><strong>conferimus</strong></span> <span class='ocrx_word' id='word_1_353' title='bbox 1297 3864 1566 3930; x_wconf 84' lang='lat' dir='ltr'><strong>beneﬁcii,</strong></span> <span class='ocrx_word' id='word_1_354' title='bbox 1593 3873 1650 3920; x_wconf 77' lang='lat' dir='ltr'><strong>et</strong></span> <span class='ocrx_word' id='word_1_355' title='bbox 1677 3864 2036 3920; x_wconf 80' lang='lat' dir='ltr'><strong>necessitates</strong></span> <span class='ocrx_word' id='word_1_356' title='bbox 2059 3863 2229 3919; x_wconf 80' lang='lat' dir='ltr'><strong>eccle-</strong></span> 
     </span>
    </p>
   </div>
   <div class='ocr_carea' id='block_1_56' title="bbox 637 3955 2227 4028">
    <p class='ocr_par' dir='ltr' id='par_1_56' title="bbox 637 3955 2227 4028">
     <span class='ocr_line' id='line_1_56' title="bbox 637 3955 2227 4028; baseline -0.002 -15"><span class='ocrx_word' id='word_1_357' title='bbox 637 3955 894 4013; x_wconf 71' lang='lat' dir='ltr'><strong>siasticas</strong></span> <span class='ocrx_word' id='word_1_358' title='bbox 918 3957 986 4012; x_wconf 89' lang='lat' dir='ltr'><strong>ad</strong></span> <span class='ocrx_word' id='word_1_359' title='bbox 1012 3956 1305 4028; x_wconf 86' lang='lat' dir='ltr'><strong>petitiones</strong></span> <span class='ocrx_word' id='word_1_360' title='bbox 1331 3957 1674 4012; x_wconf 88' lang='lat' dir='ltr'><strong>sacerdotum</strong></span> <span class='ocrx_word' id='word_1_361' title='bbox 1704 3964 1892 4012; x_wconf 91' lang='lat' dir='ltr'><strong>nostro</strong></span> <span class='ocrx_word' id='word_1_362' title='bbox 1921 3955 2227 4012; x_wconf 85' lang='lat' dir='ltr'><strong>relevamus</strong></span> 
     </span>
    </p>
   </div>
   <div class='ocr_carea' id='block_1_57' title="bbox 632 4046 2225 4122">
    <p class='ocr_par' dir='ltr' id='par_1_57' title="bbox 632 4046 2225 4122">
     <span class='ocr_line' id='line_1_57' title="bbox 632 4046 2225 4122; baseline 0.002 -19"><span class='ocrx_word' id='word_1_363' title='bbox 632 4046 933 4120; x_wconf 80' lang='lat' dir='ltr'><strong>iuvamine,</strong></span> <span class='ocrx_word' id='word_1_364' title='bbox 958 4049 1012 4105; x_wconf 91' lang='lat' dir='ltr'><strong>id</strong></span> <span class='ocrx_word' id='word_1_365' title='bbox 1049 4051 1205 4106; x_wconf 91' lang='lat' dir='ltr'><strong>nobis</strong></span> <span class='ocrx_word' id='word_1_366' title='bbox 1224 4058 1280 4106; x_wconf 92' lang='lat' dir='ltr'><strong>et</strong></span> <span class='ocrx_word' id='word_1_367' title='bbox 1308 4051 1376 4107; x_wconf 83' lang='lat' dir='ltr'><strong>ad</strong></span> <span class='ocrx_word' id='word_1_368' title='bbox 1400 4051 1685 4107; x_wconf 86' lang='lat' dir='ltr'><strong>mortalem</strong></span> <span class='ocrx_word' id='word_1_369' title='bbox 1709 4051 1876 4108; x_wconf 89' lang='lat' dir='ltr'><strong>vitam</strong></span> <span class='ocrx_word' id='word_1_370' title='bbox 1911 4051 2225 4122; x_wconf 88' lang='lat' dir='ltr'><strong>temporali-</strong></span> 
     </span>
    </p>
   </div>
   <div class='ocr_carea' id='block_1_58' title="bbox 638 4138 2230 4212">
    <p class='ocr_par' dir='ltr' id='par_1_58' title="bbox 638 4138 2230 4212">
     <span class='ocr_line' id='line_1_58' title="bbox 638 4138 2230 4212; baseline 0.003 -18"><span class='ocrx_word' id='word_1_371' title='bbox 638 4145 725 4195; x_wconf 87' lang='lat' dir='ltr'><strong>ter</strong></span> <span class='ocrx_word' id='word_1_372' title='bbox 767 4138 1189 4212; x_wconf 86' lang='lat' dir='ltr'><strong>transigendam,</strong></span> <span class='ocrx_word' id='word_1_373' title='bbox 1217 4149 1273 4195; x_wconf 92' lang='lat' dir='ltr'><strong>et</strong></span> <span class='ocrx_word' id='word_1_374' title='bbox 1297 4141 1365 4195; x_wconf 86' lang='lat' dir='ltr'><strong>ad</strong></span> <span class='ocrx_word' id='word_1_375' title='bbox 1405 4151 1664 4196; x_wconf 79' lang='lat' dir='ltr'><strong>:eternam</strong></span> <span class='ocrx_word' id='word_1_376' title='bbox 1715 4141 1948 4198; x_wconf 89' lang='lat' dir='ltr'><strong>feliciter</strong></span> <span class='ocrx_word' id='word_1_377' title='bbox 1982 4143 2230 4198; x_wconf 80' lang='lat' dir='ltr'><strong>obtinen-</strong></span> 
     </span>
    </p>
   </div>
   <div class='ocr_carea' id='block_1_59' title="bbox 636 4231 2225 4304">
    <p class='ocr_par' dir='ltr' id='par_1_59' title="bbox 636 4231 2225 4304">
     <span class='ocr_line' id='line_1_59' title="bbox 636 4231 2225 4304; baseline -0.001 -14"><span class='ocrx_word' id='word_1_378' title='bbox 636 4232 765 4291; x_wconf 88' lang='lat' dir='ltr'><strong>dam</strong></span> <span class='ocrx_word' id='word_1_379' title='bbox 790 4231 1127 4304; x_wconf 90' lang='lat' dir='ltr'><strong>profuturum</strong></span> <span class='ocrx_word' id='word_1_380' title='bbox 1159 4231 1364 4303; x_wconf 85' lang='lat' dir='ltr'><strong>liquido</strong></span> <span class='ocrx_word' id='word_1_381' title='bbox 1410 4234 1698 4289; x_wconf 88' lang='lat' dir='ltr'><strong>credimus.</strong></span> <span class='ocrx_word' id='word_1_382' title='bbox 1749 4232 1974 4290; x_wconf 82' lang='lat' dir='ltr'><strong>Noverit</strong></span> <span class='ocrx_word' id='word_1_383' title='bbox 2018 4235 2225 4290; x_wconf 80' lang='lat' dir='ltr'><strong>interea</strong></span> 
     </span>
    </p>
   </div>
   <div class='ocr_carea' id='block_1_60' title="bbox 634 4326 2228 4399">
    <p class='ocr_par' dir='ltr' id='par_1_60' title="bbox 634 4326 2228 4399">
     <span class='ocr_line' id='line_1_60' title="bbox 634 4326 2228 4399; baseline -0.001 -14"><span class='ocrx_word' id='word_1_384' title='bbox 634 4328 908 4399; x_wconf 71' lang='lat' dir='ltr'><strong>sagacitas</strong></span> <span class='ocrx_word' id='word_1_385' title='bbox 926 4342 1019 4383; x_wconf 93' lang='lat' dir='ltr'><strong>seu</strong></span> <span class='ocrx_word' id='word_1_386' title='bbox 1049 4327 1252 4383; x_wconf 89' lang='lat' dir='ltr'><strong>utilitas</strong></span> <span class='ocrx_word' id='word_1_387' title='bbox 1280 4327 1519 4382; x_wconf 92' lang='lat' dir='ltr'><strong>omnium</strong></span> <span class='ocrx_word' id='word_1_388' title='bbox 1557 4326 1814 4395; x_wconf 88' lang='lat' dir='ltr'><strong>ﬁdelium,</strong></span> <span class='ocrx_word' id='word_1_389' title='bbox 1850 4335 1959 4382; x_wconf 91' lang='lat' dir='ltr'><strong>tam</strong></span> <span class='ocrx_word' id='word_1_390' title='bbox 1987 4343 2228 4398; x_wconf 46' lang='lat' dir='ltr'><strong>praesen:</strong></span> 
     </span>
    </p>
   </div>
   <div class='ocr_carea' id='block_1_61' title="bbox 636 4418 2225 4490">
    <p class='ocr_par' dir='ltr' id='par_1_61' title="bbox 636 4418 2225 4490">
     <span class='ocr_line' id='line_1_61' title="bbox 636 4418 2225 4490; baseline -0.001 -15"><span class='ocrx_word' id='word_1_391' title='bbox 636 4419 775 4476; x_wconf 82' lang='lat' dir='ltr'><strong>tium</strong></span> <span class='ocrx_word' id='word_1_392' title='bbox 797 4435 959 4490; x_wconf 90' lang='lat' dir='ltr'><strong>quam</strong></span> <span class='ocrx_word' id='word_1_393' title='bbox 994 4419 1327 4485; x_wconf 87' lang='lat' dir='ltr'><strong>futurorum,</strong></span> <span class='ocrx_word' id='word_1_394' title='bbox 1369 4419 1512 4489; x_wconf 93' lang='lat' dir='ltr'><strong>quod</strong></span> <span class='ocrx_word' id='word_1_395' title='bbox 1543 4419 1626 4474; x_wconf 90' lang='lat' dir='ltr'><strong>vir</strong></span> <span class='ocrx_word' id='word_1_396' title='bbox 1655 4419 1986 4475; x_wconf 88' lang='lat' dir='ltr'><strong>venerabilis</strong></span> <span class='ocrx_word' id='word_1_397' title='bbox 2029 4418 2225 4474; x_wconf 86' lang='lat' dir='ltr'><strong>Sicba-</strong></span> 
     </span>
    </p>
   </div>
   <div class='ocr_carea' id='block_1_62' title="bbox 635 4507 2221 4582">
    <p class='ocr_par' dir='ltr' id='par_1_62' title="bbox 635 4507 2221 4582">
     <span class='ocr_line' id='line_1_62' title="bbox 635 4507 2221 4582; baseline -0.001 -16"><span class='ocrx_word' id='word_1_398' title='bbox 635 4511 756 4567; x_wconf 81' lang='lat' dir='ltr'><strong>rius</strong></span> <span class='ocrx_word' id='word_1_399' title='bbox 797 4507 1202 4582; x_wconf 80' lang='lat' dir='ltr'><strong>Burdigalensis</strong></span> <span class='ocrx_word' id='word_1_400' title='bbox 1249 4509 1691 4581; x_wconf 87' lang='lat' dir='ltr'><strong>archiepiscopus</strong></span> <span class='ocrx_word' id='word_1_401' title='bbox 1745 4512 1932 4567; x_wconf 84' lang='lat' dir='ltr'><strong>adiens</strong></span> <span class='ocrx_word' id='word_1_402' title='bbox 1977 4519 2221 4567; x_wconf 89' lang='lat' dir='ltr'><strong>nostram</strong></span> 
     </span>
    </p>
   </div>
   <div class='ocr_carea' id='block_1_63' title="bbox 635 4600 2227 4674">
    <p class='ocr_par' dir='ltr' id='par_1_63' title="bbox 635 4600 2227 4674">
     <span class='ocr_line' id='line_1_63' title="bbox 635 4600 2227 4674; baseline 0.001 -16"><span class='ocrx_word' id='word_1_403' title='bbox 635 4602 1006 4674; x_wconf 72' lang='lat' dir='ltr'><strong>praesentiam,</strong></span> <span class='ocrx_word' id='word_1_404' title='bbox 1050 4600 1244 4658; x_wconf 90' lang='lat' dir='ltr'><strong>obtulit</strong></span> <span class='ocrx_word' id='word_1_405' title='bbox 1275 4601 1554 4657; x_wconf 88' lang='lat' dir='ltr'><strong>obtutibus</strong></span> <span class='ocrx_word' id='word_1_406' title='bbox 1602 4603 1802 4658; x_wconf 89' lang='lat' dir='ltr'><strong>nostris</strong></span> <span class='ocrx_word' id='word_1_407' title='bbox 1829 4603 2227 4659; x_wconf 87' lang='lat' dir='ltr'><strong>immunitatem</strong></span> 
     </span>
    </p>
   </div>
   <div class='ocr_carea' id='block_1_64' title="bbox 639 4692 2230 4766">
    <p class='ocr_par' dir='ltr' id='par_1_64' title="bbox 639 4692 2230 4766">
     <span class='ocr_line' id='line_1_64' title="bbox 639 4692 2230 4766; baseline 0 -16"><span class='ocrx_word' id='word_1_408' title='bbox 639 4693 846 4750; x_wconf 90' lang='lat' dir='ltr'><strong>domini</strong></span> <span class='ocrx_word' id='word_1_409' title='bbox 871 4701 928 4750; x_wconf 93' lang='lat' dir='ltr'><strong>et</strong></span> <span class='ocrx_word' id='word_1_410' title='bbox 960 4693 1221 4766; x_wconf 87' lang='lat' dir='ltr'><strong>genitoris</strong></span> <span class='ocrx_word' id='word_1_411' title='bbox 1249 4695 1418 4750; x_wconf 87' lang='lat' dir='ltr'><strong>nostri</strong></span> <span class='ocrx_word' id='word_1_412' title='bbox 1441 4692 1618 4750; x_wconf 85' lang='lat' dir='ltr'><strong>Caroli</strong></span> <span class='ocrx_word' id='word_1_413' title='bbox 1661 4695 1818 4750; x_wconf 78' lang='lat' dir='ltr'><strong>bona:</strong></span> <span class='ocrx_word' id='word_1_414' title='bbox 1841 4695 2118 4750; x_wconf 74' lang='lat' dir='ltr'><strong>memoria:</strong></span> <span class='ocrx_word' id='word_1_415' title='bbox 2140 4710 2230 4750; x_wconf 90' lang='lat' dir='ltr'><strong>se-</strong></span> 
     </span>
    </p>
   </div>
   <div class='ocr_carea' id='block_1_65' title="bbox 641 4782 2232 4858">
    <p class='ocr_par' dir='ltr' id='par_1_65' title="bbox 641 4782 2232 4858">
     <span class='ocr_line' id='line_1_65' title="bbox 641 4782 2232 4858; baseline -0.001 -15"><span class='ocrx_word' id='word_1_416' title='bbox 641 4787 913 4844; x_wconf 67' lang='lat' dir='ltr'><strong>renissimi</strong></span> <span class='ocrx_word' id='word_1_417' title='bbox 942 4782 1191 4856; x_wconf 81' lang='lat' dir='ltr'><strong>Augusti,</strong></span> <span class='ocrx_word' id='word_1_418' title='bbox 1221 4786 1275 4842; x_wconf 93' lang='lat' dir='ltr'><strong>in</strong></span> <span class='ocrx_word' id='word_1_419' title='bbox 1303 4801 1411 4857; x_wconf 84' lang='lat' dir='ltr'><strong>qua</strong></span> <span class='ocrx_word' id='word_1_420' title='bbox 1461 4786 1842 4843; x_wconf 83' lang='lat' dir='ltr'><strong>continebatur</strong></span> <span class='ocrx_word' id='word_1_421' title='bbox 1868 4786 2104 4857; x_wconf 89' lang='lat' dir='ltr'><strong>qualiter</strong></span> <span class='ocrx_word' id='word_1_422' title='bbox 2152 4787 2232 4858; x_wconf 91' lang='lat' dir='ltr'><strong>ip-</strong></span> 
     </span>
    </p>
   </div>
   <div class='ocr_carea' id='block_1_66' title="bbox 640 4875 2225 4949">
    <p class='ocr_par' dir='ltr' id='par_1_66' title="bbox 640 4875 2225 4949">
     <span class='ocr_line' id='line_1_66' title="bbox 640 4875 2225 4949; baseline -0.004 -12"><span class='ocrx_word' id='word_1_423' title='bbox 640 4895 762 4937; x_wconf 79' lang='lat' dir='ltr'><strong>sam</strong></span> <span class='ocrx_word' id='word_1_424' title='bbox 791 4879 999 4944; x_wconf 90' lang='lat' dir='ltr'><strong>sedem,</strong></span> <span class='ocrx_word' id='word_1_425' title='bbox 1027 4893 1147 4949; x_wconf 78' lang='lat' dir='ltr'><strong>qute</strong></span> <span class='ocrx_word' id='word_1_426' title='bbox 1183 4886 1270 4934; x_wconf 92' lang='lat' dir='ltr'><strong>est</strong></span> <span class='ocrx_word' id='word_1_427' title='bbox 1314 4878 1369 4933; x_wconf 92' lang='lat' dir='ltr'><strong>in</strong></span> <span class='ocrx_word' id='word_1_428' title='bbox 1410 4879 1670 4933; x_wconf 84' lang='lat' dir='ltr'><strong>honorem</strong></span> <span class='ocrx_word' id='word_1_429' title='bbox 1718 4875 1778 4932; x_wconf 89' lang='lat' dir='ltr'><strong>S.</strong></span> <span class='ocrx_word' id='word_1_430' title='bbox 1806 4876 2036 4933; x_wconf 61' lang='lat' dir='ltr'><strong>Andreae</strong></span> <span class='ocrx_word' id='word_1_431' title='bbox 2083 4885 2138 4932; x_wconf 90' lang='lat' dir='ltr'><strong>et</strong></span> <span class='ocrx_word' id='word_1_432' title='bbox 2167 4875 2225 4932; x_wconf 92' lang='lat' dir='ltr'><strong>S.</strong></span> 
     </span>
    </p>
   </div>
   <div class='ocr_carea' id='block_1_67' title="bbox 641 4967 2226 5052">
    <p class='ocr_par' dir='ltr' id='par_1_67' title="bbox 641 4967 2226 5052">
     <span class='ocr_line' id='line_1_67' title="bbox 641 4967 2226 5052; baseline -0.001 -26"><span class='ocrx_word' id='word_1_433' title='bbox 641 4967 829 5029; x_wconf 82' lang='lat' dir='ltr'><strong>Jacobi</strong></span> <span class='ocrx_word' id='word_1_434' title='bbox 854 4971 1241 5043; x_wconf 89' lang='lat' dir='ltr'><strong>apostolorum,</strong></span> <span class='ocrx_word' id='word_1_435' title='bbox 1272 4985 1395 5027; x_wconf 90' lang='lat' dir='ltr'><strong>cum</strong></span> <span class='ocrx_word' id='word_1_436' title='bbox 1429 4970 1774 5026; x_wconf 90' lang='lat' dir='ltr'><strong>monasteriis</strong></span> <span class='ocrx_word' id='word_1_437' title='bbox 1799 4970 1903 5026; x_wconf 89' lang='lat' dir='ltr'><strong>sibi</strong></span> <span class='ocrx_word' id='word_1_438' title='bbox 1933 4971 2226 5052; x_wconf 79' lang='lat' dir='ltr'><strong>subiectis,</strong></span> 
     </span>
    </p>
   </div>
   <div class='ocr_carea' id='block_1_68' title="bbox 644 5061 2230 5134">
    <p class='ocr_par' dir='ltr' id='par_1_68' title="bbox 644 5061 2230 5134">
     <span class='ocr_line' id='line_1_68' title="bbox 644 5061 2230 5134; baseline -0.001 -15"><span class='ocrx_word' id='word_1_439' title='bbox 644 5078 767 5134; x_wconf 65' lang='lat' dir='ltr'><strong>qua</strong></span> <span class='ocrx_word' id='word_1_440' title='bbox 802 5065 1056 5120; x_wconf 86' lang='lat' dir='ltr'><strong>dicuntur</strong></span> <span class='ocrx_word' id='word_1_441' title='bbox 1079 5063 1264 5117; x_wconf 87' lang='lat' dir='ltr'><strong>Blavia</strong></span> <span class='ocrx_word' id='word_1_442' title='bbox 1291 5101 1309 5128; x_wconf 95' lang='lat'><strong>,</strong></span> <span class='ocrx_word' id='word_1_443' title='bbox 1353 5063 1496 5132; x_wconf 90' lang='lat' dir='ltr'><strong>quod</strong></span> <span class='ocrx_word' id='word_1_444' title='bbox 1531 5070 1618 5118; x_wconf 87' lang='lat' dir='ltr'><strong>est</strong></span> <span class='ocrx_word' id='word_1_445' title='bbox 1652 5062 1705 5116; x_wconf 92' lang='lat' dir='ltr'><strong>in</strong></span> <span class='ocrx_word' id='word_1_446' title='bbox 1734 5062 1996 5117; x_wconf 86' lang='lat' dir='ltr'><strong>honorem</strong></span> <span class='ocrx_word' id='word_1_447' title='bbox 2029 5061 2087 5117; x_wconf 89' lang='lat' dir='ltr'><strong>S.</strong></span> <span class='ocrx_word' id='word_1_448' title='bbox 2121 5061 2230 5117; x_wconf 82' lang='lat' dir='ltr'><strong>Bo-</strong></span> 
     </span>
    </p>
   </div>
   <div class='ocr_carea' id='block_1_69' title="bbox 643 5155 2230 5226">
    <p class='ocr_par' dir='ltr' id='par_1_69' title="bbox 643 5155 2230 5226">
     <span class='ocr_line' id='line_1_69' title="bbox 643 5155 2230 5226; baseline -0.001 -14"><span class='ocrx_word' id='word_1_449' title='bbox 643 5157 793 5212; x_wconf 88' lang='lat' dir='ltr'><strong>mani</strong></span> <span class='ocrx_word' id='word_1_450' title='bbox 821 5157 1199 5223; x_wconf 90' lang='lat' dir='ltr'><strong>constitutum,</strong></span> <span class='ocrx_word' id='word_1_451' title='bbox 1227 5156 1318 5212; x_wconf 90' lang='lat' dir='ltr'><strong>ubi</strong></span> <span class='ocrx_word' id='word_1_452' title='bbox 1353 5156 1465 5226; x_wconf 90' lang='lat' dir='ltr'><strong>ipsc</strong></span> <span class='ocrx_word' id='word_1_453' title='bbox 1494 5163 1715 5210; x_wconf 86' lang='lat' dir='ltr'><strong>sanctus</strong></span> <span class='ocrx_word' id='word_1_454' title='bbox 1757 5171 1987 5226; x_wconf 84' lang='lat' dir='ltr'><strong>corpore</strong></span> <span class='ocrx_word' id='word_1_455' title='bbox 2016 5155 2230 5225; x_wconf 83' lang='lat' dir='ltr'><strong>requie-</strong></span> 
     </span>
    </p>
   </div>
   <div class='ocr_carea' id='block_1_70' title="bbox 645 5245 2233 5318">
    <p class='ocr_par' dir='ltr' id='par_1_70' title="bbox 645 5245 2233 5318">
     <span class='ocr_line' id='line_1_70' title="bbox 645 5245 2233 5318; baseline -0.003 -14"><span class='ocrx_word' id='word_1_456' title='bbox 645 5247 772 5312; x_wconf 84' lang='lat' dir='ltr'><strong>scit,</strong></span> <span class='ocrx_word' id='word_1_457' title='bbox 802 5247 965 5302; x_wconf 87' lang='lat' dir='ltr'><strong>situm</strong></span> <span class='ocrx_word' id='word_1_458' title='bbox 1012 5249 1068 5304; x_wconf 91' lang='lat' dir='ltr'><strong>in</strong></span> <span class='ocrx_word' id='word_1_459' title='bbox 1097 5248 1289 5306; x_wconf 90' lang='lat' dir='ltr'><strong>eodem</strong></span> <span class='ocrx_word' id='word_1_460' title='bbox 1333 5261 1470 5318; x_wconf 87' lang='lat' dir='ltr'><strong>pago</strong></span> <span class='ocrx_word' id='word_1_461' title='bbox 1512 5246 1881 5317; x_wconf 85' lang='lat' dir='ltr'><strong>Burdigalensi</strong></span> <span class='ocrx_word' id='word_1_462' title='bbox 1935 5262 2099 5316; x_wconf 90' lang='lat' dir='ltr'><strong>super</strong></span> <span class='ocrx_word' id='word_1_463' title='bbox 2131 5245 2233 5300; x_wconf 86' lang='lat' dir='ltr'><strong>ﬁu-</strong></span> 
     </span>
    </p>
   </div>
   <div class='ocr_carea' id='block_1_71' title="bbox 644 5335 2230 5408">
    <p class='ocr_par' dir='ltr' id='par_1_71' title="bbox 644 5335 2230 5408">
     <span class='ocr_line' id='line_1_71' title="bbox 644 5335 2230 5408; baseline -0.003 -13"><span class='ocrx_word' id='word_1_464' title='bbox 644 5338 798 5395; x_wconf 74' lang='lat' dir='ltr'><strong>vium</strong></span> <span class='ocrx_word' id='word_1_465' title='bbox 823 5335 1120 5408; x_wconf 84' lang='lat' dir='ltr'><strong>Garonam;</strong></span> <span class='ocrx_word' id='word_1_466' title='bbox 1161 5354 1264 5396; x_wconf 83' lang='lat' dir='ltr'><strong>nec</strong></span> <span class='ocrx_word' id='word_1_467' title='bbox 1286 5351 1395 5394; x_wconf 89' lang='lat' dir='ltr'><strong>non</strong></span> <span class='ocrx_word' id='word_1_468' title='bbox 1421 5345 1477 5395; x_wconf 88' lang='lat' dir='ltr'><strong>et</strong></span> <span class='ocrx_word' id='word_1_469' title='bbox 1522 5335 1582 5394; x_wconf 86' lang='lat' dir='ltr'><strong>S.</strong></span> <span class='ocrx_word' id='word_1_470' title='bbox 1614 5336 1897 5405; x_wconf 87' lang='lat' dir='ltr'><strong>Severini,</strong></span> <span class='ocrx_word' id='word_1_471' title='bbox 1944 5337 2037 5392; x_wconf 89' lang='lat' dir='ltr'><strong>ubi</strong></span> <span class='ocrx_word' id='word_1_472' title='bbox 2061 5337 2230 5392; x_wconf 86' lang='lat' dir='ltr'><strong>etiam</strong></span> 
     </span>
    </p>
   </div>
   <div class='ocr_carea' id='block_1_72' title="bbox 719 5539 2232 5601">
    <p class='ocr_par' dir='ltr' id='par_1_72' title="bbox 719 5539 2232 5601">
     <span class='ocr_line' id='line_1_72' title="bbox 719 5539 2232 5601; baseline -0.003 0"><span class='ocrx_word' id='word_1_473' title='bbox 719 5557 750 5588; x_wconf 78' lang='grc' dir='ltr'>ι</span> <span class='ocrx_word' id='word_1_474' title='bbox 800 5543 986 5600; x_wconf 79' lang='lat' dir='ltr'><strong>Mense</strong></span> <span class='ocrx_word' id='word_1_475' title='bbox 1021 5542 1321 5601; x_wconf 85' lang='lat' dir='ltr'><strong>Februario</strong></span> <span class='ocrx_word' id='word_1_476' title='bbox 1355 5546 1483 5600; x_wconf 88' lang='lat' dir='ltr'><strong>anni</strong></span> <span class='ocrx_word' id='word_1_477' title='bbox 1513 5542 1619 5600; x_wconf 73' lang='lat'><strong>828</strong></span> <span class='ocrx_word' id='word_1_478' title='bbox 1655 5559 1686 5597; x_wconf 86' lang='lat' dir='ltr'><strong>a</strong></span> <span class='ocrx_word' id='word_1_479' title='bbox 1726 5540 1999 5596; x_wconf 90' lang='lat' dir='ltr'><strong>Ludovico</strong></span> <span class='ocrx_word' id='word_1_480' title='bbox 2034 5539 2129 5594; x_wconf 84' lang='lat' dir='ltr'><strong>Pio</strong></span> <span class='ocrx_word' id='word_1_481' title='bbox 2176 5547 2232 5596; x_wconf 91' lang='lat' dir='ltr'><strong>et</strong></span> 
     </span>
    </p>
   </div>
   <div class='ocr_carea' id='block_1_73' title="bbox 646 5611 2230 5680">
    <p class='ocr_par' dir='ltr' id='par_1_73' title="bbox 646 5611 2230 5680">
     <span class='ocr_line' id='line_1_73' title="bbox 646 5611 2230 5680; baseline -0.006 -5"><span class='ocrx_word' id='word_1_482' title='bbox 646 5615 909 5676; x_wconf 77' lang='lat' dir='ltr'><strong>Lethario</strong></span> <span class='ocrx_word' id='word_1_483' title='bbox 961 5614 1070 5670; x_wconf 91' lang='lat' dir='ltr'><strong>ﬁlio</strong></span> <span class='ocrx_word' id='word_1_484' title='bbox 1121 5624 1442 5670; x_wconf 80' lang='lat' dir='ltr'><strong>conventum</strong></span> <span class='ocrx_word' id='word_1_485' title='bbox 1490 5615 1732 5670; x_wconf 89' lang='lat' dir='ltr'><strong>habitum</strong></span> <span class='ocrx_word' id='word_1_486' title='bbox 1780 5628 1900 5667; x_wconf 83' lang='lat' dir='ltr'><strong>esse</strong></span> <span class='ocrx_word' id='word_1_487' title='bbox 1952 5611 2230 5680; x_wconf 88' lang='lat' dir='ltr'><strong>publicum</strong></span> 
     </span>
    </p>
   </div>
   <div class='ocr_carea' id='block_1_74' title="bbox 645 5682 2227 5764">
    <p class='ocr_par' dir='ltr' id='par_1_74' title="bbox 645 5682 2227 5764">
     <span class='ocr_line' id='line_1_74' title="bbox 645 5682 2227 5764; baseline -0.004 -21"><span class='ocrx_word' id='word_1_488' title='bbox 645 5689 974 5764; x_wconf 71' lang='lat' dir='ltr'><strong>Aquisgrani</strong></span> <span class='ocrx_word' id='word_1_489' title='bbox 1005 5694 1194 5742; x_wconf 88' lang='lat' dir='ltr'><strong>narrat</strong></span> <span class='ocrx_word' id='word_1_490' title='bbox 1216 5687 1660 5764; x_wconf 41' lang='lat' dir='ltr'><strong>A__s_tronomu_s-</strong></span> <span class='ocrx_word' id='word_1_491' title='bbox 1679 5683 1817 5764; x_wconf 51' lang='lat' dir='ltr'><strong>“Vita</strong></span> <span class='ocrx_word' id='word_1_492' title='bbox 1844 5682 2094 5764; x_wconf 80' lang='lat' dir='ltr'><strong>Ludovici</strong></span> <span class='ocrx_word' id='word_1_493' title='bbox 2127 5683 2227 5764; x_wconf 71' lang='lat' dir='ltr'><strong>l’ii,</strong></span> 
     </span>
    </p>
   </div>
   <div class='ocr_carea' id='block_1_75' title="bbox 649 5752 2231 5901">
    <p class='ocr_par' dir='ltr' id='par_1_75' title="bbox 649 5752 2231 5901">
     <span class='ocr_line' id='line_1_75' title="bbox 649 5752 2231 5829; baseline -0.002 -19"><span class='ocrx_word' id='word_1_494' title='bbox 649 5752 792 5827; x_wconf 65' lang='lat' dir='ltr'><strong>ap&#39;ud</strong></span> <span class='ocrx_word' id='word_1_495' title='bbox 823 5752 1027 5829; x_wconf 76' lang='lat' dir='ltr'><strong>Bouq.,</strong></span> <span class='ocrx_word' id='word_1_496' title='bbox 1068 5767 1196 5812; x_wconf 89' lang='lat' dir='ltr'><strong>tom.</strong></span> <span class='ocrx_word' id='word_1_497' title='bbox 1233 5755 1322 5818; x_wconf 82' lang='lat' dir='ltr'><strong>Vl,</strong></span> <span class='ocrx_word' id='word_1_498' title='bbox 1364 5771 1484 5825; x_wconf 85' lang='lat' dir='ltr'><strong>pag.</strong></span> <span class='ocrx_word' id='word_1_499' title='bbox 1535 5757 1636 5809; x_wconf 83' lang='grc'><strong>109</strong></span> <span class='ocrx_word' id='word_1_500' title='bbox 1672 5756 1910 5825; x_wconf 81' lang='lat' dir='ltr'><strong>(hujusce</strong></span> <span class='ocrx_word' id='word_1_501' title='bbox 1955 5752 2231 5809; x_wconf 74' lang='lat' dir='ltr'><strong>uoluminis</strong></span> 
     </span>
     <span class='ocr_line' id='line_1_76' title="bbox 651 5827 2210 5901; baseline -0.002 -18"><span class='ocrx_word' id='word_1_502' title='bbox 651 5827 753 5883; x_wconf 79' lang='lat' dir='ltr'><strong>col.</strong></span> <span class='ocrx_word' id='word_1_503' title='bbox 784 5829 933 5901; x_wconf 76' lang='lat'><strong>927).</strong></span> <span class='ocrx_word' id='word_1_504' title='bbox 981 5828 1186 5888; x_wconf 83' lang='lat' dir='ltr'><strong>Ibidem</strong></span> <span class='ocrx_word' id='word_1_505' title='bbox 1225 5839 1462 5897; x_wconf 86' lang='lat' dir='ltr'><strong>quoque,</strong></span> <span class='ocrx_word' id='word_1_506' title='bbox 1503 5827 1694 5883; x_wconf 87' lang='lat' dir='ltr'><strong>eodem</strong></span> <span class='ocrx_word' id='word_1_507' title='bbox 1735 5840 1878 5881; x_wconf 89' lang='lat' dir='ltr'><strong>anno</strong></span> <span class='ocrx_word' id='word_1_508' title='bbox 1921 5831 1979 5884; x_wconf 92' lang='lat' dir='ltr'><strong>et</strong></span> <span class='ocrx_word' id='word_1_509' title='bbox 2024 5839 2210 5880; x_wconf 90' lang='lat' dir='ltr'><strong>mense</strong></span> 
     </span>
    </p>
   </div>
   <div class='ocr_carea' id='block_1_76' title="bbox 2322 1929 3801 2008">
    <p class='ocr_par' dir='ltr' id='par_1_76' title="bbox 2322 1929 3801 2008">
     <span class='ocr_line' id='line_1_77' title="bbox 2322 1929 3801 2008; baseline -0.008 -15"><span class='ocrx_word' id='word_1_510' title='bbox 2322 1937 2494 2008; x_wconf 86' lang='lat' dir='ltr'><strong>ipsam</strong></span> <span class='ocrx_word' id='word_1_511' title='bbox 2521 1938 2805 1994; x_wconf 89' lang='lat' dir='ltr'><strong>ecclesiam</strong></span> <span class='ocrx_word' id='word_1_512' title='bbox 2855 1935 3223 1991; x_wconf 87' lang='lat' dir='ltr'><strong>immunitatis</strong></span> <span class='ocrx_word' id='word_1_513' title='bbox 3261 1942 3419 2003; x_wconf 86' lang='lat' dir='ltr'><strong>atque</strong></span> <span class='ocrx_word' id='word_1_514' title='bbox 3463 1932 3669 1987; x_wconf 84' lang='lat' dir='ltr'><strong>tuitiunis</strong></span> <span class='ocrx_word' id='word_1_515' title='bbox 3690 1929 3801 2000; x_wconf 75' lang='lat' dir='ltr'><strong>gratia</strong></span> 
     </span>
    </p>
   </div>
   <div class='ocr_carea' id='block_1_77' title="bbox 2321 2017 3805 2098">
    <p class='ocr_par' dir='ltr' id='par_1_77' title="bbox 2321 2017 3805 2098">
     <span class='ocr_line' id='line_1_78' title="bbox 2321 2017 3805 2098; baseline -0.007 -16"><span class='ocrx_word' id='word_1_516' title='bbox 2321 2042 2424 2098; x_wconf 85' lang='lat' dir='ltr'><strong>pro</strong></span> <span class='ocrx_word' id='word_1_517' title='bbox 2443 2027 2610 2081; x_wconf 88' lang='lat' dir='ltr'><strong>divini</strong></span> <span class='ocrx_word' id='word_1_518' title='bbox 2657 2027 2836 2082; x_wconf 89' lang='lat' dir='ltr'><strong>cultus</strong></span> <span class='ocrx_word' id='word_1_519' title='bbox 2863 2039 3048 2081; x_wconf 87' lang='lat' dir='ltr'><strong>amore</strong></span> <span class='ocrx_word' id='word_1_520' title='bbox 3097 2023 3156 2081; x_wconf 88' lang='lat' dir='ltr'><strong>et</strong></span> <span class='ocrx_word' id='word_1_521' title='bbox 3195 2025 3386 2079; x_wconf 67' lang='lat' dir='ltr'><strong>animae</strong></span> <span class='ocrx_word' id='word_1_522' title='bbox 3430 2031 3607 2076; x_wconf 64' lang='lat' dir='ltr'><strong>nostra</strong></span> <span class='ocrx_word' id='word_1_523' title='bbox 3642 2017 3805 2072; x_wconf 77' lang='lat' dir='ltr'><strong>remedio</strong></span> 
     </span>
    </p>
   </div>
   <div class='ocr_carea' id='block_1_78' title="bbox 2323 2111 3803 2189">
    <p class='ocr_par' dir='ltr' id='par_1_78' title="bbox 2323 2111 3803 2189">
     <span class='ocr_line' id='line_1_79' title="bbox 2323 2111 3803 2189; baseline -0.007 -16"><span class='ocrx_word' id='word_1_524' title='bbox 2323 2119 2441 2174; x_wconf 90' lang='lat' dir='ltr'><strong>ﬁeri</strong></span> <span class='ocrx_word' id='word_1_525' title='bbox 2472 2118 2832 2185; x_wconf 87' lang='lat' dir='ltr'><strong>decrevimus,</strong></span> <span class='ocrx_word' id='word_1_526' title='bbox 2855 2133 2953 2189; x_wconf 91' lang='lat' dir='ltr'><strong>per</strong></span> <span class='ocrx_word' id='word_1_527' title='bbox 2977 2117 3127 2187; x_wconf 84' lang='lat' dir='ltr'><strong>quod</strong></span> <span class='ocrx_word' id='word_1_528' title='bbox 3172 2117 3510 2186; x_wconf 77' lang='lat' dir='ltr'><strong>przecipimus</strong></span> <span class='ocrx_word' id='word_1_529' title='bbox 3554 2123 3684 2180; x_wconf 82' lang='lat' dir='ltr'><strong>atque</strong></span> <span class='ocrx_word' id='word_1_530' title='bbox 3704 2111 3803 2180; x_wconf 80' lang='lat' dir='ltr'><strong>inbe-</strong></span> 
     </span>
    </p>
   </div>
   <div class='ocr_carea' id='block_1_79' title="bbox 2323 2197 3802 2281">
    <p class='ocr_par' dir='ltr' id='par_1_79' title="bbox 2323 2197 3802 2281">
     <span class='ocr_line' id='line_1_80' title="bbox 2323 2197 3802 2281; baseline -0.012 -14"><span class='ocrx_word' id='word_1_531' title='bbox 2323 2227 2446 2267; x_wconf 86' lang='lat' dir='ltr'><strong>mus</strong></span> <span class='ocrx_word' id='word_1_532' title='bbox 2473 2219 2532 2264; x_wconf 93' lang='lat' dir='ltr'><strong>ut</strong></span> <span class='ocrx_word' id='word_1_533' title='bbox 2559 2211 2737 2266; x_wconf 90' lang='lat' dir='ltr'><strong>nullus</strong></span> <span class='ocrx_word' id='word_1_534' title='bbox 2759 2210 2926 2281; x_wconf 78' lang='lat' dir='ltr'><strong>iudex</strong></span> <span class='ocrx_word' id='word_1_535' title='bbox 2971 2207 3246 2280; x_wconf 87' lang='lat' dir='ltr'><strong>publicus,</strong></span> <span class='ocrx_word' id='word_1_536' title='bbox 3272 2206 3357 2260; x_wconf 85' lang='lat' dir='ltr'><strong>vel</strong></span> <span class='ocrx_word' id='word_1_537' title='bbox 3390 2204 3593 2274; x_wconf 83' lang='lat' dir='ltr'><strong>quilth</strong></span> <span class='ocrx_word' id='word_1_538' title='bbox 3629 2216 3680 2254; x_wconf 80' lang='lat' dir='ltr'><strong>ex</strong></span> <span class='ocrx_word' id='word_1_539' title='bbox 3715 2197 3802 2268; x_wconf 83' lang='lat' dir='ltr'><strong>iudi-</strong></span> 
     </span>
    </p>
   </div>
   <div class='ocr_carea' id='block_1_80' title="bbox 2325 2292 3801 2372">
    <p class='ocr_par' dir='ltr' id='par_1_80' title="bbox 2325 2292 3801 2372">
     <span class='ocr_line' id='line_1_81' title="bbox 2325 2292 3801 2372; baseline -0.009 -15"><span class='ocrx_word' id='word_1_540' title='bbox 2325 2303 2493 2357; x_wconf 89' lang='lat' dir='ltr'><strong>ciaria</strong></span> <span class='ocrx_word' id='word_1_541' title='bbox 2517 2310 2809 2372; x_wconf 86' lang='lat' dir='ltr'><strong>potestate,</strong></span> <span class='ocrx_word' id='word_1_542' title='bbox 2835 2310 2925 2355; x_wconf 86' lang='lat' dir='ltr'><strong>aut</strong></span> <span class='ocrx_word' id='word_1_543' title='bbox 2971 2300 3160 2356; x_wconf 90' lang='lat' dir='ltr'><strong>nullus</strong></span> <span class='ocrx_word' id='word_1_544' title='bbox 3205 2314 3271 2352; x_wconf 84' lang='lat' dir='ltr'><strong>ex</strong></span> <span class='ocrx_word' id='word_1_545' title='bbox 3303 2296 3534 2352; x_wconf 85' lang='lat' dir='ltr'><strong>ﬁdelibus</strong></span> <span class='ocrx_word' id='word_1_546' title='bbox 3559 2292 3715 2349; x_wconf 83' lang='lat' dir='ltr'><strong>nostris</strong></span> <span class='ocrx_word' id='word_1_547' title='bbox 3733 2301 3801 2342; x_wconf 77' lang='lat' dir='ltr'><strong>tan</strong></span> 
     </span>
    </p>
   </div>
   <div class='ocr_carea' id='block_1_81' title="bbox 2323 2391 3801 2468">
    <p class='ocr_par' dir='ltr' id='par_1_81' title="bbox 2323 2391 3801 2468">
     <span class='ocr_line' id='line_1_82' title="bbox 2323 2391 3801 2468; baseline -0.012 -14"><span class='ocrx_word' id='word_1_548' title='bbox 2323 2398 2684 2467; x_wconf 69' lang='lat' dir='ltr'><strong>prmsentibus</strong></span> <span class='ocrx_word' id='word_1_549' title='bbox 2707 2411 2869 2468; x_wconf 88' lang='lat' dir='ltr'><strong>quam</strong></span> <span class='ocrx_word' id='word_1_550' title='bbox 2904 2393 3124 2459; x_wconf 85' lang='lat' dir='ltr'><strong>futuris,</strong></span> <span class='ocrx_word' id='word_1_551' title='bbox 3153 2394 3210 2449; x_wconf 91' lang='lat' dir='ltr'><strong>in</strong></span> <span class='ocrx_word' id='word_1_552' title='bbox 3237 2391 3487 2449; x_wconf 88' lang='lat' dir='ltr'><strong>ecclesias</strong></span> <span class='ocrx_word' id='word_1_553' title='bbox 3509 2397 3588 2443; x_wconf 84' lang='lat' dir='ltr'><strong>aut</strong></span> <span class='ocrx_word' id='word_1_554' title='bbox 3608 2400 3726 2458; x_wconf 82' lang='lat' dir='ltr'><strong>agros</strong></span> <span class='ocrx_word' id='word_1_555' title='bbox 3743 2397 3801 2438; x_wconf 80' lang='lat' dir='ltr'><strong>sel</strong></span> 
     </span>
    </p>
   </div>
   <div class='ocr_carea' id='block_1_82' title="bbox 2325 2476 3801 2561">
    <p class='ocr_par' dir='ltr' id='par_1_82' title="bbox 2325 2476 3801 2561">
     <span class='ocr_line' id='line_1_83' title="bbox 2325 2476 3801 2561; baseline -0.012 -16"><span class='ocrx_word' id='word_1_556' title='bbox 2325 2489 2565 2561; x_wconf 87' lang='lat' dir='ltr'><strong>reliquas</strong></span> <span class='ocrx_word' id='word_1_557' title='bbox 2617 2491 3018 2561; x_wconf 87' lang='lat' dir='ltr'><strong>possessiones,</strong></span> <span class='ocrx_word' id='word_1_558' title='bbox 3080 2503 3227 2558; x_wconf 87' lang='lat' dir='ltr'><strong>quas</strong></span> <span class='ocrx_word' id='word_1_559' title='bbox 3271 2486 3520 2541; x_wconf 85' lang='lat' dir='ltr'><strong>moderno</strong></span> <span class='ocrx_word' id='word_1_560' title='bbox 3561 2489 3740 2549; x_wconf 83' lang='lat' dir='ltr'><strong>tempore</strong></span> <span class='ocrx_word' id='word_1_561' title='bbox 3767 2476 3801 2529; x_wconf 76' lang='lat' dir='ltr'><strong>in</strong></span> 
     </span>
    </p>
   </div>
   <div class='ocr_carea' id='block_1_83' title="bbox 2325 2567 3801 2653">
    <p class='ocr_par' dir='ltr' id='par_1_83' title="bbox 2325 2567 3801 2653">
     <span class='ocr_line' id='line_1_84' title="bbox 2325 2567 3801 2653; baseline -0.012 -17"><span class='ocrx_word' id='word_1_562' title='bbox 2325 2582 2656 2653; x_wconf 84' lang='lat' dir='ltr'><strong>quibuslibet</strong></span> <span class='ocrx_word' id='word_1_563' title='bbox 2680 2583 2832 2652; x_wconf 83' lang='lat' dir='ltr'><strong>pagis</strong></span> <span class='ocrx_word' id='word_1_564' title='bbox 2865 2582 2951 2636; x_wconf 86' lang='lat' dir='ltr'><strong>vel</strong></span> <span class='ocrx_word' id='word_1_565' title='bbox 2998 2579 3296 2634; x_wconf 88' lang='lat' dir='ltr'><strong>territoriis</strong></span> <span class='ocrx_word' id='word_1_566' title='bbox 3321 2579 3477 2638; x_wconf 75' lang='lat' dir='ltr'><strong>,intra</strong></span> <span class='ocrx_word' id='word_1_567' title='bbox 3519 2574 3720 2628; x_wconf 85' lang='lat' dir='ltr'><strong>ditionem</strong></span> <span class='ocrx_word' id='word_1_568' title='bbox 3740 2567 3801 2619; x_wconf 82' lang='lat' dir='ltr'><strong>in-</strong></span> 
     </span>
    </p>
   </div>
   <div class='ocr_carea' id='block_1_84' title="bbox 2323 2657 3800 2746">
    <p class='ocr_par' dir='ltr' id='par_1_84' title="bbox 2323 2657 3800 2746">
     <span class='ocr_line' id='line_1_85' title="bbox 2323 2657 3800 2746; baseline -0.01 -15"><span class='ocrx_word' id='word_1_569' title='bbox 2323 2674 2462 2746; x_wconf 87' lang='lat' dir='ltr'><strong>perii</strong></span> <span class='ocrx_word' id='word_1_570' title='bbox 2493 2675 2663 2729; x_wconf 90' lang='lat' dir='ltr'><strong>nostri</strong></span> <span class='ocrx_word' id='word_1_571' title='bbox 2692 2675 2836 2743; x_wconf 90' lang='lat' dir='ltr'><strong>iuste</strong></span> <span class='ocrx_word' id='word_1_572' title='bbox 2866 2681 2920 2728; x_wconf 92' lang='lat' dir='ltr'><strong>et</strong></span> <span class='ocrx_word' id='word_1_573' title='bbox 2957 2672 3213 2744; x_wconf 84' lang='lat' dir='ltr'><strong>legaliter</strong></span> <span class='ocrx_word' id='word_1_574' title='bbox 3240 2676 3524 2725; x_wconf 87' lang='lat' dir='ltr'><strong>memorata</strong></span> <span class='ocrx_word' id='word_1_575' title='bbox 3550 2672 3667 2720; x_wconf 88' lang='lat' dir='ltr'><strong>tenet</strong></span> <span class='ocrx_word' id='word_1_576' title='bbox 3690 2657 3800 2717; x_wconf 72' lang='lat' dir='ltr'><strong>etde-</strong></span> 
     </span>
    </p>
   </div>
   <div class='ocr_carea' id='block_1_85' title="bbox 2327 2750 3801 2839">
    <p class='ocr_par' dir='ltr' id='par_1_85' title="bbox 2327 2750 3801 2839">
     <span class='ocr_line' id='line_1_86' title="bbox 2327 2750 3801 2839; baseline -0.015 -15"><span class='ocrx_word' id='word_1_577' title='bbox 2327 2770 2428 2834; x_wconf 88' lang='lat' dir='ltr'><strong>sia,</strong></span> <span class='ocrx_word' id='word_1_578' title='bbox 2457 2769 2540 2823; x_wconf 89' lang='lat' dir='ltr'><strong>vel</strong></span> <span class='ocrx_word' id='word_1_579' title='bbox 2569 2783 2634 2824; x_wconf 88' lang='lat' dir='ltr'><strong>ea</strong></span> <span class='ocrx_word' id='word_1_580' title='bbox 2653 2783 2774 2839; x_wconf 69' lang='lat' dir='ltr'><strong>qua:</strong></span> <span class='ocrx_word' id='word_1_581' title='bbox 2811 2768 3066 2836; x_wconf 86' lang='lat' dir='ltr'><strong>deinceps</strong></span> <span class='ocrx_word' id='word_1_582' title='bbox 3095 2766 3156 2820; x_wconf 90' lang='lat' dir='ltr'><strong>in</strong></span> <span class='ocrx_word' id='word_1_583' title='bbox 3186 2766 3311 2836; x_wconf 87' lang='lat' dir='ltr'><strong>iure</strong></span> <span class='ocrx_word' id='word_1_584' title='bbox 3354 2762 3510 2832; x_wconf 86' lang='lat' dir='ltr'><strong>ipsius</strong></span> <span class='ocrx_word' id='word_1_585' title='bbox 3535 2755 3723 2814; x_wconf 65' lang='lat' dir='ltr'><strong>ecclesia</strong></span> <span class='ocrx_word' id='word_1_586' title='bbox 3751 2750 3801 2802; x_wconf 79' lang='lat' dir='ltr'><strong>di-</strong></span> 
     </span>
    </p>
   </div>
   <div class='ocr_carea' id='block_1_86' title="bbox 2327 2839 3800 2928">
    <p class='ocr_par' dir='ltr' id='par_1_86' title="bbox 2327 2839 3800 2928">
     <span class='ocr_line' id='line_1_87' title="bbox 2327 2839 3800 2928; baseline -0.008 -14"><span class='ocrx_word' id='word_1_587' title='bbox 2327 2860 2456 2915; x_wconf 84' lang='lat' dir='ltr'><strong>vina</strong></span> <span class='ocrx_word' id='word_1_588' title='bbox 2483 2861 2660 2928; x_wconf 87' lang='lat' dir='ltr'><strong>pietas</strong></span> <span class='ocrx_word' id='word_1_589' title='bbox 2684 2859 2914 2914; x_wconf 91' lang='lat' dir='ltr'><strong>voluerit</strong></span> <span class='ocrx_word' id='word_1_590' title='bbox 2943 2858 3152 2927; x_wconf 87' lang='lat' dir='ltr'><strong>augeri,</strong></span> <span class='ocrx_word' id='word_1_591' title='bbox 3183 2856 3250 2910; x_wconf 86' lang='lat' dir='ltr'><strong>ad</strong></span> <span class='ocrx_word' id='word_1_592' title='bbox 3275 2869 3458 2910; x_wconf 85' lang='lat' dir='ltr'><strong>causas</strong></span> <span class='ocrx_word' id='word_1_593' title='bbox 3479 2848 3725 2906; x_wconf 74' lang='lat' dir='ltr'><strong>audiendas,</strong></span> <span class='ocrx_word' id='word_1_594' title='bbox 3747 2839 3800 2894; x_wconf 64' lang='grc' dir='ltr'><strong>τά</strong></span> 
     </span>
    </p>
   </div>
   <div class='ocr_carea' id='block_1_87' title="bbox 2327 2939 3802 3026">
    <p class='ocr_par' dir='ltr' id='par_1_87' title="bbox 2327 2939 3802 3026">
     <span class='ocr_line' id='line_1_88' title="bbox 2327 2939 3802 3026; baseline -0.009 -19"><span class='ocrx_word' id='word_1_595' title='bbox 2327 2951 2479 3026; x_wconf 83' lang='lat' dir='ltr'><strong>freda</strong></span> <span class='ocrx_word' id='word_1_596' title='bbox 2508 2958 2600 3006; x_wconf 90' lang='lat' dir='ltr'><strong>aut</strong></span> <span class='ocrx_word' id='word_1_597' title='bbox 2630 2952 2829 3006; x_wconf 89' lang='lat' dir='ltr'><strong>tributa</strong></span> <span class='ocrx_word' id='word_1_598' title='bbox 2865 2950 3153 3020; x_wconf 79' lang='lat' dir='ltr'><strong>exigenda,</strong></span> <span class='ocrx_word' id='word_1_599' title='bbox 3183 2957 3276 3003; x_wconf 90' lang='lat' dir='ltr'><strong>aut</strong></span> <span class='ocrx_word' id='word_1_600' title='bbox 3317 2947 3595 3002; x_wconf 85' lang='lat' dir='ltr'><strong>mansiones</strong></span> <span class='ocrx_word' id='word_1_601' title='bbox 3610 2939 3674 2994; x_wconf 87' lang='lat' dir='ltr'><strong>vel</strong></span> <span class='ocrx_word' id='word_1_602' title='bbox 3705 2947 3802 3006; x_wconf 73' lang='lat' dir='ltr'><strong>pan-</strong></span> 
     </span>
    </p>
   </div>
   <div class='ocr_carea' id='block_1_88' title="bbox 2326 3029 3799 3114">
    <p class='ocr_par' dir='ltr' id='par_1_88' title="bbox 2326 3029 3799 3114">
     <span class='ocr_line' id='line_1_89' title="bbox 2326 3029 3799 3114; baseline -0.014 -13"><span class='ocrx_word' id='word_1_603' title='bbox 2326 3054 2413 3101; x_wconf 89' lang='lat' dir='ltr'><strong>tas</strong></span> <span class='ocrx_word' id='word_1_604' title='bbox 2437 3044 2734 3110; x_wconf 78' lang='lat' dir='ltr'><strong>faciendas,</strong></span> <span class='ocrx_word' id='word_1_605' title='bbox 2765 3052 2859 3099; x_wconf 90' lang='lat' dir='ltr'><strong>aut</strong></span> <span class='ocrx_word' id='word_1_606' title='bbox 2887 3044 3238 3114; x_wconf 87' lang='lat' dir='ltr'><strong>ﬁdeiussores</strong></span> <span class='ocrx_word' id='word_1_607' title='bbox 3258 3040 3524 3102; x_wconf 82' lang='lat' dir='ltr'><strong>tollendos,</strong></span> <span class='ocrx_word' id='word_1_608' title='bbox 3539 3042 3613 3091; x_wconf 81' lang='lat' dir='ltr'><strong>aut</strong></span> <span class='ocrx_word' id='word_1_609' title='bbox 3636 3029 3799 3088; x_wconf 80' lang='lat' dir='ltr'><strong>homines</strong></span> 
     </span>
    </p>
   </div>
   <div class='ocr_carea' id='block_1_89' title="bbox 2329 3132 3800 3210">
    <p class='ocr_par' dir='ltr' id='par_1_89' title="bbox 2329 3132 3800 3210">
     <span class='ocr_line' id='line_1_90' title="bbox 2329 3132 3800 3210; baseline -0.003 -16"><span class='ocrx_word' id='word_1_610' title='bbox 2329 3139 2502 3210; x_wconf 89' lang='lat' dir='ltr'><strong>ipsius</strong></span> <span class='ocrx_word' id='word_1_611' title='bbox 2529 3138 2793 3203; x_wconf 79' lang='lat' dir='ltr'><strong>ecclesiae,</strong></span> <span class='ocrx_word' id='word_1_612' title='bbox 2824 3146 2936 3192; x_wconf 85' lang='lat' dir='ltr'><strong>tam</strong></span> <span class='ocrx_word' id='word_1_613' title='bbox 2993 3137 3265 3208; x_wconf 85' lang='lat' dir='ltr'><strong>ingenuos</strong></span> <span class='ocrx_word' id='word_1_614' title='bbox 3306 3149 3457 3205; x_wconf 88' lang='lat' dir='ltr'><strong>quam</strong></span> <span class='ocrx_word' id='word_1_615' title='bbox 3485 3141 3668 3188; x_wconf 79' lang='lat' dir='ltr'><strong>servos.</strong></span> <span class='ocrx_word' id='word_1_616' title='bbox 3697 3132 3800 3189; x_wconf 66' lang='lat' dir='ltr'><strong>50W</strong></span> 
     </span>
    </p>
   </div>
   <div class='ocr_carea' id='block_1_90' title="bbox 2331 3214 3800 3299">
    <p class='ocr_par' dir='ltr' id='par_1_90' title="bbox 2331 3214 3800 3299">
     <span class='ocr_line' id='line_1_91' title="bbox 2331 3214 3800 3299; baseline -0.012 -13"><span class='ocrx_word' id='word_1_617' title='bbox 2331 3241 2534 3295; x_wconf 78' lang='lat' dir='ltr'><strong>terram</strong></span> <span class='ocrx_word' id='word_1_618' title='bbox 2551 3229 2722 3298; x_wconf 82' lang='lat' dir='ltr'><strong>ipsius</strong></span> <span class='ocrx_word' id='word_1_619' title='bbox 2741 3239 3153 3284; x_wconf 85' lang='lat' dir='ltr'><strong>commanentes</strong></span> <span class='ocrx_word' id='word_1_620' title='bbox 3178 3229 3380 3299; x_wconf 84' lang='lat' dir='ltr'><strong>iniuste</strong></span> <span class='ocrx_word' id='word_1_621' title='bbox 3391 3214 3800 3291; x_wconf 69' lang='lat' dir='ltr'><strong>distringendosm</strong></span> 
     </span>
    </p>
   </div>
   <div class='ocr_carea' id='block_1_91' title="bbox 2329 3305 3799 3379">
    <p class='ocr_par' dir='ltr' id='par_1_91' title="bbox 2329 3305 3799 3379">
     <span class='ocr_line' id='line_1_92' title="bbox 2329 3305 3799 3379; baseline -0.008 -1"><span class='ocrx_word' id='word_1_622' title='bbox 2329 3324 2468 3379; x_wconf 87' lang='lat' dir='ltr'><strong>ullas</strong></span> <span class='ocrx_word' id='word_1_623' title='bbox 2489 3323 2879 3379; x_wconf 87' lang='lat' dir='ltr'><strong>redhibitiones</strong></span> <span class='ocrx_word' id='word_1_624' title='bbox 2909 3329 3002 3378; x_wconf 89' lang='lat' dir='ltr'><strong>aut</strong></span> <span class='ocrx_word' id='word_1_625' title='bbox 3028 3322 3251 3377; x_wconf 86' lang='lat' dir='ltr'><strong>illicitas</strong></span> <span class='ocrx_word' id='word_1_626' title='bbox 3296 3318 3586 3376; x_wconf 82' lang='lat' dir='ltr'><strong>occasiones</strong></span> <span class='ocrx_word' id='word_1_627' title='bbox 3611 3305 3799 3375; x_wconf 64' lang='grc' dir='ltr'><strong>πεφύτευ-</strong></span> 
     </span>
    </p>
   </div>
   <div class='ocr_carea' id='block_1_92' title="bbox 2331 3395 3795 3484">
    <p class='ocr_par' dir='ltr' id='par_1_92' title="bbox 2331 3395 3795 3484">
     <span class='ocr_line' id='line_1_93' title="bbox 2331 3395 3795 3484; baseline -0.013 -11"><span class='ocrx_word' id='word_1_628' title='bbox 2331 3415 2451 3483; x_wconf 88' lang='lat' dir='ltr'><strong>das,</strong></span> <span class='ocrx_word' id='word_1_629' title='bbox 2483 3417 2683 3472; x_wconf 89' lang='lat' dir='ltr'><strong>nostris</strong></span> <span class='ocrx_word' id='word_1_630' title='bbox 2711 3431 2812 3471; x_wconf 91' lang='lat' dir='ltr'><strong>nec</strong></span> <span class='ocrx_word' id='word_1_631' title='bbox 2842 3414 3038 3469; x_wconf 89' lang='lat' dir='ltr'><strong>futuris</strong></span> <span class='ocrx_word' id='word_1_632' title='bbox 3069 3413 3407 3484; x_wconf 89' lang='lat' dir='ltr'><strong>temporibus</strong></span> <span class='ocrx_word' id='word_1_633' title='bbox 3445 3403 3618 3478; x_wconf 86' lang='lat' dir='ltr'><strong>ingredi</strong></span> <span class='ocrx_word' id='word_1_634' title='bbox 3642 3395 3795 3454; x_wconf 74' lang='lat' dir='ltr'><strong>audeat.</strong></span> 
     </span>
    </p>
   </div>
   <div class='ocr_carea' id='block_1_93' title="bbox 2330 3490 3796 3581">
    <p class='ocr_par' dir='ltr' id='par_1_93' title="bbox 2330 3490 3796 3581">
     <span class='ocr_line' id='line_1_94' title="bbox 2330 3490 3796 3581; baseline -0.021 -15"><span class='ocrx_word' id='word_1_635' title='bbox 2330 3524 2434 3564; x_wconf 88' lang='lat' dir='ltr'><strong>nec</strong></span> <span class='ocrx_word' id='word_1_636' title='bbox 2460 3524 2524 3563; x_wconf 91' lang='lat' dir='ltr'><strong>ea</strong></span> <span class='ocrx_word' id='word_1_637' title='bbox 2545 3523 2666 3578; x_wconf 72' lang='lat' dir='ltr'><strong>qua:</strong></span> <span class='ocrx_word' id='word_1_638' title='bbox 2695 3521 2855 3577; x_wconf 88' lang='lat' dir='ltr'><strong>supra</strong></span> <span class='ocrx_word' id='word_1_639' title='bbox 2879 3513 3183 3560; x_wconf 82' lang='lat' dir='ltr'><strong>memorata</strong></span> <span class='ocrx_word' id='word_1_640' title='bbox 3209 3511 3349 3565; x_wconf 89' lang='lat' dir='ltr'><strong>sunt,</strong></span> <span class='ocrx_word' id='word_1_641' title='bbox 3365 3501 3562 3568; x_wconf 77' lang='lat' dir='ltr'><strong>exigere</strong></span> <span class='ocrx_word' id='word_1_642' title='bbox 3583 3490 3796 3581; x_wconf 54' lang='lat' dir='ltr'><strong>pratum”:</strong></span> 
     </span>
    </p>
   </div>
   <div class='ocr_carea' id='block_1_94' title="bbox 2331 3585 3794 3666">
    <p class='ocr_par' dir='ltr' id='par_1_94' title="bbox 2331 3585 3794 3666">
     <span class='ocr_line' id='line_1_95' title="bbox 2331 3585 3794 3666; baseline -0.016 -12"><span class='ocrx_word' id='word_1_643' title='bbox 2331 3598 2442 3654; x_wconf 87' lang='lat' dir='ltr'><strong>Sed</strong></span> <span class='ocrx_word' id='word_1_644' title='bbox 2465 3599 2624 3652; x_wconf 90' lang='lat' dir='ltr'><strong>liceat</strong></span> <span class='ocrx_word' id='word_1_645' title='bbox 2651 3604 2952 3653; x_wconf 89' lang='lat' dir='ltr'><strong>memorato</strong></span> <span class='ocrx_word' id='word_1_646' title='bbox 3000 3595 3226 3666; x_wconf 73' lang='lat' dir='ltr'><strong>pncsuli</strong></span> <span class='ocrx_word' id='word_1_647' title='bbox 3277 3600 3332 3649; x_wconf 90' lang='lat' dir='ltr'><strong>et</strong></span> <span class='ocrx_word' id='word_1_648' title='bbox 3356 3589 3556 3646; x_wconf 89' lang='lat' dir='ltr'><strong>cuilibet</strong></span> <span class='ocrx_word' id='word_1_649' title='bbox 3591 3585 3794 3638; x_wconf 62' lang='lat' dir='ltr'><strong>successit!</strong></span> 
     </span>
    </p>
   </div>
   <div class='ocr_carea' id='block_1_95' title="bbox 2329 3667 3796 3765">
    <p class='ocr_par' dir='ltr' id='par_1_95' title="bbox 2329 3667 3796 3765">
     <span class='ocr_line' id='line_1_96' title="bbox 2329 3667 3796 3765; baseline -0.03 -2"><span class='ocrx_word' id='word_1_650' title='bbox 2329 3707 2420 3747; x_wconf 61' lang='lat' dir='ltr'><strong>res</strong></span> <span class='ocrx_word' id='word_1_651' title='bbox 2441 3691 2713 3762; x_wconf 62' lang='lat' dir='ltr'><strong>Praedicta:</strong></span> <span class='ocrx_word' id='word_1_652' title='bbox 2754 3690 2998 3746; x_wconf 72' lang='lat' dir='ltr'><strong>ecclesiae</strong></span> <span class='ocrx_word' id='word_1_653' title='bbox 3025 3705 3154 3745; x_wconf 89' lang='lat' dir='ltr'><strong>cum</strong></span> <span class='ocrx_word' id='word_1_654' title='bbox 3203 3685 3407 3743; x_wconf 89' lang='lat' dir='ltr'><strong>cellulis</strong></span> <span class='ocrx_word' id='word_1_655' title='bbox 3435 3681 3526 3738; x_wconf 88' lang='lat' dir='ltr'><strong>sibi</strong></span> <span class='ocrx_word' id='word_1_656' title='bbox 3559 3667 3796 3765; x_wconf 60' lang='lat' dir='ltr'><strong>subiectisd</strong></span> 
     </span>
    </p>
   </div>
   <div class='ocr_carea' id='block_1_96' title="bbox 2329 3766 3794 3850">
    <p class='ocr_par' dir='ltr' id='par_1_96' title="bbox 2329 3766 3794 3850">
     <span class='ocr_line' id='line_1_97' title="bbox 2329 3766 3794 3850; baseline -0.01 -11"><span class='ocrx_word' id='word_1_657' title='bbox 2329 3785 2497 3839; x_wconf 86' lang='lat' dir='ltr'><strong>rebus</strong></span> <span class='ocrx_word' id='word_1_658' title='bbox 2524 3782 2608 3838; x_wconf 86' lang='lat' dir='ltr'><strong>vel</strong></span> <span class='ocrx_word' id='word_1_659' title='bbox 2639 3783 2948 3839; x_wconf 89' lang='lat' dir='ltr'><strong>hominibus</strong></span> <span class='ocrx_word' id='word_1_660' title='bbox 2973 3781 3043 3837; x_wconf 90' lang='lat' dir='ltr'><strong>ad</strong></span> <span class='ocrx_word' id='word_1_661' title='bbox 3087 3796 3152 3836; x_wconf 85' lang='lat' dir='ltr'><strong>se</strong></span> <span class='ocrx_word' id='word_1_662' title='bbox 3179 3775 3548 3850; x_wconf 85' lang='lat' dir='ltr'><strong>aspicientibus</strong></span> <span class='ocrx_word' id='word_1_663' title='bbox 3584 3766 3650 3821; x_wconf 69' lang='lat' dir='ltr'><strong>vel</strong></span> <span class='ocrx_word' id='word_1_664' title='bbox 3685 3767 3794 3832; x_wconf 71' lang='grc' dir='ltr'><strong>Ραυ·</strong></span> 
     </span>
    </p>
   </div>
   <div class='ocr_carea' id='block_1_97' title="bbox 2329 3852 3793 3941">
    <p class='ocr_par' dir='ltr' id='par_1_97' title="bbox 2329 3852 3793 3941">
     <span class='ocr_line' id='line_1_98' title="bbox 2329 3852 3793 3941; baseline -0.013 -10"><span class='ocrx_word' id='word_1_665' title='bbox 2329 3875 2604 3941; x_wconf 74' lang='lat' dir='ltr'><strong>nantibus,</strong></span> <span class='ocrx_word' id='word_1_666' title='bbox 2629 3876 2730 3930; x_wconf 91' lang='lat' dir='ltr'><strong>sub</strong></span> <span class='ocrx_word' id='word_1_667' title='bbox 2756 3873 3115 3929; x_wconf 91' lang='lat' dir='ltr'><strong>immunitatis</strong></span> <span class='ocrx_word' id='word_1_668' title='bbox 3139 3882 3340 3928; x_wconf 65' lang='lat' dir='ltr'><strong>nostra:</strong></span> <span class='ocrx_word' id='word_1_669' title='bbox 3363 3852 3793 3923; x_wconf 56' lang='lat' dir='ltr'><strong>defensione,1&#39;02!!!“a</strong></span> 
     </span>
    </p>
   </div>
   <div class='ocr_carea' id='block_1_98' title="bbox 2329 3946 3794 4040">
    <p class='ocr_par' dir='ltr' id='par_1_98' title="bbox 2329 3946 3794 4040">
     <span class='ocr_line' id='line_1_99' title="bbox 2329 3946 3794 4040; baseline -0.019 -19"><span class='ocrx_word' id='word_1_670' title='bbox 2329 3967 2498 4021; x_wconf 90' lang='lat' dir='ltr'><strong>totius</strong></span> <span class='ocrx_word' id='word_1_671' title='bbox 2535 3965 2836 4037; x_wconf 69' lang='lat' dir='ltr'><strong>iudiciariae</strong></span> <span class='ocrx_word' id='word_1_672' title='bbox 2879 3965 3168 4036; x_wconf 88' lang='lat' dir='ltr'><strong>potestatis</strong></span> <span class='ocrx_word' id='word_1_673' title='bbox 3198 3957 3562 4032; x_wconf 90' lang='lat' dir='ltr'><strong>inquietudine,</strong></span> <span class='ocrx_word' id='word_1_674' title='bbox 3589 3946 3722 4020; x_wconf 83' lang='lat' dir='ltr'><strong>quieto</strong></span> <span class='ocrx_word' id='word_1_675' title='bbox 3738 3952 3794 4040; x_wconf 63' lang='lat' dir='ltr'><strong>br-</strong></span> 
     </span>
    </p>
   </div>
   <div class='ocr_carea' id='block_1_99' title="bbox 2330 4041 3793 4131">
    <p class='ocr_par' dir='ltr' id='par_1_99' title="bbox 2330 4041 3793 4131">
     <span class='ocr_line' id='line_1_100' title="bbox 2330 4041 3793 4131; baseline -0.016 -18"><span class='ocrx_word' id='word_1_676' title='bbox 2330 4058 2456 4114; x_wconf 92' lang='lat' dir='ltr'><strong>dine</strong></span> <span class='ocrx_word' id='word_1_677' title='bbox 2480 4057 2776 4127; x_wconf 84' lang='lat' dir='ltr'><strong>possidere,</strong></span> <span class='ocrx_word' id='word_1_678' title='bbox 2805 4066 2861 4112; x_wconf 91' lang='lat' dir='ltr'><strong>et</strong></span> <span class='ocrx_word' id='word_1_679' title='bbox 2915 4065 3103 4112; x_wconf 89' lang='lat' dir='ltr'><strong>nostro</strong></span> <span class='ocrx_word' id='word_1_680' title='bbox 3154 4055 3383 4110; x_wconf 87' lang='lat' dir='ltr'><strong>ﬁdeliter</strong></span> <span class='ocrx_word' id='word_1_681' title='bbox 3407 4058 3577 4120; x_wconf 88' lang='lat' dir='ltr'><strong>parere</strong></span> <span class='ocrx_word' id='word_1_682' title='bbox 3614 4041 3793 4131; x_wconf 50' lang='lat' dir='ltr'><strong>impetit).</strong></span> 
     </span>
    </p>
   </div>
   <div class='ocr_carea' id='block_1_100' title="bbox 2329 4122 3793 4222">
    <p class='ocr_par' dir='ltr' id='par_1_100' title="bbox 2329 4122 3793 4222">
     <span class='ocr_line' id='line_1_101' title="bbox 2329 4122 3793 4222; baseline -0.02 -11"><span class='ocrx_word' id='word_1_683' title='bbox 2329 4122 2497 4222; x_wconf 72' lang='lat' dir='ltr'><strong>atque</strong></span> <span class='ocrx_word' id='word_1_684' title='bbox 2511 4165 2611 4221; x_wconf 86' lang='lat' dir='ltr'><strong>pro</strong></span> <span class='ocrx_word' id='word_1_685' title='bbox 2635 4149 3006 4206; x_wconf 88' lang='lat' dir='ltr'><strong>incolumitate</strong></span> <span class='ocrx_word' id='word_1_686' title='bbox 3036 4155 3222 4204; x_wconf 91' lang='lat' dir='ltr'><strong>nostra</strong></span> <span class='ocrx_word' id='word_1_687' title='bbox 3245 4154 3299 4201; x_wconf 89' lang='lat' dir='ltr'><strong>et</strong></span> <span class='ocrx_word' id='word_1_688' title='bbox 3342 4137 3564 4211; x_wconf 87' lang='lat' dir='ltr'><strong>coniugis</strong></span> <span class='ocrx_word' id='word_1_689' title='bbox 3585 4142 3630 4187; x_wconf 85' lang='lat' dir='ltr'><strong>et</strong></span> <span class='ocrx_word' id='word_1_690' title='bbox 3659 4122 3793 4222; x_wconf 57' lang='lat' dir='ltr'><strong>prolis.</strong></span> 
     </span>
    </p>
   </div>
   <div class='ocr_carea' id='block_1_101' title="bbox 2329 4221 3792 4313">
    <p class='ocr_par' dir='ltr' id='par_1_101' title="bbox 2329 4221 3792 4313">
     <span class='ocr_line' id='line_1_102' title="bbox 2329 4221 3792 4313; baseline -0.023 -13"><span class='ocrx_word' id='word_1_691' title='bbox 2329 4221 2426 4300; x_wconf 74' lang='lat' dir='ltr'><strong>seu</strong></span> <span class='ocrx_word' id='word_1_692' title='bbox 2453 4243 2615 4298; x_wconf 89' lang='lat' dir='ltr'><strong>etiam</strong></span> <span class='ocrx_word' id='word_1_693' title='bbox 2647 4243 2814 4298; x_wconf 90' lang='lat' dir='ltr'><strong>totius</strong></span> <span class='ocrx_word' id='word_1_694' title='bbox 2850 4241 3061 4313; x_wconf 89' lang='lat' dir='ltr'><strong>imperii</strong></span> <span class='ocrx_word' id='word_1_695' title='bbox 3092 4256 3123 4295; x_wconf 92' lang='lat' dir='ltr'><strong>a</strong></span> <span class='ocrx_word' id='word_1_696' title='bbox 3155 4240 3265 4295; x_wconf 84' lang='lat' dir='ltr'><strong>Deo</strong></span> <span class='ocrx_word' id='word_1_697' title='bbox 3295 4236 3445 4292; x_wconf 90' lang='lat' dir='ltr'><strong>nobis</strong></span> <span class='ocrx_word' id='word_1_698' title='bbox 3471 4224 3639 4286; x_wconf 88' lang='lat' dir='ltr'><strong>collati,</strong></span> <span class='ocrx_word' id='word_1_699' title='bbox 3663 4224 3702 4271; x_wconf 84' lang='lat' dir='ltr'><strong>et</strong></span> <span class='ocrx_word' id='word_1_700' title='bbox 3721 4221 3792 4281; x_wconf 68' lang='lat' dir='ltr'><strong>eius</strong></span> 
     </span>
    </p>
   </div>
   <div class='ocr_carea' id='block_1_102' title="bbox 2327 4313 3793 4402">
    <p class='ocr_par' dir='ltr' id='par_1_102' title="bbox 2327 4313 3793 4402">
     <span class='ocr_line' id='line_1_103' title="bbox 2327 4313 3793 4402; baseline -0.009 -11"><span class='ocrx_word' id='word_1_701' title='bbox 2327 4333 2750 4392; x_wconf 86' lang='lat' dir='ltr'><strong>clementissima</strong></span> <span class='ocrx_word' id='word_1_702' title='bbox 2788 4333 3139 4388; x_wconf 89' lang='lat' dir='ltr'><strong>miseratione</strong></span> <span class='ocrx_word' id='word_1_703' title='bbox 3179 4346 3277 4402; x_wconf 91' lang='lat' dir='ltr'><strong>per</strong></span> <span class='ocrx_word' id='word_1_704' title='bbox 3326 4328 3613 4383; x_wconf 83' lang='lat' dir='ltr'><strong>immensum</strong></span> <span class='ocrx_word' id='word_1_705' title='bbox 3650 4313 3793 4402; x_wconf 53' lang='lat' dir='ltr'><strong>009‘le</strong></span> 
     </span>
    </p>
   </div>
   <div class='ocr_carea' id='block_1_103' title="bbox 2327 4390 3793 4502">
    <p class='ocr_par' dir='ltr' id='par_1_103' title="bbox 2327 4390 3793 4502">
     <span class='ocr_line' id='line_1_104' title="bbox 2327 4390 3793 4502; baseline -0.004 -21"><span class='ocrx_word' id='word_1_706' title='bbox 2327 4390 2512 4491; x_wconf 81' lang='lat' dir='ltr'><strong>vandi,</strong></span> <span class='ocrx_word' id='word_1_707' title='bbox 2544 4439 2652 4481; x_wconf 86' lang='lat' dir='ltr'><strong>una</strong></span> <span class='ocrx_word' id='word_1_708' title='bbox 2681 4439 2804 4479; x_wconf 91' lang='lat' dir='ltr'><strong>cum</strong></span> <span class='ocrx_word' id='word_1_709' title='bbox 2833 4423 2979 4478; x_wconf 91' lang='lat' dir='ltr'><strong>clero</strong></span> <span class='ocrx_word' id='word_1_710' title='bbox 3015 4430 3071 4477; x_wconf 90' lang='lat' dir='ltr'><strong>et</strong></span> <span class='ocrx_word' id='word_1_711' title='bbox 3102 4390 3300 4493; x_wconf 76' lang='lat' dir='ltr'><strong>popqu</strong></span> <span class='ocrx_word' id='word_1_712' title='bbox 3337 4416 3433 4472; x_wconf 89' lang='lat' dir='ltr'><strong>sibi</strong></span> <span class='ocrx_word' id='word_1_713' title='bbox 3475 4405 3710 4502; x_wconf 41' lang='lat'><strong>5111150610.:</strong></span> 
     </span>
    </p>
   </div>
   <div class='ocr_carea' id='block_1_104' title="bbox 2330 4473 3792 4586">
    <p class='ocr_par' dir='ltr' id='par_1_104' title="bbox 2330 4473 3792 4586">
     <span class='ocr_line' id='line_1_105' title="bbox 2330 4473 3792 4586; baseline -0.014 -13"><span class='ocrx_word' id='word_1_714' title='bbox 2330 4517 2651 4575; x_wconf 90' lang='lat' dir='ltr'><strong>immensam</strong></span> <span class='ocrx_word' id='word_1_715' title='bbox 2678 4517 3021 4574; x_wconf 91' lang='lat' dir='ltr'><strong>clementiam</strong></span> <span class='ocrx_word' id='word_1_716' title='bbox 3049 4473 3254 4586; x_wconf 54' lang='lat' dir='ltr'><strong>iurgitet‘</strong></span> <span class='ocrx_word' id='word_1_717' title='bbox 3293 4519 3520 4565; x_wconf 78' lang='lat' dir='ltr'><strong>exorare.</strong></span> <span class='ocrx_word' id='word_1_718' title='bbox 3547 4497 3601 4553; x_wconf 82' lang='lat' dir='ltr'><strong>Et</strong></span> <span class='ocrx_word' id='word_1_719' title='bbox 3617 4473 3792 4586; x_wconf 51' lang='lat' dir='ltr'><strong>quidqui“l</strong></span> 
     </span>
    </p>
   </div>
   <div class='ocr_carea' id='block_1_105' title="bbox 2331 4577 3790 4682">
    <p class='ocr_par' dir='ltr' id='par_1_105' title="bbox 2331 4577 3790 4682">
     <span class='ocr_line' id='line_1_106' title="bbox 2331 4577 3790 4682; baseline -0.027 -15"><span class='ocrx_word' id='word_1_720' title='bbox 2331 4613 2398 4669; x_wconf 91' lang='lat' dir='ltr'><strong>de</strong></span> <span class='ocrx_word' id='word_1_721' title='bbox 2426 4609 2669 4682; x_wconf 64' lang='lat' dir='ltr'><strong>praefatis</strong></span> <span class='ocrx_word' id='word_1_722' title='bbox 2693 4609 2858 4664; x_wconf 90' lang='lat' dir='ltr'><strong>rebus</strong></span> <span class='ocrx_word' id='word_1_723' title='bbox 2882 4577 3143 4664; x_wconf 59' lang='lat' dir='ltr'><strong>ecclesia;</strong></span> <span class='ocrx_word' id='word_1_724' title='bbox 3172 4603 3263 4674; x_wconf 91' lang='lat' dir='ltr'><strong>ius</strong></span> <span class='ocrx_word' id='word_1_725' title='bbox 3293 4599 3402 4656; x_wconf 81' lang='lat' dir='ltr'><strong>ﬁsci</strong></span> <span class='ocrx_word' id='word_1_726' title='bbox 3427 4595 3622 4682; x_wconf 77' lang='lat' dir='ltr'><strong>exigere</strong></span> <span class='ocrx_word' id='word_1_727' title='bbox 3645 4577 3790 4682; x_wconf 58' lang='lat' dir='ltr'><strong>interit,</strong></span> 
     </span>
    </p>
   </div>
   <div class='ocr_carea' id='block_1_106' title="bbox 2328 4675 3792 4773">
    <p class='ocr_par' dir='ltr' id='par_1_106' title="bbox 2328 4675 3792 4773">
     <span class='ocr_line' id='line_1_107' title="bbox 2328 4675 3792 4773; baseline -0.003 -15"><span class='ocrx_word' id='word_1_728' title='bbox 2328 4675 2503 4760; x_wconf 70' lang='lat' dir='ltr'><strong>tottim</strong></span> <span class='ocrx_word' id='word_1_729' title='bbox 2531 4717 2631 4769; x_wconf 75' lang='lat' dir='ltr'><strong>nos</strong></span> <span class='ocrx_word' id='word_1_730' title='bbox 2687 4681 2949 4773; x_wconf 85' lang='lat' dir='ltr'><strong>perpetua</strong></span> <span class='ocrx_word' id='word_1_731' title='bbox 2993 4695 3391 4754; x_wconf 85' lang='lat' dir='ltr'><strong>renuntiatione</strong></span> <span class='ocrx_word' id='word_1_732' title='bbox 3421 4675 3792 4773; x_wconf 52' lang='grc' dir='ltr'><strong>οοηοθθξξωωῖ</strong></span> 
     </span>
    </p>
   </div>
   <div class='ocr_carea' id='block_1_107' title="bbox 2327 4763 3789 4862">
    <p class='ocr_par' dir='ltr' id='par_1_107' title="bbox 2327 4763 3789 4862">
     <span class='ocr_line' id='line_1_108' title="bbox 2327 4763 3789 4862; baseline -0.021 -11"><span class='ocrx_word' id='word_1_733' title='bbox 2327 4795 2508 4851; x_wconf 74' lang='lat' dir='ltr'><strong>clesite</strong></span> <span class='ocrx_word' id='word_1_734' title='bbox 2548 4763 2659 4857; x_wconf 81' lang='lat' dir='ltr'><strong>isti,</strong></span> <span class='ocrx_word' id='word_1_735' title='bbox 2687 4763 2750 4846; x_wconf 72' lang='lat' dir='ltr'><strong>ut</strong></span> <span class='ocrx_word' id='word_1_736' title='bbox 2783 4763 3113 4862; x_wconf 79' lang='lat' dir='ltr'><strong>perennibus</strong></span> <span class='ocrx_word' id='word_1_737' title='bbox 3147 4782 3464 4856; x_wconf 88' lang='lat' dir='ltr'><strong>temporibus</strong></span> <span class='ocrx_word' id='word_1_738' title='bbox 3503 4776 3548 4829; x_wconf 88' lang='lat' dir='ltr'><strong>in</strong></span> <span class='ocrx_word' id='word_1_739' title='bbox 3574 4763 3789 4862; x_wconf 50' lang='lat' dir='ltr'><strong>alimuﬂiiill</strong></span> 
     </span>
    </p>
   </div>
   <div class='ocr_carea' id='block_1_108' title="bbox 2326 4851 3791 4958">
    <p class='ocr_par' dir='ltr' id='par_1_108' title="bbox 2326 4851 3791 4958">
     <span class='ocr_line' id='line_1_109' title="bbox 2326 4851 3791 4958; baseline -0.01 -17"><span class='ocrx_word' id='word_1_740' title='bbox 2326 4902 2626 4958; x_wconf 89' lang='lat' dir='ltr'><strong>pauperum</strong></span> <span class='ocrx_word' id='word_1_741' title='bbox 2649 4894 2704 4941; x_wconf 91' lang='lat' dir='ltr'><strong>et</strong></span> <span class='ocrx_word' id='word_1_742' title='bbox 2734 4851 3000 4956; x_wconf 84' lang='lat' dir='ltr'><strong>stipendia</strong></span> <span class='ocrx_word' id='word_1_743' title='bbox 3025 4881 3343 4938; x_wconf 89' lang='lat' dir='ltr'><strong>clericorum</strong></span> <span class='ocrx_word' id='word_1_744' title='bbox 3373 4873 3550 4929; x_wconf 88' lang='lat' dir='ltr'><strong>ibidem</strong></span> <span class='ocrx_word' id='word_1_745' title='bbox 3573 4863 3659 4916; x_wconf 67' lang='lat'><strong>000</strong></span> 
     </span>
    </p>
   </div>
   <div class='ocr_carea' id='block_1_109' title="bbox 2327 4945 3788 5046">
    <p class='ocr_par' dir='ltr' id='par_1_109' title="bbox 2327 4945 3788 5046">
     <span class='ocr_line' id='line_1_110' title="bbox 2327 4945 3788 5046; baseline -0.025 -14"><span class='ocrx_word' id='word_1_746' title='bbox 2327 4945 2556 5032; x_wconf 46' lang='lat' dir='ltr'><strong>lant-ium</strong></span> <span class='ocrx_word' id='word_1_747' title='bbox 2584 4945 2832 5046; x_wconf 70' lang='lat' dir='ltr'><strong>proﬁciat</strong></span> <span class='ocrx_word' id='word_1_748' title='bbox 2854 4977 2909 5031; x_wconf 89' lang='lat' dir='ltr'><strong>in</strong></span> <span class='ocrx_word' id='word_1_749' title='bbox 2935 4983 3302 5046; x_wconf 88' lang='lat' dir='ltr'><strong>augmentum.</strong></span> <span class='ocrx_word' id='word_1_750' title='bbox 3335 4967 3472 5022; x_wconf 87' lang='lat' dir='ltr'><strong>llanc</strong></span> <span class='ocrx_word' id='word_1_751' title='bbox 3493 4960 3642 5023; x_wconf 81' lang='lat' dir='ltr'><strong>itaque</strong></span> <span class='ocrx_word' id='word_1_752' title='bbox 3668 4945 3788 5046; x_wconf 38' lang='lat' dir='ltr'><strong>att-citi</strong></span> 
     </span>
    </p>
   </div>
   <div class='ocr_carea' id='block_1_110' title="bbox 2326 5039 3788 5136">
    <p class='ocr_par' dir='ltr' id='par_1_110' title="bbox 2326 5039 3788 5136">
     <span class='ocr_line' id='line_1_111' title="bbox 2326 5039 3788 5136; baseline -0.018 -11"><span class='ocrx_word' id='word_1_753' title='bbox 2326 5071 2567 5133; x_wconf 86' lang='lat' dir='ltr'><strong>ritatem,</strong></span> <span class='ocrx_word' id='word_1_754' title='bbox 2598 5077 2658 5122; x_wconf 90' lang='lat' dir='ltr'><strong>ut</strong></span> <span class='ocrx_word' id='word_1_755' title='bbox 2707 5068 3002 5136; x_wconf 89' lang='lat' dir='ltr'><strong>pleniorem</strong></span> <span class='ocrx_word' id='word_1_756' title='bbox 3034 5067 3089 5120; x_wconf 92' lang='lat' dir='ltr'><strong>in</strong></span> <span class='ocrx_word' id='word_1_757' title='bbox 3116 5067 3207 5120; x_wconf 89' lang='lat' dir='ltr'><strong>Dei</strong></span> <span class='ocrx_word' id='word_1_758' title='bbox 3247 5059 3451 5116; x_wconf 87' lang='lat' dir='ltr'><strong>nomine</strong></span> <span class='ocrx_word' id='word_1_759' title='bbox 3475 5039 3788 5136; x_wconf 70' lang='lat' dir='ltr'><strong>obtineat</strong></span> 
     </span>
    </p>
   </div>
   <div class='ocr_carea' id='block_1_111' title="bbox 2326 5131 3784 5226">
    <p class='ocr_par' dir='ltr' id='par_1_111' title="bbox 2326 5131 3784 5226">
     <span class='ocr_line' id='line_1_112' title="bbox 2326 5131 3784 5226; baseline -0.014 -11"><span class='ocrx_word' id='word_1_760' title='bbox 2326 5175 2466 5226; x_wconf 90' lang='lat' dir='ltr'><strong>rem,</strong></span> <span class='ocrx_word' id='word_1_761' title='bbox 2495 5131 2608 5214; x_wconf 22' lang='lat' dir='ltr'><strong>et-a</strong></span> <span class='ocrx_word' id='word_1_762' title='bbox 2649 5131 2895 5212; x_wconf 84' lang='lat' dir='ltr'><strong>ﬁdelibus</strong></span> <span class='ocrx_word' id='word_1_763' title='bbox 2921 5156 3120 5212; x_wconf 88' lang='lat' dir='ltr'><strong>nostris</strong></span> <span class='ocrx_word' id='word_1_764' title='bbox 3169 5150 3462 5222; x_wconf 88' lang='lat' dir='ltr'><strong>diligentius</strong></span> <span class='ocrx_word' id='word_1_765' title='bbox 3499 5131 3784 5226; x_wconf 53' lang='lat' dir='ltr'><strong>consen’e‘i&#39;:</strong></span> 
     </span>
    </p>
   </div>
   <div class='ocr_carea' id='block_1_112' title="bbox 2291 5215 3785 5312">
    <p class='ocr_par' dir='ltr' id='par_1_112' title="bbox 2291 5215 3785 5312">
     <span class='ocr_line' id='line_1_113' title="bbox 2291 5215 3785 5312; baseline -0.015 -5"><span class='ocrx_word' id='word_1_766' title='bbox 2291 5267 2488 5312; x_wconf 87' lang='lat' dir='ltr'><strong>_manu</strong></span> <span class='ocrx_word' id='word_1_767' title='bbox 2540 5258 2727 5304; x_wconf 88' lang='lat' dir='ltr'><strong>nostra</strong></span> <span class='ocrx_word' id='word_1_768' title='bbox 2776 5247 3296 5303; x_wconf 88' lang='lat' dir='ltr'><strong>subterﬁrmavimus</strong></span> <span class='ocrx_word' id='word_1_769' title='bbox 3322 5281 3337 5308; x_wconf 94' lang='lat'><strong>,</strong></span> <span class='ocrx_word' id='word_1_770' title='bbox 3391 5245 3441 5293; x_wconf 93' lang='lat' dir='ltr'><strong>et</strong></span> <span class='ocrx_word' id='word_1_771' title='bbox 3481 5223 3632 5289; x_wconf 72' lang='lat' dir='ltr'><strong>annuli</strong></span> <span class='ocrx_word' id='word_1_772' title='bbox 3670 5215 3785 5272; x_wconf 68' lang='lat' dir='ltr'><strong>“05m</strong></span> 
     </span>
    </p>
   </div>
   <div class='ocr_carea' id='block_1_113' title="bbox 2323 5335 3220 5416">
    <p class='ocr_par' dir='ltr' id='par_1_113' title="bbox 2323 5335 3220 5416">
     <span class='ocr_line' id='line_1_114' title="bbox 2323 5335 3220 5416; baseline -0.01 -16"><span class='ocrx_word' id='word_1_773' title='bbox 2323 5343 2685 5416; x_wconf 89' lang='lat' dir='ltr'><strong>impressione</strong></span> <span class='ocrx_word' id='word_1_774' title='bbox 2709 5340 2914 5414; x_wconf 88' lang='lat' dir='ltr'><strong>signari</strong></span> <span class='ocrx_word' id='word_1_775' title='bbox 2937 5335 3220 5409; x_wconf 84' lang='lat' dir='ltr'><strong>iussimus.</strong></span> 
     </span>
    </p>
   </div>
   <div class='ocr_carea' id='block_1_114' title="bbox 2334 5489 3784 5641">
    <p class='ocr_par' dir='ltr' id='par_1_114' title="bbox 2334 5489 3784 5641">
     <span class='ocr_line' id='line_1_115' title="bbox 2334 5489 3784 5608; baseline -0.019 -11"><span class='ocrx_word' id='word_1_776' title='bbox 2334 5540 2550 5604; x_wconf 82' lang='lat' dir='ltr'><strong>Martio,</strong></span> <span class='ocrx_word' id='word_1_777' title='bbox 2565 5541 2672 5595; x_wconf 89' lang='lat' dir='ltr'><strong>duo</strong></span> <span class='ocrx_word' id='word_1_778' title='bbox 2700 5539 3054 5608; x_wconf 87' lang='lat' dir='ltr'><strong>imperatores</strong></span> <span class='ocrx_word' id='word_1_779' title='bbox 3079 5539 3232 5604; x_wconf 89' lang='lat' dir='ltr'><strong>pater</strong></span> <span class='ocrx_word' id='word_1_780' title='bbox 3256 5535 3311 5582; x_wconf 89' lang='lat' dir='ltr'><strong>et</strong></span> <span class='ocrx_word' id='word_1_781' title='bbox 3334 5521 3463 5579; x_wconf 86' lang='lat' dir='ltr'><strong>ﬁlius</strong></span> <span class='ocrx_word' id='word_1_782' title='bbox 3481 5499 3712 5583; x_wconf 62' lang='lat' dir='ltr'><strong>Sigehﬂlfd&quot;</strong></span> <span class='ocrx_word' id='word_1_783' title='bbox 3727 5489 3784 5544; x_wconf 54' lang='grc' dir='ltr'><strong>’δ</strong></span> 
     </span>
     <span class='ocr_line' id='line_1_116' title="bbox 2334 5570 3784 5641; baseline 0 0"><span class='ocrx_word' id='word_1_784' title='bbox 2334 5614 2441 5641; x_wconf 65' lang='lat' dir='ltr'><strong>an:</strong></span> <span class='ocrx_word' id='word_1_785' title='bbox 2475 5612 2786 5641; x_wconf 64' lang='grc' dir='ltr'><strong>..ηηηηοιηηιί</strong></span> <span class='ocrx_word' id='word_1_786' title='bbox 2815 5602 3233 5641; x_wconf 63' lang='grc' dir='ltr'><strong>Ι“Ν›ιιὶῖί“ιιιιοιὶςίε</strong></span> <span class='ocrx_word' id='word_1_787' title='bbox 3258 5590 3598 5641; x_wconf 66' lang='grc' dir='ltr'><strong>οηιιαρεςεῐιωι</strong></span> <span class='ocrx_word' id='word_1_788' title='bbox 3624 5570 3784 5641; x_wconf 49' lang='lat' dir='ltr'><strong>diploma</strong></span> 
     </span>
    </p>
   </div>
   <div class='ocr_carea' id='block_1_115' title="bbox 2331 5590 3598 5668">
    <p class='ocr_par' dir='ltr' id='par_1_115' title="bbox 2331 5590 3598 5668">
     <span class='ocr_line' id='line_1_117' title="bbox 2331 5590 3598 5668; baseline -0.014 -2"><span class='ocrx_word' id='word_1_789' title='bbox 2331 5590 2442 5668; x_wconf 55' lang='lat' dir='ltr'><strong>iiii}</strong></span> <span class='ocrx_word' id='word_1_790' title='bbox 2457 5590 2798 5666; x_wconf 42' lang='lat' dir='ltr'><strong>indusiati</strong></span> <span class='ocrx_word' id='word_1_791' title='bbox 2815 5590 3233 5664; x_wconf 59' lang='lat' dir='ltr'><strong>Cremifan&#39;ensis</strong></span> <span class='ocrx_word' id='word_1_792' title='bbox 3258 5590 3598 5654; x_wconf 56' lang='lat' dir='ltr'><strong>concessu“!un</strong></span> 
     </span>
    </p>
   </div>
   <div class='ocr_carea' id='block_1_116' title="bbox 2335 5681 3533 5749">
    <p class='ocr_par' dir='ltr' id='par_1_116' title="bbox 2335 5681 3533 5749">
     <span class='ocr_line' id='line_1_118' title="bbox 2335 5681 3533 5749; baseline -0.002 -10"><span class='ocrx_word' id='word_1_793' title='bbox 2335 5685 2518 5741; x_wconf 81' lang='lat' dir='ltr'><strong>datum</strong></span> <span class='ocrx_word' id='word_1_794' title='bbox 2552 5698 2604 5735; x_wconf 71' lang='grc' dir='ltr'><strong>ιι</strong></span> <span class='ocrx_word' id='word_1_795' title='bbox 2634 5682 2749 5735; x_wconf 76' lang='lat' dir='ltr'><strong>Kal.</strong></span> <span class='ocrx_word' id='word_1_796' title='bbox 2781 5681 3001 5749; x_wconf 81' lang='lat' dir='ltr'><strong>Aprilis.</strong></span> <span class='ocrx_word' id='word_1_797' title='bbox 3092 5748 3116 5749; x_wconf 28' lang='grc' dir='ltr'>η</span> <span class='ocrx_word' id='word_1_798' title='bbox 3232 5741 3244 5749; x_wconf 92' lang='lat'><em>_</em></span> <span class='ocrx_word' id='word_1_799' title='bbox 3366 5735 3424 5748; x_wconf 78' lang='grc'><em>,,</em></span> <span class='ocrx_word' id='word_1_800' title='bbox 3485 5726 3533 5749; x_wconf 55' lang='grc' dir='ltr'><strong>,η</strong></span> 
     </span>
    </p>
   </div>
   <div class='ocr_carea' id='block_1_117' title="bbox 2409 5740 3570 5826">
    <p class='ocr_par' dir='ltr' id='par_1_117' title="bbox 2409 5740 3570 5826">
     <span class='ocr_line' id='line_1_119' title="bbox 2409 5740 3570 5826; baseline -0.032 -5"><span class='ocrx_word' id='word_1_801' title='bbox 2409 5757 2438 5798; x_wconf 66' lang='grc' dir='ltr'>δ</span> <span class='ocrx_word' id='word_1_802' title='bbox 2477 5753 2808 5826; x_wconf 70' lang='lat' dir='ltr'><strong>Legendum,</strong></span> <span class='ocrx_word' id='word_1_803' title='bbox 2830 5740 3145 5821; x_wconf 57' lang='lat' dir='ltr'><strong>&#39;adjacerm&#39;it</strong></span> <span class='ocrx_word' id='word_1_804' title='bbox 3166 5741 3251 5801; x_wconf 84' lang='lat' dir='ltr'><strong>vel</strong></span> <span class='ocrx_word' id='word_1_805' title='bbox 3268 5740 3570 5812; x_wconf 63' lang='lat' dir='ltr'><strong>aspicienda.</strong></span> 
     </span>
    </p>
   </div>
  </div>
