4050 6340
275 317 417 377 H75

968 428 1192 497 CXLIII.

620 537 722 582 P30
753 537 1091 583 IONASTBRIO
1123 540 1506 587 EREIDLNENBI

898 618 1071 691 (Anno
1108 618 1256 690 8528.)

277 707 507 782 [Apudj
542 707 1036 853 l’tettempachei-n,g
1084 709 1318 854 3AOmiales
1392 708 1815 784 Erratime
1841 749 1858 779 ,

932 797 1053 853 pag.
1084 797 1173 836 ou.

349 895 407 950 in
432 896 652 953 nomine
675 895 888 955 Domini
926 895 1020 955 Dei
1068 903 1125 952 et
1149 893 1450 951 Salvatoris
1509 893 1687 951 nostri
1732 892 1862 951 locu

274 986 510 1052 Christi.
535 986 841 1047 Ludovicus
888 995 945 1043 et
1000 987 1290 1047 Lotharius
1332 986 1516 1043 divina
1577 986 1864 1047 ordinante

256 1068 618 1150 'providentia
650 1079 1002 1148 imperatores
1040 1078 1291 1150 Augusti.

350 1170 409 1227 Si
453 1186 583 1241 erga
623 1171 741 1231 loca
793 1171 977 1231 divino
1023 1172 1189 1231 cultui
1240 1170 1548 1240 mancipata
1600 1168 1863 1239 imperiali

271 1277 432 1321 more
460 1264 721 1323 beneﬁcia
765 1266 1025 1336 largimur
1051 1276 1374 1337 opportuna,
1413 1266 1468 1322 id
1494 1266 1652 1321 nobis
1676 1265 1863 1337 procul

272 1356 441 1415 dubio
464 1358 532 1413 ad
567 1358 917 1415 stabilitatem
957 1359 1169 1429 imperii
1197 1359 1393 1424 nostri,
1422 1367 1479 1414 et
1502 1359 1694 1414 animat
1721 1358 1865 1413 salu-

272 1455 387 1505 tem
418 1450 682 1519 proﬁcere
703 1451 923 1507 minime
948 1451 1275 1507 dubitamus.
1304 1452 1473 1520 igitur
1511 1460 1699 1507 notum
1742 1464 1867 1506 esse

271 1540 525 1597 volumus
554 1543 766 1598 cunctis
792 1541 1040 1599 ﬁdelibus
1068 1552 1272 1599 sanetre
1286 1544 1382 1599 Dei
1404 1544 1661 1599 Ecclesia:
1687 1550 1744 1599 et
1767 1556 1862 1603 no-

271 1633 427 1697 stris,
454 1633 814 1703 praesentibus
842 1630 1125 1690 scilicet'ct
1174 1632 1393 1699 futuris,
1426 1635 1552 1705 quia
1577 1634 1647 1689 ad
1673 1634 1865 1703 depre-

1414 317 1811 379 DIPLOMATA
1847 316 2399 383 ECLESIASTICA-

1858 429 1949 512 ῘίΑι
2029 430 2318 493 Durandus
2335 413 2599 491 diem
2618 427 2689 485 ad
2707 427 2883 484 vicem
2916 428 3187 500 Fridugisi
3231 429 3536 502 recognovi.

3400 320 3537 378 H74

2030 521 2225 576 Datum
2248 538 2302 575 χι
2326 519 2443 576 Kal.
2457 518 2648 591 April.,
2676 534 2819 574 anno
2838 517 3057 577 Christo
3084 512 3323 593 propitio
3350 520 3413 576 l5
3441 522 3541 579 im-

1958 611 2099 683 perii
2142 612 2346 673 domini
2369 610 2633 669 Ludovici
2666 610 3015 669 serenissimi
3060 611 3410 681 imperatoris
3433 651 3451 677 ,
3487 620 3545 665 et

1957 703 2201 781 Lotharii
2227 703 2284 769 6,
2313 704 2608 765 indictione
2633 690 2906 761 tinctum
2927 704 3255 777 Aquisgrani
3275 746 3291 774 ,
3334 704 3543 779 palatio

1944 796 2135 867 regis,
2158 796 2215 851 in
2246 796 2343 859 Dei
2370 796 2589 857 nomine
2614 795 2863 853 feliciter.
2887 794 3081 854 Amen.

2630 888 2861 946 CXLIV.

2349 998 2452 1037 PRO
2496 997 2834 1039 IONAS’I‘EIIIO
2872 999 2919 1039 S.
2959 999 3135 1041 GALLI.

2443 1071 2620 1144 (Anno
2647 1072 2774 1137 828.
2807 1073 2876 1129 12
2906 1071 3067 1145 Feb.)

1961 1158 2257 1236 Ludovicus
2288 1159 2414 1216 Pius
2441 1161 2819 1236 et_LotImrius
2860 1165 3199 1234 imperatores
3231 1167 3547 1236 conﬁrmant

2032 1232 2367 1373 fdaqau‘onem
2409 1251 2443 1288 a
2485 1231 2711 1306 Pippin
2757 1252 2874 1307 rege
2919 1231 3235 1295 monasterio
3290 1231 3352 1296 S'.
3399 1239 3545 1295 ϐαιιὶ

2058 1318 2119 1356 ac
2142 1320 2248 1357 am.

2024 1315 2248 1357 factam.

2036 1392 2217 1469 [Apud
2243 1392 2522 1469 Nepga_rt.,
2551 1395 2730 1469 Gades:
2758 1396 3148 1469 Διυθηιαηηὶαισ,
3177 1416 3299 1469 pag.
3329 1400 3451 1466 196,
3478 1415 3547 1457 ex

2243 1417 2522 1467 ueugart.,
2551 1417 2730 1452 uaaex
2758 1417 3148 1463 Atentanmcue,
3214 1417 3242 1455 a

2243 1465 2363 1519 cod.
2394 1465 2483 1519 Tr.
2513 1484 2658 1522 mon.
2690 1466 2747 1523 S.
2773 1467 2931 1533 Galli,
2962 1485 3083 1541 pag.

2036 1554 2096 1611 in
2139 1557 2361 1612 nomine
2407 1558 2622 1613 Domini
2660 1560 2753 1614 Dei
2802 1569 2858 1614 et
2898 1560 3195 1618 Salvatoris
3225 1566 3396 1620 nostri
3422 1564 3549 1623 Jesu

1964 1644 2193 1714 Christi,
2244 1648 2554 1706 Ludovicus
2600 1660 2657 1707 et
2696 1652 2984 1709 Lotharius
3033 1655 3214 1713 divina
3261 1657 3550 1718 ordinante

264 1724 545 1783 cntionem
567 1725 747 1781 dilecti
774 1726 870 1780 ﬁlii
892 1726 1063 1782 nostri
1098 1726 1354 1782 Ludovici
1381 1728 1523 1799 regis
1560 1726 1864 1783 Waioario-
1885 1807 1932 1817 _
1962 1740 2304 1810 providenti-,1
2331 1742 2691 1813 imperatores
2720 1744 2970 1817 Augusti,

271 1830 403 1909 runt
441 1823 498 1870 et
524 1813 741 1873 Gcroldi
772 1818 990 1873 comitis
1029 1818 1401 1873 concessimus
1426 1818 1642 1873 cumam
1671 1832 1860 1873 ωοιιαι-
1884 1807 1936 1873 Β
1964 1807 1981 1810 ⁷
2033 1824 2231 1885 Notum
2262 1831 2332 1885 sit
2360 1807 2609 1890 omnibus
2645 1807 2891 1891 ﬁdelibus
2929 1837 3149 1903 nostris,
3187 1841 3546 1909 prtesentibus

267 1906 445 1962 sterio
475 1914 684 1974 nostro,
708 1909 863 1979 cujus
898 1910 1223 1965 vocabulum
1247 1919 1331 1966 est
1360 1911 1667 1975 Chremisa,
1713 1909 1860 1980 quod

268 2006 353 2055 est
381 2008 751 2056 constructum
777 2002 831 2057 in
859 2003 1064 2058 honore
1085 2015 1142 2057 et
1186 2003 1537 2058 veneratione
1563 2000 1781 2057 Domini
1804 2010 1861 2058 et

270 2086 572 2146 Salvatoris
610 2092 782 2146 nostri
827 2090 955 2147 Jesu
983 2092 1207 2158 Christi,
1230 2094 1396 2149 situm
1436 2094 1491 2148 in
1524 2108 1661 2165 pago
1683 2091 1862 2148 Trun-

270 2192 448 2250 gowe,
471 2182 563 2237 ubi
588 2185 843 2252 pruenti
873 2195 1115 2257 tempore
1133 2187 1220 2242 vir
1252 2187 1579 2243 venerabilis
1602 2185 1861 2256 Sigehara-

267 2272 377 2331 dus
402 2275 574 2331 abbas
595 2286 808 2347 praeest,
833 2285 888 2333 et
920 2281 1203 2335 monachis
1249 2279 1448 2335 ibidem
1475 2295 1575 2351 per
1619 2287 1863 2349 tempora

268 2366 599 2438 degentibus
634 2368 904 2438 quoddam
935 2372 1292 2436 territorium,
1314 2372 1461 2443 quod
1507 2380 1593 2427 est
1639 2371 1692 2424 in
1725 2384 1861 2441 pago

270 2454 596 2523 Grunzwiti,
632 2458 788 2529 juxta
818 2470 1055 2516 montem
1088 2462 1472 2528 Sumerberch,
1498 2462 1642 2532 quod
1674 2470 1863 2531 ‘usque

272 2548 438 2604 modo
479 2552 622 2606 servi
646 2552 731 2607 vel
752 2553 916 2608 sclavi
942 2552 1183 2622 ejusdem
1206 2553 1519 2608 monasterii
1544 2554 1610 2608 ad
1638 2566 1863 2608 censum

273 2646 590 2708 tenuerunt,
612 2644 704 2713 qui
732 2645 800 2699 ad
853 2655 1064 2715 partem
1121 2646 1337 2700 comitis
1380 2645 1727 2710 solvebatur;
1769 2644 1863 2700 ubi

272 2732 441 2788 etiam
478 2736 732 2790 monachi
764 2736 831 2790 de
858 2736 1084 2806 prmfato
1109 2739 1443 2796 monasterio
1475 2735 1761 2793 ecclesiam
1809 2743 1867 2792 et

272 2822 467 2881 domos
489 2834 545 2882 et
566 2837 761 2881 cetera
802 2828 1030 2885 aediﬁcia
1060 2837 1498 2885 construxerunt.
1530 2830 1683 2897 Quod
1708 2830 1866 2884 terri-

273 2916 479 2973 torium
504 2917 579 2972 ita
608 2919 963 2977 terminatur:
995 2922 1185 2992 incipit
1221 2922 1386 2986 enim,
1410 2935 1477 2976 ex
1506 2921 1660 2992 plaga
1687 2921 1866 2976 orien-

274 3007 396 3071 ωε,
420 3022 453 3063 a
494 3007 876 3080 Sumerpercb,
897 3012 1041 3068 sicut
1076 3013 1228 3069 missi
1260 3013 1480 3069 Geroldi
1508 3014 1723 3069 comitis
1772 3016 1867 3069 de.

272 3099 652 3170 signaverunt,
676 3119 846 3174 usque
881 3106 935 3161 in
957 3106 1242 3174 Drmisma,
1280 3108 1348 3162 ad
1379 3107 1556 3162 locum
1587 3107 1678 3176 qui
1706 3122 1868 3163 voca-

274 3198 371 3246 tur
392 3191 638 3264 Hohoga,
666 3196 1007 3265 Plaettehinn,
1036 3206 1095 3255 et
1143 3201 1270 3256 inde
1322 3216 1537 3256 sursum
1578 3174 1751 3270 usque
1798 3199 1867 3256 ad
1894 3174 1941 3243 ο

274 3284 617 3342 territorium
683 3289 1028 3361 episcopatus
1087 3290 1425 3348 Pataviensis
1477 3293 1748 3357 ecclesiae,
1812 3299 1869 3348 et

275 3376 474 3433 exinde
503 3378 568 3435 ad
598 3379 810 3451 plagam
837 3383 1129 3437 australem
1153 3399 1326 3454 usque
1351 3384 1405 3439 in
1434 3383 1861 3440 Heribrnnnum.

274 3468 483 3526 Deinde
506 3486 572 3527 ex
592 3483 755 3543 parte
770 3476 1094 3532 occidentali
1127 3492 1298 3548 usque
1322 3478 1391 3532 ad
1420 3492 1543 3534 eum
1569 3478 1747 3533 locum
1773 3478 1866 3534 ubi

272 3561 566 3634 Fiinspach
588 3567 704 3622 exit
731 3569 800 3624 de
830 3569 996 3635 silva;
1028 3584 1060 3625 a
1086 3580 1243 3642 parte
1267 3570 1556 3641 aquilonis,
1584 3570 1725 3626 sicut
1749 3570 1866 3639 ipsa

270 3656 413 3713 silva
438 3661 614 3731 pergit
635 3676 806 3732 usque
832 3665 900 3719 ad
919 3663 1032 3733 jam
1061 3665 1263 3720 dictum
1299 3670 1538 3720 montem
1569 3662 1662 3735 qui
1699 3679 1864 3720 voca-

272 3756 367 3805 tur
389 3749 771 3828 Sumerperch.
789 3748 1147 3812 Memoratum
1168 3772 1297 3814 vero
1314 3758 1676 3825 territorium,
1692 3774 1865 3828 quan-

272 3848 607 3915 tlmcunque
632 3845 772 3901 infra
800 3849 1226 3919 suprascriptam
1255 3849 1695 3904 terminationem
1737 3865 1868 3905 con-

272 3931 444 4000 sistit,
476 3934 638 3992 salvis
666 3947 849 3993 tamen
876 3941 1300 4011 proprietatibus
1328 3941 1627 3997 liberorum
1658 3941 1867 3996 sclavo-

273 4038 435 4090 mm,
482 4026 749 4097 reliquum
796 4030 1058 4100 quidquid
1100 4031 1243 4086 infra
1308 4032 1425 4088 has-
1453 4032 1868 4088 terminationes

270 4122 532 4190 prtesenti
556 4128 799 4192 tempore
846 4124 914 4179 ad
946 4132 1158 4194 partem
1224 4126 1483 4181 comitum
1514 4126 1824 4198 pertinebat
1848 4165 1865 4193 ,

271 4210 460 4265 omnia
480 4214 790 4283 supradicto
808 4218 1141 4273 momsterio
1155 4216 1467 4290 Chremysa:
1494 4234 1593 4291 per
1611 4217 1750 4274 hanc
1771 4233 1868 4274 no-

271 4308 449 4357 stram
474 4306 853 4363 auctoritatem
909 4310 1324 4380 prasentialiter
1354 4311 1620 4367 tradimus
1643 4353 1657 4376 ,
1704 4319 1760 4367 et
1800 4310 1869 4367 de

272 4401 467 4450 nostro
505 4394 629 4465 jure
671 4397 729 4453 in
756 4398 848 4468 jus
898 4410 954 4457 et
987 4401 1411 4459 dominationem
1449 4401 1565 4474 ejus
1599 4401 1872 4458 transfun-

274 4487 478 4599 dimus,
509 4492 602 4599 ita
622 4494 874 4552 videlicet
905 4504 967 4552 ut
997 4499 1258 4570 quidquid
1287 4500 1354 4557 de
1388 4499 1626 4571 praefatis
1648 4500 1866 4556 territo-
1889 4538 1946 4599 Β

275 4581 378 4639 riis
395 4584 465 4638 ob
487 4584 773 4643 utilitatem
793 4596 849 4643 et
880 4590 1183 4661 profectum
1206 4592 1506 4663 praescripti
1548 4594 1865 4649 monasterii

275 4684 522 4731 rectores
549 4685 607 4733 et
634 4679 866 4736 ministri
898 4679 1016 4751 ejus
1050 4682 1231 4739 facere
1275 4684 1361 4741 vel
1403 4682 1651 4753 judicare
1683 4687 1868 4744 volue-

275 4765 409 4833 rint,
432 4768 605 4826 libero
644 4772 699 4828 in
731 4772 984 4831 omnibus
1036 4779 1315 4847 potiantur
1366 4779 1591 4834 arbitrio
1633 4777 1868 4835 faciendi

276 4860 541 4930 quidquid
592 4862 872 4935 elegerint.
927 4866 995 4923 Et
1042 4877 1104 4922 ut
1149 4868 1268 4926 haec
1314 4871 1611 4927 auctoritas
1664 4873 1869 4928 nostris

277 4949 588 5024 futurisque
624 4959 957 5028 temporibus
985 4959 1213 5018 Domino
1248 4972 1565 5035 protegente
1590 4963 1766 5019 valeat
1786 4965 1870 5019 in-

279 5046 539 5102 convulsa
569 5065 811 5118 manere,
856 5054 1108 5110 manibus
1162 5056 1396 5126 propriis
1443 5056 1872 5111 subtertirmavi-

280 5152 423 5202 mus,
447 5148 504 5194 et
520 5142 701 5196 annuli
738 5146 910 5199 nostri
954 5146 1307 5217 impressione
1356 5150 1558 5221 signari
1583 5149 1865 5220 iussimus.

354 5233 581 5307 Signum
609 5234 865 5292 Ludovici
893 5239 1222 5294 serenissimi
1253 5240 1617 5311 imperatoris.

355 5325 583 5399 Signum
638 5325 882 5384 Lotharii
946 5328 1323 5401 gloriosissimi
1366 5330 1711 5402 imperatoris
1759 5328 1872 5388 Au-

283 5419 453 5492 gusti.

358 5590 390 5620 ι
414 5576 717 5648 Brisgovia.

359 5647 697 5725 b_Liu_thardi
739 5654 953 5709 comitis
988 5652 1353 5725 meminerunt
1378 5651 1665 5725 Erinoldus
1692 5651 1870 5725 Nigel-

286 5716 373 5773 ius
402 5720 477 5773 De
502 5718 636 5775 Reb.
666 5735 800 5790 gest.
832 5725 1090 5781 Ludovici
1129 5724 1231 5789 Pii,
1260 5738 1400 5778 vers.
1435 5722 1541 5777 274
1571 5733 1625 5778 et
1649 5716 1787 5789 573:
1805 5741 1870 5779 ac

287 5789 646 5850 Astronomus
675 5789 748 5851 in
790 5796 933 5872 Vita.
957 5795 1218 5856 Ludovici
1259 5794 1361 5865 Pii,
1408 5808 1528 5868 cap.
1576 5796 1643 5854 15
1680 5805 1733 5854 et
1775 5796 1860 5865 16,

1964 1923 2171 1979 scilicet
2195 1931 2250 1977 et
2275 1923 2494 1991 futuris,
2521 1926 2645 1995 quia
2671 1926 3009 1987 Gauzbertns
3032 1932 3357 1987 venerabilis
3383 1934 3551 1990 abbas

1965 2028 2032 2068 ex
2061 2016 2393 2069 monasterio
2420 2015 2477 2071 S.
2501 2016 2640 2072 Galli
2664 2021 2991 2090 permissum
3019 2039 3174 2077 suum
3212 2024 3368 2080 nobis
3396 2025 3553 2083 inno-

1964 2104 2090 2170 tuit,
2138 2105 2282 2174 quod
2328 2122 2460 2162 avus
2511 2117 2697 2164 noster
2735 2109 2993 2182 Pippinus
3025 2112 3297 2182 quondam
3328 2131 3427 2171 rex
3456 2115 3555 2171 ali-

1964 2212 2103 2266 quos
2145 2196 2346 2254 liberos
2390 2199 2641 2257 homines
2671 2204 2725 2257 in
2753 2219 2893 2275 pago
2919 2205 3235 2261 Brisichava
3265 2220 3289 2247 α
3321 2223 3554 2278 quorum

1964 2290 2185 2344 nomina
2240 2301 2415 2347 sunt:
2470 2291 2844 2361 Williharius,
2900 2295 3130 2362 Putico,
3187 2296 3555 2365 Gauzbertus,

1964 2377 2207 2445 Otarius,
2234 2378 2482 2459 Pillinus,
2518 2382 2730 2450 liaimo,
2777 2384 2992 2455 Hundo,
3041 2386 3404 2455 Woii‘uvinus,
3441 2388 3552 2445 Mo-

1965 2469 2208 2536 tharius,
2252 2470 2604 2539 Chrodarius,
2657 2474 3005 2547 Gangulﬂ'us,
3056 2478 3272 2548 Zuppo,
3332 2478 3549 2549 Gisalo,

1966 2561 2399 2629 Drasamundus,
2448 2560 2834 2629 Harimundus,
2886 2567 3053 2633 Otini,
3099 2567 3354 2635 Grotzeo,
3409 2567 3557 2629 ὃπλ-

1965 2651 2184 2718 bulﬁ‘us,
2224 2652 2535 2719 Biritoldus,
2579 2640 2769 2722 Grill'o,
2799 2658 3165 2724 Wolantinus,
3204 2659 3271 2713 ad
3300 2660 3553 2717 eumdem

1968 2747 2358 2801 monasterium
2381 2749 2763 2805 concessisset.
2788 2750 2865 2805 Eo
2896 2750 3104 2807 scilicet
3127 2754 3287 2807 modo
3307 2761 3367 2807 ut
3386 2752 3554 2808 iidem

1967 2832 2127 2891 liberi
2178 2838 2446 2905 homines,
2479 2847 2534 2894 et
2556 2842 2850 2910 posteritas
2889 2859 3102 2912 eorum,
3152 2859 3374 2898 censum
3412 2842 3557 2916 quod

1968 2928 2037 2982 ad
2071 2927 2263 2984 ﬁscum
2300 2931 2539 3000 persolvi
2583 2931 2842 2995 solebant,
2897 2935 3038 3006 parti
3084 2935 3326 3007 praedicti
3373 2950 3558 2989 mona-

1970 3020 2123 3076 sterii
2145 3021 2470 3078 exhiberem
2492 3031 2654 3095 atque
2682 3012 3074 3096 persolverent.
3106 3024 3211 3081 Sed
3240 3026 3367 3101 quia
3398 3042 3561 3099 super

1971 3117 2076 3172 hac
2103 3119 2456 3175 concessione
2484 3130 2813 3191 praeceptum
2845 3120 2933 3174 avi
2962 3122 3131 3176 nostri
3162 3121 3372 3193 Pippini
3412 3123 3556 3193 regis

1972 3208 2341 3278 conscriptum
2367 3224 2474 3264 non
2502 3209 2794 3274 habebant,
2835 3207 3101 3278 jussimus
3142 3209 3425 3287 Liulhario
3461 3225 3557 3265 c0-

1968 3300 2088 3354 miti
2114 3298 2143 3339 b
2172 3300 2312 3355 hanc
2349 3315 2570 3356 causam
2614 3301 2946 3375 diligentius,
2990 3302 3035 3357 si
3073 3302 3147 3357 ita
3177 3310 3341 3367 esset,
3377 3302 3557 3373 inqui-

1969 3405 2112 3446 rere.
2158 3390 2261 3459 Qui
2300 3391 2457 3462 juxta
2500 3393 2752 3449 veritatis
2783 3401 2839 3448 et
2865 3393 3138 3463 aequitatis
3162 3393 3410 3449 ordinem
3438 3392 3559 3446 diii-

1969 3491 2161 3555 genter
2204 3490 2608 3554 perscrutatum
2656 3484 2989 3539 renuntiavit
3034 3484 3209 3549 nobis,
3256 3484 3384 3554 quia
3416 3482 3559 3538 sicut

1967 3590 2067 3648 per
2089 3574 2211 3631 illos
2230 3590 2492 3647 pagenses
2521 3584 2577 3633 et
2607 3592 2832 3633 veraces
2849 3577 3097 3635 homines
3117 3592 3215 3647 per
3240 3591 3555 3631 sacramen.

1968 3672 2083 3723 tum
2126 3669 2372 3726 invenire
2409 3670 2605 3741 potuit,
2637 3670 2712 3725 ita
2742 3685 2863 3725 esse
2893 3684 3103 3734 verum,
3140 3669 3282 3724 sicut
3307 3670 3554 3739 superius

1969 3763 2421 3831 comprehensum
2448 3769 2551 3817 est.
2586 3761 2927 3833 Quapropter
2956 3760 3060 3817 hoc
3089 3768 3288 3815 nostrae
3317 3761 3554 3815 auctori-

1968 3855 2102 3908 tatis
2126 3863 2457 3924 prteceptum
2489 3854 2608 3909 ﬁeri
2635 3853 2975 3908 decrevimus
3006 3872 3017 3906 :
3050 3868 3147 3924 per
3184 3853 3326 3925 quod
3363 3852 3560 3925 prmci-

1966 3945 2149 4017 pimus
2176 3954 2338 4014 atque
2370 3943 2646 4014 jubemus,
2692 3952 2773 4009 ut,
2828 3945 2970 3999 sicut
3016 3943 3265 4015 przedicti
3308 3944 3558 4000 homines

1970 4030 2190 4109 ingenui
2220 4037 2351 4092 illud
2380 4052 2605 4093 censum
2632 4035 2774 4106 quod
2805 4037 2963 4091 annis
2999 4034 3225 4107 singulis
3260 4034 3392 4091 ﬁsco
3420 4048 3555 4090 con-
3652 4026 3661 4037 ’

1968 4127 2104 4185 ferri
2133 4128 2399 4196 solebant,
2450 4127 2628 4183 eidem
2680 4128 3013 4183 monasterio
3064 4126 3239 4182 sancti
3279 4125 3416 4182 Galli
3464 4141 3563 4197 per

1969 4216 2413 4278 constitutionem
2439 4219 2525 4273 avi
2558 4218 2732 4273 nostri
2760 4217 2971 4289 Pippini
2999 4217 3144 4291 regis
3169 4217 3555 4284 exhibuerunt,

1968 4312 2044 4368 ita
2102 4311 2301 4367 abhinc
2345 4310 2400 4365 in
2448 4310 2795 4381 postmodum
2823 4309 3001 4365 omnis
3047 4308 3342 4380 posteritas
3369 4320 3560 4363 eorum

1967 4419 2068 4477 per
2088 4404 2194 4460 hoc
2218 4411 2463 4459 nostrum
2489 4409 2817 4473 praeceptum
2846 4402 2915 4457 ad
2941 4416 3102 4472 supra
3133 4402 3336 4457 dictum
3367 4415 3557 4455 mona-

1971 4497 2198 4553 sterium
2221 4496 2320 4552 sub
2347 4495 2496 4552 omni
2528 4495 2840 4566 integritate
2883 4492 3215 4564 persolvant.
3260 4489 3558 4560 Nullusque

1971 4592 2059 4649 vel
2102 4606 2135 4645 a
2182 4590 2490 4656 comitibus,
2547 4588 2629 4644 vel
2671 4603 2701 4642 a
2747 4586 3106 4653 centenariis,
3155 4584 3241 4640 vel
3289 4598 3321 4638 a
3367 4582 3551 4639 missis

1975 4683 2429 4748 discurrentibus,
2462 4679 2548 4737 vel
2575 4697 2606 4734 a
2638 4678 2964 4751 quibuslibet
2990 4677 3215 4733 alterius
3242 4674 3449 4731 ordinis
3480 4674 3562 4728 in-

1974 4775 2324 4848 quietudines
2353 4782 2448 4830 aut
2478 4773 2780 4831 calumnias
2810 4786 2938 4843 pars
2967 4768 3207 4839 ejusdem
3240 4766 3558 4827 monasterii

1972 4869 2168 4929 exinde
2213 4868 2452 4939 patiatur
2484 4885 2497 4921 :
2527 4866 2623 4923 sed
2672 4865 2812 4920 sicut
2855 4864 2923 4919 ab
2966 4878 3067 4919 avo
3108 4870 3297 4916 nostro
3330 4858 3560 4930 Pippino

1973 4978 2103 5035 rege
2128 4977 2447 5018 concessum
2470 4969 2572 5027 est,
2612 4959 2691 5015 ita
2718 4959 2786 5015 ab
2811 4959 3062 5014 omnibus
3088 4955 3335 5012 ﬁdelibus
3359 4953 3561 5010 nostris

1973 5067 2105 5125 erga
2132 5051 2421 5122 praedictos
2448 5050 2717 5115 homines,
2745 5057 2800 5105 et
2828 5064 3050 5105 censum
3079 5048 3171 5119 qui
3200 5046 3269 5102 ab
3295 5045 3375 5102 eis
3403 5045 3561 5100 debe-

1974 5153 2083 5211 tur,
2117 5142 2506 5199 inviolabiliter
2529 5149 2904 5198 conservetur.
2941 5141 3010 5195 Et
3036 5148 3097 5195 ut
3121 5140 3238 5195 hsce
3265 5137 3560 5194 auctoritas

1974 5234 2187 5293 ﬁrmior
2210 5237 2498 5302 habeatur,
2528 5241 2581 5289 et
2609 5250 2707 5305 per
2736 5233 2918 5289 futura
2946 5241 3187 5305 tempora
3216 5232 3413 5291 melius
3434 5246 3562 5287 con-

1974 5336 2255 5395 servetur,
2309 5327 2508 5385 annulo
2550 5334 2739 5384 nostro
2780 5326 2969 5383 subter
3011 5340 3131 5382 eam
3174 5323 3442 5397 jussimus
3480 5320 3560 5381 si-

1974 5420 2191 5511 gillari.‘
3234 5421 3237 5425 ’

1970 5586 2119 5661 arua
2141 5580 2419 5661 .Beuquet-
2470 5574 2781 5661 βενςνβθηο
3076 5570 3552 5661 than-.1592:

1969 5643 2028 5707 9i
2049 5693 2061 5714 .
2093 5653 2163 5731 9i
2190 5643 2840 5731 (huiusvolumi.nis,‘col.
2884 5643 3032 5715 927).
3064 5647 3146 5731 An
3184 5643 3556 5731 hiedidetngsi‘t

1973 5739 2094 5778 cum
2141 5719 2425 5779 Li'thuario
2466 5719 2665 5778 comite
2712 5719 2804 5775 hic
2852 5726 3174 5785 memorato,
3217 5728 3325 5769 non
3372 5719 3549 5768 ausim

1974 5803 2229 5853 statuere.
