4050 6340
528 302 668 358 11⁵15

1654 303 1977 365 LUDOVICI
2006 303 2032 360 Ι
2067 301 2536 361 COGNOMENTO
2574 301 2656 358 ΡΠ

3659 297 3814 359 1176

596 411 977 468 Himinmaris
1017 411 1264 468 notarius
1296 409 1368 469 ad
1398 407 1576 471 vicem
1622 415 1896 489 Fridugisi
1945 432 2104 474 reco-
2127 427 2182 488 Α
2204 425 2365 487 atque
2387 415 2638 485 jubemus
2665 415 2959 472 secundum
2985 413 3128 486 quod
3157 414 3213 470 in
3250 409 3396 470 illius
3439 411 3816 468 ordinatione

529 504 688 575 gnovi
711 512 766 560 et
789 505 1104 574 subscripsi.

596 595 732 652 Data
770 595 945 668 pridie
972 596 1095 652 ldus
1123 596 1449 656 Februarias
1491 614 1634 655 anno
1662 598 1881 656 Christo
1915 600 2105 672 propi-

523 690 601 746 tio
652 689 719 744 15
765 690 980 761 imperii
1029 690 1212 745 domni
1271 689 1528 746 Ludovici
1580 691 1711 762 imp.
1763 700 1819 747 et
1859 692 2106 748 Lotharii

525 791 682 837 sexto
726 795 777 850 ιι,
820 783 1116 838 indictione
1147 783 1200 838 6.
1231 782 1426 838 Actum
1464 783 1792 857 Aquisgrani
1830 785 1860 827 δ
1903 784 2107 857 palatio

526 874 694 945 regio,
727 874 782 930 in
806 873 905 930 Dei
932 874 1150 929 nomine
1174 872 1428 930 feliciter.
1458 874 1653 929 Amen.

1207 968 1410 1025 CXLV.

833 1075 932 1115 PRO
969 1075 1305 1116 IONASTEBIO
1340 1074 1795 1118 SANGERIANENSI.

1121 1151 1297 1224 (Anno
1341 1152 1490 1225 829.)

591 1241 769 1315 [Apud
795 1244 1016 1311 Mabill.,
1052 1244 1246 1300 Annal.
1281 1245 1405 1370 θέςἔί
1534 1245 1757 1311 Bened.,
1793 1251 1924 1299 tom.
1955 1242 2030 1311 II,

1154 1331 1277 1387 pag.
1417 1354 1432 1369 .

1154 1331 1277 1387 pag.
1307 1331 1432 1370 οτι.

586 1407 646 1464 In
675 1410 890 1465 nomine
933 1409 1147 1465 Domini
1190 1409 1289 1464 Dei
1335 1417 1391 1464 et
1436 1409 1736 1464 Salvatoris
1773 1408 1947 1463 nostri
1974 1405 2103 1463 Jesu

518 1501 756 1569 Christi,
801 1504 1108 1559 Ludovicus
1150 1511 1205 1558 et
1245 1502 1538 1558 Lotharius
1584 1502 1766 1558 divina
1813 1500 2104 1556 ordinante

514 1594 854 1666 providentia
886 1597 1243 1666 imperatores
1267 1594 1516 1664 Augusti.

598 1686 656 1740 Si
693 1702 758 1742 ea
784 1702 905 1756 qua:
933 1685 1120 1740 ﬁdeles
1151 1684 1362 1754 imperii
1396 1685 1568 1740 nostri
1611 1700 1709 1754 pro
1745 1690 1891 1738 statu
1915 1691 1969 1737 et
1993 1681 2102 1736 uti-

2207 508 2536 573 continetur,
2565 514 2626 561 ut
2673 507 2869 562 dentur
2914 507 2994 562 eis
3039 507 3202 561 annis
3253 504 3480 576 singulis
3512 506 3582 560 de
3608 506 3814 561 tritico

2205 613 2344 669 puro
2390 598 2552 653 modii
2601 597 2750 654 mille
2792 599 3171 669 quadringenti
3214 605 3271 654 et
3295 598 3712 668 quadraginta;
3758 606 3817 651 et

2206 687 2263 743 in
2293 688 2694 758 susceptionem
2725 688 2997 757 hospitum
3039 688 3204 742 modii
3247 683 3462 741 centum
3487 686 3812 756 octoginta,

2205 779 2350 850 quod
2370 787 2500 834 sunt
2517 779 2677 834 simul
2700 779 2866 834 modii
2889 779 3036 833 mille
3057 777 3298 833 sexcenti
3321 777 3548 847 viginti;
3576 777 3649 831 de
3675 776 3812 829 vino

2205 871 2372 928 modii
2397 871 2504 927 duo
2534 871 2742 938 millia;
2774 871 2840 925 de
2867 870 3135 942 legumine
3182 869 3346 925 modii
3374 877 3602 924 centum
3640 879 3810 923 octo-

2205 967 2388 1038 ginta;
2421 967 2488 1022 de
2511 981 2672 1021 caseo
2704 980 2900 1036 pensas
2941 972 3160 1019 centum
3201 965 3517 1034 sexaginta;
3566 963 3637 1019 de
3687 963 3816 1034 pin-

2207 1057 2436 1128 guedine
2457 1065 2637 1111 autem
2662 1055 2824 1110 modii
2847 1054 3056 1125 viginti,
3080 1062 3173 1108 aut
3190 1055 3342 1125 porci
3369 1056 3810 1126 quinquaginta,

2207 1146 2394 1217 quales
2432 1146 2686 1202 meliores
2729 1145 2965 1202 inveniri
2995 1156 3259 1216 possunt;
3288 1146 3356 1202 de
3392 1146 3598 1219 butyro
3632 1147 3814 1202 modii

2208 1247 2464 1308 quatuor,
2498 1239 2564 1292 de
2588 1237 2747 1293 melle
2785 1237 3014 1292 carrada
3041 1253 3148 1292 una
3182 1253 3252 1293 ex
3286 1239 3484 1294 modiis
3521 1248 3682 1302 octo,
3725 1237 3815 1292 vel

2207 1328 2347 1383 sicut
2369 1344 2436 1383 ex
2463 1342 2628 1383 censu
2653 1328 2720 1382 de
2743 1327 2866 1381 villa
2889 1326 3147 1381 Lucarias
3173 1326 3532 1396 persolvitur;
3564 1337 3623 1382 et
3651 1343 3814 1382 nien-

2207 1418 2378 1474 salem
2403 1418 2470 1473 de
2495 1419 2781 1474 duodecim
2813 1418 2959 1474 villis
2999 1417 3160 1473 melle
3185 1427 3242 1473 et
3264 1433 3411 1485 cera,
3462 1420 3518 1474 id
3548 1429 3637 1474 est
3665 1435 3814 1475 uno-

2207 1525 2420 1582 quoque
2441 1524 2626 1566 mense
2654 1511 2892 1567 sextaria
2913 1519 3168 1581 quatuor,
3185 1520 3240 1566 et
3259 1527 3397 1567 cera:
3420 1511 3600 1568 libras
3624 1512 3810 1578 duas;

2206 1603 2273 1658 de
2301 1603 2413 1658 sale
2442 1602 2609 1658 modii
2639 1611 2882 1670 centum;
2918 1603 3152 1658 volatilia
3180 1619 3302 1658 cum
3337 1604 3455 1659 ovis
3483 1604 3558 1660 de
3589 1605 3815 1661 duobus

2207 1692 2379 1760 festis,
2425 1694 2478 1749 id
2509 1703 2594 1749 est
2633 1692 2842 1749 Pascha
2885 1703 2939 1750 et
2979 1693 3187 1749 Natalis
3226 1694 3458 1748 Domini.
3505 1693 3596 1748 Ad
3637 1696 3813 1750 vesti-

516 1779 671 1835 litate
717 1777 1068 1834 ecclesiarum
1107 1792 1169 1832 ac
1211 1792 1495 1832 servorum
1523 1777 1619 1831 Dei
1650 1775 1884 1831 ﬁdeliter
1910 1791 1976 1830 ac
2006 1775 2100 1830 de-
2126 1789 2176 1850 B
2203 1793 2388 1839 menta
2414 1784 2577 1838 etiam
2608 1784 2694 1838 vel
2723 1799 2914 1839 omnes
2949 1798 3142 1838 eorum
3183 1785 3560 1850 necessitates,
3605 1801 3812 1840 secun-

511 1882 638 1928 vote
663 1872 733 1927 ob
752 1871 851 1926 Dei
878 1885 1117 1924 amorem
1142 1870 1197 1924 in
1225 1869 1358 1923 locis
1401 1869 1505 1923 sibi
1540 1867 1850 1923 commissis
1896 1874 2101 1921 statue-

512 1972 662 2028 runt,
690 1961 895 2018 nostris
926 1961 1314 2016 conﬁrmamus
1356 1959 1565 2023 edictis,
1598 1960 1704 2013 hoc
1730 1959 1886 2012 nobis
1913 1955 2102 2027 procul

514 2057 678 2113 dubio
701 2056 768 2110 ad
791 2066 1049 2110 aeternam
1072 2053 1461 2109 beatitudinem
1483 2060 1538 2105 et
1561 2051 1725 2106 totius
1755 2050 1905 2120 regni
1933 2064 1964 2102 a
1989 2049 2100 2104 Deo

511 2147 668 2202 nobis
692 2144 967 2201 commissi
1016 2141 1238 2196 tutelam
1285 2155 1600 2195 mansurum
1649 2154 1771 2194 esse
1803 2138 2099 2203 credimus,

511 2246 566 2292 et
592 2236 976 2291 retributorem
1004 2234 1294 2288 Dominum
1326 2234 1380 2286 in
1419 2231 1602 2286 futuro
1629 2232 1833 2286 habere
1868 2228 2101 2284 conﬁdi-

512 2344 655 2384 mus.
693 2328 864 2398 Igitur
893 2335 1082 2381 notum
1119 2325 1192 2379 sit
1220 2324 1472 2379 omnibus
1502 2322 1749 2379 ﬁdelibus
1774 2330 1974 2377 sanctae
2003 2321 2100 2376 Dei

511 2419 772 2476 Ecclesiae
795 2434 859 2473 ac
887 2419 1107 2481 nostris,
1151 2416 1510 2487 praesentibus
1555 2415 1765 2471 scilicet
1790 2422 1845 2468 et
1878 2413 2096 2480 futuris,

511 2513 640 2583 quia
680 2513 766 2566 vir
814 2508 1143 2566 venerabilis
1176 2508 1485 2574 Hilduinus,
1541 2505 1862 2562 monasterii
1914 2504 2100 2559 Sancti

511 2605 786 2661 Vincentii
819 2619 884 2658 ac
913 2603 1099 2658 Sancti
1125 2601 1385 2658 Germani
1414 2602 1603 2667 abbas,
1632 2615 1843 2655 necnon
1874 2608 1928 2654 et
1958 2598 2098 2654 sacri

506 2697 690 2766 palatii
719 2696 894 2752 nostri
923 2694 1412 2765 archicapellanus,
1453 2703 1655 2748 nostrm
1701 2693 1970 2763 suggessit
2008 2707 2096 2747 se—

506 2787 727 2842 renitati
755 2787 899 2856 quod
922 2801 1021 2856 pro
1052 2786 1148 2841 Dei
1178 2785 1568 2854 omnipotentis
1595 2801 1804 2851 amore,
1831 2793 1886 2840 et
1915 2784 2099 2840 futuro

507 2876 747 2946 ejusdem
782 2876 1220 2947 congregationis
1248 2876 1489 2931 cavendo
1518 2876 1778 2945 periculo,
1820 2891 1888 2930 ne
1918 2876 2097 2944 aliqua

509 2981 885 3022 successorum
907 2983 1130 3021 suorum
1152 2967 1480 3037 negligentia
1503 2974 1595 3020 aut
1617 2967 1883 3036 parcitate
1907 2965 2098 3038 [Forte

509 3059 828 3132 rapacitate]
855 3061 990 3115 ordo
1027 3060 1080 3114 in
1121 3074 1185 3115 ea
1225 3059 1423 3115 futuris
1447 3059 1783 3130 temporibus
1811 3060 2096 3128 perturba-

2207 1873 2336 1930 dum
2380 1873 2686 1944 regularem
2732 1873 3126 1928 institutionem
3161 1874 3557 1941 procurandas,
3601 1876 3812 1930 consti-

2205 1965 2409 2020 tuimus
2450 1965 2558 2020 illis
2601 1965 2819 2020 easdem
2849 1963 3024 2028 villas,
3056 1979 3193 2035 quas
3225 1964 3337 2034 ipse
3361 1980 3462 2034 per
3488 1980 3654 2021 suam
3684 1980 3811 2020 con-

2204 2056 2506 2111 cessionem
2532 2057 2612 2111 eis
2647 2056 2796 2110 visus
2821 2063 2906 2110 est
2929 2055 3267 2111 condonasse
3296 2075 3309 2108 :
3339 2054 3394 2110 id
3424 2065 3509 2111 est
3536 2056 3811 2112 Antonia-

2205 2160 2326 2200 cum
2366 2144 2619 2216 (Antony)
2665 2161 2788 2200 cum
2831 2145 2950 2215 ipsa
2997 2145 3228 2214 capella,
3275 2144 3362 2200 vel
3406 2147 3684 2217 quidquid
3736 2147 3805 2203 ad

2205 2253 2362 2293 suum
2389 2253 2524 2307 opus
2549 2236 2967 2308 praesentialiter
3005 2237 3212 2301 habuit,
3255 2236 3339 2292 vel
3380 2238 3652 2307 quidquid
3678 2238 3809 2294 inde

2203 2328 2451 2384 homines
2489 2343 2585 2398 per
2622 2328 2897 2398 precarias
2945 2336 3149 2392 tenent,
3179 2327 3266 2382 vel
3286 2327 3553 2397 quidquid
3582 2345 3683 2398 per
3715 2330 3809 2386 be-

2204 2418 2458 2474 neﬁcium
2498 2419 2643 2474 illius
2675 2419 2843 2488 aliqui
2884 2417 3063 2472 adhuc
3104 2417 3326 2482 habent,
3369 2425 3424 2471 et
3468 2416 3586 2472 illic
3636 2419 3810 2488 perti-

2203 2527 2334 2568 nere
2360 2512 2598 2577 videtur,
2631 2520 2693 2567 ut
2718 2519 2842 2582 post
2871 2525 3062 2566 eorum
3090 2510 3386 2566 discessum
3413 2509 3482 2564 ad
3507 2526 3673 2566 usum
3701 2511 3810 2566 ira-

2202 2613 2346 2659 trum
2399 2613 2762 2660 revertantur.
2811 2603 3094 2669 Alteram,
3145 2604 3300 2674 cujus
3343 2603 3676 2659 vocabulum
3720 2614 3809 2659 est

2202 2697 2345 2752 Cella
2375 2696 2448 2769 (la
2471 2695 2658 2769 Cella),
2695 2712 2817 2767 qua:
2846 2695 3044 2751 dicitur
3087 2695 3326 2761 Villaris,
3372 2711 3500 2752 cum
3532 2697 3804 2752 omnibus

2201 2787 2537 2856 appendiciis
2561 2788 2693 2853 suis,
2722 2795 2984 2856 quantum
3017 2787 3132 2857 ipse
3159 2789 3410 2858 praesenti
3440 2796 3699 2858 tempore
3737 2788 3808 2843 ad

2200 2893 2356 2933 suum
2393 2893 2527 2949 Opus
2565 2877 2672 2933 illic
2713 2877 2916 2942 habuit,
2964 2877 3050 2933 vel
3091 2879 3351 2948 quidquid
3404 2881 3664 2936 homines
3705 2894 3808 2950 per

2199 2971 2447 3041 precaria
2473 2971 2559 3027 vel
2584 2970 2848 3027 beneﬁcia
2876 2970 3019 3026 illius
3049 2979 3259 3037 tenent,
3289 2978 3343 3028 et
3366 2972 3476 3028 illic
3510 2974 3803 3042 pertinere

2198 3062 2433 3116 videtur.
2465 3062 2724 3127 Tertiam,
2773 3077 2894 3131 quae
2933 3069 3162 3117 vocatur
3204 3061 3483 3116 Matriolas
3513 3061 3803 3133 (Matella

507 3160 660 3207 retur
685 3153 1039 3218 monasticus,
1071 3151 1335 3223 stipendia
1361 3166 1551 3208 eorum
1580 3166 1700 3220 quae
1729 3151 2009 3205 annuatim
2039 3151 2094 3205 in
2121 3156 2166 3219 C
2197 3153 2312 3224 prés
2344 3151 2698 3223 Montereau),
2745 3169 2870 3208 cum
2910 3153 3058 3208 omni
3108 3152 3420 3223 integritate
3458 3168 3583 3207 sua.
3629 3151 3805 3220 Quar-

508 3246 629 3301 cibo
655 3255 711 3301 et
739 3258 867 3318 potu
913 3246 1161 3316 accipere
1191 3246 1478 3310 debebant,
1518 3259 1729 3300 necnon
1755 3251 1809 3298 et
1827 3244 2091 3314 quasdam
2195 3254 2346 3311 tam,
2420 3260 2540 3316 quae
2587 3254 2817 3301 vocatur
2865 3244 3202 3301 Cati-cantus
3249 3243 3558 3318 (Cachant).
3623 3246 3800 3313 Quin-

507 3337 684 3404 villas,
717 3339 1023 3408 specialiter
1060 3337 1480 3392 necessitatibus
1521 3336 1736 3391 illorum
1775 3335 2090 3391 deservien-

506 3431 629 3495 das,
661 3430 1036 3484 constituisset
1080 3445 1144 3483 ac
1191 3431 1522 3498 deputasset,
1559 3437 1722 3498 atque
1751 3441 1850 3498 per
1880 3426 2092 3481 littera-

507 3537 629 3574 rum
652 3519 850 3576 seriem
873 3529 930 3575 et
949 3520 1252 3590 largitionis
1277 3536 1387 3575 suae
1410 3522 1677 3584 chartam,
1713 3534 1811 3574 sua
1837 3519 2096 3573 aliorum-

506 3626 613 3682 que
661 3612 928 3667 bonorum
975 3611 1252 3666 hominum
1301 3609 1553 3664 manibus
1609 3610 1952 3674 roboratam,
2015 3609 2095 3664 eis

507 3704 869 3760 concessisset
918 3720 984 3759 ac
1027 3702 1328 3775 delegasset
1367 3721 1380 3756 :
1430 3709 1698 3773 quatenus
1739 3700 1887 3756 nulla
1937 3717 2094 3757 occa-

507 3796 683 3860 sione,
733 3810 834 3850 nec
874 3794 953 3849 rei
993 3793 1221 3865 publicae
1260 3793 1501 3858 servitio,
1549 3793 1840 3864 quisquam
1865 3807 1934 3846 ex
1967 3809 2093 3849 suc-

508 3889 819 3945 cessoribus
849 3889 964 3944 suis
992 3889 1437 3959 impedimentum
1468 3888 1522 3942 in
1552 3886 1736 3943 futuro
1771 3886 1973 3943 inferre
1997 3904 2095 3958 po—

511 3982 722 4048 tuisset,
749 3984 868 4051 'pro
909 3997 1015 4052 quo
1051 3996 1082 4035 a
1119 3982 1206 4036 via
1251 3981 1594 4036 rectitudinis
1633 3988 1689 4034 et
1713 3979 2096 4036 observatione

507 4075 743 4145 regulari
786 4076 1047 4130 oberrare
1091 4088 1315 4130 necesse
1355 4083 1540 4129 esset:
1571 4072 1666 4128 sed
1691 4071 1963 4144 deputatis
1989 4073 2094 4130 sibi

506 4168 669 4224 rebus
695 4176 750 4222 et
785 4168 1066 4238 stipendiis
1104 4167 1364 4232 contenti,
1415 4167 1619 4236 absque
1665 4166 1991 4220 necessitate
2039 4172 2095 4222 et

506 4259 706 4329 inopia,
739 4258 1041 4330 regularem
1085 4273 1330 4313 normam
1371 4264 1578 4318 tenere,
1607 4264 1663 4312 et
1687 4255 1803 4310 sine
1836 4255 2094 4325 praevari-

506 4352 741 4415 catione,
771 4361 1033 4420 quantum
1063 4352 1296 4406 humana
1322 4349 1451 4404 sinit
1481 4348 1763 4420 fragilitas,
1791 4349 2093 4405 observare

509 4441 831 4510 quivissent.
862 4441 1016 4496 Unde
1059 4442 1335 4495 humiliter
1371 4441 1529 4510 petiit
1561 4456 1626 4495 ac
1661 4440 1953 4510 postulavit
1980 4441 2091 4496 cel-

2197 3345 2351 3401 tam,
2409 3335 2564 3404 cujus
2627 3337 2951 3391 vocabulum
3011 3345 3096 3394 est
3140 3336 3475 3409 Novigentus
3539 3337 3802 3409 (Nogent

2197 3424 2498 3499 l’Artaud),
2525 3442 2650 3482 cum
2681 3428 2832 3482 omni
2865 3429 3179 3498 integritate
3209 3443 3324 3484 sua.
3361 3426 3615 3493 Sextam,
3647 3431 3804 3500 cujus

2201 3518 2527 3574 vocabulum
2577 3527 2661 3574 est
2715 3518 3051 3591 Spinogilum
3097 3518 3452 3592 (Espigneul),
3507 3536 3642 3576 cum
3687 3523 3801 3591 ipsa

2201 3612 2431 3680 capella,
2475 3611 2561 3667 vel
2606 3611 2870 3682 quidquid
2915 3612 3042 3667 inde
3083 3611 3151 3666 ad
3195 3627 3353 3667 suum
3400 3627 3542 3684 opus
3587 3613 3800 3669 habuit.

2200 3701 2522 3774 Septimam,
2550 3705 2824 3772 locellum,
2853 3706 2946 3776 qui
2971 3715 3198 3761 vocatur
3221 3706 3546 3763 Valedronis
3577 3707 3801 3781 (Valen-

2199 3794 2332 3863 ton).
2385 3794 2644 3850 Octavam
2671 3837 2686 3862 ,
2737 3812 2857 3867 quae
2905 3797 3103 3853 dicitur
3147 3797 3446 3869 Agmantus
3489 3799 3798 3872 (Esmun),

2197 3902 2304 3941 una
2351 3903 2474 3942 cum
2524 3889 2641 3957 ipsa
2685 3889 2822 3944 silva
2869 3904 2990 3960 qua:
3031 3900 3259 3946 vocatur
3302 3891 3432 3947 Usta
3491 3892 3606 3965 [AL
3645 3894 3798 3959 Utta,

2200 3977 2364 4051 Otte].
2418 3978 2529 4034 Has
2573 3994 2706 4050 ergo
2735 3979 2892 4035 villas
2919 3997 3043 4037 cum
3076 3983 3412 4053 appendiciis
3441 3994 3497 4038 et
3530 3986 3802 4042 reditibus

2197 4071 2311 4126 suis
2341 4079 2400 4125 ut
2427 4072 2682 4138 diximus,
2723 4073 2793 4127 ad
2824 4087 3016 4129 omnes
3063 4072 3300 4143 ejusdem
3331 4079 3799 4149 congregationis,

2199 4170 2308 4216 tam
2349 4161 2690 4217 inﬁrmorum
2730 4178 2892 4233 quam
2930 4180 3152 4230 senum,
3193 4167 3554 4222 necessitates
3589 4168 3799 4224 facien-

2197 4255 2318 4320 das,
2349 4263 2404 4311 et
2433 4257 2801 4311 sustentacula
2845 4257 3092 4312 mortalis
3125 4257 3246 4313 vitae
3273 4259 3667 4326 ministranda,
3700 4261 3798 4315 im-

2200 4345 2391 4414 periali
2418 4347 2745 4402 auctoritate
2770 4356 2825 4402 et
2846 4346 3178 4418 indulgentia
3204 4364 3303 4419 per
3328 4349 3430 4404 hoc
3456 4360 3798 4421 praeceptum

2199 4435 2628 4492 conﬁrmationis
2665 4446 2900 4504 nostrae,
2948 4439 3086 4494 sicut
3129 4439 3419 4509 praedictus
3462 4441 3798 4496 venerabilis

508 4533 802 4588 situdinem
827 4541 1091 4596 nostram,
1126 4541 1184 4586 ut
1213 4547 1310 4602 pro
1337 4533 1414 4586 rei
1447 4532 1727 4596 ﬁrmitate,
1756 4547 1918 4601 super
1943 4547 2089 4586 eam-
2113 4537 2166 4597 1)
2197 4531 2365 4586 abbas
2395 4532 2449 4586 in
2481 4546 2577 4586 sua
2607 4532 2860 4602 prazdicta
2886 4532 3296 4598 constitutione,
3323 4531 3502 4587 stabili
3525 4530 3658 4599 jure
3686 4533 3790 4599 eis,

509 4624 633 4679 dem
663 4623 1106 4679 constitutionem
1136 4622 1478 4678 auctoritatis
1514 4630 1838 4690 praeceptum
1867 4629 2090 4686 nostrae,

505 4731 605 4786 pro
633 4716 813 4770 divino
845 4715 1044 4769 intuitu
1071 4731 1134 4770 ac
1159 4714 1400 4785 ipsorum
1430 4721 1740 4768 sanctorum
1765 4713 2090 4781 reverentia,

509 4810 626 4864 ﬁeri
644 4809 980 4878 juberemus,
1009 4823 1107 4878 per
1137 4807 1278 4876 quod
1327 4807 1381 4860 in
1415 4812 1572 4860 antea
1602 4805 1810 4859 stabilis
1834 4813 1889 4859 et
1920 4805 2094 4861 invio-

508 4897 615 4952 lata
665 4906 1027 4969 permaneret.
1059 4895 1168 4951 Nos
1197 4911 1329 4951 vero
1361 4893 1609 4965 petitioni
1641 4893 1804 4959 illius,
1835 4894 1962 4962 quia
1997 4910 2094 4950 ne-

508 4991 744 5044 cessaria
770 5000 824 5046 et
851 4990 1189 5045 rationabilis
1212 4997 1351 5055 erat,
1382 5004 1570 5043 aurem
1595 4987 2090 5054 accommodantes,

509 5089 566 5134 et
588 5099 693 5151 qua
716 5084 990 5139 voluntate
1034 5099 1100 5138 ac
1135 5083 1345 5138 ratione
1385 5083 1513 5138 talia
1545 5081 1845 5138 clementia:
1888 5091 2091 5137 nostra:

513 5187 841 5246 suggereret,
892 5179 1180 5249 perspicue
1216 5177 1597 5247 intelligentes,
1645 5174 1813 5230 veluti
1852 5175 2094 5244 postula-

511 5272 700 5329 verat,
750 5267 866 5322 ﬁeri
918 5269 1366 5338 adjudicavimus.
1417 5267 1757 5336 Quapropter
1803 5266 2091 5319 statuimus

587 5415 611 5442 ι
641 5400 858 5481 Imperii
882 5418 1138 5481 COIOIlitm
1163 5402 1418 5481 Lotliario
1440 5397 1723 5481 Paschalis
1745 5411 1885 5481 papa
1910 5395 2098 5481 iiom‘ae

513 5466 910 5552 imposuitipso
937 5472 1215 5528 Paschatis
1241 5474 1327 5527 die
1350 5488 1438 5525 an.
1469 5471 1596 5533 825,
1624 5475 1762 5520 teste
1791 5466 2097 5549 Eginhardo

515 5546 567 5591 in
595 5541 892 5591 Annalibus
942 5544 1007 5591 ad
1049 5543 1194 5591 hunc.
1233 5558 1455 5591 annum.
1497 5539 1580 5591 Cf.
1623 5536 1816 5591 Annal.
1868 5536 2003 5588 l‘tlld
2044 5544 2100 5589 et

515 5546 567 5599 in
592 5539 892 5597 Annalibus
942 5544 1009 5596 ad
1049 5543 1194 5597 hunc
1233 5558 1455 5596 annum.
1497 5539 1580 5594 Cf.
1623 5539 1816 5591 Annal.
1868 5539 2003 5588 Fuld
2044 5544 2093 5589 et

513 5616 715 5670 Chron.
748 5613 976 5674 Saxum,
1024 5615 1160 5680 apud
1204 5615 1489 5682 Bouqnet.,
1526 5610 1656 5682 lter.
1688 5607 1826 5661 Gall.
1869 5605 2093 5682 Script.,

2195 4623 2544 4679 concedimus
2573 4639 2637 4679 ac
2664 4623 3049 4679 conﬁrmamus
3075 4643 3087 4678 :
3117 4623 3493 4694 praecipientes
3523 4633 3584 4677 ut
3610 4624 3797 4679 nullus

2202 4716 2370 4770 abbas
2399 4730 2498 4784 per
2526 4717 2918 4781 successiones,
2960 4715 3106 4786 quod
3144 4715 3349 4770 salubri
3383 4716 3495 4787 egit
3531 4718 3790 4781 consilio,

2201 4805 2525 4862 subtrahere
2567 4816 2662 4861 aut
2701 4808 2946 4863 minuere
2994 4808 3211 4873 audeat,
3253 4816 3347 4863 aut
3386 4808 3452 4864 ad
3494 4822 3629 4864 suos
3661 4822 3793 4863 usus

2201 4905 2536 4965 retorqueat,
2565 4906 2660 4952 aut
2679 4898 2840 4952 alicui
2864 4899 2917 4953 in
2940 4898 3205 4954 beneﬁcio
3231 4899 3466 4952 tribuat:
3486 4899 3584 4954 sed
3611 4912 3793 4970 neque

2201 4989 2418 5042 servitia
2445 5005 2512 5044 ex
2537 4990 2617 5045 eis
2646 4999 2881 5056 exactet,
2927 5005 3104 5060 neque
3142 4990 3507 5061 paraveredos
3552 5000 3650 5045 aut
3690 5006 3788 5046 ex-

2200 5095 2397 5149 pensas
2440 5081 2507 5135 ad
2555 5082 2829 5151 hospitum
2879 5085 3249 5153 susceptiones
3288 5084 3550 5153 recipiat;
3609 5099 3789 5154 neque

2199 5169 2338 5226 ullas
2379 5171 2434 5226 in
2485 5170 2666 5242 aliqua
2715 5188 2776 5229 re
2823 5175 3135 5229 exactiones
3187 5174 3310 5228 inde
3355 5175 3539 5245 exigat
3579 5175 3785 5245 absque

2200 5263 2494 5320 inevitabili
2539 5267 2886 5334 necessitate,
2932 5275 3131 5337 prazter
3171 5283 3458 5323 mensuras
3489 5268 3547 5322 in
3581 5267 3787 5339 princi-

2196 5395 2409 5451 Domini
2459 5408 2550 5454 aut
2597 5398 2852 5472 Kalendis
2895 5397 3137 5472 Januarii
3182 5401 3500 5472 abrupisse,
3548 5401 3786 5458 alterum

2195 5481 2324 5520 vero
2352 5483 2416 5522 ac
2445 5478 2734 5529 sequentes
2763 5471 2886 5525 inde
2913 5471 3216 5528 inchoasse.

2265 5537 2716 5614 1plmperatorcm
2755 5541 2860 5614 hoc
2898 5550 3139 5614 tempore
3189 5543 3518 5614 Aquisgrani
3576 5543 3780 5614 egisse,

2192 5605 2349 5690 tacite
2396 5605 2667 5690 colligitur
2712 5625 2798 5690 es“
2822 5605 3114 5690 Eginhardi
3165 5605 3392 5668 verbis?
3423 5636 3442 5668 ι
3465 5605 3782 5672 Comitatus

515 5694 645 5740 tom.
681 5687 762 5748 VI,
792 5702 914 5754 pag.
949 5677 1068 5748 185,
1099 5684 1224 5754 208,
1256 5677 1380 5736 220.
1419 5679 1711 5754 Dicendum
1741 5693 1890 5754 ergo,
1919 5677 2095 5754 scrip:
2192 5677 2730 5749 Aquisgrani'mense
2759 5677 2919 5736 Febr.
2954 5682 3131 5739 factus
3159 5691 3261 5738 est.
3288 5704 3306 5737 ι

519 5763 692 5810 torem
732 5746 1040 5826 diploumatis
1056 5746 1300 5824 primum
1331 5768 1529 5807 annum
1558 5747 1801 5805 Lotharii
1832 5748 1886 5802 in
1916 5746 2094 5802 Natali
