4050 6340
174 308 323 366 1177
1322 308 1721 372 DIPLOMA’I‘A
1757 311 2318 374 ECCLESIASTICA.
3316 315 3459 383 H78

173 424 295 498 pali
340 423 571 482 ecclesia
614 424 760 482 beati
804 424 1084 493 Germani,
1123 432 1180 483 et
1225 425 1280 483 in
1320 437 1486 500 ponte
1521 429 1764 486 Parisius
1789 433 1844 493 Α
1867 427 2110 486 ferimus.
2134 429 2214 486 Ita
2234 427 2484 487 videlicet
2502 435 2565 485 ut
2588 426 2852 502 quidquid
2872 439 3117 492 rectores
3144 440 3201 492 et
3222 435 3462 494 ministri

176 517 347 590 longo
373 533 406 573 a
435 527 680 590 tempore
719 520 1011 593 dispositas
1041 539 1054 575 :
1085 529 1140 576 et
1177 521 1225 577 si
1267 523 1453 591 augeri
1498 522 1766 592 adjudica-
1864 522 2107 593 prazdicti
2134 523 2451 579 monasterii
2480 534 2681 580 sanctae
2702 516 2888 581 Mariae
2912 543 3127 599 semper
3143 528 3372 602 virginis
3392 531 3461 586 de

175 611 348 676 verit,
393 621 449 668 et
492 629 775 670 numerum
819 615 1214 671 monachorum
1258 616 1313 671 in
1354 617 1531 689 majus
1557 616 1764 689 augeri,
1867 615 2179 685 supradicto
2226 616 2557 672 monasterio
2605 614 2792 674 Sancti
2847 616 3107 689 Stephani
3163 622 3461 678 secundum

179 704 509 776 ampliﬁcari
559 708 787 778 pecunia
827 709 1019 780 majori
1066 709 1341 766 licentiam
1383 711 1599 767 habeat.
1640 710 1768 767 Haec
1867 705 2250 762 aucwritalem
2289 707 2606 763 canonicam
2636 722 2701 763 ac
2730 706 3035 780 regularem
3063 708 3277 779 facere.
3309 712 3461 768 01⁵ἀὶ-

179 805 385 862 autem,
420 806 481 853 ut
505 807 783 869 putamus,
832 800 901 855 ad
944 817 1076 858 usus
1118 810 1334 858 centum
1365 802 1555 873 viginti
1581 817 1770 858 mona-
1868 810 1999 851 nare
2027 812 2091 854 ac
2122 798 2407 870 disponere
2438 800 2743 866 voluerint,
2778 800 2948 857 libero
2980 801 3035 858 in
3074 805 3325 861 omnibus
3358 819 3461 876 po-

178 888 413 945 chorum
451 889 725 947 suﬂiciunt
750 910 765 947 :
793 891 1129 950 distrahendi
1160 903 1342 949 autem
1373 894 1768 951 autminuendi
1868 888 2075 944 tiantur
2116 891 2343 947 arbitrio
2387 891 2622 949 faciendi
2663 894 2924 965 quidquid
2965 894 3246 967 elegerint.
3293 896 3361 951 Et
3401 902 3464 951 ut

180 994 299 1045 eas,
351 996 490 1052 quas
532 997 632 1052 pro
680 983 778 1038 Dei
826 986 1116 1040 statuimus
1167 1000 1371 1051 amore,
1426 1000 1766 1056 nequaquam
1869 982 1985 1038 haec
2020 985 2317 1041 auctoritas
2344 985 2648 1059 largitionis
2685 995 2884 1043 nostra
2926 987 3137 1044 ﬁrmior
3172 989 3461 1057 habeatur,

178 1082 497 1143 praesumat.
524 1073 645 1129 Sed
669 1075 715 1131 si
744 1074 923 1132 facere
949 1078 1372 1149 praesumpserit,
1418 1086 1473 1133 et
1510 1086 1637 1147 post
1660 1077 1772 1133 dis-
1869 1083 1926 1131 et
1962 1090 2060 1146 per
2087 1075 2270 1133 futura
2307 1087 2554 1153 tempora
2590 1080 3181 1149 melius'conservetur,
3210 1080 3465 1139 manibus

142 1226 149 1231 ᾗ
182 1178 405 1221 cessum
467 1174 717 1221 nostrum
769 1167 913 1224 hanc
972 1177 1215 1224 nostram
1264 1168 1768 1234 conﬁrmationem,
1868 1169 2105 1239 propriis
2143 1171 2669 1228 subterfirmavimus
2707 1180 2764 1229 et
2799 1172 2984 1229 annuli
3024 1174 3199 1231 nostri
3237 1174 3467 1245 impres-

181 1271 348 1327 quam
380 1272 543 1329 supra
585 1257 715 1313 dicti
752 1260 1079 1315 venerabilis
1107 1260 1209 1315 viri
1234 1258 1473 1315 Hilduini
1507 1259 1771 1315 constitu—
1872 1261 2025 1316 sione
2055 1262 2323 1333 assignari
2344 1261 2627 1331 iussimus.

181 1349 393 1405 tionem
443 1348 691 1416 fecimus,
741 1350 950 1407 violare
992 1352 1260 1419 voluerit,
1301 1352 1519 1423 querela
1549 1351 1616 1406 ad
1649 1366 1773 1407 suc—
1940 1351 2226 1408 Durandus
2249 1353 2588 1410 diaconusad
2601 1354 2776 1411 vicem
2799 1353 3105 1429 Frigdugisi
3126 1355 3463 1429 recognovit.

182 1454 433 1498 cessores
482 1451 722 1509 nostros,
770 1444 863 1514 qui
891 1452 1020 1501 tunc
1047 1445 1305 1515 temporis
1332 1445 1488 1501 nobis
1516 1444 1775 1515 supersti-
1940 1444 2063 1500 Dat.
2089 1461 2123 1498 x
2153 1444 2382 1501 Kalend.
2415 1444 2576 1513 Julii,
2610 1463 2753 1504 anno
2783 1447 2850 1503 l5
2877 1449 3089 1519 imperii
3124 1448 3329 1504 domini
3364 1448 3471 1505 Lu-

184 1549 275 1598 tes
323 1540 525 1596 fuerint
574 1541 894 1609 devenerit,
948 1542 1159 1614 ipsique
1208 1543 1390 1614 agnita
1448 1541 1771 1597 auctoritate
1870 1535 2046 1592 dovici
2082 1545 2139 1592 et
2175 1535 2417 1592 Lotharii
2459 1538 2513 1603 7,
2559 1539 2746 1595 indict.
2797 1540 2849 1594 7.
2895 1540 3093 1596 Actum
3137 1538 3467 1611 Aquisgrani

183 1641 377 1690 nostra
404 1641 606 1689 statuta
646 1642 835 1689 nostra
868 1632 1177 1700 defendant,
1210 1642 1266 1689 et
1289 1648 1401 1711 suae
1428 1632 1773 1689 auctoritatis
1870 1628 2071 1697 palatio
2096 1628 2247 1700 regio
2276 1629 2332 1683 in
2359 1629 2455 1685 Dei
2484 1632 2704 1687 nomine
2731 1630 2982 1688 feliciter.
3012 1631 3207 1688 Amen.

180 1734 456 1796 praecepto
500 1724 828 1782 confirment
866 1744 880 1780 :
917 1726 1151 1796 qualiter
1199 1725 1397 1781 futuris
1437 1724 1771 1795 temporibus
2533 1721 2784 1779 CXLVII.

182 1814 406 1881 fratres,
440 1816 494 1871 in
522 1816 774 1872 coenobio
819 1832 984 1889 supra
1025 1817 1170 1873 dicto
1215 1815 1455 1889 regulam
1495 1817 1639 1871 beati
1668 1815 1771 1871 Be-
1798 1800 1847 1861 Β
2084 1831 2185 1873 rno
2221 1831 2554 1875 PLODEGARIO
2592 1834 2954 1876 succensus:
2988 1834 3259 1880 srrscoro.

181 1908 386 1965 nedicti
410 1918 712 1976 servantes,
755 1910 960 1981 absque
995 1912 1404 1982 perturbatione
1446 1910 1617 1967 libere
1656 1910 1769 1966 Deo
2484 1908 2659 1977 (Anno
2696 1908 2847 1982 829.)

188 2001 463 2058 deservire
493 2010 713 2072 queant,
747 2003 1013 2074 nobisque
1043 2019 1252 2059 merces
1274 2003 1471 2059 exinde
1499 2003 1552 2057 in
1579 2017 1773 2073 perpe-
2110 1997 2340 2071 [Baluz.,
2371 1998 2627 2071 Capitul.,
2660 2009 2792 2056 tom.
2821 1999 2864 2056 II
2882 2043 2898 2069 ,
2928 2016 3052 2073 pag.
3080 1999 3232 2076 829.]

185 2106 280 2154 tua
304 2106 746 2168 recompensetur
773 2100 1095 2155 aeternitate.
1128 2098 1195 2153 Et
1225 2107 1283 2153 ut
1308 2098 1424 2154 haec
1449 2097 1769 2163 auctoritas,
1941 2091 2003 2148 In
2041 2096 2261 2152 nomine
2298 2096 2514 2152 Domini
2557 2097 2654 2153 Dei
2693 2105 2748 2154 et
2787 2096 3088 2154 Salvatoris
3128 2099 3299 2155 nostri
3341 2096 3471 2157 Jesu

180 2204 347 2260 quam
371 2190 441 2246 oh
469 2205 711 2247 amorem
752 2190 847 2246 Dei
888 2198 944 2245 et
987 2191 1182 2245 anima:
1227 2198 1426 2246 nostrae
1471 2190 1770 2245 remedium
1870 2186 2106 2254 Christi,
2150 2188 2458 2245 Ludovicus
2502 2197 2558 2247 et
2599 2190 2927 2257 Lotharius,
2969 2190 3151 2247 divina
3185 2190 3473 2248 ordinante

183 2282 497 2348 statuimus,
538 2280 838 2338 ﬁrmiorem
866 2282 1111 2337 obtineat
1138 2283 1404 2354 vigorem,
1431 2292 1485 2337 et
1514 2281 1770 2352 deinceps
1870 2279 2232 2348 providentia,
2266 2281 2625 2352 imperatores
2649 2281 2898 2352 Augusti.

182 2373 500 2430 inconvulsa
549 2374 728 2429 valeat
776 2374 1094 2445 perdurare,
1147 2390 1342 2430 manus
1394 2382 1593 2430 nostra:
1643 2372 1772 2429 sub-
1944 2368 2003 2426 Si
2034 2385 2101 2426 ea
2127 2387 2246 2440 qua:
2274 2371 2461 2429 fideles
2485 2373 2701 2444 imperii
2725 2373 2896 2429 nostri
2931 2387 3037 2445 pro
3061 2388 3249 2431 eorum
3282 2387 3475 2446 oppor-

182 2464 479 2534 scriptione
504 2480 625 2520 eam
657 2466 845 2522 subter
880 2465 1234 2533 firmavimus,
1270 2478 1325 2521 et
1353 2466 1553 2521 annulo
1583 2473 1770 2521 nostro
1871 2462 2198 2519 tunitatibus
2246 2464 2387 2520 inter
2428 2479 2488 2520 se
2534 2466 2993 2522 commutaverint
3036 2465 3242 2523 nostris
3281 2466 3477 2523 confir'

184 2554 412 2627 sigillari
435 2555 717 2625 jussimus.
1871 2568 2084 2611 mamus
2123 2556 2349 2623 edictis,
2393 2557 2733 2628 imperialem
2772 2572 3093 2614 exercemus
3132 2557 3455 2625 consuetudi

256 2648 393 2704 Data
430 2647 609 2704 idibus
642 2647 909 2717 Januarii,
938 2666 1083 2706 anno
1112 2648 1329 2705 Christo
1354 2648 1590 2720 propitio
1613 2655 1770 2704 sexto
1871 2662 2019 2711 nem,
2041 2656 2095 2703 et
2116 2648 2219 2704 hoc
2235 2649 2287 2703 in
2311 2649 2656 2720 postmodum
2671 2646 2796 2717 jure
2821 2648 3135 2705 firmissimo
3158 2662 3471 2705 mansurum

183 2739 397 2798 decimo
420 2741 632 2814 imperii
658 2742 841 2797 domui
871 2742 1131 2799 Ludovici
1158 2740 1491 2797 serenissimi
1514 2737 1768 2812 Augusti,
1871 2754 1994 2795 esse
2030 2740 2299 2796 volumus.
2335 2740 2545 2797 Idcirco
2577 2742 2791 2797 noverit
2830 2741 3075 2811 omnium
3111 2741 3348 2797 fidelium
3380 2755 3477 2796 no-

183 2829 478 2887 indictione
523 2832 772 2902 septima.
805 2832 1003 2888 Actum
1032 2831 1360 2905 Aquisgrani
1390 2830 1590 2903 palatio
1621 2830 1771 2902 regio
1871 2839 2113 2886 strorum
2139 2832 2494 2903 praesentium
2521 2833 2732 2889 scilicet
2767 2840 2823 2888 et
2851 2836 3163 2887 tuturorum
3206 2832 3477 2887 industria

182 2920 242 2978 in
265 2921 364 2981 Dei
390 2924 610 2981 nomine
643 2923 892 2981 feliciter.
920 2925 1116 2981 Amen.
1872 2924 2000 2995 quia
2030 2923 2259 2979 dilectus
2287 2924 2429 2979 filius
2464 2933 2653 2980 noster
2685 2925 2964 2996 Augustus
2996 2923 3292 2979 Lotharius
3321 2923 3479 2979 inno-

868 3015 1094 3073 CXLVI.
1873 3016 1979 3072 tuit
2006 3016 2404 3095 mansuetudini
2437 3024 2639 3072 nostra;
2665 3016 2811 3087 quod
2837 3014 3191 3088 Flodegarius
3224 3014 3476 3087 Andega-

580 3123 682 3165 ιιιιο
717 3124 1054 3166 IONASTERIO
1089 3123 1363 3165 ranrsusr.
1809 3171 1844 3182 _
1875 3110 2060 3166 vensis
2081 3109 2233 3165 urbis
2253 3109 2538 3181 episcopus
2560 3125 2662 3182 pro
2688 3109 2963 3166 communi
2994 3108 3226 3164 utilitate
3250 3119 3305 3163 et
3326 3123 3479 3164 com-

803 3202 977 3273 (Anno
1008 3202 1158 3276 829.)
1800 3171 1847 3235 (ἶ
1878 3201 2076 3272 pendio
2103 3171 2413 3270 nuperrime
2438 3171 2504 3256 de
2530 3171 2855 3271 quihusdam
2882 3199 3170 3269 mancipiis
3191 3213 3315 3254 cum
3341 3214 3479 3270 quo-

182 3291 374 3368 [Apud
413 3292 742 3360 Chesnium,
794 3292 1161 3375 δαψιλεῖ.
1206 3291 1442 3362 Franc.,
1492 3301 1623 3350 tom.
1671 3292 1773 3360 III,
1875 3293 1998 3350 dam
2058 3294 2277 3350 homine
2330 3294 2549 3350 nomine
2602 3293 2941 3351 Winnerado
2995 3294 3478 3350 commutationem

829 3364 954 3451 Ρθξο
983 3364 1143 3457 θδδοξν
1736 3456 1743 3457 ί
1874 3384 2112 3441 fecisset.
2142 3386 2300 3441 Dedit
2330 3385 2495 3457 igitur
2519 3386 2867 3456 prmscriptus
2894 3385 2974 3441 vir
3004 3385 3329 3441 venerabilis
3353 3383 3481 3441 Flo-

253 3458 560 3515 Ludovicus
605 3465 662 3514 et
700 3456 997 3513 Lotharius
1042 3456 1225 3514 divina
1266 3456 1555 3514 ordinante
1594 3456 1777 3527 provi-

1880 3477 2149 3546 degarius,
2178 3456 2584 3548 Andegavensis
2615 3477 2766 3533 urbis
2792 3477 3098 3549 episcopus,
3126 3477 3350 3548 paribus
3377 3492 3479 3534 ste-

180 3551 366 3608 dentia
390 3551 749 3622 imperatores
776 3547 1028 3621 Augusti.
1344 3639 1351 3640 7
1604 3639 1609 3640 γ

1876 3569 2076 3640 pedicti
2120 3547 2441 3625 Winneradi
2491 3570 2557 3625 de
2603 3547 2835 3624 ratione,
2862 3547 3260 3626 ecclesiaaisuaa
3299 3568 3475 3626 sancti

250 3642 387 3700 Cum
415 3640 552 3698 ιοοίε
578 3640 962 3733 δῖνὶιξολουιιιιί
991 3639 1644 3733 φεροίρειιίείιπείείοηῖμε
1670 3653 1772 3695 πο·
1876 3639 2120 3719 Mauricii
2159 3663 2225 3718 de
2258 3661 2385 3718 villa
2424 3670 2735 3733 nuncupata
2768 3662 3201 3727 Chamherliaco,
3239 3662 3294 3716 in
3333 3662 3473 3733 ipsa,

180 3742 313 3792 3m”
346 3748 572 3789 munere
596 3731 875 3803 quidpiam
906 3730 1258 3799 conferimus»
1286 3732 1340 3787 id
1368 3731 1524 3790 “Obis
1558 3731 1627 3786 ad
1658 3738 1772 3787 διδ·
1875 3768 1998 3810 cum
2029 3768 2299 3809 consensu
2331 3752 2526 3817 Bertm,
2558 3730 2679 3822 quae
2708 3752 2880 3822 ipsam
2914 3751 3096 3807 villam
3124 3752 3179 3806 in
3208 3730 3476 3809 beneilcio

181 3824 448 3883 bilitatem
475 3822 687 3895 imperii
718 3824 908 3887 nostri,
935 3832 991 3879 et
1013 3824 1082 3879 ad
1104 3832 1322 3880 aeterna:
1344 3824 1472 3878 vitae
1491 3822 1773 3892 praemium

1875 3848 2077 3904 habere
2097 3848 2334 3911 videtur,
2353 3848 2683 3915 mancipium
2706 3846 2926 3901 nomine
2946 3845 3203 3901 Aredium
3226 3847 3293 3902 ad
3315 3861 3474 3903 suum

182 3916 578 3997 capessendum
605 3913 952 4010 Ρῗοίυωωω
982 3912 1514 4010 liquid?_°fedim“3-
1540 3913 1774 3969 Pmiude
1873 3939 2154 4010 proprium
2185 3938 2514 3993 habendum.
2536 3912 2620 3991 —Et
2653 3952 2685 3992 e
2719 3946 2909 3992 contra
2946 3936 2999 3991 in
3034 3937 3475 4008 compensatione

180 4018 375 4066 ¹¹⁰ῑ¹¹¹¹¹
412 4024 533 4064 esse
572 4008 821 4064 ν⁰¹¹¹¹¹¹¹¹³
859 4008 1103 4064 omnium
1147 4006 1382 4063 ﬁdelium
1427 4017 1768 4071 nos‘mmm'
1874 4006 2033 4099 hujus
2066 4031 2146 4084 rei
2168 4030 2316 4085 dedit
2339 4028 2454 4098 jam
2489 4029 2667 4084 dictus
2686 4027 3054 4083 Winneradus
3073 4006 3330 4097 praedicto
3355 4030 3474 4087 viro

178 4102 534 4176 Pmmium
580 4103 789 4159 θείιίοθί
826 4112 883 4160 εί
924 4103 1250 4171 murorum:
1296 4104 1600 4176 3383mm,
1644 4103 1774 4174 quia
1874 4121 2171 4178 venerabili
2195 4120 2516 4192 Flodegario
2536 4121 2792 4192 episcopo
2819 4120 2886 4175 ad
2906 4127 3117 4192 partem
3141 4122 3475 4192 praescripta:

182 4211 288 4253 ηοξ
312 4211 547 4266 superno
577 4211 763 4251 amore
787 4196 1022 4264 θοεθηείο
1056 4212 1155 4267 PFO
1185 4197 1424 4253 τειηθάίο
1457 4197 1649 4252 “imm
1679 4212 1775 4253 ηο-
1874 4214 2016 4270 villa:
2043 4213 2129 4270 vel
2157 4213 2387 4269 dominae
2423 4210 2630 4278 Bertte,
2662 4227 2784 4284 qua:
2809 4212 2999 4269 eodem
3028 4221 3271 4284 tempore
3299 4213 3474 4285 ipsam

183 4295 316 4345 atra:
346 4287 693 4344 concedimus
729 4288 1007 4358 quoddam’
1035 4289 1480 4345 monasteriolum
1514 4290 1681 4345 situm
1718 4289 1775 4345 in

1877 4303 2061 4359 villam
2105 4304 2162 4358 in
2205 4301 2468 4358 beneflcio
2508 4302 2710 4358 habere
2733 4301 2969 4369 videtur,
2998 4303 3065 4359 de
3106 4303 3329 4374 proprio
3374 4317 3474 4359 suo

184 4380 386 4438 ﬁnibus
408 4381 647 4437 Τθθίίυω
668 4382 783 4437 Si“?
806 4382 1098 4449 νοείῐθηων
1130 4384 1185 4439 in
1212 4383 1333 4441 Ῐοοο
1361 4384 1512 4455 cuius
1539 4384 1776 4439 Vocabu-
1874 4395 2148 4465 mancipia
2180 4394 2287 4450 duo
2315 4393 2402 4449 his
2435 4393 2745 4449 nominibus
2768 4393 3085 4450 Restaldum
3113 4402 3170 4448 et
3199 4393 3475 4449 Ermenal-

182 4472 301 4528 lum
326 4481 413 4530 est
448 4473 686 4538 Lucana,
720 4481 776 4528 et
811 4483 1182 4530 constructum
1213 4475 1269 4529 in
1309 4476 1570 4531 honorem
1598 4475 1770 4530 sancti
1799 4540 1849 4556 ﬁ
1878 4487 2026 4541 dum,
2068 4484 2220 4541 Unde
2256 4492 2310 4539 et
2339 4485 2474 4541 duas
2502 4486 2952 4542 commutationes
2984 4487 3100 4556 pari
3132 4495 3321 4543 ιρηοιιε
3348 4501 3475 4541 con.

186 4564 453 4637 Stephani
496 4568 943 4639 protomartyris,
991 4568 1090 4623 80b
1132 4568 1280 4623 omni
1327 4569 1657 4639 integrilale.
1705 4568 1773 4622 ad
1799 4540 1853 4599 Ι)
1880 4540 3044 4649 scriptasmanibusquebonorumhominum
3060 4579 3474 4637 roboratasillos

181 4659 571 4714 ωοηθειθνίυω
600 4668 846 4715 “omium
869 4668 1071 4715 sane”?
1089 4658 1272 4716 Μθτίεε
1295 4675 1510 4731 semper
1527 4661 1771 4731 Virginis.
1880 4684 1991 4740 prae
2011 4669 2261 4725 manibus
2284 4670 2483 4726 habere
2497 4681 2774 4743 protessus
2794 4681 2898 4728 est.
2923 4671 3030 4728 Sed
3048 4688 3147 4743 pro
3163 4673 3371 4743 integra
3387 4671 3474 4727 llr-

182 4750 333 4821 quod
366 4758 450 4807 est
486 4751 649 4807 situm
684 4752 739 4807 in
777 4767 914 4823 pago
955 4750 1263 4820 Sabinensi,
1303 4755 1394 4809 ubi
1433 4755 1487 4809 in
1519 4755 1773 4825 praesenti
1880 4762 2071 4818 mitate
2107 4764 2264 4832 petiit
2300 4772 2356 4819 ut
2390 4764 2535 4835 ipsas
2562 4766 3013 4821 commutationes
3038 4765 3216 4820 denuo
3247 4780 3347 4836 per
3379 4779 3472 4821 no-

183 4849 431 4913 tempore
466 4841 750 4915 Ingualdus
792 4843 960 4899 abbas
996 4859 1231 4914 praeesse
1267 4844 1617 4915 dignoscitur.
1665 4843 1776 4899 Mo-

1878 4861 2007 4909 strte
2052 4856 2481 4912 mansuetudinis
2514 4865 2840 4928 praeceptum
2883 4857 3095 4928 plenius
3127 4858 3472 4915 confirmare-

183 4933 540 4991 υδειθτίοιυω
567 4950 698 4992 Vero
720 4935 1090 5006 supradictum
1119 4951 1242 4991 cum
1266 4936 1410 4990 οῐηηί
1444 4936 1772 5007 integritate.
1880 4962 2021 5003 mus.
2043 4946 2139 5002 Cui
2168 4947 2416 5018 petitioni
2445 4949 2709 5019 denegare
2734 4948 3035 5016 noluimus;
3066 4950 3160 5006 sed
3187 4950 3327 5006 sicut
3356 4951 3473 5007 uni-

184 5044 315 5086 cum
343 5027 611 5095 ecclesiis,
640 5028 866 5095 cellulis,
896 5028 1209 5094 territoriis,
1240 5028 1500 5093 aedificiis,
1532 5027 1773 5095 familiis,

1878 5038 2072 5107 cuique
2109 5037 2345 5093 fidelium
2384 5049 2695 5095 nostrorum
2729 5040 2875 5111 juste
2912 5043 3232 5113 petentium,
3263 5044 3338 5099 ita
3369 5058 3470 5101 nos

176 5119 328 5190 ius“!
363 5120 781 5191 pertinentibus.
818 5122 982 5188 (δαεῖεν
1020 5120 1411 5187 θωθεεπίείίεν
1457 5120 1771 5185 aldial‘iCiis.
1879 5130 1953 5184 illi
1978 5130 2307 5185 concessisse
2336 5138 2392 5185 et
2412 5131 2766 5188 conﬁrmasse
2787 5132 2842 5187 in
2865 5133 3115 5189 omnibus
3136 5136 3467 5205 cognoscite.

182 5214 562 5279 bouillicariis,
595 5214 931 5280 vaccariciis,
968 5214 1193 5285 Alpibus
1228 5214 1398 5280 Gaiis,
1429 5212 1773 5278 molendinis,
1876 5223 2260 5294 Pmcipientes
2285 5239 2413 5296 ergo
2438 5225 2692 5295 jubemus
2716 5233 2777 5280 ut
2797 5226 3056 5297 quidquid
3087 5242 3214 5297 pars
3233 5227 3380 5299 juste
3412 5236 3469 5285 et

186 5311 363 5382 aquis,
403 5307 741 5373 decursibus,
780 5306 1018 5377 pasclIiS.
1054 5306 1362 5375 Paludibus.
1390 5306 1477 5360 νει
1516 5305 1776 5376 quidquid
1875 5314 2272 5371 rationabiliter
2293 5316 2446 5370 alteri
2477 5316 2706 5372 contulit
2730 5317 2892 5387 parti,
2924 5317 3177 5388 deinceps
3202 5334 3300 5390 per
3325 5319 3469 5374 hanc

180 5406 443 5479 praesenti
481 5414 721 5476 tempore
756 5400 903 5471 iuste
936 5409 992 5456 et
1020 5399 1263 5472 legaliter
1292 5400 1562 5472 pertinere
1589 5400 1776 5472 digno-
1876 5415 2118 5461 nostram
2146 5407 2523 5462 auctoritatem
2567 5406 2687 5475 iure
2722 5407 3036 5464 firmissimo
3078 5417 3259 5465 teneat
3301 5419 3468 5481 atque

182 5500 381 5564 scitur,
426 5506 482 5552 et
519 5496 693 5551 nostri
726 5494 867 5567 juris
909 5502 1069 5564 atque
1095 5491 1455 5563 possessionis
1496 5490 1617 5563 iure
1658 5507 1778 5565 pro-
1875 5498 2176 5568 possideat,
2208 5506 2264 5554 et
2300 5496 2466 5553 faciat
2503 5498 2699 5553 exinde
2731 5498 2991 5569 quidquid
3028 5499 3269 5572 elegerit.
3303 5500 3371 5556 Et
3404 5507 3465 5555 ut

180 5587 435 5661 prietatis
461 5596 563 5652 est,
589 5594 760 5642 totum
787 5594 841 5641 et
866 5585 934 5639 ad
958 5584 1344 5655 integritatem,
1373 5583 1456 5637 vel
1484 5584 1778 5654 inexquisi-
1874 5587 1988 5641 haec
2014 5590 2308 5644 auctoritas
2334 5599 2524 5643 nostra
2554 5589 2763 5644 firmior
2790 5590 3056 5647 habeatur
3074 5602 3129 5646 et
3150 5605 3250 5663 per
3280 5590 3464 5647 futura

183 5690 326 5746 tum,
367 5681 629 5753 prtedicto
656 5680 985 5736 monasterio
1025 5677 1237 5735 Sancta:
1274 5678 1453 5733 Mariae
1488 5679 1773 5744 tradimus,
1873 5686 2118 5748 tempora
2152 5678 2344 5734 melius
2379 5689 2755 5749 conservetur,
2788 5682 2857 5738 de
2890 5683 3090 5739 annulo
3119 5690 3305 5738 nostro
3333 5679 3466 5736 svb-

182 5773 341 5831 et'de
359 5783 546 5832 nostro
565 5772 684 5841 iure
711 5770 766 5830 in
785 5770 876 5843 jus
899 5782 954 5829 et
977 5772 1401 5829 dominationem
1428 5769 1571 5827 illius
1597 5777 1776 5826 trans-
1871 5776 1956 5825 ter
1987 5770 2211 5840 sigillari
2242 5770 2519 5838 iussimus.
