4050 6340
557 296 718 359 ἀίῗο

598 404 613 419 ⁸
639 409 865 481 Signum
893 405 1149 465 Ludovici
1172 403 1508 481 serenissimi
1535 402 1895 475 imperatoris.

638 502 967 576 Meginarius
995 502 1241 558 notarius
1266 501 1336 557 ad
1368 500 1544 556 vicem
1571 497 1859 569 Fridugusi
1885 513 2147 569 recogno-

566 595 647 653 vit
668 604 723 650 et
751 594 1091 665 subscripsit.
1470 620 1473 623 <

638 687 775 742 Data
810 702 865 741 vt
907 686 1288 742 Kalendas.....
1338 700 1483 741 anno
1537 684 1756 743 Christo
1811 684 2043 756 propitio
2081 684 2149 740 15

560 776 779 850 imperii
807 778 1064 835 Ludovici
1094 780 1424 835 serenissimi
1454 780 1797 849 imperatoris
1819 787 1872 835 et
1908 777 2150 836 Lotharii

566 869 620 936 7,
650 869 948 926 indictione
972 869 1026 924 Ἰ.
1068 870 1261 926 Actum
1302 870 1629 944 Aquisgrani
1665 872 1868 944 palatio
1901 872 2052 945 regio
2092 872 2150 928 in

565 964 666 1023 Dei
692 966 911 1023 nomine
934 964 1182 1023 feliciter.
1213 967 1409 1023 Amen.

1219 1060 1492 1117 CXLVIII.

568 1144 670 1188 ΡΒΟ
717 1144 1055 1189 HOMSTEBIO
1101 1147 1147 1188 Β.
1193 1147 1417 1189 ΔΝΒΒΕᾹΞ
1473 1146 1791 1189 ιυιιευεκειε
1824 1149 1879 1190 ια
1918 1147 2149 1190 ιιιαεεεδι

754 1226 759 1229 “
1198 1220 1508 1258 ΗΕιΕΝΕΝδΙ.

1070 1270 1245 1345 (Circa
1275 1289 1471 1345 arnmtm
1499 1272 1650 1345 829.)

558 1337 749 1413 [Apud
773 1339 840 1397 D.
869 1337 1158 1415 anque},
1205 1344 1355 1407 ibid.,
1404 1360 1470 1398 ex
1517 1337 1757 1415 Appeud.
1801 1344 1873 1399 ad
1911 1344 2149 1401 Har-cam

1063 1413 1325 1485 llispan.,
1359 1415 1462 1470 col.
1496 1413 1647 1487 775.]

637 1499 697 1556 In
728 1502 942 1559 nomine
990 1504 1201 1559 Domini
1235 1505 1329 1560 Dei
1365 1514 1421 1560 et
1450 1505 1751 1562 Salvatoris
1794 1508 1970 1562 nostri
2019 1506 2152 1565 Iesu

566 1589 788 1660 Christi,
819 1594 1124 1653 Ludovicus
1154 1598 1336 1654 divina
1372 1598 1655 1655 ordinante
1684 1600 2023 1671 providentia
2047 1602 2150 1657 im-v

564 1692 783 1754 peralor
806 1685 1098 1757 Augustus.

1703 287 2031 347 LUDOVICI
2064 288 2088 347 l
2121 286 2595 349 COGNOMENTO
2625 287 2712 349 ΡῙῙ

2175 410 2230 474 Α
2252 401 2391 457 senti
2432 409 2673 471 tempore
2713 397 3131 470 pertinentibus,
3160 398 3346 470 quiete
3383 398 3574 457 vivere
3600 414 3675 457 ac
3705 402 3851 457 resi-

3704 290 3855 349 σιω

2247 492 2398 559 dere,
2428 501 2483 549 et
2506 507 2605 562 pro
2654 490 2828 555 nobis,
2868 488 3094 562 conjuge
3131 493 3388 561 proleque
3437 502 3631 549 nostra
3674 502 3853 564 atque

2246 601 2347 659 pro
2374 586 2665 641 stabilitate
2696 587 2859 639 totius
2888 583 3102 654 imperii
3140 584 3335 651 nostri,
3358 600 3463 639 una
3484 600 3617 640 cum
3644 600 3851 640 mona-

2248 680 2366 735 chis
2410 696 2596 736 eorum
2623 678 2838 734 Domini
2876 678 3306 735 misericordiam
3336 677 3542 751 jugiter
3579 694 3850 736 exorare.

2247 773 2314 831 Et
2340 774 2769 843 quandocunque
2793 772 2974 829 divina
3001 773 3283 828 vocatione
3304 779 3640 828 memoratus
3670 773 3850 828 abbas

2246 863 2471 935 ejusque
2498 877 2841 919 successores
2866 864 2933 918 de
2956 863 3061 919 hac
3096 863 3215 920 luce
3253 864 3631 935 migraverint,
3668 879 3850 933 quan—

2247 957 2338 1012 diu
2376 956 2518 1010 inter
2545 971 2605 1011 se
2634 954 2769 1011 tales
2791 955 3035 1011 invenire
3065 956 3364 1025 potuerint,
3398 957 3493 1025 qui
3520 971 3620 1012 eos
3648 971 3853 1015 secu-

2247 1047 2374 1102 dum
2420 1046 2662 1117 regulam
2711 1046 2882 1102 sancti
2932 1046 3211 1102 Benedicti
3258 1062 3447 1119 regere
3487 1057 3549 1102 et
3581 1046 3853 1105 ordinare

2244 1138 2480 1203 valeant,
2514 1139 2785 1194 licentiam
2814 1140 3048 1195 habeant
3091 1156 3158 1197 ex
3204 1155 3263 1198 se
3311 1140 3444 1211 ipsis
3476 1139 3729 1213 eligendi
3764 1139 3851 1195 ab-

2245 1244 2416 1290 nates.
2449 1234 2517 1289 Et
2545 1244 2607 1290 ut
2630 1234 2713 1289 hee
2741 1244 2941 1289 nostra:
2978 1235 3319 1290 auctoritatis
3347 1234 3545 1290 litterae
3572 1235 3647 1289 ab
3677 1233 3852 1289 αιιή-

2244 1318 2348 1382 bus
2381 1326 2563 1382 verius
2609 1325 2920 1392 credantur,
2964 1336 3022 1382 et
3068 1326 3378 1395 diligentius
3417 1336 3853 1392 conserventur,

2246 1417 2314 1476 de
2339 1418 2541 1475 annulo
2566 1427 2753 1474 nostro
2782 1419 2969 1474 subter
2993 1434 3087 1474 eas
3110 1418 3466 1490 praecepimus
3491 1418 3741 1491 signari.

2962 1528 3004 1582 Χ
3017 1528 3130 1582 LIX

2962 1528 3004 1582 Χ
3057 1528 3130 1582 IX

2558 1614 2662 1656 rno
2710 1528 3054 1656 κοκιετξιιιὲ
3088 1615 3528 1658 εκειιειιειιειεει.

2856 1692 3033 1765 (Anno
3073 1693 3224 1766 8E9.)

635 1777 834 1832 Notum
857 1793 979 1835 esse
1004 1780 1250 1838 volumus
1274 1783 1486 1840 cunctis
1520 1782 1767 1840 fidelibus
1810 1792 2014 1840 sanctzc
2049 1785 2153 1840 Dei»
2174 1792 2223 1858 Β
2251 1779 2428 1855 [Apud
2466 1781 2806 1852 Grandidier,
2856 1785 3093 1840 Histoire
3129 1788 3193 1858 de
3230 1786 3578 1858 Strasbourg,
3613 1796 3757 1844 tom
3786 1785 3853 1854 ll.

568 1866 828 1925 Ecclesia:
855 1880 912 1925 et
943 1873 1165 1937 nostris,
1197 1875 1551 1943 prmsentihus
1596 1876 1803 1931 scilicet
1835 1886 1891 1931 et
1931 1875 2147 1942 futuris,

564 1959 800 2031 qualiter
825 1964 909 2017 vir
948 1963 1157 2018 illuster
1189 1964 1515 2023 Caucelmus
1543 1983 1728 2023 eomes
1751 1980 1776 2008 α
1810 1969 1878 2023 ad
1904 1978 2148 2023 nostram

563 2055 828 2111 accedens
871 2055 1233 2124 clementiam,
1283 2060 1520 2115 innotuit
1578 2060 1889 2116 celsitudini
1948 2069 2148 2117 nostra:

563 2145 801 2214 qualiter
828 2146 1048 2217 quidam
1073 2149 1259 2214 abbas,
1303 2152 1523 2207 nomine
1569 2151 1726 2217 Miro,
1776 2154 2048 2222 quondam
2092 2153 2150 2207 in

565 2237 843 2293 territorio
869 2238 1171 2296 Helenense
1201 2256 1362 2311 super
1390 2241 1611 2298 ﬂuvium
1640 2244 1900 2300 Tacidum
1927 2246 1980 2300 in
2008 2260 2147 2315 qun-

564 2325 689 2381 dam
733 2328 851 2383 loco
899 2329 954 2384 in
1002 2331 1207 2387 honore
1261 2334 1435 2389 sancti
1485 2334 1715 2391 Andreae
1758 2340 2147 2405 monasterium

562 2416 909 2487 aedificasset,
945 2428 1001 2476 et
1026 2424 1318 2479 monachos
1361 2427 1656 2481 secundum
1703 2428 1945 2499 regulam
1973 2428 2148 2485 sancti

563 2506 842 2565 Benedicti
873 2511 926 2567 in
969 2512 1157 2568 eodem
1188 2518 1514 2572 monasterio
1539 2519 1722 2574 vivere
1749 2521 2148 2589 constituisset,

561 2613 734 2670 eoque
775 2601 938 2658 rebus
967 2603 1218 2661 humanis
1261 2616 1530 2679 exempto,
1564 2608 1845 2680 Sisegutus
1881 2612 2049 2666 abbas
2091 2612 2149 2665 in

558 2705 660 2747 suo
686 2700 741 2747 et
773 2691 895 2749 loco
920 2702 977 2749 et
1010 2694 1312 2751 ministerio
1346 2700 1669 2771 subrogatus
1698 2700 1921 2765 fuisset;
1956 2702 2147 2772 depre-

559 2790 824 2853 catusque
843 2796 927 2841 est
954 2801 1054 2841 nos
1075 2787 1216 2843 idem
1242 2790 1326 2844 vir
1355 2789 1563 2845 illuster
1599 2789 1923 2847 Gaucelmus
1962 2808 2148 2848 comes

560 2883 623 2929 ut
647 2879 962 2947 praedictum
993 2880 1303 2951 Sisegutum
1340 2883 1612 2948 abbatem,
1645 2899 1754 2938 una
1800 2900 1924 2939 cum
1962 2899 2148 2939 mona-

561 2966 681 3021 chis
724 2968 861 3034 suis,
907 2977 961 3024 et
1008 2973 1323 3041 praedictum
1373 2975 1764 3029 monasterium
1815 2991 1970 3030 suum
2020 2990 2146 3031 cum

563 3055 816 3112 omnibus
841 3057 1049 3115 cellulis
1088 3060 1155 3116 ad
1178 3078 1298 3117 eum
1319 3064 1717 3133 pertinentibus
1745 3065 1798 3119 in
1831 3065 2143 3135 supradicto

2919 1874 2971 1929 p.
3007 1855 3153 1930 190.]

2317 1943 2376 1999 In
2396 1946 2611 2001 nomine
2640 1955 2845 2002 sancta:
2875 1957 2929 2002 et
2957 1948 3243 2003 individua:
3279 1947 3589 2014 Trinitatis,
3620 1947 3854 2004 Ludovi-

2247 2050 2345 2092 cus
2385 2037 2567 2092 divina
2593 2036 2806 2093 favente
2832 2039 3005 2109 gratia
3045 2052 3139 2092 rex
3174 2036 3508 2093 Francorum
3538 2050 3600 2094 et
3624 2037 3846 2109 [ﬁngo-

2247 2129 2561 2197 bardorum,
2605 2131 2967 2185 Romanorum
3007 2145 3135 2185 vero
3187 2129 3483 2200 imperator
3533 2130 3843 2201 Augustus.

2322 2222 2375 2277 Si
2393 2239 2519 2293 erga
2533 2223 2651 2278 loca
2669 2223 2865 2278 divinis
2881 2223 3114 2278 cultibus
3134 2224 3438 2292 mancipata
3455 2234 3692 2293 propter
3704 2237 3849 2277 amo-

2245 2326 2363 2370 rem
2382 2315 2498 2381 Dci,
2514 2316 2721 2386 ipsique
2742 2315 2795 2370 in
2813 2316 3015 2371 eisdem
3027 2315 3159 2371 locis
3172 2314 3563 2370 famulantibus
3577 2314 3848 2370 beneﬁcia

2248 2416 2548 2476 opportuna
2565 2407 2844 2478 largimur,
2860 2407 3139 2478 praemium
3155 2408 3308 2462 nobis
3326 2406 3467 2477 apud
3489 2406 3670 2462 Deum
3690 2417 3846 2461 aeter-

2246 2517 2328 2556 nae
2348 2501 2799 2557 remunerationis
2813 2501 3030 2570 rependi
3050 2517 3154 2555 non
3183 2498 3493 2555 difﬁdimus.
3518 2500 3741 2555 idcirco
3760 2514 3847 2554 no-

2247 2593 2389 2648 verit
2426 2594 2668 2647 omnium
2708 2591 2947 2647 fidelium
2984 2600 3293 2647 nostrorum
3336 2598 3445 2646 tam
3488 2591 3851 2661 przesentinm

2248 2698 2409 2752 quam
2432 2682 2735 2738 futurorum
2766 2683 3051 2748 industria,
3084 2681 3208 2752 quia
3228 2681 3559 2737 venerabilis
3587 2681 3631 2737 Τ
3639 2680 3853 2751 ὶιωριι-

2247 2778 2366 2841 dus,
2397 2775 2562 2831 abbas
2603 2776 2917 2831 monasterii
2959 2776 3102 2847 quod
3134 2784 3476 2844 nuncupatur
3514 2773 3853 2829 Novientum

2247 2869 2359 2923 sive
2381 2868 2721 2933 Ebcrsheim,
2742 2867 2883 2937 qUod
2904 2877 2982 2921 est
3012 2866 3174 2920 situm
3200 2865 3252 2918 in
3276 2880 3414 2937 pago
3437 2864 3665 2920 Alsatize
3688 2880 3854 2936 supra

2244 2958 2393 3015 Illam
2414 2958 2609 3015 fiumen
2638 2961 2690 3014 in
2714 2954 2972 3014 comitatu
3008 2953 3303 3022 Kircheim,
3339 2956 3488 3026 quod
3526 2957 3619 3009 vir
3640 2955 3853 3009 illuster

2247 3050 2443 3105 Ethich
2489 3052 2592 3105 dux
2625 3051 2680 3105 in
2708 3050 2968 3106 honorem
3004 3051 3217 3105 Domini
3260 3050 3432 3104 nostri
3462 3046 3598 3102 Jesu
3648 3047 3853 3102 Christi

557 3161 698 3218 pago
736 3147 1055 3216 Helenense,
1104 3168 1263 3207 unam
1305 3154 1558 3209 videlicet
1606 3156 1660 3211 in
1708 3157 1915 3213 honore
1962 3158 2137 3213 sancti

2247 3150 2295 3197 et
2343 3151 2653 3197 sanctorum
2705 3142 3068 3213 apostolorum
3116 3141 3264 3197 Petri
3311 3149 3367 3196 et
3416 3137 3600 3205 Pauli,
3652 3139 3853 3195 sancti-

560 3224 779 3296 Martini
806 3243 985 3310 sitam,
1026 3244 1080 3298 in
1105 3262 1210 3316 qua
1232 3247 1486 3317 primitus
1513 3248 1654 3303 idem
1683 3250 1851 3305 abbas
1880 3265 2004 3305 cum
2028 3266 2145 3306 mo-

558 3333 752 3389 nachis
779 3334 1026 3391 habitare
1055 3338 1239 3408 erepit,
1288 3338 1571 3410 ipsamque
1616 3341 1809 3396 vallem
1844 3358 1965 3397 cum
2002 3357 2145 3411 pra:-

559 3414 672 3476 fata
700 3422 891 3477 cellula
921 3435 977 3479 et
1003 3441 1126 3480 cum
1158 3429 1304 3481 omni
1349 3430 1658 3501 integritate
1686 3448 1784 3486 sua
1815 3433 2145 3488 concedere-

559 3526 706 3579 mus,
759 3530 965 3570 necnon
1016 3524 1073 3572 et
1116 3516 1279 3572 aliam
1326 3520 1573 3575 cellulam
1622 3523 1677 3576 in
1726 3522 2147 3597 honore‘sancti

559 3600 833 3662 Vincentii
871 3618 1261 3677 constructam,
1293 3626 1389 3667 seu
1438 3621 1493 3667 et
1545 3613 1733 3668 villare
1762 3616 1907 3684 quod
1947 3616 2146 3673 dicitur

560 3698 890 3770 Garrericis,
938 3718 1061 3759 cum
1107 3701 1241 3774 ipsis
1289 3703 1565 3762 fiscalibus
1605 3707 1793 3771 terris,
1841 3708 1925 3764 vel
1979 3710 2146 3765 etiam

561 3809 685 3851 cum
718 3796 881 3852 rebus
924 3794 1010 3852 vel
1053 3797 1401 3868 adjacentiis,
1435 3815 1570 3870 quas
1610 3802 1867 3872 praesenti
1904 3809 2148 3873 tempore

557 3884 616 3944 in
642 3888 915 3957 praedictis
942 3888 1074 3945 locis
1107 3889 1253 3960 juste
1280 3900 1334 3948 et
1371 3890 1613 3964 lcgaliter
1660 3903 1845 3950 tenere
1887 3902 1943 3950 et
1973 3896 2148 3964 possi—

560 3978 690 4035 dere
723 3980 991 4045 videntur,
1026 3981 1079 4036 in
1107 3991 1289 4037 nostra
1324 3982 1664 4054 elecmosyna
1711 3985 1810 4041 sub
1838 3986 2063 4041 tuitione
2091 3993 2149 4041 et

560 4072 877 4131 defensione
914 4085 1097 4130 nostra
1149 4078 1447 4132 consistere
1503 4076 1842 4145 fecissemus,
1888 4080 2146 4149 quemad-

557 4167 779 4223 modum
800 4165 905 4221 alia
929 4170 1254 4224 monasteria
1268 4168 1407 4224 infra
1431 4167 1825 4241 Septimaniam
1847 4172 2145 4228 consistere

555 4257 826 4313 videntur.
866 4255 1030 4326 Cujus
1076 4259 1442 4330 deprecationi
1494 4277 1774 4318 assensum
1816 4264 2147 4333 praebentes,

559 4346 635 4405 ita
670 4365 768 4405 nos
801 4349 995 4406 fecisse
1037 4352 1280 4409 omnium
1327 4353 1565 4410 ﬁdelium
1608 4364 1916 4411 nostrorum
1948 4370 2145 4424 cogno-

558 4448 678 4497 scat
721 4440 1007 4498 industria.
1053 4440 1348 4514 Propterea
1398 4447 1497 4501 has
1546 4454 1751 4503 nostra:
1798 4448 2142 4503 auctoritatis

2245 3250 2352 3304 que
2406 3233 2649 3289 Mauricii
2703 3236 3080 3305 sociorumque
3125 3231 3240 3303 ejus
3297 3234 3655 3299 construxit,
3715 3248 3853 3305 pm

2247 3329 2478 3383 sentavit
2506 3329 2660 3384 nobis
2701 3330 3101 3386 immunitatem
3127 3338 3183 3385 et
3216 3326 3500 3400 privilegia
3546 3326 3741 3382 damni
3796 3331 3849 3378 et

2246 3421 2511 3489 genitoris
2532 3421 2701 3476 nostri
2720 3420 2899 3477 Caroli
2921 3422 3075 3478 bona:
3108 3422 3383 3477 memoria:
3405 3419 3671 3490 Augusti.
3712 3417 3841 3487 Qu:

2247 3524 2373 3564 cum
2400 3511 2634 3579 perlecta
2659 3510 2712 3564 in
2742 3512 3014 3566 audientia
3042 3513 3345 3584 principum
3377 3510 3643 3577 fuissent,
3667 3512 3839 3566 conti-

2248 3617 2377 3658 nere
2403 3603 2724 3658 videbantur
2747 3605 2889 3675 quod
2904 3604 3045 3661 idem
3064 3606 3273 3673 genitor
3283 3613 3497 3671 noster,
3512 3604 3588 3660 ob
3603 3618 3843 3659 amorem

2247 3697 2401 3767 regni
2450 3697 2706 3761 caelestis,
2761 3698 3077 3770 specialiter
3128 3706 3311 3754 tamen
3354 3699 3426 3753 ob
3474 3696 3846 3753 reverentiam

2248 3786 2603 3845 Thebaeorum
2621 3797 2941 3862 martyrum,
2964 3791 3284 3862 praedictum
3308 3791 3713 3847 monasterium
3730 3806 3841 3860 spe-

2246 3879 2371 3935 ciali
2397 3881 2631 3951 quodam
2657 3879 2852 3937 affectu
2876 3884 2977 3937 sub
2997 3882 3313 3952 plenissima
3341 3880 3671 3937 defensione
3703 3880 3844 3952 regis

2246 3972 2607 4030 immunitatis
2635 3990 2851 4046 semper
2872 3983 3077 4031 tutatus
3105 3976 3195 4031 sit.
3236 3974 3581 4044 Quapropter
3628 3972 3844 4044 rogavit

2245 4080 2347 4122 nos
2360 4065 2501 4121 idem
2522 4066 2811 4135 przedictus
2820 4067 2991 4123 abbas
3003 4082 3127 4123 cum
3142 4066 3341 4123 domno
3358 4064 3842 4122 V'uifhaldoadvo-

2245 4167 2368 4216 eato
2384 4173 2500 4223 suo,
2528 4166 2587 4212 ut
2620 4168 2906 4229 paternum
2918 4174 3128 4215 morem
3141 4158 3633 4230 sequentesipsurn
3650 4172 3845 4229 supra-

2244 4252 2375 4308 dicti
2395 4252 2626 4308 comobii
2649 4251 2829 4309 locum
2842 4260 2897 4308 et
2910 4237 3081 4323 ipsius
3093 4253 3393 4324 pracipuas
3410 4258 3600 4307 curtes
3624 4251 3685 4307 in
3702 4259 3843 4306 tute-

2245 4343 2353 4400 lam
2402 4353 2605 4399 nostraa
2656 4345 2955 4415 imperialis
3010 4345 3361 4413 defensionis,
3416 4342 3648 4399 exclusa
3696 4342 3845 4398 omni

2245 4437 2505 4495 comitiali
2533 4452 2629 4492 seu
2654 4437 2824 4493 tiscali
2846 4446 3134 4512 potestate,
3174 4440 3561 4511 reciperemns.
3581 4435 3702 4493 Nos
3714 4450 3845 4508 ergo

557 4530 766 4589 litteras
794 4532 1064 4589 firmitatis
1091 4536 1261 4608 gratia
1289 4536 1406 4591 ﬁeri
1427 4546 1484 4592 et
1510 4538 1561 4593 ei
1587 4539 1702 4593 dari
1722 4538 2014 4608 jussimus;
2044 4555 2142 4611 per
2165 4531 2220 4592 D
2244 4529 2512 4599 majorum
2562 4539 2874 4586 nostrorum
2901 4531 3150 4602 exemplo
3198 4532 3503 4602 provocati,
3563 4528 3843 4599 simulque

560 4643 695 4697 quas
727 4625 1070 4698 praecipimus
1099 4636 1261 4699 atque
1282 4630 1539 4699 jubemus
1569 4638 1628 4686 ut
1651 4630 1830 4685 nullus
1850 4631 2017 4702 jndex
2044 4647 2143 4701 pu-

557 4718 751 4786 blicus,
784 4727 877 4773 aut
898 4718 1154 4790 quislibet
1185 4736 1252 4774 ex
1276 4721 1563 4793 judiciaria
1592 4717 1861 4792 potestate
1886 4725 1938 4777 in
1966 4724 2143 4780 eccle-

554 4812 667 4869 sias
695 4819 789 4866 aut
826 4810 945 4866 loca
992 4811 1075 4866 vel
1115 4826 1292 4883 agros,
1344 4828 1438 4868 seu
1490 4812 1727 4883 reliquas
1770 4815 2141 4884 possessiones

555 4904 795 4977 praedicti
825 4902 1160 4968 monasterii,
1195 4911 1251 4958 et
1285 4903 1509 4959 cellulas
1533 4903 1782 4974 superius
1808 4905 2138 4972 nominatas,

555 4996 642 5053 vel
669 5014 786 5067 quae
819 4997 1073 5068 deinceps
1120 4996 1175 5051 in
1210 4994 1335 5066 jure
1376 4997 1546 5068 ipsius
1590 4996 1695 5052 loci
1745 4997 1923 5054 divina
1964 4997 2141 5068 pie:as

555 5092 740 5160 augeri
757 5091 1005 5158 voluerit,
1022 5090 1310 5163 judiciario
1331 5106 1483 5147 more
1508 5091 1577 5147 ad
1598 5106 1791 5147 causas
1818 5092 2136 5157 audiendas,

554 5181 642 5239 vel
667 5181 814 5238 freda
843 5184 1124 5256 exigenda,
1173 5190 1262 5239 aut
1310 5184 1619 5239 mansiones
1664 5183 1748 5238 vel
1774 5192 2014 5255 paratas,
2047 5190 2143 5239 aut

554 5270 695 5328 ullas
725 5275 1111 5331 redhibitiones
1137 5274 1221 5331 vel
1261 5276 1478 5332 illicitas
1505 5276 1823 5331 occasiones
1860 5276 2142 5346 requiren-

555 5367 654 5424 das
682 5365 891 5435 ingredi
919 5370 1130 5438 audeat,
1160 5369 1245 5425 vel
1272 5386 1334 5426 ea
1357 5386 1478 5441 qua:
1498 5385 1661 5441 supra
1689 5376 1987 5425 memorata
2013 5376 2142 5428 sunt

553 5460 772 5532 exigere
805 5472 1130 5530 prtesumat:
1163 5464 1257 5520 sed
1285 5464 1446 5520 liceat
1477 5465 1735 5535 prmdicto
1781 5464 1961 5520 abbati
1990 5462 2137 5533 ejus-

454 5562 463 5571 '
552 5569 661 5628 que
702 5557 1124 5624 successoribus,
1162 5558 1366 5629 absque
1406 5558 1572 5613 ullius
1622 5558 1820 5629 injusta
1869 5558 2141 5628 inquietu-

553 5644 701 5711 dine,
727 5660 851 5701 cum
874 5647 1123 5702 omnibus
1139 5650 1300 5704 rebus
1325 5650 1392 5704 ad
1413 5665 1473 5704 se
1491 5650 1637 5720 juste
1657 5658 1711 5703 et
1737 5648 1980 5721 legaliter
2004 5665 2138 5719 prae.

624 5740 1007 5814 {Gaucelmus
1056 5745 1479 5803 Ruscinonensis
1522 5764 1723 5814 comes,
1775 5748 1916 5804 tilius
1953 5746 2127 5803 sancti

542 5809 833 5887 ,Willebni,
876 5814 1050 5875 frater
1073 5815 1353 5889 ,Βετωῶ
1379 5809 1726 5890 Septimaniae
1767 5817 1943 5891 ducis,
1974 5816 2141 5903 jussu-

2247 4621 2416 4693 ipsius
2436 4623 2611 4679 sancti
2638 4622 2743 4679 loci
2774 4623 2995 4679 utilitati
3018 4633 3074 4679 et
3093 4632 3292 4679 nostrae
3334 4623 3500 4679 saluti
3545 4621 3843 4693 providen-

2246 4722 2330 4769 tes
2355 4715 2603 4785 petitioni
2636 4716 2690 4769 in
2722 4714 2974 4770 omnibus
3016 4731 3258 4771 annuere
3286 4716 3660 4771 decrevimus.
3695 4713 3841 4768 Pra-

2245 4804 2506 4874 cipientes
2535 4806 2720 4876 itaque
2759 4806 3027 4877 imperiali
3078 4806 3405 4861 auctoritate
3447 4806 3741 4876 jubemus,
3784 4812 3841 4859 ut

2245 4896 2424 4951 nullus
2453 4897 2622 4968 judex
2651 4899 2919 4969 publicus,
2947 4898 3092 4955 nulla
3111 4898 3400 4969 judiciaria
3439 4907 3714 4968 potestas,
3744 4913 3838 4953 no-

2245 4988 2374 5043 stris
2396 4988 2660 5045 etfuturis
2678 4992 3010 5063 temporibus
3026 4996 3203 5062 ipsum
3225 5007 3388 5064 supra
3404 4992 3619 5047 dictum
3658 4991 3837 5046 locum

2242 5080 2329 5136 vel
2349 5091 2530 5138 curtes
2560 5085 2732 5155 ipsius
2768 5086 3096 5156 potestative
3137 5086 3347 5158 ingredi
3371 5095 3698 5156 praesumat,
3736 5097 3835 5139 nec

2242 5182 2462 5249 paratas
2489 5185 2583 5234 aut
2632 5179 2943 5235 mansiones
2986 5179 3062 5235 ibi
3104 5177 3289 5245 faciat,
3337 5194 3443 5235 nec
3498 5192 3833 5249 quemquam

2243 5270 2523 5327 hominum
2549 5273 2905 5344 constringat,
2946 5288 3049 5329 nec
3092 5273 3387 5345 quidquam
3430 5272 3487 5327 in
3534 5272 3664 5344 jure
3714 5271 3837 5327 ﬁsci

2242 5365 2414 5420 nostri
2442 5364 2575 5418 inibi
2598 5365 2860 5434 requirat,
2886 5364 2981 5420 sed
3014 5364 3307 5434 prmdietus
3351 5363 3527 5420 abbas
3564 5361 3835 5433 Τιθοραι-

2246 5455 2347 5511 dus
2375 5464 2428 5509 et
2453 5471 2643 5510 omnes
2670 5471 3018 5512 successores
3042 5455 3159 5526 ejus
3204 5457 3348 5527 ipsas
3374 5463 3563 5511 curtes
3600 5470 3674 5511 ex
3730 5456 3835 5512 hoc

2239 5556 2297 5603 et
2315 5549 2568 5619 deinceps
2593 5551 2920 5618 potestative
2943 5558 2998 5605 et
3020 5550 3255 5606 totaliter
3279 5565 3402 5605 cum
3431 5550 3583 5605 omni
3628 5549 3833 5605 immn-

2238 5644 2411 5699 nitate
2434 5660 2529 5699 sua
2552 5641 2881 5714 possideant.
2899 5642 3011 5699 Hoc
3047 5650 3150 5707 est,
3171 5643 3222 5697 in
3250 5642 3569 5698 lliltesbeim
3586 5642 3638 5708 δ,
3657 5642 3831 5699 αιτὼ

2235 5743 2481 5823 ιο).ῂῇτῇ
2506 5742 2849 5823 imperatoris
2872 5754 3014 5798 anno
3037 5738 3143 5798 854
3167 5740 3343 5823 Capite
3366 5740 3563 5813 plexus
3584 5747 3697 5797 εδι.

2284 5896 2285 5899 η
2308 5817 2337 5858 ιι
2349 5813 2520 5873 Hodie
2543 5811 2852 5871 Hiltalzeim.
