4050 6340
169 352 318 414 1181

1320 352 1716 413 ωιοΜΑΤΑ
1753 328 2310 411 secessusnca.

3300 356 3440 413 “83

171 464 457 523 dominica
481 478 606 522 cum
645 464 901 523 omnibus
941 463 1285 537 pertinentiis
1329 466 1477 533 suis,
1541 468 1756 523 bannus
1780 466 2126 535 Aquatenus
2147 464 2342 520 fratres
2377 462 2511 520 inibi
2537 462 2769 522 Domino
2794 468 3093 526 servientes
3111 483 3211 540 pro
3265 468 3441 525 salute

171 556 447 623 totaliter,
497 555 726 611 ecclesia
772 571 895 612 cum
929 556 1154 612 decimis
1203 556 1318 612 suis
1368 574 1382 610 :
1438 558 1762 613 retinuimus

169 650 349 706 etiam
376 649 532 705 nobis
548 657 604 704 et
617 647 891 718 judicibns
910 650 1109 705 nostris
1133 648 1188 703 in
1208 649 1324 719 ipsa
1338 649 1464 705 villa
1482 649 1763 705 dimidium

168 755 460 807 mansum,
492 756 563 797 ne
602 741 895 811 quidquam
944 740 1314 810 impedimenti
1347 741 1525 811 ipsum
1579 755 1764 797 caeno-

169 827 334 887 hium
352 830 407 885 in
429 838 583 885 curte
594 844 690 885 sua
704 830 965 885 sustineat
979 846 993 895 ;
1005 828 1295 898 judiciaria
1308 845 1436 886 vero
1446 838 1684 902 potestas
1697 832 1763 886 ad

172 923 435 978 abbatem
469 930 526 978 et
552 921 620 977 ad
641 920 851 991 jndices
865 937 993 978 suos
1025 924 1349 993 potestative
1388 924 1679 994 pertineat.
1705 924 1767 980 ln

170 1010 568 1068 Wittensbeim
582 1012 815 1077 I,curtis
834 1011 1103 1068 dominica
1116 1028 1235 1068 cum
1273 1013 1634 1083 pertinentiis,
1670 1028 1764 1069 ec-

171 1103 347 1160 clesia
359 1120 484 1159 cum
498 1104 720 1160 decimis
733 1106 863 1170 suis,
881 1105 1174 1161 retinentes
1197 1106 1348 1161 nobis
1366 1115 1616 1176 quartam
1640 1122 1768 1177 par-

172 1200 292 1249 tem
306 1196 498 1252 mansi.
515 1210 580 1252 eo
594 1206 781 1252 tenore
794 1213 901 1267 quo
914 1212 1096 1267 supra.
1112 1198 1169 1254 ln
1185 1196 1550 1254 Gruzenbeim
1563 1200 1614 1266 ι),
1642 1215 1766 1256 cur-

174 1286 253 1342 tis
281 1287 551 1343 dominica
578 1304 700 1344 eum
718 1290 970 1344 omnibus
992 1291 1337 1360 pertinentiis
1360 1292 1497 1357 suis,
1536 1292 1768 1347 ecclesia

174 1392 303 1433 cum
328 1378 551 1434 decimis
571 1380 702 1443 suis,
728 1388 838 1434 tres
850 1391 1031 1450 partes
1056 1382 1216 1437 banni
1246 1380 1660 1450 eumjudiciaria
1674 1399 1771 1454 p0!

175 1477 407 1536 testate;
437 1472 594 1527 nobis
622 1488 753 1528 vero
799 1481 854 1529 et
879 1474 1154 1544 judicibus
1181 1476 1405 1541 nostris,
1450 1492 1519 1532 ne
1565 1477 1775 1549 aliquot

175 1561 627 1631 impedimentum
656 1606 671 1631 ,
736 1576 797 1622 ut
841 1581 1003 1637 supra
1036 1567 1327 1632 diximus,.
1359 1568 1663 1624 emnohium
1710 1568 1767 1624 in

174 1666 278 1708 sua
304 1661 457 1709 curte
491 1656 779 1721 sustineat,
827 1673 993 1713 unum
1022 1662 1274 1714 mansum
1328 1661 1670 1717 retinuimus.
1708 1662 1764 1716 lr

172 1741 576 1815 Artolvesheim
602 1759 652 1813 ε,
675 1749 849 1805 curtis
874 1750 1145 1807 dominica
1174 1767 1297 1807 cum
1331 1753 1587 1808 omnibus
1643 1769 1765 1825 per-

176 1832 426 1889 tinentiis
472 1837 606 1903 suis,
635 1837 847 1894 bannus
893 1841 1150 1906 totaliter,
1184 1842 1413 1897 ecclesia
1460 1860 1584 1898 cum
1613 1823 1763 1899 deci-
1792 1843 1845 1906 Β
1888 1823 1893 1828 ι

175 1922 285 1979 mis
305 1925 438 1980 suis.
462 1926 518 1981 ln
547 1926 919 1986 Muttersholtz
952 1930 1005 1998 ἀ,
1027 1933 1200 1988 curtis
1216 1933 1486 1990 dominica
1504 1950 1625 1989 cum
1649 1951 1767 1991 om-

176 2010 339 2069 nibus
363 2016 710 2086 pertinentiis
736 2021 870 2085 suis,
921 2021 1156 2077 ecclesia
1206 2038 1328 2079 cum
1356 2024 1586 2080 decimis
1628 2026 1762 2082 suis.

175 2100 239 2158 In
266 2102 619 2163 Svabesheim
679 2149 694 2177 ,
727 2112 899 2184 curtis
928 2112 1201 2170 dominica
1226 2131 1348 2170 cum
1363 2117 1617 2173 omnibus
1642 2134 1766 2189 per—

177 2195 425 2253 tinentiis
453 2199 587 2255 suis.
620 2201 859 2258 Ecclesia
885 2205 940 2258 in
964 2203 1366 2262 Nivratesheim
1394 2207 1413 2246 ῐ
1467 2225 1590 2265 cum
1620 2211 1766 2265 deci-

175 2290 287 2347 mis
312 2292 444 2348 suis.
472 2294 529 2349 ln
558 2293 945 2353 Beckenshcim
976 2299 1023 2361 ε,
1054 2299 1226 2355 curtis
1240 2299 1529 2356 dominica.
1559 2302 1617 2357 In
1630 2302 1768 2357 Wil-

176 2397 242 2440 re
266 2384 318 2450 δ,
342 2386 511 2443 curtis
535 2385 833 2454 dominica,
883 2389 1113 2445 ecclesia
1140 2407 1265 2446 cum
1297 2391 1523 2448 decimis
1546 2394 1679 2449 suis.
1706 2393 1765 2448 In

175 2472 526 2533 Binrenheim
560 2480 575 2519 ί
615 2480 788 2537 curtis
814 2482 1086 2538 dominica
1113 2498 1237 2538 cum
1292 2482 1473 2538 hanno
1498 2484 1668 2553 ipsius
1688 2485 1770 2539 al-

177 2565 332 2634 lodii,
370 2570 604 2627 ecclesia
634 2589 759 2629 cum
813 2575 1040 2630 decimis
1088 2575 1219 2631 suis.
1270 2575 1329 2630 In
1380 2576 1757 2648 Kagenbeiml

178 2662 353 2719 curtis
380 2663 672 2721 dominica.
699 2666 757 2721 ln
808 2666 1126 2724 Eberslieim
1158 2670 1207 2735 κ.
1257 2669 1427 2725 curtis
1471 2671 1763 2726 dominica.

176 2749 240 2807 ln
280 2750 568 2810 Utenheim
606 2754 651 2821 1,
691 2758 865 2814 curtis
894 2758 1186 2825 dominica,
1216 2760 1450 2815 ecclesia
1504 2776 1628 2815 cum
1674 2762 1766 2818 de-

176 2842 335 2899 cimis
360 2846 491 2900 suis.
515 2846 576 2901 ln
607 2848 774 2904 Valva
795 2861 859 2913 ω,
878 2851 1051 2905 curtis
1078 2851 1368 2906 dominica.
1414 2851 1598 2924 Itaque
1628 2869 1767 2924 pnn-

177 2932 357 2992 dictus
381 2934 726 3010 Theopaldus
753 2941 922 2997 abbas
947 2950 1002 2998 et
1030 2958 1221 2999 omnes
1232 2959 1576 3001 successores
1592 2946 1766 3015 ipsius

174 3024 279 3081 has
301 3028 593 3097 prmdictas
638 3042 823 3089 curtcs
882 3034 1089 3105 absque
1144 3035 1253 3089 ulla
1312 3036 1762 3106 contradictione,

173 3132 272 3173 seu
299 3120 671 3190 convulsione,
707 3124 791 3180 vel
813 3125 1171 3183 diminutione
1194 3126 1424 3197 alicujus
1460 3127 1765 3197 iudiciariae

1863 565 2055 611 nostra
2085 571 2150 611 ac
2183 571 2282 627 pro
2305 563 2447 611 statu
2476 557 2686 628 imperii
2722 559 2897 614 nostri
2926 558 3263 631 frequentius
3313 577 3441 617 exo-

1863 657 2006 704 rent.
2030 648 2096 703 Et
2123 656 2180 703 ut
2223 649 2339 704 hzec
2359 659 2547 704 nostra
2574 650 2871 721 imperialis
2914 656 3212 710 auctoritas
3242 656 3443 713 nostris

1864 745 1920 793 et
1947 736 2142 793 futuris
2158 740 2494 808 temporibus
2516 741 2727 797 stabilis
2761 752 2816 798 et
2840 743 3177 809 inconvulsa,
3223 746 3442 803 Christo

1864 827 2151 900 largiente,
2192 842 2532 901 permaneat,
2559 850 2723 889 manu
2752 837 2972 906 propria
2993 836 3346 910 signavimus,
3387 847 3444 898 et

1864 918 2026 992 sigilli
2056 922 2226 976 nostri
2250 922 2602 992 impressione
2626 924 2998 996 sigillavimus.

1936 1009 2071 1064 Data
2094 1008 2217 1066 ldus
2240 1010 2408 1079 Junii,
2432 1030 2573 1069 anno
2595 1014 2889 1073 Dominica:
2914 1017 3302 1075 incarnationis
3315 1019 3444 1089 8‘29,

1866 1103 2159 1160 indictione
2184 1106 2437 1176 septima,
2461 1122 2633 1164 anno.
2651 1149 2666 1164 .
2688 1150 2735 1181 ,ρ
2761 1148 2776 1164 .
2794 1151 2808 1164 .
2863 1111 3014 1181 regni
3045 1112 3226 1168 domui
3250 1154 3253 1157 -
3273 1112 3445 1169 Ludo—

1865 1197 1970 1252 vici
2002 1199 2332 1254 serenissimi
2348 1203 2507 1272 regis.
2525 1179 2729 1257 Actum
2746 1203 2801 1258 in
2825 1202 3187 1259 Foracheimn
3226 1206 3449 1264 incurte

1867 1288 2056 1360 regali,
2091 1288 2145 1342 in
2174 1287 2376 1345 Christi
2406 1292 2624 1347 nomine
2650 1292 2899 1359 feliciter,
2930 1294 3122 1350 Amen.

1941 1380 2165 1452 Signum
2195 1383 2396 1437 domini
2433 1382 2692 1439 Ludovici
2725 1387 3057 1442 serenissimi
3078 1388 3236 1459 regis.
3258 1386 3451 1443 Alber—

1868 1481 1957 1530 tus
1984 1474 2341 1532 cancellarius
2364 1477 2433 1533 ad
2462 1477 2637 1533 vicem
2659 1479 2961 1536 Diotlnnari
2984 1480 3401 1553 archicapcllani
3423 1488 3449 1518 °

1871 1580 2179 1635 rccognovn.

2602 1650 2707 1711 CL.

1974 1761 2074 1802 rso
2108 1748 2446 1803 noivasrsmo
2476 1763 2801 1803 csarucnssr
2832 1740 2966 1805 εινέ
2992 1765 3038 1807 s.
3083 1767 3342 1808 arcuum.

2487 1838 2657 1912 (Anno
2686 1838 2835 1912 850.)

1868 1925 2045 2001 [Apud
2073 1926 2140 1983 D.
2172 1928 2342 2000 Bouq.
2373 1928 2503 1985 ibid.
2549 1948 2674 2004 pag.
2707 1932 2830 1999 562,
2872 1951 2935 1989 ex
2960 1932 3193 1992 Acherio
3218 1944 3349 1994 tom.
3379 1935 3448 1994 IV

2395 2019 2606 2093 Spicil.,
2621 2038 2745 2095 pag.
2774 2022 2924 2098 478.]

1934 2108 1995 2165 In
2030 2110 2246 2169 nomine
2290 2110 2508 2169 Domini
2536 2112 2677 2189 [Dei]
2704 2126 2758 2171 et
2787 2115 3083 2175 Salvatoris
3109 2122 3279 2176 nostri
3326 2120 3455 2179 Jesu

1864 2202 2091 2269 Christi,
2118 2202 2427 2262 Ludovicus
2449 2207 2629 2263 divina
2658 2210 2943 2267 ordinante
2985 2213 3325 2282 providentia
3355 2215 3455 2270 im-

1863 2306 2083 2367 perator
2102 2294 2395 2367 Augustus.

1937 2386 2132 2442 Notum
2159 2405 2278 2444 esse
2302 2388 2550 2446 volumus
2578 2392 2790 2447 cunctis
2822 2391 3069 2450 fidelibus
3115 2402 3319 2451 sancta:
3357 2395 3455 2451 Dei

1863 2477 2119 2534 Ecclesiae
2149 2488 2204 2534 et
2233 2480 2459 2548 nostris,
2496 2484 2856 2551 praesentibus
2884 2485 3091 2541 scilicet
3120 2494 3176 2541 et
3219 2485 3414 2542 futuris
3437 2527 3457 2555 ,

1864 2571 1991 2642 quia
2018 2574 2144 2627 dum
2174 2587 2273 2627 nos
2301 2572 2565 2629 orationis
2608 2588 2773 2629 causa
2821 2575 2875 2629 in
2919 2577 3219 2632 beatissimi
3248 2578 3453 2634 confes-

1863 2663 2214 2718 soristristi
2234 2663 2478 2718 Richarii
2500 2664 2777 2721 basilicam
2794 2667 3189 2734 adveniremus,
3204 2669 3453 2724 adierunt

1864 2755 2243 2811 celsitudinem
2271 2764 2515 2812 nostram
2532 2759 2783 2814 monachi
2808 2774 2875 2814 ex
2896 2761 3223 2816 monasterio
3243 2759 3457 2827 eodem,

1865 2849 2220 2918 deprecantes
2249 2859 2307 2904 ut
2327 2866 2490 2920 super
2524 2852 2685 2906 rebus
2729 2866 2864 2921 quas
2910 2853 3170 2909 moderno
3215 2861 3454 2923 tempore

1863 2937 1920 2992 in
1946 2938 2273 3008 quibuslibet
2286 2939 2805 3009 pagisetterritoriis
2833 2938 2973 2994 infra
3004 2939 3262 2996 ditionem
3289 2940 3450 3010 impe.

1865 3030 1932 3085 rii
1993 3032 2165 3087 nostri
2223 3031 2290 3086 ad
2318 3032 2522 3087 victum
2567 3040 2622 3087 et
2672 3031 2928 3087 vestitum
2974 3048 3161 3087 eorum
3211 3032 3451 3096 habent,

1865 3122 2110 3177 nostram
2142 3118 2524 3177 auctoritatem
2563 3121 2841 3178 ﬁrmitatis
2875 3121 3049 3193 gratia
3081 3120 3196 3176 ﬁeri
3238 3117 3446 3189 jubere-

174 3210 485 3295 potestatis,
519 3228 612 3269 seu
640 3215 942 3283 swcularis,
972 3218 1088 3274 sive
1115 3218 1416 3288 spiritualis
1443 3234 1540 3290 per
1579 3220 1761 3274 muni-
1786 3210 1837 3278 C
1863 3230 1985 3269 mus
2012 3231 2026 3279 ;
2051 3228 2149 3284 per
2177 3230 2342 3284 quam
2362 3213 2779 3269 decerneremus
2802 3222 2860 3268 ut
2890 3227 3065 3283 neque
3094 3212 3319 3266 abbates
3356 3225 3448 3281 per

173 3295 453 3358 ﬁcentiam
474 3314 675 3362 nostra:
717 3307 1016 3379 imperialis
1069 3310 1412 3366 auctoritatis
1459 3310 1763 3384 largitatem
1870 3319 2115 3381 tempora
2168 3308 2369 3365 ibidem
2398 3309 2677 3381 degentes,
2708 3323 2884 3378 neque
2919 3306 3176 3372 ministri,
3208 3313 3302 3360 aut
3344 3304 3452 3359 alia

170 3392 535 3465 meliorando,
561 3402 982 3474 augmentando,
1037 3404 1367 3476 potestative
1414 3403 1753 3476 possideant,
1867 3402 2117 3475 quaelibet
2162 3401 2463 3472 superioris
2508 3400 2593 3457 vel
2640 3398 2920 3458 inferioris
2964 3399 3221 3472 praedicta
3267 3395 3455 3472 [Forte

246 3582 276 3613 ι
320 3568 654 3639 Wittislteim,
679 3573 795 3632 sive
811 3570 1041 3635 Witzcn.

244 3639 277 3683 δ
294 3638 658 3700 Grusenhet‘m.

248 3721 279 3753 ο
292 3712 625 3769 Amlsheim.

244 3781 279 3824 ει
304 3783 660 3842 litteram“.

254 3865 280 3893 ο
302 3853 475 3910 Hodie
498 3858 648 3935 vicus
673 3857 1084 3935 Sckwgbsheim,
1100 3860 1183 3935 ad
1213 3862 1527 3935 episcopum
1551 3861 1769 3935 Argen-

173 3924 782 4066 tin‘erlt'seﬁfp'ertinens,
808 3931 1015 3988 duabus
1036 3924 1077 3985 al
1096 3924 1621 3989 Seles'tadio'leucis.

361 4012 537 4051 ιπενη.
684 4014 689 4018 ’

204 4136 217 4150 .
251 4066 481 4150 ’λίθῳ
511 4069 751 4150 ἱειιοειιξ,
772 4071 879 4127 nisi
904 4070 1047 4128 forte
1069 4071 1357 4144 Burgum
1386 4073 1445 4129 in
1470 4072 1592 4129 aliis
1605 4072 1767 4129 chr-

173 4136 257 4197 εἰς
276 4136 821 4198 Εὺθτεὴεὶἶηρηεᾶιυς
845 4154 1143 4199 memoratu
1157 4136 1195 4198 ίξ

247 4206 720 4287 hﬂodjeJ-Veiler,
746 4212 859 4270 sive
930 4212 1090 4283 Viler,
1130 4215 1412 4287 pertinens
1461 4216 1532 4274 ad
1579 4215 1646 4272 D.
1700 4216 1770 4274 de

172 4276 667 4339 Choiseul-Meuse.

252 4352 273 4393 ι
300 4349 554 4407 Bindm.

253 4419 271 4473 i
306 4419 655 4492 Kogenhcim.

253 4492 282 4532 ιι
305 4491 478 4572 Hodie
502 4495 654 4551 vicus
688 4495 1021 4572 Ebersheim,
1061 4499 1131 4556 ad
1168 4513 1445 4556 summum
1468 4499 1767 4572 capitulum

173 4554 577 4673 hrgentinense
604 4567 900 4638 pertinens.

320 4632 593 4673 Πικιιὸικ

320 4632 614 4692 Uiennam.

250 4717 293 4748 In
327 4702 486 4776 ναιπ.

130 4838 137 4845 ,
251 4774 537 4853 {Nullum
583 4789 773 4853 exstat
790 4781 957 4853 _inter
1010 4780 1270 4853 Ludovici
1319 4781 1403 4837 Pii
1452 4781 1767 4853 diplomata,

177 4846 328 4923 quod
358 4846 542 4903 datum
578 4848 741 4923 fuerit
787 4851 1130 4907 Foraclieim.
1188 4851 1319 4908 Dein
1378 4846 1766 4923 imperatorem

174 4916 325 4994 ljnnc
368 4934 556 4974 mense
603 4921 763 4977 Jnnio
812 4923 1065 4977 anni829
1110 4916 1770 4994 Aquisgrani-versatum

174 4987 351 5065 tulisse
373 4998 525 5065 patet
551 5006 619 5047 ex
639 4995 937 5065 diplomate
960 4997 1109 5065 regio
1136 4987 1395 5049 Ludovici
1422 5004 1476 5049 et
1517 4994 1765 5049 Lotharii

172 5073 279 5184 me
302 5060 557 5142 lngoaldo
593 5060 785 5147 abbate
812 5060 1249 5149 Farfens't.vapud
1291 5066 1593 5127 Ducitesne,
1633 5074 1766 5120 tom.

274 5127 540 5184 εει-ποῖον.
572 5132 835 5184 hminem-
874 5152 995 5184 urg.
1046 5136 1166 5184 (init-
1225 5135 1632 5184 Observandum
1688 5143 1766 5184 est

274 5127 540 5207 Scripior.
572 5132 835 5207 Francia,
873 5152 995 5207 pag.
1046 5127 1166 5191 (358'.
1225 5135 1633 5207 Observandum
1688 5143 1771 5189 est

176 5202 349 5275 etiam
369 5201 669 5275 diplomata
701 5201 1013 5271 hujus‘an'ui
1042 5221 1320 5275 nunquam
1366 5205 1491 5260 data
1524 5205 1689 5261 fuisse
1738 5219 1770 5258 a

176 5273 323 5399 mh
366 5271 661 5356 Ludovico,
701 5275 797 5330 sed
834 5289 1048 5345 semper
1093 5271 1426 5345 conjunctim
1483 5291 1608 5330 cum
1658 5276 1772 5331 ﬁlio

327 5360 465 5399 ario.

327 5360 465 5399 31⁵1οο

257 5422 282 5450 ο
308 5415 565 5471 Albertus
588 5425 643 5473 et
672 5415 1019 5486 Diotlnnarus
1042 5416 1263 5471 omnino
1279 5423 1405 5470 sunt
1440 5413 1610 5486 ignoti
1630 5416 1773 5471 inter

179 5486 538 5541 cancellarios
569 5487 821 5543 Ludovici
850 5485 949 5541 Pii.
986 5485 1772 5556 Uterqueinnotescitinchar-

178 5556 254 5611 tis
279 5556 543 5626 Arnulphi
564 5558 925 5629 imperatoris.
948 5557 1289 5619 Dentmarus,
1326 5559 1441 5613 sive
1461 5558 1769 5613 Theodma-

180 5629 746 5700 gnsrarehiepiscopus
766 5629 1196 5700 Silishurgensis
1246 5630 1347 5684 sub
1387 5630 1667 5700 Arnulpho
1716 5637 1774 5685 et

180 5643 279 5683 rus
303 5643 454 5683 arent
530 5646 746 5699 iscopns
766 5643 1196 5700 mnsnurgensrs
1246 5643 1347 5684 sun
1387 5643 1667 5700 arnulpno
1716 5643 1773 5685 et

179 5643 548 5785 Ludovicoeﬁl
573 5698 688 5785 eius
719 5702 825 5784 tilio
846 5702 1013 5785 gessit
1041 5704 1299 5784 honorem
1326 5701 1773 5785 amni-cancella-

180 5770 378 5854 riatus,
405 5778 460 5855 et
481 5769 1768 5855 Th‘eodmarivicesrpius‘recog‘novitalbatus,

180 5842 281 5917 qui
541 5840 1098 5918 Aspertusmibitur.
1130 5840 1472 5915 lalliihot,
1492 5844 1562 5903 de
1587 5843 1771 5905 archi~

1871 3576 2229 3644 cancellariis,
2256 3577 2398 3648 apud
2427 3573 2720 3661 Wencker,
2747 3575 2802 3631 in
2816 3572 3057 3632 collectis
3070 3572 3451 3701 Archivi..pa<f.

1871 3651 1977 3701 245
2005 3659 2055 3701 et
2085 3649 2211 3701 ΞΜ.
2248 3649 2437 3701 Exstat
2474 3648 2840 3701 authentrcum
2892 3646 3181 3701 Amulnln'
3208 3661 3350 3701 renis
3417 3662 3450 3701 t-

1870 3651 1977 3706 245
2005 3659 2055 3705 et
2085 3649 2211 3704 ΞΗ.
2248 3646 2437 3704 Eistat
2474 3648 2840 3703 authenticum
2892 3646 3181 3717 Arnulpbi'
3208 3646 3350 3717 regis
3380 3646 3450 3701 di-

1870 3723 2050 3794 ploma
2078 3737 2180 3794 pro
2201 3720 2417 3794 abhatia
2444 3718 2880 3794 Eb_ersheime_nsi
2909 3716 3452 3794 infranreferendqm,

1868 3786 1948 3849 sic
1976 3786 2230 3847 desinens
2257 3807 2271 3841 :
2303 3809 2321 3840 ε
2356 3790 2490 3843 Data
2514 3789 2635 3842 ldus
2660 3787 2829 3852 Junii,
2866 3802 3010 3841 anno
3044 3786 3339 3841 Dominiete
3360 3788 3452 3840 in-

1866 3860 2199 3915 carnationis
2228 3859 2352 3922 889,
2396 3858 2691 3929 indictione
2736 3858 2787 3929 7,
2820 3871 2964 3929 anno
3012 3857 3249 3929 secundo
3284 3855 3455 3929 _re_gni

1869 3931 2052 3987 domui
2077 3930 2115 3983 A
2127 3928 2282 3984 rnolﬁ
2303 3927 2819 3998 serenissimiregis.
2837 3926 3029 3981 Actum
3043 3926 3095 3998 in
3112 3924 3447 3990 Foracheiin,

1868 4001 1922 4056 in
1949 4011 2101 4056 curte
2125 3998 2316 4070 regali,
2348 3999 2402 4070 in
2453 3996 2657 4070 Christi
2712 3996 3226 4070 nominereliciter,
3249 3998 3450 4070 tamen.

1871 4070 2098 4143 Signum
2123 4066 2325 4143 domini
2363 4068 2568 4143 Arnold
2583 4067 2950 4143 ‘serenissimi
2982 4067 3144 4143 regis.
3193 4066 3456 4143 _.{\lh_ertus

1867 4137 2232 4199 cancellarius
2257 4140 2325 4196 ad
2358 4140 2533 4194 vicem
2581 4138 2879 4209 Diotbmari
2907 4137 3322 4209 archicapellani
3369 4153 3455 4193 re-

1866 4214 2117 4284 cognovi.
2151 4232 2171 4265 ι
2198 4211 2450 4284 Quisnon
2486 4208 3456 4284 videteﬂicwrexndiplomatisLudp:

1864 4278 1971 4339 vic'i
1998 4283 2079 4337 Pii
2100 4297 2209 4353 pne
2228 4278 2409 4353 oculs
2435 4281 2687 4336 habuisse
2712 4281 2867 4353 hanc,
2897 4278 3146 4353 chartam
3189 4278 3454 4353 Arnulplii

1864 4355 2010 4426 regis
2036 4351 2164 4426 anni
2195 4351 2320 4426 88_9.
2347 4352 2732 4426 _lnde__magna
2763 4351 2942 4426 nobis
2968 4352 3156 4426 _venit_
3201 4351 3443 4426 suspicio

1865 4420 2227 4481 adulterinum
2247 4420 2592 4477 LudoviciPii
2607 4420 2735 4478 anni
2755 4422 2860 4477 829
2877 4422 3109 4492 diploma
3122 4420 3455 4492 descriptum

1871 4494 2040 4575 fuisse
2065 4493 2119 4548 in
2131 4494 2375 4575 ipsemet
2404 4493 2744 4575 autographo
2756 4490 3026 4575 ‘Arnulphi
3043 4494 3170 4575 anni
3195 4493 3298 4548 889
3311 4490 3457 4575 quod

1872 4568 1996 4622 ideo
2030 4565 2211 4636 periit.
2256 4564 2426 4635 Hujus
2464 4564 2611 4618 enim
2654 4572 2864 4636 tantum
2894 4566 3202 4636 apographa
3240 4570 3457 4636 exstant

1872 4648 1985 4693 tum
2010 4634 2064 4690 in
2089 4635 2309 4691 archivo
2339 4634 2682 4706 episcopatus
2720 4634 3075 4706 Tabernensi,
3106 4643 3220 4689 tum
3256 4635 3309 4691 in
3337 4635 3455 4703 ipso

1870 4704 2425 4778 Apr-intonaSterien‘si
2442 4704 2730 4778 tabulario.
2759 4705 2841 4759 Ab
2861 4704 3101 4778 elﬁctore
3124 4720 3254 4778 vero
3281 4713 3454 4778 totum

1869 4773 2137 4848 Ai‘nulplii
2162 4777 2396 4848 diploma
2437 4777 2811 4848 episc0porum
2860 4775 3336 4848 Argentinensium
3368 4773 3457 4848 ju-

1871 4851 2023 4905 rihus
2048 4845 2238 4915 nimis,
2272 4857 2332 4903 ut
2349 4845 2595 4917 ptumi,
2634 4846 2819 4902 favens
2851 4845 3087 4901 deletum
3139 4855 3244 4909 est,
3291 4854 3347 4900 et
3388 4845 3453 4917 in

1870 4922 1991 4990 ejus
2034 4921 2210 4974 locum
2249 4915 2467 4988 scripsit
2494 4919 2561 4973 de
2593 4918 2811 4987 ingenio
2835 4918 3162 4990 putatitiam
3193 4915 3455 4990 Ludovici

1871 4986 1953 5046 Pii
1982 4993 2254 5046 chartam.
2287 4986 2422 5044 Cum
2468 5003 2597 5059 vero
2630 4986 2767 5059 eam
2800 4988 2885 5059 sic
2928 4988 3160 5044 violaret
3206 4986 3457 5059 improha

1872 5074 2083 5124 manus,
2114 5061 2166 5114 in
2199 5060 2443 5114 delendis
2470 5058 2715 5113 formulis
2743 5057 2994 5113 ﬁnalibus
3009 5074 3100 5113 ars
3145 5073 3251 5113 non
3283 5057 3456 5124 potuit

1873 5131 2150 5195 adhiberi;
2173 5131 2298 5184 inde
2321 5131 2657 5199 remanentia
2684 5130 2949 5184 exstantis
2976 5130 3105 5184 olim
3128 5127 3453 5199 Arnulpbini

1870 5202 2182 5272 diplomatis
2212 5202 2384 5272 signa.
2410 5198 2645 5255 Probant
2684 5200 2803 5272 haec
2831 5201 2973 5255 inter
2998 5201 3105 5255 alia
3144 5198 3456 5272 caraCteres

1871 5269 2094 5337 diversi,
2131 5269 2438 5327 litterarum
2481 5272 2674 5326 ductus
2711 5271 2841 5336 alii,
2869 5279 3231 5326 atramentum
3280 5269 3459 5341 magis

1871 5346 2171 5415 nigricans,
2215 5343 2409 5415 littera:
2447 5345 2772 5415 crassiores.
2834 5341 3073 5415 Prohant
3112 5342 3166 5397 in
3209 5342 3456 5415 numeris

1871 5412 2205 5471 necccxxxu
2233 5414 2422 5467 deleta:
2446 5413 2640 5467 litterae
2682 5429 2768 5474 ιι,
2802 5421 2862 5467 ut
2916 5412 3042 5469 inde
3090 5412 3452 5469 conﬁceretur

1871 5502 2049 5541 annus
2077 5499 2357 5543 ncccxxtx,
2391 5499 2500 5552 quo
2534 5485 2670 5538 vixit
2720 5482 3023 5539 Ludovicus
3069 5483 3216 5539 Pius.
3249 5484 3457 5539 Probat

1872 5558 2082 5613 deletus
2111 5571 2302 5620 annus,
2332 5570 2441 5624 quo
2460 5554 2848 5626 designabatur
2876 5568 3123 5626 regnum.
3156 5555 3357 5611 Probat
3397 5562 3456 5608 et

1871 5628 2048 5698 ipsum
2081 5623 2365 5695 sigillum,
2397 5623 2551 5693 cujus
2585 5623 2846 5698 'protome
2871 5623 3151 5698 eleganter
3190 5628 3455 5698 impressa

1872 5696 1926 5753 et
1954 5700 2157 5768 optime
2184 5707 2504 5752 conservata
2543 5707 2627 5751 est
2656 5696 2708 5750 in
2738 5712 2876 5768 cera,
2903 5696 3025 5751 alba
3059 5698 3217 5768 :rsed
3258 5696 3455 5768 littera:

1873 5766 2019 5825 circa
2042 5776 2205 5851 caput
2237 5768 2456 5851 scriptae
2472 5775 2616 5851 sunt
2640 5767 2916 5851 erasa.”
2938 5776 3055 5824 arte
3081 5767 3209 5851 fecit
3249 5766 3454 5851 chprrltrp

1873 5835 3453 5937 eonuptor,uinsiﬂbmmaAmdphl.
