4050 6340
696 336 833 399 1183

1828 320 2153 392 LUDOVlCl
2189 332 2212 388 Ι
2247 329 2717 392 COGNOMENTO
2749 321 2836 386 Pll
3725 349 3808 407 “st

694 453 993 531 dignitatis]
1018 467 1268 526 persona,
1290 453 1356 510 de
1383 451 1588 510 eisdem
1614 453 1777 510 rebus
1808 453 2012 524 aliquid
2053 454 2267 510 abstra-
2294 461 2348 520 Α
2371 451 2686 508 monasterii
2737 449 2910 506 sancti
2938 448 3216 538 Philiberti
3251 452 3451 520 patroni
3479 459 3621 515 nostri
3655 472 3696 518 et
3725 484 3808 538 pm.

693 553 823 608 here
851 560 945 606 aut
981 549 1248 614 minuere,
1276 547 1361 602 vel
1387 548 1442 602 in
1473 548 1607 603 alios
1635 563 1765 602 usus
1794 557 2108 618 retorquere
2135 562 2274 618 prae-

693 649 890 698 sumat.
922 638 1161 707 Quorum
1191 639 1503 708 petitionem
1549 638 1748 708 justam
1797 653 1860 693 ac
1901 637 2272 692 rationabilem

683 731 1011 803 iudicantes,
1039 733 1142 787 hos
1172 731 1476 800 imperiales
1518 732 1699 802 apices
1727 740 1945 787 nostros
1997 729 2272 784 ﬁrmitatis

693 824 865 896 gratia
895 824 1042 880 circa
1063 839 1248 878 servos
1278 822 1370 877 Dei
1399 821 1598 876 ibidem
1625 838 1723 893 per
1750 831 1993 893 tempora
2038 819 2272 876 labentia

693 918 950 989 degentes
979 916 1095 971 fieri
1117 917 1402 987 jussimus,
1429 932 1527 987 per
1556 931 1692 986 quos
1720 916 2060 972 decernimus
2109 923 2273 984 atque

691 1009 1018 1064 omnimodis
1043 1009 1314 1064 sancimus
1343 1016 1401 1062 ut
1427 1008 1604 1063 nullus
1647 1018 1823 1064 rector
1864 1007 2108 1078 przedicti
2151 1023 2272 1062 mo-

693 1102 939 1167 nasterii,
980 1110 1073 1157 aut
1099 1102 1333 1158 ministri
1359 1099 1496 1170 ejus,
1522 1102 1588 1158 de
1622 1103 1781 1157 rebus
1831 1117 1967 1172 quas
2014 1100 2273 1157 moderno

691 1199 936 1263 tempore
965 1195 1018 1248 in
1051 1193 1379 1263 quibuslibet
1405 1193 1556 1264 pagis
1575 1201 1629 1247 et
1674 1193 1968 1248 territoriis
1999 1192 2138 1248 infra
2190 1192 2274 1247 di-

693 1285 893 1341 tionem
924 1287 1134 1355 imperii
1167 1286 1338 1341 nostri
1365 1286 1432 1342 ad
1453 1302 1583 1341 usus
1609 1294 1663 1342 et
1692 1286 1895 1341 victum
1923 1296 2083 1356 atque
2108 1287 2274 1342 vesti-

691 1385 932 1432 mentum
962 1392 1150 1432 eorum
1176 1377 1398 1443 habent,
1429 1392 1657 1447 quarum
1687 1378 1804 1432 hinc
1852 1385 1978 1432 sunt
2005 1377 2223 1432 nomina
2254 1393 2269 1432 :

691 1466 1078 1524 Cininicurtem
1127 1485 1249 1525 cum
1275 1469 1548 1535 Bronoilo,
1598 1469 2002 1526 Aldulficurtem
2023 1509 2038 1536 ,
2070 1467 2270 1536 Valles,

689 1559 1064 1628 Drusciacum,
1114 1561 1503 1616 Novamvillam
1528 1602 1543 1627 ,
1585 1561 2116 1634 Mons-Angelorum,
2157 1561 2274 1617 Wi-

688 1653 1012 1717 berentium,
1059 1653 1350 1724 Bagardas,
1393 1653 1763 1719 Curticellam,
1803 1654 1974 1719 Crux.
2001 1655 2274 1725 Langora-

688 1748 824 1807 tum,
854 1743 1145 1815 Altegiam,
1176 1745 1470 1811 Sidrutem,
1517 1745 1821 1811 Niviellam,
1854 1747 2093 1812 Verculf,
2133 1747 2275 1804 Con-

2372 544 2660 601 clarissimi
2691 543 3014 599 confessoris
3052 535 3274 608 Christi,
3315 547 3449 616 quod
3481 558 3553 605 est
3578 553 3700 610 situm
3720 535 3809 620 eis};

2371 652 2436 691 eo
2462 645 2829 692 constructum
2855 635 2909 688 in
2931 633 3091 690 Herio
3115 636 3283 691 maris
3311 637 3490 705 insula,
3511 657 3592 711 per
3607 645 3808 718 largitatem

2371 739 2572 785 sanctae
2599 727 2987 784 recordationis
3009 728 3191 783 domni
3217 728 3388 786 Caroli
3409 733 3630 804 genitoris
3649 748 3763 800 nostri
3780 758 3810 803 et

2371 820 2803 891 praestantissimi
2854 820 3196 890 imperatoris
3254 819 3376 894 [est]
3421 824 3633 896 adeptus,
3668 839 3810 894 monis

2372 913 2654 983 regularis,
2683 913 2774 983 qui
2800 913 2930 968 olim
2954 911 3007 966 in
3035 913 3225 969 eodem
3257 913 3372 970 loco
3399 931 3427 972 a
3458 918 3646 988 praefato
3665 932 3808 984 sanctis.

2372 1005 2512 1062 simo
2553 1007 2670 1061 viro
2716 1006 3012 1070 institutus,
3061 1013 3117 1059 et
3177 1005 3355 1062 multis
3395 1019 3560 1077 postea
3592 1020 3810 1085 temporibus

2372 1086 2716 1153 laudabiliter
2739 1112 2805 1151 ac
2832 1097 3089 1152 decenter
3115 1107 3473 1167 conservatus,
3503 1111 3550 1157 et
3582 1108 3728 1174 partim
3757 1125 3810 1181 per

2373 1197 2648 1260 torporem
2686 1189 3124 1260 praepositorum,
3165 1191 3358 1260 partim
3385 1207 3502 1248 vero
3525 1208 3606 1264 per
3626 1200 3808 1267 segnitiem

2375 1278 2745 1348 subjectorum
2793 1277 2970 1333 fuerat
3011 1279 3351 1348 depravatus,
3387 1283 3448 1336 ad
3477 1283 3705 1352 pristinum
3723 1303 3810 1344 revo-

2374 1378 2595 1427 caretur
2616 1378 2815 1425 statum
2843 1391 2855 1425 :
2885 1371 3066 1426 divino
3103 1372 3401 1428 admonitus
3424 1373 3656 1443 instinctu,
3678 1388 3716 1434 et
3730 1383 3811 1436 viro-

2374 1475 2496 1517 rum
2536 1463 2910 1535 religiosorum
2957 1464 3285 1520 adminiculo
3324 1465 3566 1535 sulfultus,
3590 1486 3668 1540 pro
3688 1473 3810 1530 viritim

2375 1564 2621 1626 satagere
2662 1555 2897 1622 curavit,
2923 1564 2979 1610 et
3007 1556 3270 1628 genitoris
3305 1559 3464 1614 nostri
3493 1575 3548 1616 ac
3572 1571 3809 1628 nostrum,tt

2375 1646 2491 1716 ejus
2519 1646 2608 1716 pia
2631 1646 2848 1702 dev0tio
2877 1646 3134 1702 effectum
3160 1648 3444 1716 obtineret,
3461 1651 3639 1707 obnixis
3655 1655 3811 1724 precibus

2377 1739 2640 1793 auxilium
2673 1740 3000 1809 imploravit.
3035 1739 3143 1795 Sed
3172 1740 3295 1811 quia
3319 1742 3595 1812 priusquam
3614 1743 3700 1812 ejus
3716 1749 3811 1801 tatio-

686 1832 890 1895 cilium,
943 1835 1495 1901 Rocconis-Montem,
1534 1837 1732 1903 Maris;
1767 1837 1849 1893 vel
1904 1838 2162 1907 quidquid
2204 1838 2273 1894 ad
2300 1851 2348 1911 Β
2377 1828 2572 1884 ﬂabilis
2602 1829 2898 1898 Posmla‘io
2923 1838 2980 1885 ει
3007 1831 3098 1901 Dia
3123 1830 3336 1886 ἀθνοῑίο
3360 1841 3510 1888 εἷο-σο·
3537 1843 3720 1904 opum
3733 1835 3812 1891 οδιὶ-

687 1925 1000 1994 supradicta
1030 1925 1146 1981 loca
1173 1927 1427 1997 praesenti
1460 1937 1701 1999 tempore
1737 1927 1886 1998 juste
1932 1937 1987 1984 et
2029 1928 2274 2000 legaliter

686 2015 932 2086 aspicere
976 2017 1216 2084 videtur,
1257 2019 1458 2090 aliquid
1503 2021 1819 2076 abstrahere
1861 2030 1953 2074 aut
1988 2021 2269 2087 minuere,

688 2114 783 2160 aut
816 2106 870 2161 in
904 2106 1042 2163 alios
1068 2124 1199 2163 usus
1222 2119 1562 2175 convertere,
1621 2121 1714 2165 aut
1742 2120 1979 2182 paratas,
2017 2118 2110 2166 aut
2152 2111 2274 2167 lidi-

685 2201 948 2266 monium,
976 2208 1070 2256 aut
1105 2201 1458 2268 hostilicium,
1507 2212 1598 2258 aut
1626 2203 1760 2260 alias
1783 2204 2051 2273 quaslibet
2094 2204 2274 2260 redhi-

683 2289 918 2346 bitiones
939 2291 1158 2363 exigere
1187 2300 1485 2348 autexacta
1495 2310 1552 2349 rc
1566 2303 1856 2365 praesumat
1878 2313 1888 2348 :
1908 2294 2003 2349 sed
2026 2309 2092 2350 eo
2112 2295 2274 2350 modo

685 2388 851 2452 atque
877 2390 1066 2438 tenore
1093 2398 1199 2452 quo
1216 2398 1359 2438 nunc
1384 2384 1696 2450 statuimus,
1719 2391 1939 2439 teneant
1962 2391 2125 2454 atque
2149 2387 2274 2456 p'os-

687 2471 926 2539 sideant,
950 2475 1024 2528 ita
1052 2475 1252 2530 nostris
1284 2482 1339 2530 et
1371 2475 1568 2531 futuris
1606 2475 1940 2545 temporibus
1969 2490 2160 2530 secure
2198 2483 2278 2529 at-

681 2563 997 2633 quequiete
1021 2564 1260 2620 habeant
1283 2572 1337 2619 et
1364 2565 1642 2632 fruantur;
1675 2574 1945 2636 quatenus
1976 2566 2125 2636 ipsos
2159 2581 2274 2621 ser-

682 2667 780 2709 vos
808 2654 902 2709 Dei
931 2655 986 2709 in
1010 2657 1269 2725 praedicto
1283 2657 1613 2712 monasterio
1635 2656 1959 2712 famulantes
1983 2673 2082 2728 pro
2095 2658 2270 2726 nobis,

681 2743 908 2818 conjuge
936 2749 1202 2820 proleque
1229 2758 1434 2812 nostra,
1469 2758 1631 2820 atque
1653 2750 1948 2806 stabilitate
1973 2750 2140 2806 totius
2168 2751 2272 2805 im-

683 2835 820 2904 perii
851 2837 1024 2892 nostri
1053 2840 1322 2910 perpetim
1348 2839 1445 2895 Dei
1473 2841 1902 2896 misericordiam
1932 2856 2160 2896 exorare
2187 2841 2276 2897 de-

688 2925 870 2982 lectet.
923 2928 991 2983 Et
1033 2938 1092 2984 ut
1147 2931 1262 2986 haec
1311 2933 1607 2989 auctoritas
1652 2949 1750 3004 per
1796 2931 1974 2988 futura
2032 2941 2274 3004 tempora

685 3017 1048 3076 inviolabilem
1073 3031 1237 3094 atque
1259 3024 1632 3080 inconvulsam
1662 3025 1901 3082 obtineat
1931 3025 2268 3094 firmitatem,

684 3124 849 3166 manu
875 3114 1098 3183 propria
1125 3114 1671 3184 subterﬂrmavimus,
1690 3126 1746 3173 et
1773 3119 1958 3174 annuli
1982 3120 2153 3176 nostri
2174 3119 2274 3175 im-

685 3203 967 3273 pressione
1002 3205 1204 3278 signari
1229 3205 1493 3275 jussimus

757 3294 983 3368 Signum
1009 3297 1268 3355 Ludovici
1296 3301 1628 3358 serenissimi
1659 3303 2020 3374 imperatoris.

755 3385 890 3442 Data
929 3403 989 3442 nt
1027 3388 1166 3444 Non.
1216 3391 1438 3460 Aprilis,
1496 3408 1638 3450 anno
1675 3394 1893 3451 Christo
1927 3395 2159 3467 propitio
2200 3395 2271 3450 27

687 3475 904 3546 imperii
956 3478 1159 3533 domini
1206 3480 1465 3537 Ludovici
1517 3485 1745 3554 piissimi
1797 3485 2062 3557 Augusti,
2123 3487 2270 3543 indi-

687 3565 868 3622 ctione
904 3569 958 3624 8.
987 3568 1182 3626 Actum
1231 3574 1567 3629 monasterio
1602 3573 1661 3632 S.
1700 3576 1973 3632 Gualarici
2015 3576 2266 3635 feliciter.

685 3655 880 3714 Amen.

756 3749 1044 3808 Durandus
1079 3751 1342 3811 diaconus
1373 3757 1442 3813 ad
1483 3756 1660 3814 vicem
1681 3757 1951 3831 Fridugisi
1981 3761 2269 3834 recognovi

686 3847 741 3894 et
769 3839 1084 3914 subscripsi.

1498 3919 1537 3973 Ι.

879 3999 982 4040 rso
1016 3999 1241 4043 nassum
1280 4003 1326 4044 s.
1369 3916 1673 4046 ριξὶῗιιςεητι
1712 3993 2069 4052 transmeato.

1297 4076 1470 4149 (Anno
1497 4080 1648 4152 830.)

684 4163 865 4239 [Apud
884 4165 948 4222 D.
974 4165 1238 4241 Bouqu_et.
1253 4171 1415 4241 jln‘d.,
1441 4187 1508 4227 ex
1525 4175 1736 4231 schcdis
1764 4192 1894 4234 mss.
1927 4178 2270 4241 bibliothecae

1145 4238 1204 4294 S.
1237 4239 1497 4298 Germani
1525 4261 1554 4300 a
1581 4245 1804 4320 Pratis.]

750 4327 809 4382 ln
831 4329 1048 4384 nomine
1083 4331 1300 4386 Domini
1347 4333 1440 4388 Dei
1493 4343 1548 4390 et
1592 4335 1891 4396 Salvatoris
1925 4343 2100 4399 nostri
2139 4341 2269 4401 Iesu

682 4416 904 4485 Christi,
954 4421 1260 4480 Ludovicus
1303 4433 1360 4480 et
1405 4425 1691 4486 Lotharius
1746 4432 1928 4489 divina
1983 4437 2270 4494 ordinante

681 4511 1024 4580 providentia
1052 4513 1410 4585 imperatores
1441 4519 1687 4590 Augusti.

752 4599 811 4657 Si
839 4603 982 4658 enim
1015 4619 1045 4658 a
1080 4605 1192 4661 Deo
1220 4608 1378 4664 nobis
1416 4611 1668 4669 collatam
1701 4624 2026 4686 potestatem
2072 4622 2268 4680 divinis

679 4693 915 4750 cultibus
943 4694 1193 4752 famulari
1232 4697 1482 4768 facimus,
1511 4713 1564 4758 et
1591 4704 1686 4760 Dei
1721 4723 2029 4779 servorum,
2060 4728 2181 4768 cum
2211 4714 2266 4770 in

679 4787 782 4842 hoc
824 4788 1022 4843 saeculo
1067 4790 1304 4863 maligno
1345 4794 1505 4864 positi
1555 4811 1762 4864 sumus,
1807 4800 2045 4870 quietem
2075 4813 2266 4862 nostro

678 4880 856 4934 studio
894 4895 1272 4950 procuramus,
1313 4892 1373 4939 ut
1413 4885 1661 4942 videlicet
1712 4905 1744 4944 a
1788 4893 1976 4947 mundi
2011 4895 2266 4964 procellis

677 4982 776 5037 per
795 4979 1041 5024 nostram
1062 4971 1456 5041 providentiam
1481 4987 1738 5046 quantum
1761 4980 1816 5035 in
1851 4982 2007 5039 nobis
2035 4992 2136 5048 est,
2160 4985 2264 5042 tuti

679 5061 935 5127 residere,
967 5071 1022 5117 et
1067 5063 1237 5119 libere
1275 5081 1428 5121 suam
1457 5069 1846 5139 professionem
1887 5082 2093 5142 tenere,
2125 5075 2264 5134 Deo-

679 5161 784 5218 que
831 5153 1185 5209 sanctissimis
1233 5154 1514 5213 desideriis
1560 5174 1624 5214 ac
1669 5161 1775 5230 piis
1821 5163 2017 5219 studiis
2069 5166 2264 5221 devota

679 5241 1089 5310 tranquillitate,
1117 5247 1342 5301 remotis
1368 5251 1860 5318 perturbationibus
1894 5257 2096 5322 saeculi,
2119 5255 2262 5330 jugi-

680 5335 764 5383 ter
792 5328 1054 5389 inhaerere
1073 5336 1321 5404 valeant;
1346 5339 1398 5392 id
1423 5341 1576 5396 nobis
1601 5342 1668 5398 ad
1691 5342 1785 5398 Dei
1831 5328 2262 5405 misericordiam

677 5423 1113 5492 promerendam,
1149 5439 1203 5485 et
1232 5431 1298 5486 ad
1322 5431 1608 5488 criminum
1638 5444 1947 5492 nostrorum
1969 5440 2262 5497 absolutio-

678 5529 826 5578 netn,
869 5513 952 5568 vel
977 5517 1045 5571 ad
1075 5521 1224 5589 regni
1272 5523 1444 5577 nostri
1473 5526 1819 5582 stabilitatem
1845 5532 2118 5599 pertinere
2152 5549 2258 5590 non

680 5605 1022 5678 ambigimus.
1048 5607 1214 5679 Igitur
1234 5623 1420 5668 norum
1441 5615 1512 5670 sit
1525 5618 1776 5674 omnibus
1795 5619 2041 5678 fidelibus
2059 5634 2261 5681 sanctae

681 5695 774 5750 Dei
804 5694 1060 5752 Ecclesia:
1089 5714 1156 5753 ac
1179 5702 1401 5766 nostris,
1424 5707 1780 5772 praesentibus
1802 5711 2010 5768 scilicet
2035 5724 2090 5770 et
2115 5714 2261 5771 futu-

681 5784 779 5853 ris,
804 5785 1038 5856 qualiter
1060 5788 1145 5845 vir
1171 5789 1494 5847 venerabilis
1512 5793 1656 5853 Atho
1682 5800 1955 5868 quondam
1976 5803 2261 5876 episcopus

2375 1931 2531 1978 neret
2555 1922 2806 1978 effectum
2824 1963 2840 1988 ,
2883 1923 3026 1979 idem
3053 1923 3338 1996 episcopus
3369 1925 3496 1980 diem
3527 1925 3680 1982 clausit
3704 1938 3810 1982 extre-

2375 2031 2562 2081 mum;
2599 2024 2654 2072 et
2695 2017 2862 2072 variis
2897 2018 3304 2089 emergentihus
3343 2018 3522 2085 causis,
3553 2016 3730 2087 ejusdem
3753 2019 3810 2074 loci

2375 2107 2724 2177 congregatio
2748 2122 2779 2160 a
2805 2107 2888 2162 sui
2913 2107 3183 2177 propositi
3208 2108 3554 2164 observatione
3573 2107 3809 2163 multismu-

2376 2198 2618 2254 sionibus
2645 2199 3077 2269 praepedita”...
3131 2215 3315 2257 amore
3341 2215 3590 2265 succensa,
3619 2215 3666 2255 ac
3685 2201 3810 2254 ferrea-

2373 2292 2586 2348 tissimo
2631 2293 2900 2349 desiderio
2929 2294 3100 2366 ignita
3120 2335 3135 2357 ,
3161 2293 3404 2365 spiritali,
3431 2303 3485 2350 ut
3507 2297 3569 2350 ita
3589 2295 3731 2359 dicam,
3748 2294 3809 2348 rio-

2376 2381 2538 2436 lentia
2559 2384 2965 2439 niteretur......
2995 2394 3222 2457 ceperat
3262 2399 3325 2441 ac
3349 2385 3452 2441 Deo
3472 2383 3701 2440 devoverat
3717 2396 3808 2452 trgi-

2375 2472 2544 2528 larem
2571 2473 2987 2544 professionem,
3030 2475 3166 2533 adeo
3204 2484 3263 2533 ut
3290 2475 3427 2532 nulla
3461 2474 3664 2546 quaelibet
3684 2482 3808 2542 tempe-

2374 2565 2514 2620 stiva
2560 2568 2741 2623 saeculi
2784 2569 3126 2638 perturbatio
3171 2559 3256 2626 vél
3295 2569 3569 2640 persecutio
3604 2573 3731 2637 posset
3757 2576 3809 2618 eos

2374 2659 2753 2728 quoquomodo
2797 2661 3145 2732 compellere,
3171 2671 3231 2717 ut
3269 2677 3299 2716 a
3334 2675 3426 2717 suo
3450 2657 3710 2716 exorbitant
3736 2669 3808 2726 pm-

2372 2748 2570 2818 posito.
2588 2787 2602 2802 .
2624 2787 2638 2802 .
2662 2787 2677 2802 .
2698 2788 2712 2802 .
2738 2788 2752 2802 .
2780 2749 3109 2821 illorumque
3138 2749 3545 2806 tribulationibus
3576 2744 3809 2816 spiritualitu

2373 2842 2668 2912 compassi,
2697 2843 2824 2913 quia
2841 2844 3044 2900 mundo
3063 2846 3264 2900 mortui
3286 2845 3390 2900 Deo
3406 2843 3565 2899 vivere
3589 2837 3807 2910 satagebant.

2374 2931 2608 2988 libenter
2635 2933 2714 2989 eis
2759 2943 2984 3006 propter
3019 2935 3225 2992 Christi
3271 2948 3510 2998 amorem,
3537 2931 3656 3002 cujus
3675 2925 3807 2994 V6158“

2373 3024 2526 3094 sequi
2549 3025 2933 3083 ardentissime
2953 3029 3372 3093 contendebant,
3391 3025 3609 3083 auxilium
3625 3022 3683 3078 eis
3695 3032 3808 3089 oppor-

2373 3125 2563 3173 tunum
2586 3119 2939 3189 praebuimus,
2965 3129 3021 3176 et
3047 3130 3287 3192 optatam
3311 3121 3410 3176 illis
3431 3119 3625 3190 quietem
3643 3130 3688 3168 ac
3715 3111 3807 3164 siler-

2299 3222 2345 3286 ρ
2379 3216 2547 3264 tatem
2577 3207 2965 3284 [indulsimus],
2999 3220 3164 3283 atque
3194 3212 3434 3268 abbatem
3455 3225 3512 3266 ex
3541 3207 3658 3278 ipsis,
3677 3202 3737 3272 qui
3755 3211 3808 3254 eos

2380 3298 2603 3373 [valeat]
2633 3316 2854 3373 regere,
2882 3304 2964 3358 eis
2991 3304 3405 3361 constituimus:
3431 3311 3482 3358 et
3512 3307 3695 3354 nostram
3712 3294 3806 3360 impr

2376 3391 2568 3448 rialem
2610 3395 3014 3462 auctoritatem,
3057 3412 3159 3468 per
3191 3411 3348 3468 quam
3382 3394 3510 3450 idem
3544 3383 3805 3446 monastean

2375 3492 2433 3539 et
2455 3500 2646 3540 omnes
2673 3501 2764 3542 res
2792 3487 2861 3542 ad
2885 3502 3008 3542 eum
3041 3487 3264 3560 [ipsum]
3287 3486 3424 3557 juste
3455 3483 3804 3557 pertinentemIll

2375 3574 2524 3630 omni
2556 3575 2890 3647 integritate,
2921 3576 3020 3632 sub
3050 3585 3236 3634 nostra
3260 3569 3804 3640 successorumqueW

2374 3682 2495 3722 rum
2525 3667 2838 3738 plenissima
2865 3669 3181 3727 defensione
3207 3678 3263 3726 et
3287 3668 3589 3726 immunitate
3607 3672 3650 3718 et
3668 3655 3804 3714 mitione

2371 3759 2764 3829 perpetualite'r
2787 3761 3170 3828 consisterent,
3203 3760 3316 3816 fieri
3343 3759 3573 3833 jussimus
3597 3759 3666 3808 :et
3682 3742 3800 3803 ticali!

2375 3847 2600 3917 tributa,
2624 3849 2793 3917 freda,
2816 3866 3001 3918 censa,
3025 3851 3416 3918 mansionatici,
3444 3849 3518 3906 vel
3538 3845 3633 3902 ulla
3648 3835 3803 3912 (Ιυείίδθί

2374 3939 2764 3998 redhibitiones
2789 3943 2858 3999 ab
2898 3943 3088 3999 eodem
3139 3944 3260 4000 loco
3307 3942 3409 3999 ullo
3434 3951 3626 4010 unquam
3657 3937 3803 3998 ωροτε

2374 4029 2616 4101 qualibet
2642 4033 2933 4090 occasione
2960 4035 3325 4105 exigerentur,
3370 4031 3586 4089 similiter
3607 4032 3733 4079 nostra
3747 4028 3800 4105 at:

2374 4099 2625 4178 ctoritate
2656 4122 3008 4181 inhibuimus.
3035 4099 3105 4181 έι
3137 4099 3388 4196 quidquid
3411 4123 3552 4177 fiscus
3581 4114 3731 4184 erigere
3755 4099 3802 4154 τά

2373 4227 2594 4284 sperare
2611 4221 2848 4285 Ροῑθΐθῑ,
2875 4215 3127 4287 νει-(ιιιοά
3147 4217 3216 4273 ad
3238 4225 3469 4272 nostrum
3491 4206 3701 4282 publicum
3713 4197 3802 4253 obse-

2374 4306 2560 4376 quium
2605 4307 2800 4363 exinde
2844 4309 3120 4380 pertinere
3162 4309 3461 4371 videbatur,
3503 4311 3553 4357 ut
3586 4299 3629 4354 in
3660 4292 3800 4390 ΐηξηιξ

2375 4399 2680 4471 stipendiis,
2718 4400 2776 4455 in
2818 4400 3148 4470 pauperibus
3186 4401 3404 4466 alendis,
3446 4398 3492 4452 in
3527 4389 3801 4475 "sum"?

2373 4489 2591 4544 bus.....
2619 4489 2705 4546 vel
2734 4489 3093 4546 luminaribus
3119 4487 3486 4547 concinnandis
3511 4489 3644 4538 totum
3664 4473 3800 4527 omnino

2223 4625 2264 4645 ε,
2293 4578 2346 4638 D
2371 4579 2612 4645 cederet,
2639 4580 2998 4635 libentissime
3025 4581 3406 4637 concessimus.
3429 4575 3490 4632 Et
3510 4581 3560 4628 ut
3581 4553 3797 4645 semper?

2371 4669 2553 4724 batem
2593 4685 2661 4726 ex
2703 4670 2835 4740 ipsis
2876 4670 3112 4728 habeant
3152 4671 3418 4728 licentiam
3459 4650 3798 4740 eligendiﬂlni?“

2371 4764 2696 4836 regulariter
2716 4738 2950 4836 praeesse
2979 4774 3035 4823 et
3068 4767 3324 4837 prodesse
3351 4768 3532 4837 posset,
3571 4763 3617 4808 ut
3638 4738 3798 4839 idemit-

2370 4871 2465 4912 cus
2512 4857 2629 4911 sine
2669 4858 2776 4912 ulla
2826 4869 3129 4928 temporum
3184 4857 3482 4914 alteratione
3505 4845 3587 4905 sub
3606 4837 3797 4898 monitum

2367 4949 2755 5019 perpetualiter
2807 4950 3129 5006 consisteret
3180 4950 3393 5014 ordine,
3438 4928 3795 5028 nihilominus}?

2371 5015 2613 5096 nostrum
2663 5054 2994 5115 pmceptum
3047 5043 3484 5101 conﬁrmavimus.
3524 5033 3624 5089 Haec
3661 5015 3794 5115 quid“?

2321 5177 2333 5190 .
2371 5133 2551 5188 omnia
2582 5111 2689 5189 illis
2720 5111 3068 5193 devotissime
3090 5144 3307 5207 propter
3340 5131 3427 5189 Dei
3456 5111 3794 5207 amorem

2368 5224 2552 5291 timus,
2586 5233 2647 5280 ut
2673 5241 2704 5280 a
2739 5226 2985 5296 piissimo
3011 5198 3235 5303 Domino
3253 5234 3439 5281 aeterna
3464 5215 3590 5274 nobis
3607 5211 3647 5264 in

2367 5317 2540 5385 patria
2565 5317 2800 5388 gratuita
2820 5317 2935 5386 ejus
2954 5296 3294 5374 miseratione
3315 5315 3452 5369 fieret
3469 5296 3791 5388 recompewuf'f

2367 5382 2592 5476 eosque.
2609 5407 2751 5477 apud
2794 5382 3032 5462 divinam
3085 5405 3408 5463 clementiam
3449 5396 3665 5465 adium”

2370 5467 2755 5555 intercessores
2785 5500 3109 5556 haberemus
3139 5505 3429 5572 perpetuos.
3470 5487 3559 5545 Sed
3590 5491 3680 5536 cum

2367 5599 2518 5655 locus
2559 5601 2860 5670 piratarum
2898 5594 3291 5658 incursionibus
3316 5589 3598 5652 creberrime

2367 5667 2645 5766 infestari,
2690 5706 2746 5754 et
2793 5699 2896 5769 ipsi
2940 5697 3188 5755 monachi
3231 5694 3415 5750 multas
3453 5667 3789 5742 incommodi”s

2367 5811 2532 5875 atque
2581 5800 2862 5860 molestias
2900 5801 3102 5874 jugiter
3142 5805 3354 5872 propter
3393 5793 3483 5851 hoc
3526 5775 3784 5862 paterentur:
