4050 6340
208 363 351 420 “85

1342 345 1739 407 DIPLOMATA
1775 341 2335 404 ECCLESIASTICA.

3321 358 3464 419 1186

207 470 487 554 [cumque]
516 471 662 529 omni
690 483 832 526 anno
859 469 976 544 ipsa
998 467 1296 525 necessitas
1319 481 1414 524 eos
1439 462 1788 536 compulisset
1811 458 1867 520 Α
1887 459 2119 554 publicis
2143 476 2208 517 ac
2235 460 2489 533 palatinis
2513 461 2661 518 omni
2685 470 2927 534 tempore
2947 465 3090 524 idem
3116 467 3270 528 locus
3306 474 3466 531 abso-

203 569 458 629 eumdem
488 566 666 622 locum
707 566 775 622 ab
815 565 966 622 initio
1003 563 1156 620 verni
1205 577 1375 632 usque
1409 561 1475 616 ad
1501 560 1663 616 finem
1692 574 1788 613 au-

204 661 376 718 tomni
429 658 686 730 temporis
733 657 1002 722 deserere,
1047 666 1101 710 et
1147 653 1299 724 quasi
1339 652 1637 708 desolatum
1671 650 1789 706 sine

199 751 389 807 divino
416 747 593 805 cilicio
614 747 940 817 relinquere,
966 754 1020 801 et
1044 760 1202 801 omne
1231 744 1589 800 ministerium
1616 743 1789 800 eccle-

199 843 321 907 site,
353 841 440 898 vel
467 841 776 896 universam
816 837 1130 895 monasterii
1177 836 1598 909 suppellectilem
1643 834 1788 891 foras

198 947 399 1006 cogere
447 949 571 989 cum
617 931 768 1004 gravi
804 930 1084 1001 dispendio
1131 938 1186 986 et
1237 927 1454 996 labore;
1481 937 1540 983 et
1579 927 1727 983 aliud
1754 941 1786 982 a

152 1006 164 1032 ’
198 1041 345 1082 IIOVO
385 1024 772 1080 monasterium
811 1031 1158 1086 construere;
1184 1036 1255 1078 ne
1280 1029 1613 1077 memoratus
1639 1019 1788 1076 locus

195 1117 423 1189 penitus
451 1115 836 1170 destitueretur
881 1114 964 1169 vel
1000 1112 1387 1180 annullaretur,
1414 1121 1472 1169 et
1497 1112 1788 1168 monacho-

199 1223 328 1263 rum
354 1205 568 1261 devotio
598 1213 709 1261 tam
733 1205 940 1262 diutina
961 1205 1254 1278 agitatione
1281 1220 1544 1262 concussa
1565 1218 1628 1260 ac
1651 1220 1789 1276 prte-

195 1297 406 1370 pedita,
439 1296 582 1368 quod
609 1297 712 1352 hac
753 1296 1053 1368 procellosa
1087 1297 1493 1368 perturbatione
1531 1310 1598 1350 ex
1633 1305 1789 1366 parte

196 1390 484 1456 amiserat,
535 1404 860 1459 recuperare
904 1389 1136 1455 valeret,
1174 1390 1450 1460 petierunt
1484 1387 1786 1444 celsitudini

196 1489 403 1538 nostra!
441 1487 503 1535 ut
550 1480 606 1534 in
653 1480 883 1536 circuitu
911 1480 1034 1536 novi
1072 1481 1386 1536 monasterii
1414 1488 1653 1536 castrum
1682 1479 1788 1536 illis

194 1572 321 1630 ﬂeri
361 1573 818 1644 permitteremus,
855 1579 915 1627 ut
958 1573 1013 1627 in
1037 1587 1102 1628 eo
1141 1573 1240 1627 tuti
1275 1581 1494 1644 possent
1516 1572 1705 1628 eodem
1731 1571 1784 1628 in

191 1662 342 1730 loco,
385 1663 476 1718 ubi
522 1663 914 1734 professionem
966 1664 1271 1735 regularem
1315 1663 1578 1731 fecerant,
1627 1678 1786 1718 suum

193 1753 536 1824 propositum
566 1754 875 1820 observare,
912 1764 969 1810 et
987 1764 1171 1826 optata
1199 1756 1308 1811 Deo
1351 1757 1645 1812 miserante
1677 1755 1785 1811 frui

1889 549 2033 606 lutus
2057 562 2202 609 esset
2237 567 2335 623 per
2361 555 2504 610 hanc
2528 563 2768 612 nostram
2798 557 3265 621 confirmationem
3291 567 3469 624 modis

1888 642 2160 709 omnibus,
2187 659 2417 715 cumque
2441 661 2622 701 rerum
2661 662 2883 703 suarum
2913 649 3222 724 integritate
3249 655 3470 714 irrefra-

1888 734 2139 805 gabiliter
2168 738 2448 802 consistat,
2493 739 2610 795 sine
2648 740 2755 795 ulla
2795 741 3038 812 qualibet
3078 744 3468 816 inquietudine,

1887 824 2263 896 infestatione,
2294 829 2381 884 vel
2409 830 2694 902 cujuslibet
2733 833 3110 890 redhibitionis
3152 839 3468 908 exactione;

1889 927 1950 972 ut
1982 917 2052 973 ab
2075 919 2326 976 omnibus
2356 920 2758 992 impedimentis
2784 925 2967 980 mundi
2999 928 3246 983 monachi
3271 929 3471 988 ibidem

1886 1006 2000 1063 Deo
2023 1007 2319 1066 militantes
2345 1025 2445 1081 per
2483 1021 2732 1068 nostrum
2758 1015 2997 1070 studium
3022 1016 3178 1073 liberi
3202 1033 3267 1074 ac
3301 1021 3470 1091 quieti

1887 1097 2085 1168 effecti,
2113 1100 2224 1158 Deo
2259 1103 2658 1162 ferventissime
2689 1115 2746 1162 et
2789 1108 3131 1166 laudabiliter
3175 1112 3472 1180 deservire,

1887 1199 1942 1246 et
1969 1207 2068 1262 pro
2092 1193 2249 1250 nobis
2287 1203 2342 1252 et
2385 1197 2537 1266 prole
2564 1205 2775 1266 nostra,
2815 1200 2903 1256 vel
2929 1201 3095 1256 etiam
3125 1203 3293 1260 totius
3321 1205 3474 1277 regni

1888 1283 2180 1340 stabilitate
2208 1285 2436 1343 internis
2461 1289 2602 1346 votis
2631 1305 2696 1346 ac
2724 1289 2946 1364 jugibus
2974 1294 3226 1364 precibus
3254 1297 3474 1353 valeant

1887 1376 2178 1434 Dominum
2223 1395 2474 1436 exorare.
2504 1381 2573 1436 Et
2611 1390 2670 1437 ut
2707 1383 2826 1439 haec
2872 1385 3170 1442 auctoritas
3215 1397 3476 1458 perpetuo

1888 1471 2210 1530 inviolabilis
2232 1486 2560 1546 perseveret,
2582 1493 2703 1533 eam
2721 1480 2957 1551 propriis
2996 1480 3246 1538 manibus
3291 1483 3478 1538 subter

1887 1562 2258 1633 firmavimus,
2301 1584 2365 1626 ac
2415 1569 2599 1624 annuli
2641 1572 2817 1627 nostri
2868 1572 3225 1642 impressione
3270 1574 3477 1645 signari

1881 1671 2166 1728 jussrmus.

1957 1747 2182 1818 Signum
2221 1749 2482 1808 Ludovici
2523 1753 2860 1810 serenissimi
2903 1753 3251 1826 imperatoris
3289 1762 3347 1813 et
3372 1755 3478 1813 Lo-

193 1823 404 1915 quiete.
441 1843 680 1912 Quorum
709 1823 1047 1915 petitionem,
1085 1846 1211 1916 quia
1233 1846 1338 1901 illis
1356 1846 1511 1902 valde
1532 1861 1786 1902 necessa-
1813 1823 1863 1884 Β
1891 1839 2054 1895 lharii
2079 1840 2454 1911 gloriosissimi
2475 1844 2726 1918 Augusti.

192 1934 338 1990 riam
366 1933 682 2009 [novimus,]
713 1937 1067 2008 suscepimus,
1097 1946 1154 1993 et
1187 1947 1250 1993 ut
1291 1937 1364 1993 ita
1402 1937 1644 1993 facerent
1665 1953 1788 2008 per-

193 2025 466 2081 misimus.
500 2026 671 2082 Porro
705 2027 884 2082 divina
919 2027 1276 2098 opitulatione
1302 2028 1358 2082 in
1394 2027 1633 2083 fidelium
1668 2027 1788 2082 fulti

193 2117 486 2187 adjutorio,
529 2118 1030 2188 instantissimoque
1073 2119 1250 2175 studio
1287 2126 1449 2188 prout
1494 2126 1790 2189 potuerunt

193 2211 464 2278 adhibito,
514 2213 658 2268 idem
707 2229 844 2284 opus
888 2213 957 2268 ad
1006 2211 1257 2268 effectum
1305 2213 1416 2268 Deo
1462 2220 1790 2283 cooperante

192 2303 518 2375 perductum
545 2311 649 2359 est.
680 2301 789 2359 Sed
813 2311 874 2358 ut
896 2303 1036 2358 idem
1063 2318 1200 2373 opus
1227 2311 1503 2374 patratum
1528 2303 1661 2358 utile
1701 2301 1788 2358 fo-

190 2403 304 2461 ret,
334 2403 387 2451 et
411 2396 477 2450 ab
497 2395 900 2450 incursionibus
927 2395 1268 2451 inimicorum
1289 2403 1464 2450 tutum
1485 2395 1790 2451 consistere

192 2483 433 2550 valeret,
479 2487 755 2555 petierunt
800 2486 1000 2541 obnixe
1052 2494 1112 2542 ut
1164 2485 1552 2541 concederetur
1600 2485 1707 2541 illis
1755 2500 1789 2541 a

192 2583 382 2632 nostra
430 2577 739 2641 serenitate,
784 2584 845 2630 ut
894 2577 1143 2632 homines
1170 2576 1409 2647 ejusdem
1445 2577 1786 2643 monasterii,

192 2665 312 2721 sive
341 2665 494 2720 liberi
529 2665 644 2722 sive
673 2666 834 2732 servi,
869 2665 937 2720 ad
967 2682 1089 2721 eum
1114 2666 1504 2738 perpetualiter
1528 2667 1787 2723 tuendum

193 2757 508 2826 specialiter
535 2757 948 2829 deputarentur,
995 2766 1050 2814 et
1078 2759 1146 2813 ab
1191 2757 1313 2814 aliis
1354 2758 1585 2828 publicis
1629 2758 1790 2814 obse-

193 2846 341 2916 quiis
369 2861 468 2917 per
498 2854 742 2902 nostram
771 2847 1081 2916 largitatem
1110 2848 1379 2903 immunes
1401 2848 1784 2904 consisterent.

196 2937 398 3012 [Quod]
445 2939 678 2995 libenter
726 2948 945 3010 propter
970 2941 1354 3011 praedictorum
1379 2956 1659 2998 servorum
1688 2940 1787 2997 Dei

192 3031 437 3102 quietem
482 3033 868 3096 concessimus,
909 3042 1072 3104 atque
1096 3043 1158 3090 ut
1186 3035 1261 3090 ita
1290 3037 1346 3091 in
1383 3034 1624 3092 futurum
1653 3052 1786 3093 con-

191 3133 527 3191 servaretur,
546 3139 645 3196 per
670 3127 811 3182 hanc
833 3135 1072 3182 nostram
1094 3128 1474 3184 auctoritatem
1494 3129 1785 3186 confirma-

191 3216 397 3282 vimus,
427 3216 554 3287 quia
598 3217 784 3274 utilius
826 3219 901 3274 ita
931 3218 1051 3274 ﬁeri
1089 3219 1475 3289 judicavimus,
1519 3231 1786 3292 quatenus

192 3322 415 3380 semper
451 3324 554 3381 par
598 3308 835 3366 fidelium
874 3319 1206 3388 nostrorum.
1229 3313 1297 3367 ad
1327 3313 1574 3369 eumdem
1604 3312 1786 3372 locum

191 3401 698 3458 custodiendum...
727 3409 784 3458 et
827 3402 973 3458 idem
1017 3403 1169 3459 locus
1205 3404 1308 3460 hac
1339 3405 1628 3461 occasione
1677 3422 1788 3462 non

191 3492 414 3565 penitus
436 3491 825 3550 destrueretur.
853 3493 1087 3551 Proinde
1125 3496 1226 3552 hos
1268 3496 1577 3566 imperiales
1605 3499 1788 3569 apices

191 3581 248 3640 ei
275 3581 394 3638 fieri
443 3583 804 3651 decrevimus,
846 3601 945 3655 per
989 3602 1128 3657 quos
1173 3587 1445 3657 omnibus,
1483 3589 1626 3645 sicut
1651 3606 1790 3662 pra:-

191 3672 424 3728 missum
453 3681 557 3740 est,
589 3681 774 3730 notum
822 3675 1074 3745 facimus,
1105 3677 1231 3749 quia
1277 3679 1548 3747 volumus,
1579 3688 1636 3737 et
1672 3697 1790 3737 om-

191 3765 328 3822 nino
353 3774 459 3821 uta
480 3767 886 3824 successoribus
909 3771 1113 3828 nostris
1132 3783 1487 3829 conservetur
1511 3789 1788 3844 rogamus,

192 3866 258 3913 ut
307 3866 668 3914 memoratum
691 3862 1112 3922 ,monasterium
1167 3862 1391 3934 ejusque
1445 3866 1791 3936 congregatio

193 3948 300 4004 sub
326 3949 546 4018 speciali
567 3956 752 4005 nostra
772 3965 803 4004 a
825 3965 1202 4007 successorum
1223 3960 1540 4008 nostrorum
1560 3954 1792 4012 tuitione

193 4047 361 4110 atque
417 4041 728 4098 defensione
777 4042 1076 4110 consistat,
1133 4052 1189 4100 et
1252 4045 1600 4116 peculiariter
1652 4062 1790 4118 quo-

194 4131 486 4187 dammodo
513 4141 746 4200 tueatur,
769 4141 824 4188 et
845 4143 1042 4189 cuncta
1065 4149 1185 4204 quae
1205 4134 1281 4190 illi
1306 4145 1529 4206 propter
1550 4137 1790 4192 divinum

197 4237 438 4278 amorem
471 4225 860 4291 concessimus,
892 4237 948 4281 et
969 4241 1067 4297 per
1086 4225 1191 4281 alia
1216 4237 1402 4283 nostra
1426 4229 1632 4299 scripta
1660 4245 1792 4284 con-

196 4313 556 4379 ﬁrmavimus.
588 4317 972 4374 inviolabiliter
1010 4329 1423 4385 conserventur,
1455 4329 1512 4375 et
1540 4321 1792 4379 homines

191 4407 440 4480 ejusdem
467 4411 803 4478 monasterii,
840 4411 955 4467 sive
990 4412 1146 4466 liberi
1177 4414 1269 4482 qui
1299 4413 1563 4467 beneficia
1591 4413 1791 4468 exinde

192 4501 419 4573 habere,
446 4502 530 4556 vel
558 4517 720 4573 super
743 4502 861 4572 ejus
891 4510 1066 4560 terras
1095 4519 1442 4561 commanere
1469 4515 1786 4570 noscuntur,

192 4593 314 4651 sive
358 4593 534 4650 coloni
585 4594 671 4649 vel
719 4595 860 4650 servi
898 4595 966 4650 ad
1019 4611 1142 4650 eum
1180 4594 1328 4663 juste
1359 4598 1714 4667 pertinentes,
1752 4611 1785 4650 a

194 4686 408 4744 cunctis
449 4687 680 4757 publicis
709 4687 982 4757 obsequiis
1015 4689 1082 4748 ad
1111 4703 1212 4743 nos
1250 4689 1649 4758 pertinentibus
1678 4689 1782 4744 im-

190 4793 390 4834 munes
419 4779 489 4833 ad
530 4779 816 4833 tuitionem
849 4779 1092 4849 ejusdem
1127 4779 1230 4836 loci
1254 4779 1338 4835 vel
1364 4781 1643 4836 servitium
1673 4794 1786 4836 me-

191 4879 422 4927 moratas
464 4870 898 4942 congregationis
943 4872 1089 4928 omni
1129 4880 1370 4942 tempore
1413 4873 1541 4938 sint,
1581 4873 1784 4943 absque

194 4961 424 5033 alicujus
479 4963 726 5034 imperio.
747 5004 759 5017 .
780 5003 794 5018 .
816 5003 829 5018 .
851 5005 864 5017 .
913 4971 1075 5034 atque
1127 4965 1498 5021 subtractione
1545 4967 1784 5037 deputati

193 5063 360 5126 atque
395 5056 694 5111 constituti.
723 5056 790 5109 Et
811 5057 1068 5125 quoniam
1096 5057 1308 5114 modica
1345 5057 1541 5113 exinde
1581 5073 1787 5114 annua-

193 5148 317 5213 tim,
346 5148 487 5202 dona
527 5146 843 5216 priusquam
867 5147 1008 5202 idem
1037 5149 1172 5204 ordo
1201 5149 1400 5204 ibidem
1433 5150 1792 5207 constituere-

197 5249 307 5306 tur,
333 5241 484 5296 exire
511 5247 928 5303 consueverant,
956 5255 1026 5295 ne
1060 5239 1201 5296 forte
1225 5242 1314 5312 pia
1342 5251 1526 5297 nostra
1552 5243 1788 5310 devotio,

194 5330 419 5386 donatio
459 5339 623 5401 atque
659 5329 976 5384 constitutio
1024 5329 1205 5400 gravis
1245 5331 1312 5385 ad
1356 5330 1790 5387 conservandum

194 5423 404 5479 nostris
454 5423 858 5480 successoribus
895 5423 1207 5488 videretur,
1253 5431 1316 5479 ut
1357 5425 1534 5480 omnis
1576 5426 1792 5483 occasio

196 5512 350 5570 illam
403 5514 640 5570 violandi
691 5517 910 5587 penitus
947 5515 1292 5582 auferretur,
1345 5516 1680 5574 instituimus
1731 5527 1796 5575 ut

169 5597 295 5660 'sex
321 5604 473 5662 libra:
521 5609 731 5678 argenti
787 5609 932 5664 omni
969 5624 1112 5663 anno
1159 5609 1226 5664 ad
1270 5610 1473 5681 regiam
1515 5626 1790 5667 cameram

199 5697 397 5753 exinde
438 5699 833 5769 persolvuntur,
881 5717 944 5758 ca
995 5701 1243 5758 videlicet
1283 5703 1592 5760 conditione
1626 5713 1686 5759 ut
1722 5706 1793 5762 ab

197 5786 454 5846 omnibus
475 5785 636 5848 doliis
656 5791 740 5849 vel
768 5792 1061 5865 obsequiis,
1091 5809 1186 5851 seu
1232 5811 1262 5852 a
1297 5795 1510 5853 cunctis
1536 5796 1794 5868 operibus

1959 1933 2094 1990 Data
2130 1953 2190 1992 ιιι
2231 1937 2412 1994 Nonas
2437 1938 2685 2010 Augusti,
2719 1956 2862 1996 anno
2891 1939 3111 1999 Christo
3142 1942 3381 2014 propitio
3409 1942 3478 1999 17

1888 2025 2102 2098 imperii
2150 2029 2332 2085 domni
2383 2029 2641 2087 Ludovici
2689 2033 2920 2103 piissimi
2955 2033 3206 2106 Augusti,
3235 2032 3478 2091 Lotharii

1888 2115 2121 2174 Caesaris
2145 2120 2198 2175 8.
2230 2120 2426 2176 Actum
2455 2120 2691 2178 Silviaco
2717 2124 2938 2195 palatio.

1962 2209 2348 2269 Hirminmaris
2386 2214 2633 2271 notarius
2672 2216 2742 2271 ad
2781 2217 2958 2272 vicem
3000 2215 3285 2292 Fredugisi
3327 2232 3480 2276 reco-

1889 2301 2099 2371 gnovit.

2597 2394 2747 2451 CLII.

2297 2502 2400 2542 ριιο
2438 2501 2778 2544 IONASTERIO
2805 2501 3075 2544 BESUENSI.

2500 2578 2674 2650 (Anno
2716 2577 2868 2650 850.)

1961 2666 2138 2740 [Apud
2159 2667 2224 2723 D.
2251 2668 2518 2740 Bouquet.
2553 2669 2662 2723 ibid
2685 2685 2754 2724 ex
2781 2668 3061 2740 Spicilegio
3108 2667 3408 2745 Dacherii.]

1961 2755 2021 2811 In
2069 2756 2289 2813 nomine
2317 2757 2532 2812 Domini
2582 2758 2680 2814 Dei
2725 2767 2781 2814 et
2823 2758 3120 2815 Salvatoris
3154 2759 3327 2816 nostri
3352 2758 3482 2818 Jesu

1886 2845 2107 2913 Christi,
2123 2847 2428 2904 Ludovicus
2441 2857 2496 2906 et
2519 2849 2813 2907 Lotharius
2837 2851 3022 2906 divina
3045 2851 3334 2908 ordinante
3353 2866 3482 2922 pro-

1885 2937 2125 2994 videntia
2155 2939 2513 3009 imperatores
2546 2939 2798 3013 Augusti.

1956 3028 2016 3086 Si
2042 3030 2398 3100 petitionibus
2429 3047 2708 3087 servorum
2733 3032 2828 3088 Dei
2849 3031 3013 3104 justis
3040 3039 3098 3088 et
3132 3031 3475 3089 rationabili-

1887 3119 1990 3176 bus
2017 3120 2186 3176 divini
2205 3120 2384 3177 cultus
2404 3137 2590 3178 amore
2618 3123 2882 3190 favemus,
2914 3138 3146 3196 superna
3173 3139 3273 3180 nos
3307 3123 3482 3196 gratia

1811 3183 1858 3246 (ἶ
1888 3211 2089 3266 muniri
2117 3228 2226 3267 non
2255 3211 2572 3268 difﬁdimus.
2625 3183 2879 3270 Proinde'
2906 3183 3207 3286 coniperiat
3235 3183 3480 3272 omnium

1889 3301 2126 3376 fidelium
2158 3312 2490 3372 nostrorum,
2531 3307 2881 3376 prmsentium
2929 3307 3138 3363 scilicet
3177 3322 3242 3363 ac
3270 3305 3480 3363 futuro-

1888 3408 2034 3460 rum,
2083 3393 2331 3462 solertia,
2364 3397 2493 3466 quia
2540 3398 2807 3470 suggessit
2851 3399 3251 3455 mansuetudini
3283 3407 3481 3456 nostra

1887 3486 1976 3542 vir
1999 3488 2327 3545 venerabilis
2351 3489 2635 3545 Albericus
2659 3489 3018 3561 Lingonensis
3046 3489 3305 3545 Ecclesiae
3342 3504 3479 3560 pne-

1892 3577 1998 3644 sul,
2029 3578 2592 3650 qualitergquamdam
2637 3578 2933 3646 abbatiam,
2961 3580 3117 3651 cujus
3162 3579 3481 3636 vocabulum

1893 3682 1978 3729 est
2031 3674 2175 3731 Fons
2216 3676 2454 3743 Besuus,
2514 3691 2583 3732 ex
2630 3677 2794 3732 rebus
2845 3675 3096 3731 videlicet
3145 3677 3480 3746 episcopatus

1891 3769 1995 3834 sui,
2019 3769 2113 3824 ubi
2143 3770 2428 3838 quemdam
2460 3769 2707 3824 monachi
2738 3767 3063 3838 regulariter
3087 3767 3332 3822 viventes
3360 3765 3479 3822 fue-

1891 3867 2037 3923 rant,
2069 3859 2165 3913 sed
2193 3858 2454 3912 moderno
2485 3867 2727 3928 tempore
2773 3858 2992 3927 penitus
3021 3844 3139 3912 erat
3180 3857 3480 3923 destructa,

1893 3965 1926 4003 a
1980 3949 2346 4004 fundamentis
2393 3949 2762 4015 reaediflcavit,
2809 3948 3039 4005 mdificia
3063 3963 3302 4021 congrua
3352 3964 3476 4005 con-

1893 4042 2113 4106 struxit,
2147 4042 2440 4096 monachos
2465 4040 2746 4107 adunavit,
2789 4041 3038 4097 abbatem
3070 4041 3236 4096 etiam
3263 4042 3480 4099 nomine

1894 4131 2176 4203 Seraphim
2200 4131 2461 4202 pmfecit.
2504 4131 2572 4186 Et
2598 4141 2660 4186 ut
2701 4133 2952 4188 monachi
2999 4132 3054 4188 in
3105 4132 3294 4188 eodem
3339 4131 3478 4199 loco,

1891 4225 2120 4281 Domino
2173 4224 2493 4295 adjuvante,
2553 4227 2867 4298 congregati
2918 4227 3112 4283 melius
3159 4237 3216 4284 et
3257 4226 3482 4285 liberius

1892 4319 1992 4374 sub
2021 4334 2213 4374 norma
2243 4327 2447 4374 sanctae
2480 4319 2682 4390 regula:
2737 4319 2853 4375 Deo
2889 4320 3209 4387 militarent,
3237 4336 3346 4376 non
3386 4335 3479 4377 so-

1893 4410 2004 4465 lum
2061 4426 2150 4465 res
2210 4426 2332 4480 quae
2399 4411 2467 4464 ad
2523 4411 2838 4481 praedictam
2905 4413 3177 4467 abbatiam
3240 4411 3482 4483 legaliter

1893 4501 2258 4571 pertinebant,
2288 4500 2360 4556 ibi
2387 4503 2641 4567 reddidit,
2669 4504 2762 4558 sed
2792 4504 2956 4559 etiam
2985 4504 3120 4560 alias
3138 4519 3226 4560 res
3253 4503 3320 4560 de
3345 4519 3470 4575 prae-

1895 4592 2009 4648 fato
2037 4593 2353 4662 episcopatu
2379 4595 2577 4651 ibidem
2617 4594 2886 4664 subjecit;
2919 4596 3014 4652 sed
3043 4605 3099 4653 et
3140 4597 3484 4654 constitutio-

1895 4683 1982 4738 nis
2010 4683 2340 4749 chartulam,
2365 4701 2528 4754 quam
2557 4687 2671 4756 ipse
2726 4703 2828 4741 una
2860 4703 2958 4756 per
2991 4702 3314 4742 consensum
3365 4701 3484 4743 me-

1897 4775 2210 4845 tropolitani
2223 4777 2306 4831 sui
2321 4776 2589 4848 Agobardi
2608 4779 3026 4850 archiepiscopi,
3047 4788 3103 4833 et
3118 4778 3486 4852 suﬂ'raganeo-

1897 4886 2017 4925 rum
2041 4887 2286 4939 suorum,
2309 4889 2409 4928 nec
2432 4889 2538 4928 non
2553 4883 2608 4928 et
2630 4873 2762 4930 cleri
2784 4874 2886 4929 sibi
2904 4874 3155 4944 subjecti,
3171 4885 3486 4947 etquorum-

1899 4963 2021 5018 dam
2036 4963 2299 5018 laicorum
2313 4965 2573 5019 nobilium
2591 4966 3033 5033 continuaverat,
3051 4967 3208 5024 nobis
3223 4967 3481 5036 ostendit,

1895 5053 1950 5108 in
1974 5069 2079 5123 qua
2117 5055 2328 5124 plenius
2364 5056 2731 5128 conscriptum
2762 5066 2901 5122 erat,
2932 5074 3040 5114 non
3068 5059 3242 5113 solum
3287 5073 3377 5114 res
3413 5059 3482 5116 ad

1887 5142 2002 5213 jam
2072 5145 2274 5200 dictam
2339 5145 2609 5200 abbatiam
2681 5147 2931 5220 legaliter
2995 5148 3330 5219 pertinentes
3407 5146 3484 5203 ibi

1893 5240 2215 5306 reddidisse,
2242 5254 2431 5295 verum
2467 5241 2632 5296 etiam
2661 5243 2711 5298 ei
2751 5243 3011 5314 quasdam
3037 5259 3123 5299 res
3161 5243 3228 5299 de
3279 5259 3485 5300 memo-

1895 5347 2017 5392 rato
2053 5338 2369 5409 episcopatu
2391 5355 2489 5393 suo
2512 5339 2712 5394 ibidem
2736 5338 3051 5407 subiecisse.
3099 5338 3338 5406 Quarum
3366 5340 3484 5396 haec

1893 5439 2021 5488 sunt
2079 5431 2299 5486 nomina
2345 5449 2356 5484 :
2409 5431 2722 5487 Pauliacum
2787 5447 2911 5487 cum
2968 5432 3302 5504 appendiciis
3346 5431 3479 5496 suis,

1892 5523 2239 5579 Bellenavum
2284 5523 2464 5578 vicum
2503 5539 2626 5580 cum
2655 5523 2769 5580 suis
2809 5523 3164 5595 appendiciis,
3209 5525 3482 5581 Arconem

1895 5631 2021 5671 cum
2049 5615 2383 5686 appendiciis
2413 5616 2545 5670 suis.
2579 5616 2715 5670 Istas
2740 5617 2896 5672 villas
2939 5633 3060 5673 cum
3095 5616 3348 5673 omnibus
3384 5612 3480 5668 ad-

1888 5706 2162 5776 jaceutiis,
2203 5723 2299 5762 seu
2329 5715 2387 5762 et
2416 5709 2562 5763 omni
2589 5724 2646 5762 re
2675 5709 3037 5780 superposita,
3078 5707 3304 5778 campis,
3357 5720 3480 5776 pra-
3560 5702 3567 5709 ’

1894 5799 1986 5866 tis,
2039 5799 2192 5856 silvis
2214 5841 2228 5866 ,
2272 5799 2574 5872 pomiferis,
2625 5803 2844 5873 pascuis
2867 5843 2884 5870 ,
2931 5801 3272 5864 accessibus,
3321 5796 3478 5871 aquis
