4050 6340
261 265 402 324 1189

255 481 484 545 perator
525 471 799 542 Augustus
1331 515 1339 522 .

329 563 386 616 Si
421 563 772 634 petitionibus
803 577 1082 619 servorum
1110 561 1204 618 Dei
1244 579 1342 634 pro
1383 563 1710 634 quibuslibet
1752 577 1842 618 ec—

254 655 578 714 clesiasticis
607 659 1022 714 necessitatibus
1061 673 1220 712 aures
1251 666 1464 712 nostras
1509 657 1841 727 pulsantium

252 745 486 822 libenter
513 750 822 814 annuimus,
847 757 902 802 et
940 749 1006 802 ad
1055 749 1250 802 divinzc
1295 748 1550 818 potentiae
1575 746 1678 818 [in]
1709 747 1843 800 locis

251 823 367 896 Deo
409 841 606 894 dicatis
653 841 873 894 uberius
911 837 1276 893 famulandum
1308 839 1566 892 auxilium
1609 837 1842 908 porrigi-

247 947 402 996 mus,
427 934 478 987 id
512 933 666 988 nobis
695 933 880 1002 procul
933 933 1095 986 dubio
1137 939 1194 984 et
1240 931 1306 985 ad
1347 930 1634 986 mortalem
1669 930 1838 984 vitam

245 1023 628 1093 temporaliter
672 1025 1058 1090 deducendam,
1100 1031 1156 1080 ct
1199 1025 1266 1078 ad
1315 1021 1550 1078 futuram
1607 1021 1840 1078 feliciter

247 1117 637 1184 obtinendam,
716 1117 1059 1172 commodum
1133 1117 1418 1187 provenire
1493 1115 1836 1170 conﬁdimus.

247 1209 445 1264 Notum
477 1211 640 1281 igitur
662 1227 780 1266 esse
813 1211 1062 1264 volumus
1091 1209 1303 1265 cunctis
1333 1207 1578 1262 ﬁdelibus
1609 1207 1833 1272 nostris,

245 1301 517 1370 episcopis
547 1301 816 1362 videlicet,
863 1301 1166 1364 abbatibus,
1219 1300 1464 1362 ducibus,
1520 1300 1832 1362 comiti—bus,

246 1387 579 1452 domesticis,
632 1390 984 1460 graﬁonibus,
1025 1391 1267 1455 vicariis,
1313 1390 1660 1455 centenariis,
1703 1389 1836 1443 telo-

243 1483 473 1549 neariis,
529 1484 863 1546 actionariis,
915 1483 1094 1537 missis
1137 1481 1339 1536 nostris
1383 1480 1830 1546 discurrentibus,

247 1589 346 1630 nec
373 1591 478 1628 non
508 1585 564 1629 et
603 1575 827 1644 reliquis
867 1575 1113 1630 fidelibus
1154 1583 1354 1630 sanctze
1399 1574 1496 1628 Dei
1557 1573 1829 1638 Ecclesitc,

241 1665 604 1734 praesentibus
639 1665 844 1721 scilicet
875 1675 930 1720 et
971 1667 1198 1726 futuris.
1237 1667 1361 1735 quia
1391 1667 1477 1719 vir
1503 1665 1830 1720 venerabilis

239 1755 558 1812 Guubaldus
586 1758 751 1812 abbas
781 1759 1099 1813 monasterii
1129 1759 1359 1820 Carroﬂ‘,
1384 1757 1528 1828 quod
1559 1767 1644 1813 est
1665 1758 1828 1812 situm
1857 1765 1906 1825 Β

239 1847 296 1902 in
327 1863 464 1918 pago
489 1847 838 1916 Pictaviensi,
882 1863 1044 1918 super
1071 1849 1291 1903 fluvium
1331 1848 1667 1912 Carentonae,
1703 1865 1831 1903 cou-

239 1949 507 1994 structum
540 1939 592 1993 iu
623 1940 826 1994 honore
855 1941 1068 1994 Domini
1107 1941 1200 1995 Dei
1233 1949 1288 1995 et
1327 1939 1628 1994 Salvatoris
1657 1939 1830 1994 nostri

239 2028 364 2083 Jesu
387 2029 586 2084 Christi
619 2031 786 2085 missa
813 2033 1075 2101 petitione
1117 2047 1214 2103 per
1235 2033 1412 2086 virum
1451 2033 1827 2087 venerabilem

229 2119 533 2176 Baldenum
599 2125 910 2193 religiosum
963 2127 1328 2190 monachum,
1373 2127 1668 2181 obsecrans
1727 2141 1827 2179 no-

237 2221 410 2268 stram
460 2213 804 2269 clementiam
851 2223 912 2268 ut
958 2217 1134 2270 eidem
1200 2217 1533 2272 monasterio
1582 2225 1636 2271 et
1695 2232 1828 2271 con-

235 2307 544 2375 gregationi
577 2307 773 2362 ibidem
813 2309 921 2361 Deo
943 2307 1226 2362 famulauti
1255 2310 1524 2364 teloneum
1545 2308 1614 2363 de
1657 2310 1830 2364 tribus

235 2397 474 2472 navibus
501 2413 619 2466 qua:
653 2413 751 2467 per
777 2397 990 2468 Ligeris
1033 2399 1275 2465 fluvium,
1325 2399 1440 2454 sive
1490 2416 1588 2468 per
1633 2409 1828 2454 caetera

233 2486 480 2554 flumina,
519 2507 618 2545 nec
665 2508 772 2545 non
815 2503 870 2546 et
899 2509 994 2562 per
1031 2509 1178 2548 mare
1224 2495 1292 2548 ob
1329 2495 1592 2548 utilitates
1635 2503 1690 2548 et
1733 2510 1828 2548 nc-

233 2587 516 2640 cessitates
563 2587 730 2655 ipsius
781 2589 1216 2658 congregationis
1278 2587 1582 2643 discurrere
1637 2589 1826 2641 viden-

233 2684 346 2740 tur,
369 2679 436 2730 ob
473 2678 897 2732 emolumentum
931 2681 1126 2733 animm
1155 2687 1353 2732 nostra:
1377 2679 1820 2734 concederemus.

229 2765 396 2835 'Cujus
422 2768 674 2836 precibus
696 2770 763 2823 ob
787 2785 1024 2823 amorem
1055 2769 1147 2822 Dei
1178 2781 1232 2824 et
1265 2771 1622 2824 reverentiam
1651 2771 1820 2840 ipsius

233 2853 752 2915 sacratissimi‘loci
803 2861 1038 2916 libenter
1085 2861 1474 2931 acquievimus,
1528 2873 1582 2917 et
1614 2863 1822 2918 beneﬁ-

234 2951 382 3006 cium
446 2951 590 3019 quod
645 2951 798 3006 nobis
847 2951 1161 3021 postulavit,
1221 2953 1551 3008 monasterio
1605 2954 1826 3022 suisque

231 3042 537 3096 rectoribus
573 3041 688 3096 ﬁeri
710 3041 1004 3109 jussimus;
1035 3057 1134 3112 per
1157 3044 1298 3111 quod
1321 3045 1532 3098 cunctis
1571 3044 1822 3098 fidelibus

231 3139 436 3186 sancire
467 3129 560 3182 Dei
607 3131 858 3184 Ecclesiae
885 3133 1198 3200 nostrisque
1222 3131 1477 3198 juhcmus
1505 3141 1664 3202 atque
1705 3149 1820 3186 om-
1849 3126 1894 3189 C

231 3219 361 3275 nino
389 3220 750 3288 pra'cipimus,
781 3229 838 3272 ut
865 3220 1174 3290 ultimaque.
1209 3222 1480 3291 praedicta:
1517 3230 1630 3276 tres
1659 3237 1826 3276 naves

232 3327 354 3382 qua:
379 3325 474 3379 per
499 3311 706 3382 Ligeris
743 3310 986 3374 fluvium,
1019 3321 1080 3365 ut
1105 3314 1363 3376 diximus,
1413 3320 1467 3366 et
1513 3329 1610 3383 per
1631 3323 1827 3368 catera

229 3401 480 3468 ﬂumina,
508 3419 608 3458 nec
653 3417 760 3457 non
805 3411 858 3457 et
889 3419 986 3472 per
1013 3419 1163 3458 mare
1201 3405 1508 3460 discurrere
1553 3407 1823 3474 videntur,

229 3493 568 3556 advenerim,
610 3501 701 3547 aut
738 3493 972 3562 aliquem
1019 3503 1296 3549 accessum
1345 3497 1666 3562 habuerint,
1711 3497 1826 3550 nul-

227 3585 346 3640 lum
378 3585 664 3648 teloneum,
705 3593 797 3639 aut
823 3586 1107 3654 ripaticmn
1147 3597 1208 3650 ιι,
1255 3595 1346 3639 aut
1377 3589 1714 3656 poutaticum
1759 3587 1824 3656 δ,

233 3685 330 3730 aut
361 3676 708 3730 salutaticum
737 3687 758 3714 ε
784 3717 796 3740 ,
849 3685 944 3730 aut
971 3677 1176 3731 nullum
1211 3691 1433 3732 censum
1461 3677 1544 3732 vel
1588 3679 1828 3734 redhibi-

229 3767 434 3822 tioncm
471 3769 538 3822 ab
579 3769 710 3837 ipsis
755 3777 846 3822 aut
889 3769 956 3822 ab
985 3769 1317 3832 hominibus,
1361 3771 1451 3838 qui
1497 3785 1590 3822 eas
1633 3773 1828 3840 prrevi-

228 3857 358 3912 dere
410 3851 626 3922 debent,
691 3859 934 3926 accipere
975 3867 1066 3911 aut
1128 3867 1380 3913 exactare
1441 3867 1775 3928 praesumant
1809 3902 1822 3926 ,

227 3949 326 4004 sed
357 3948 516 4003 liceat
543 3950 671 4018 ipsis
697 3949 1006 4004 hominibus
1033 3950 1122 4019 qui
1167 3963 1261 4004 cas
1285 3951 1582 4018 praevidere
1607 3951 1825 4014 debent,

215 4039 458 4108 ~pacilicc
509 4039 849 4103 discurrere,
907 4047 963 4092 et
1016 4041 1231 4108 negotia
1293 4055 1390 4094 sua
1443 4039 1612 4093 libere
1673 4055 1828 4107 pera-

231 4147 396 4202 gere,
451 4139 506 4190 et
571 4131 638 4184 ad
699 4147 1052 4202 quascunque
1117 4133 1404 4198 civitates,
1458 4131 1678 4185 castella
1735 4139 1828 4186 aut

227 4235 460 4296 portus,
502 4225 656 4279 villas
713 4225 796 4279 vel
849 4227 967 4280 loca
1015 4241 1294 4281 accessum
1349 4225 1674 4290 habuerint,
1737 4232 1831 4278 aut

227 4317 436 4386 aliquid
465 4317 692 4371 mercati
729 4315 930 4370 fuerint
971 4327 1064 4370 aut
1089 4317 1452 4380 vendiderint,
1505 4315 1705 4369 nullam
1739 4317 1825 4368 iu-

227 4407 602 4478 quietudinem
631 4415 724 4460 aut
751 4407 1116 4462 detentionem
1163 4415 1256 4461 aut
1285 4409 1730 4462 contrarietatem
1756 4407 1825 4461 ab

227 4499 412 4569 aliquo
441 4502 725 4569 patiantur
751 4517 764 4552 :
795 4501 908 4564 sed,
952 4501 1094 4554 sicut
1129 4499 1384 4562 diximus,
1413 4513 1535 4553 cum
1563 4499 1713 4554 omni
1741 4515 1828 4552 se—
1851 4493 1905 4556 D

227 4595 466 4650 caritate
507 4601 562 4647 et
597 4592 984 4662 tranquillitate
1029 4592 1188 4646 liceat
1233 4601 1288 4645 ct
1315 4592 1564 4644 homines
1609 4591 1700 4660 qui
1729 4605 1825 4646 cas

223 4687 550 4758 pnevident,
591 4686 644 4739 in
675 4685 974 4754 quamlibet
1001 4691 1215 4754 partem
1259 4685 1341 4737 ire
1389 4691 1442 4738 et
1491 4684 1719 4738 redire:
1763 4691 1820 4737 et

225 4779 363 4834 nihil
389 4779 460 4832 ab
498 4780 578 4832 eis
601 4793 846 4848 prorsus,
892 4787 952 4832 ut
975 4779 1178 4834 dictum
1209 4785 1315 4842 cst,
1345 4794 1376 4831 a
1421 4777 1662 4847 quolibet
1698 4777 1824 4832 ﬁde-

217 4871 364 4926 ditim
395 4881 703 4926 ausu-orum
727 4871 996 4940 exigatur.
1031 4871 1097 4923 Et
1129 4879 1190 4924 ut
1218 4870 1334 4924 haec
1361 4869 1660 4923 auctoritas
1687 4883 1824 4938 prte-

223 4963 496 5034 ceptionis
545 4973 746 5019 nostrae
795 4963 1002 5018 ﬁrmior
1055 4965 1341 5028 habeatur,
1394 4973 1448 5018 et
1501 4979 1532 5016 a
1571 4961 1817 5018 ﬁdelibus

227 5067 434 5112 sanctae
475 5057 569 5110 Dei
599 5055 854 5110 Ecclesia:
879 5063 935 5110 ct
961 5057 1162 5110 nostris
1189 5057 1498 5126 diligentius
1533 5069 1819 5111 conserve-

227 5160 344 5216 tur,
393 5149 580 5204 annuli
625 5149 799 5202 nostri
827 5149 1184 5218 impressione
1227 5165 1348 5204 eam
1373 5149 1634 5220 jussimus
1683 5146 1821 5202 assi-

231 5245 410 5316 gnari.

307 5403 334 5432 ι
373 5389 700 5460 Ripaticum,
731 5386 868 5460 (trait
895 5385 958 5438 de
979 5384 1180 5460 _rivage,
1205 5389 1322 5440 erat
1353 5383 1635 5460 tributum,
1667 5381 1814 5452 quod

233 5455 546 5517 solvebatur
603 5461 656 5513 in
706 5459 854 5528 ripis,
911 5455 996 5512 vel
1065 5455 1165 5526 pro
1239 5457 1520 5528 aggeribus
1573 5455 1812 5528 riparum

233 5533 470 5595 tuendis,
495 5530 582 5584 vel
601 5547 697 5600 pro
727 5527 998 5584 mercibus
1039 5543 1159 5598 qua:
1192 5529 1246 5582 in
1293 5527 1420 5600 ripis
1466 5527 1811 5600 exponeban-

229 5610 347 5666 tur,
374 5603 454 5656 vel
481 5599 642 5656 etiam
669 5617 764 5668 pro
800 5600 1056 5656 facultate
1093 5600 1302 5656 terendi
1343 5599 1487 5669 ripas
1527 5599 1812 5654 ad-subvc-

231 5674 442 5730 hendas
469 5671 761 5728 naviculas.

311 5745 341 5787 δ
375 5743 734 5812 Pontaticutn,
761 5751 1006 5816 pontuge,
1036 5750 1155 5801 erat
1191 5744 1417 5820 vectigal
1457 5741 1702 5818 pontium
1729 5737 1814 5796 vel

1423 260 1820 320 DIPLOMATA
1855 255 2411 329 ECCLESIASTICAI

257 379 482 444 Christi,
514 375 818 434 Ludovicus
847 376 1030 433 divina
1061 376 1346 433 ordinante
1370 379 1710 447 providentia
1741 379 1840 434 im—
1865 377 1922 441 Α

3383 276 3526 338 H90

2652 381 2804 441 CLV.

2017 484 2120 526 rno
2171 487 2521 530 PARTHENONB
2559 487 2779 530 sane-ne
2809 476 3016 534 ἰιΑιιε
3055 463 3452 540 νοιοωιιιςιιεί.

2555 569 2728 640 (Anno
2774 570 2924 642 850.)

1945 653 2122 742 [Apud
2169 655 2393 722 Mabill.,
2444 659 2582 742 Ann.
2822 662 3161 742 _S._Bengd._,_
3195 675 3330 742 tom.
3361 669 3427 742 Π,
3462 689 3542 742 p.'

2023 727 2118 808 75:7
2139 769 2154 792 ,
2195 745 2260 810 αις
2297 733 2614 812 ξιρθξζιίιιξὴᾳ
2643 733 2994 792 illustrissimi
3025 727 3256 810 Philippi
3285 757 3318 798 a
3350 727 3524 800 Turi‘e

2014 800 2254 868 episc0pi
2287 800 2616 876 Adriensis.]

2011 889 2068 944 In
2115 905 2333 946 nomine
2371 892 2584 948 Domini
2637 901 2692 950 et
2743 895 3122 968 Redemptoris
3171 903 3344 958 nostri
3393 903 3522 961 Jesu

1941 981 2183 1050 Christi,
2223 983 2524 1040 Ludovicus
2567 995 2622 1042 et
2673 987 2964 1046 Lotharius
3010 991 3192 1050 divina
3229 995 3522 1054 ordinante

1933 1077 2278 1146 provulentia
2305 1078 2660 1146 imperatores
2681 1080 2930 1152 Augusti.

2011 1167 2068 1222 Si
2097 1168 2436 1224 liberalitatis
2465 1179 2660 1225 nostra:
2683 1188 2903 1228 munere
2926 1174 3126 1246 aliquid
3151 1175 3285 1234 locis
3307 1177 3416 1236 Deo
3442 1179 3514 1236 di.

1935 1255 2077 1316 catis
2127 1261 2312 1314 auxilii
2347 1260 2679 1318 conferimus
2703 1305 2717 1328 ,
2751 1264 2802 1316 id
2831 1265 2986 1320 nobis
3029 1268 3216 1338 procul
3267 1270 3427 1326 dubio
3453 1273 3522 1328 ad

1937 1353 2282 1410 stabilitatem
2315 1354 2528 1424 imperii
2559 1357 2732 1410 nostri
2761 1365 2814 1412 et
2863 1360 2930 1414 ad
2966 1361 3158 1416 anima:
3185 1363 3520 1420 emolumen-

1935 1455 2050 1500 tum
2077 1446 2422 1516 profuturmn
2471 1448 2677 1518 liquido
2705 1451 2998 1508 credimus.
3051 1454 3282 1510 Proinde
3309 1457 3522 1514 noverit

1935 1539 2263 1608 experientia
2289 1542 2531 1596 omnium
2557 1541 2793 1598 ﬁdelium
2817 1551 3017 1598 sancta:
3031 1545 3288 1600 Ecclesia:
3309 1557 3520 1604 nostro-

1933 1645 2180 1702 rumque,
2213 1640 2321 1686 tam
2349 1634 2696 1701 prmsentium
2721 1651 2884 1706 quam
2909 1636 3246 1703 futurorum,
3274 1639 3399 1706 quia
3429 1655 3520 1694 ve-

1933 1721 2088 1776 niens
2123 1723 2178 1776 in
2215 1725 2560 1792 praesentiam
2591 1726 2844 1782 culminis
2880 1729 3052 1782 nostri
3091 1728 3392 1784 Maxentius
3421 1729 3522 1784 Ec-

1933 1813 2108 1868 clesia:
2133 1814 2494 1883 Aquileiensis
2519 1819 2852 1886 patriarcha,
2901 1820 3155 1890 precibus
3181 1821 3378 1892 quibus
3423 1837 3518 1877 va-

1932 1905 2032 1960 luit
2067 1917 2310 1962 nostram
2357 1909 2667 1980 imploravit
2695 1911 3059 1978 clementiam,
3113 1914 3192 1968 uti
3241 1922 3516 1970 monaste-

1931 1999 2072 2052 rium
2099 1999 2400 2068 puellarum
2425 2002 2567 2070 quod
2617 2003 2816 2058 dicitur
2863 2003 3078 2060 Sancta:
3129 2005 3346 2072 Marie,
3376 2007 3520 2076 quod

1931 2096 2015 2142 est
2043 2089 2206 2142 situm
2250 2090 2406 2160 juxta
2441 2091 2722 2146 basilicam
2779 2091 2962 2148 Sancti
2991 2092 3236 2162 Joannis,
3271 2105 3522 2150 constru-

1931 2191 2073 2236 ctam
2103 2182 2244 2238 infra
2275 2199 2462 2240 muros
2489 2185 2725 2240 civitatis
2747 2185 3158 2255 Forojuliensis,
3199 2189 3252 2242 in
3279 2189 3398 2244 loco
3426 2188 3520 2260 qui

1931 2276 2128 2332 dicitur
2151 2276 2335 2342 Vallis,
2369 2281 2646 2348 praedictis
2679 2281 2838 2334 matri
2865 2281 3108 2336 ecclesia
3139 2282 3314 2336 sancti
3347 2281 3517 2337 Marci

1929 2368 2276 2436 evangelista:
2310 2379 2364 2422 et
2395 2373 2570 2424 sancti
2607 2371 2989 2428 Hermachorae
3039 2373 3297 2444 martyris
3347 2381 3512 2444 atque

1925 2457 2204 2526 pontificis
2229 2499 2244 2524 ,
2287 2459 2374 2514 tibi
2405 2469 2628 2516 auctore
2661 2461 2774 2517 Deo
2805 2463 2922 2534 ipse
2951 2464 3265 2532 patriarcha
3292 2471 3512 2534 praeest,

1927 2551 2288 2614 tradere-mus,
2311 2553 2452 2622 quod
2481 2553 2554 2608 ita
2585 2564 2640 2608 et
2668 2571 2764 2610 nos
2787 2554 2981 2610 fecis;.c
3006 2557 3246 2612 omnium
3276 2563 3519 2610 vestrum

1927 2653 2218 2710 cognoscat
2249 2644 2536 2698 industria.
2586 2645 2654 2702 Et
2711 2647 2834 2700 ideo
2873 2649 2945 2702 ob
2977 2648 3252 2704 ﬁrmitatis
3279 2649 3520 2704 studium

1927 2732 2028 2788 hos
2057 2743 2273 2790 nostros
2301 2735 2609 2807 imperiales
2642 2740 2826 2808 apices
2849 2741 3120 2810 praedicta:
3143 2741 3303 2796 matri
3339 2739 3516 2796 eccle-

1929 2825 2024 2882 siae
2055 2827 2473 2897 ﬁerijussimus,
2508 2848 2606 2902 per
2627 2850 2765 2904 quos
2797 2835 3138 2906 prmcipimus
3175 2844 3338 2906 atque
3361 2836 3521 2906 jube-

1927 2934 2048 2974 mus
2101 2928 2159 2974 ut
2207 2924 2528 2980 praedictum
2577 2929 2970 2984 monasterium
3011 2929 3311 3000 puellarum
3339 2969 3354 2994 ,
3394 2945 3518 2984 cum

1921 3011 2088 3066 rebus
2117 3021 2174 3066 et
2199 3014 2510 3070 hominibus
2537 3020 2604 3072 ad
2641 3019 2695 3072 id
2719 3020 2866 3092 juste
2891 3019 3214 3092 et-legaliter
3261 3021 3518 3090 praesenti

1926 3108 2169 3170 tempore
2197 3106 2608 3174 aspicientibus.
2637 3111 2835 3166 abhinc
2867 3115 2918 3165 in
2943 3111 3184 3166 futurum
3219 3113 3274 3166 iu
3305 3110 3432 3180 jure
3459 3119 3518 3166 et

1931 3202 2203 3264 potestate
2241 3199 2512 3265 praedicta:
2541 3199 2782 3256 ecclesia:
2829 3211 2883 3256 et
2927 3211 3199 3258 rectorum
3245 3202 3362 3272 ejus
3391 3219 3520 3258 con-

1929 3287 2118 3340 sistat:
2152 3288 2226 3342 ita
2252 3290 2532 3356 videlicet,
2557 3303 2617 3346 ut
2647 3294 2909 3364 quidquid
2936 3305 3178 3350 rectores
3203 3303 3257 3350 et
3281 3295 3518 3351 ministri
3605 3355 3618 3368 ,

1927 3387 2245 3432 memorate
2310 3380 2558 3436 ecclesiae
2615 3381 2688 3438 ob
2753 3385 3042 3442 utilitatem
3106 3395 3160 3440 et
3211 3386 3516 3460 profectum

1929 3465 2048 3536 ejus
2077 3470 2339 3524 canonice
2391 3472 2648 3530 ordinare
2691 3483 2858 3546 atque
2887 3478 3175 3548 disponere
3225 3479 3515 3546 voluerint,

1929 3557 2102 3613 libero
2125 3559 2179 3614 in
2201 3563 2456 3616 omnibus
2471 3564 2826 3636 perfruantur
2845 3569 3075 3624 arbitrio
3101 3568 3334 3624 faciendi
3359 3569 3518 3640 quid-

1929 3650 2058 3720 quid
2086 3651 2364 3724 elegerint.
2395 3655 2462 3708 Et
2504 3665 2564 3710 ut
2587 3659 2708 3714 hate
2737 3661 3038 3716 auctoritas
3083 3661 3386 3732 largitionis
3417 3677 3515 3716 no-

1929 3753 2056 3798 stra:
2083 3745 2290 3800 ﬁrmior
2315 3747 2603 3815 habeatur,
2631 3759 2684 3804 et
2709 3767 2806 3820 per
2836 3751 3018 3806 futura
3043 3761 3286 3822 tempora
3312 3753 3508 3809 melius

1930 3847 2304 3904 conservetur,
2339 3843 2590 3898 manibus
2643 3845 2874 3913 propriis
2921 3847 3112 3902 subter
3159 3848 3512 3916 firmavimus,

1927 3937 1984 3982 et
2043 3930 2248 3984 annulli
2329 3935 2502 3988 nostri
2577 3935 2936 4006 impressione
3013 3939 3281 4011 assignari
3347 3939 3514 4011 jussi-

1927 4033 2068 4074 IDUS.

2009 4111 2237 4183 Signum
2263 4115 2523 4174 Ludovici
2547 4120 2881 4178 serenissimi
2909 4123 3268 4194 imperatoris.

2001 4213 2226 4284 Signum
2249 4213 2493 4270 Letharii
2529 4218 2866 4272 serenissimi
2906 4217 3155 4290 Augusti.

1999 4306 2290 4364 Durandus
2351 4307 2612 4366 diaconus
2665 4311 2734 4366 ad
2783 4311 2960 4368 vicem
3021 4312 3290 4384 Fridogisi
3351 4329 3507 4372 reco-

1929 4397 2133 4468 gnovit.

2005 4493 2138 4546 Data
2169 4507 2229 4546 ιιι
2259 4491 2382 4548 Idus
2404 4492 2742 4562 Novembris,
2775 4512 2920 4554 anno
2939 4497 3157 4556 Christo
3171 4501 3408 4570 propitio
3441 4503 3510 4558 l7

1927 4579 2112 4634 domui
2145 4583 2486 4652 imperatoris
2513 4585 2768 4644 Ludovici
2795 4591 3154 4655 serenissimi,
3185 4601 3239 4648 et
3261 4591 3508 4650 Lotharii

1925 4672 2154 4744 Augusti
2185 4675 2235 4730 9.
2275 4675 2468 4732 Actum
2503 4678 2768 4751 Ninmaga
2791 4681 3000 4750 palatio
3020 4684 3176 4756 regio
3199 4685 3256 4741 in
3277 4685 3374 4742 Dei
3403 4700 3504 4742 no-

1923 4769 2071 4826 mine
2099 4770 2346 4828 feliciter.
2379 4773 2576 4829 Amen.

2629 4867 2808 4927 CLVI.

2317 4975 2422 5016 ιιιιο
2457 4977 2736 5018 IIONASTER
2743 4981 2794 5024 ιο
2835 4981 3120 5024 ΒΠἮῙΕΕΞῙ.

2527 5055 2700 5127 (Anno
2727 5058 2880 5130 850.)

2073 5141 2248 5215 [Apud
2278 5143 2502 5212 Mabill.,
2531 5149 2596 5202 de
2625 5149 2701 5204 Re
2724 5151 3022 5222 diplomat.,
3047 5169 3177 5226 pag.
3211 5153 3363 5231 632.]

1998 5235 2057 5289 In
2081 5239 2300 5294 nomine
2329 5239 2542 5296 Domini
2581 5243 2678 5298 Dei
2713 5253 2771 5300 et
2807 5243 3106 5302 Salvatoris
3158 5249 3332 5306 nostri
3374 5247 3506 5309 Iesu

1929 5373 2185 5454 telonium
2212 5377 2428 5454 navium
2460 5395 2578 5454 quae
2605 5383 2702 5438 sub
2723 5383 2978 5454 pontibus
3001 5387 3322 5444 transibant.

1997 5455 2020 5528 ξ
2069 5445 2443 5528 Salutaticum,
2477 5445 2630 5528 ’ᾴνοὶι
2675 5445 2964 5528 ἀἿιευτειιω
3021 5458 3208 5524 abord,
3255 5465 3372 5512 erat
3411 5456 3505 5528 jus

1909 5516 2440 5598 exigendisalutes,
2473 5524 2586 5578 sive
2627 5526 2784 5580 xenia
2809 5528 2894 5582 vel
2939 5516 3334 5598 praestationem
3383 5516 3506 5596 q'uas

2146 5590 2287 5652 ultra
2321 5581 2562 5654 debitum
2598 5611 2822 5658 censum
2860 5581 2967 5658 autr
2978 5581 3503 5669 piutita;
