4050 6340
735 378 860 434 1191

1873 371 2196 430 LUDOVICI
2235 371 2257 427 I
2295 371 2766 432 COCNOMENTO
2803 374 2892 431 PII
3752 396 3828 456 1192

733 491 958 559 Christi,
989 490 1294 548 Ludovicus
1321 491 1500 548 divina
1534 491 1819 548 ordinante
1848 490 2187 562 providentia
2208 489 2308 543 im-
2333 491 2386 551 Α
2411 495 2521 541 tam
2571 494 2831 558 lngenuos
2858 504 3021 558 quam
3065 499 3121 547 et
3164 507 3377 560 servos,
3421 498 3758 580 distringendqs,
3777 527 3850 571 θα,

730 592 951 655 perator
973 582 1266 653 Augustus.

802 676 938 732 Cum
967 676 1100 731 locis
1125 675 1308 731 divino
1332 675 1497 730 cultui
1528 675 1850 746 mancipatis
1873 676 1942 730 ob
1968 675 2165 729 divinae
2191 687 2307 728 ser-

730 767 918 823 vitutis
943 782 1186 822 amorem
1213 782 1371 838 opem
1416 776 1709 837 congruam
1757 765 1982 821 ferimus
2004 806 2018 832 ,
2050 773 2106 820 et
2142 766 2310 835 impe-

729 861 923 916 rialem
951 874 1160 916 morem
1187 859 1440 914 decenter
1461 858 1747 930 implemus
1774 899 1789 925 ,
1819 867 1875 913 et
1910 857 1963 912 id
1986 856 2142 912 nobis
2177 869 2306 926 pro-

729 954 976 1010 futurum
1009 953 1076 1009 ad
1101 960 1318 1008 aeternae
1346 953 1797 1008 remunerationis
1846 949 2067 1022 praemia
2127 962 2311 1018 capes-

729 1046 901 1103 senda
922 1045 1192 1102 veraciter
1235 1044 1526 1101 credimus.
1567 1045 1773 1100 Idcirco
1803 1052 1990 1098 notum
2013 1056 2132 1097 esse
2158 1041 2310 1096 volu-

729 1151 854 1192 mus
889 1137 1140 1192 omnibus
1177 1135 1429 1192 ﬁdelibus
1463 1145 1666 1190 sancta:
1704 1135 1798 1190 Dei
1828 1133 2084 1189 Ecclesiae
2128 1140 2183 1186 et
2211 1147 2304 1187 no-

727 1229 859 1284 stris
884 1270 898 1292 ,
930 1228 1286 1300 praesentibus
1321 1227 1530 1283 scilicet
1557 1235 1611 1282 et
1639 1226 1855 1292 futuris,
1888 1225 2017 1296 quia
2053 1222 2306 1280 monachi

726 1335 795 1377 ex
818 1321 1147 1376 monasterio
1174 1319 1352 1375 Sithiu
1377 1361 1393 1387 ,
1435 1320 1577 1391 quod
1601 1330 1684 1376 est
1706 1321 1868 1375 situm
1897 1320 1950 1374 in
1981 1333 2120 1389 pago
2166 1317 2304 1371 Tar-

725 1412 1001 1478 vawinse,
1035 1419 1408 1467 constructum
1443 1412 1498 1466 in
1527 1413 1730 1466 honore
1775 1419 1976 1466 sanctae
2020 1409 2116 1463 Dei
2153 1408 2303 1479 geni-

726 1505 881 1561 tricis
911 1520 1235 1576 semperque
1281 1504 1508 1574 virginis
1538 1504 1720 1559 Marize
1769 1513 1824 1560 et
1856 1505 2134 1558 beatorum
2177 1517 2306 1571 apo-

724 1597 986 1653 stolorum
1015 1597 1163 1653 Petri
1189 1607 1246 1653 et
1280 1597 1464 1663 Pauli,
1497 1597 1550 1652 in
1586 1612 1692 1666 quo
1740 1610 1968 1666 corpora
2021 1595 2304 1648 beatorum

722 1687 1095 1744 confessorum
1149 1687 1355 1744 Christi
1386 1687 1679 1744 Audomari
1736 1695 1792 1742 et
1834 1685 2042 1740 Bertini
2099 1683 2306 1752 requie-

719 1787 916 1847 scunt;
956 1781 1050 1835 ubi
1101 1779 1265 1834 etiam
1295 1780 1568 1851 praesenti;
1587 1787 1830 1848 tempore
1859 1778 1942 1832 vir
1979 1774 2303 1831 venerabilis

2409 581 2546 636 ullas
2589 582 2974 637 redhibitiones
3001 596 3094 639 aut
3123 586 3334 643 illicitas
3362 593 3632 650 occasiones
3658 602 3830 670 requires.

2411 672 2528 738 das,
2556 673 2664 727 ullo
2685 690 2922 743 unquam
2953 684 3192 747 tempore
3214 680 3413 750 ingredi
3436 686 3616 752 audeat,
3632 691 3694 745 vel
3708 707 3828 764 eaque

2409 779 2570 835 supra
2594 775 2892 822 memorata
2927 778 3054 823 sunt
3100 773 3316 841 penitus
3343 785 3568 834 exactare
3596 797 3826 851 praesumat;

2407 857 2502 912 sed
2537 855 2698 914 liceat
2730 869 3028 916 memorato
3081 862 3264 918 abbati
3309 867 3514 938 suisque
3554 882 3826 936 successonbns

2408 965 2496 1006 res
2529 951 2775 1020 praedicti
2804 954 3138 1020 monasterii,
3164 955 3250 1010 vel
3275 956 3409 1012 sicut
3431 959 3478 1013 in
3496 968 3825 1033 praeceptodomni

2405 1051 2461 1101 et
2487 1043 2749 1114 genitoris
2773 1045 2947 1100 nostri
2991 1047 3303 1102 continetur
3323 1089 3340 1115 ,
3367 1064 3480 1104 cum
3504 1066 3659 1108 omnes
3676 1055 3826 1117 fredoset

2406 1134 2614 1189 bannos
2642 1135 2744 1189 sibi
2767 1150 3054 1192 concessos
3080 1137 3182 1193 sub
3201 1139 3537 1199 immunitatis
3556 1156 3708 1202 nostra
3724 1152 3824 1205 deleo

2407 1223 2560 1279 sione
2579 1226 2762 1294 quieto
2784 1227 2974 1282 ordine
2998 1228 3275 1296 possidere
3301 1247 3314 1283 :
3338 1241 3577 1298 quatenus
3600 1234 3708 1302 ipsos
3721 1253 3824 1292 senos

2407 1315 2534 1382 Dei,
2565 1319 2657 1387 qui
2682 1319 2879 1374 ibidem
2907 1320 3018 1376 Deo
3044 1320 3400 1387 famulantur,
3441 1338 3530 1392 pro
3554 1327 3674 1380 nobis
3691 1337 3729 1382 et
3742 1330 3822 1397 prole

2406 1419 2590 1466 nostra
2607 1452 2621 1477 ,
2651 1411 2738 1467 vel
2760 1413 2920 1468 etiam
2944 1429 3043 1483 pro
3067 1413 3361 1468 stabilitate
3385 1416 3533 1469 totius
3554 1416 3716 1485 imperii
3730 1421 3822 1474 nostti

2405 1516 2437 1555 a
2461 1501 2570 1557 Deo
2595 1503 2749 1558 nobis
2775 1505 3018 1559 concessi
3047 1512 3213 1574 atque
3242 1504 3596 1570 conservandi,
3613 1505 3755 1577 iugiter
3771 1508 3821 1561 Do

2406 1592 2540 1646 mini
2581 1593 3015 1650 misericordiam
3067 1609 3296 1650 exorare
3345 1595 3568 1650 delectet.
3612 1595 3662 1649 Et
3694 1606 3734 1650 ut
3762 1599 3822 1652 hac

2407 1683 2702 1738 auctoritas
2767 1685 2971 1739 nostris
3022 1683 3327 1755 futurisque
3377 1685 3658 1756 temporibus
3689 1685 3821 1743 Domino

2405 1782 2722 1844 protegente
2764 1774 2942 1828 valeat
2963 1774 3278 1829 inconvulsa
3301 1789 3531 1839 manere,
3553 1790 3676 1828 manu
3696 1776 3821 1844 propria

719 1871 1038 1944 Fridugisus
1087 1880 1308 1928 auctore
1354 1872 1465 1928 Deo
1499 1871 1665 1926 abbas
1692 1877 1891 1940 praeest
1920 1886 1934 1923 :
1985 1867 2300 1923 obtulerunt
2327 1861 2376 1920 B
2404 1865 2592 1920 subter
2610 1881 2730 1920 eam
2758 1865 3114 1932 firmavimus,
3140 1873 3196 1921 et
3227 1865 3403 1937 annuli
3426 1866 3576 1920 nostri
3599 1866 3821 1936 impressione

719 1965 998 2020 obtutibus
1023 1965 1225 2020 nostris
1253 1964 1633 2020 auctoritatem
1654 1961 2014 2017 immunitatis
2038 1959 2222 2016 domui
2250 1967 2305 2014 et

718 2057 982 2129 genitoris
1021 2058 1195 2113 nostri
1233 2056 1436 2123 Caroli,
1473 2057 1628 2112 bona:
1661 2055 1938 2110 memoriae
1968 2050 2302 2108 serenissimi

719 2148 1080 2219 imperatoris,
1109 2151 1162 2204 in
1193 2165 1299 2220 qua
1320 2149 1701 2204 continebatur
1722 2149 1990 2203 insertum
2019 2147 2162 2215 quod
2192 2159 2302 2200 non

722 2240 898 2296 solum
945 2241 1106 2310 ipse,
1157 2255 1348 2294 verum
1403 2239 1568 2295 etiam
1622 2246 1676 2293 et
1723 2247 2097 2293 antecessores
2143 2236 2260 2307 ejus
2285 2277 2301 2304 ,

715 2330 932 2400 priores
999 2346 1157 2402 reges
1216 2330 1474 2385 videlicet
1537 2329 1876 2385 Francorum
1905 2370 1920 2394 ,
1983 2328 2302 2398 pmdictum

714 2421 1110 2479 monasterium
1148 2421 1220 2478 ob
1267 2437 1509 2478 amorem
1566 2421 1690 2485 Dei,
1745 2420 2303 2491 tranquillitatemque

714 2513 945 2570 fratrum
989 2515 1188 2570 ibidem
1227 2515 1640 2571 consistentium
1662 2554 1678 2579 ,
1719 2528 1934 2583 semper
1969 2512 2069 2567 sub
2098 2510 2300 2582 plenis-

715 2604 854 2660 sima
884 2603 1199 2660 defensione
1218 2613 1275 2660 et
1300 2603 1660 2659 immunitatis
1680 2604 1910 2658 tuitione
1936 2602 2254 2657 habuissent
2279 2619 2293 2655 :
2337 2634 2344 2642 -

612 2742 615 2744 -
711 2697 808 2753 sed
839 2713 938 2769 pro
967 2696 1239 2753 ﬁrmitatis
1268 2697 1446 2753 studio
1466 2697 1875 2768 postulaverunt
1903 2701 1963 2748 ut
1990 2710 2096 2748 non
2124 2693 2298 2748 solum

709 2799 998 2864 paternum
1020 2806 1115 2846 seu
1139 2791 1601 2861 praedecessorum
1624 2799 1935 2845 nostrorum
1967 2804 2154 2860 regum
2182 2802 2300 2842 mo-

719 2898 838 2938 rem
899 2891 1221 2952 sequentes,
1284 2880 1658 2951 hujuscemodi
1713 2889 1912 2935 nostrae
1961 2876 2298 2933 auctoritatis

715 2981 1047 3046 praeceptum
1095 2989 1230 3044 .erga
1261 2973 1440 3044 ipsum
1496 2973 1886 3028 monasterium
1936 2970 2297 3026 immunitatis

711 3075 876 3138 atque
908 3067 1152 3122 tuitionis
1193 3067 1366 3137 gratia
1420 3065 1538 3120 fieri
1592 3063 1936 3134 juberemus,
1991 3063 2086 3118 sed
2133 3062 2298 3117 etiam

706 3173 1159 3230 percenseremus
1179 3166 1241 3212 ut
1260 3171 1450 3212 omnes
1479 3155 1644 3211 cellas
1671 3162 1726 3210 et
1761 3154 1911 3210 villas
1937 3169 2034 3209 seu
2063 3161 2296 3208 caeteras

709 3229 1084 3322 possessiones
1122 3249 1370 3322 praedicti
1420 3247 1737 3304 monasterii
1773 3255 1972 3301 sancta:
2021 3245 2202 3299 Maria:
2238 3252 2292 3299 et
2320 3229 2366 3292 C

707 3342 883 3396 sancti
917 3341 1064 3396 Petri
1095 3348 1150 3396 et
1178 3341 1331 3395 Pauli
1358 3381 1373 3406 ,
1415 3348 1577 3410 atque
1599 3339 1881 3394 beatorum
1911 3337 2208 3392 Audomari
2237 3345 2294 3392 et

709 3430 913 3484 Bertini
940 3471 956 3496 ,
996 3446 1116 3500 quae
1146 3432 1201 3485 in
1229 3431 1560 3499 quibuslibet
1595 3431 1751 3501 pagis
1792 3438 1848 3485 et
1877 3431 2175 3484 territoriis
2210 3429 2294 3483 in-

708 3519 791 3574 fra
823 3521 1080 3578 ditionem
1109 3522 1322 3591 imperii
1370 3523 1540 3577 nostri
1583 3531 1865 3588 constant,
1902 3523 2079 3577 nullus
2111 3537 2296 3577 succe—

707 3611 948 3667 dentium
973 3621 1282 3669 nostrorum
1309 3613 1548 3669 dividere
1569 3654 1584 3679 ,
1631 3621 1725 3668 aut
1759 3614 1814 3668 in
1841 3613 1977 3669 alios
2007 3630 2136 3669 usus
2171 3629 2296 3668 con-

705 3712 916 3759 vertere
957 3713 1338 3774 prazsumeret;
1381 3711 1438 3760 et
1467 3713 1528 3759 ut
1557 3703 1765 3759 familia
1811 3703 2052 3773 ejusdem
2105 3720 2295 3759 mona-

707 3796 860 3850 sterii
906 3797 1064 3851 nullis
1093 3797 1420 3867 quibuslibet
1459 3797 1770 3853 hominibus
1825 3797 2070 3853 foderum
2116 3797 2287 3853 daret.

708 3886 950 3953 Quorum
981 3887 1332 3958 petitionibus
1377 3887 1610 3943 libenter
1649 3889 2049 3958 acquievimus,
2105 3899 2160 3943 et
2215 3889 2291 3944 ita

703 3977 1074 4043 concedimus,
1103 3985 1266 4048 atque
1299 3995 1396 4050 per
1422 3979 1570 4034 hunc
1602 3988 1934 4049 praeceptum
1960 3979 2014 4032 in
2038 3979 2289 4034 omnibus

703 4069 1112 4125 confirmamus.
1136 4070 1204 4125 Et
1233 4071 1354 4126 ideo
1381 4086 1727 4127 successores
1769 4079 1987 4126 nostros
2035 4072 2291 4128 admone-

703 4176 824 4215 mus
853 4162 1072 4216 utsicut
1102 4177 1202 4216 nos
1231 4161 1492 4232 praedicto
1523 4161 1855 4216 monasterio
1883 4170 2084 4217 sanctae
2107 4162 2289 4218 Maria:

702 4260 759 4307 et
784 4252 957 4307 sancti
981 4251 1126 4308 Petri
1146 4260 1201 4308 et
1223 4253 1378 4308 Pauli
1409 4263 1573 4322 atque
1613 4254 1898 4309 beatorum
1933 4253 2135 4309 Christi
2160 4270 2289 4310 con-

702 4341 968 4396 fessorum
996 4342 1292 4398 Audomari
1328 4350 1385 4399 et
1422 4343 1630 4399 Bertini
1658 4345 2058 4411 concessimus,
2094 4346 2168 4400 ita
2211 4346 2287 4400 illi

702 4442 881 4489 ratum
907 4442 961 4491 et
990 4436 1183 4492 stabile
1236 4451 1556 4505 permanere
1604 4438 1958 4506 permittant;
1992 4445 2052 4492 ut
2082 4437 2284 4492 nullam

701 4525 1024 4582 divisionem
1048 4527 1102 4581 in
1141 4528 1487 4583 monasteriis
1511 4536 1604 4582 aut
1645 4529 1818 4594 cellis,
1862 4529 1944 4584 vel
1974 4529 2140 4594 villis,
2188 4545 2284 4583 seu

700 4617 912 4673 caeteris
935 4619 1399 4689 possessionibus,
1447 4618 1499 4672 in
1523 4619 1852 4689 quibuslibet
1885 4621 2038 4691 pagis
2061 4630 2155 4675 aut
2179 4630 2286 4675 ter-

699 4711 907 4766 ritoriis
953 4711 1296 4778 consistant,
1337 4711 1540 4767 faciant
1588 4724 1682 4766 aut
1714 4711 1894 4767 facere
1921 4713 2281 4783 permittant,

699 4802 872 4858 autin
901 4802 1034 4858 alios
1063 4819 1194 4860 usus
1220 4804 1367 4875 ipsa:
1410 4819 1497 4859 res
1541 4811 1909 4875 retorqueant.
1941 4803 2049 4859 Sed
2089 4816 2140 4861 et
2182 4806 2287 4862 hoc

697 4909 797 4967 per
826 4895 925 4949 hos
963 4895 1273 4966 imperiales
1301 4896 1480 4966 apices
1510 4895 1784 4951 sancimus
1829 4905 1992 4966 atque
2041 4897 2286 4952 decerni-

698 5000 822 5040 mus
861 4994 920 5040 ut
957 4986 1136 5042 nullus
1158 4986 1327 5056 judex
1366 4989 1613 5058 publicus
1640 5031 1656 5057 ,
1705 4997 1799 5044 aut
1826 4989 2079 5060 quislibet
2106 5005 2173 5045 ex
2192 4989 2284 5058 ju-

699 5073 923 5131 diciaria
952 5086 1221 5148 potestate
1269 5080 1324 5135 in
1380 5080 1644 5137 ecclesias
1692 5090 1784 5135 aut
1829 5081 1977 5145 loca,
2011 5081 2094 5137 vel
2125 5097 2283 5152 agros

694 5180 792 5220 seu
822 5168 1062 5239 reliquas
1091 5171 1466 5240 possessiones
1499 5172 1786 5226 memorati
1809 5173 2123 5227 monasterii
2148 5187 2283 5240 quas

699 5259 956 5314 moderno
1001 5270 1242 5333 tempore
1289 5264 1343 5318 in
1372 5265 1699 5334 quibuslibet
1719 5266 1870 5336 pagis
1899 5275 1954 5319 et
1998 5266 2283 5321 territoriis

699 5349 842 5406 infra
869 5352 1126 5409 ditionem
1173 5357 1387 5428 imperii
1427 5358 1601 5412 nostri
1626 5357 1771 5426 juste
1796 5366 1849 5412 ct
1890 5357 2135 5427 legaliter
2160 5373 2283 5428 pos-

697 5444 862 5509 s‘idct,
889 5455 1052 5518 atque
1077 5451 1331 5524 deinceps
1363 5451 1416 5506 in
1433 5449 1558 5520 jure
1586 5451 1753 5522 ipsius
1779 5452 1952 5506 sancti
1980 5451 2081 5506 loci
2102 5451 2282 5506 volue-

697 5535 772 5590 rit
813 5536 995 5592 divina
1022 5540 1196 5610 pietas
1217 5557 1452 5614 augere,
1481 5545 1548 5597 ad
1574 5558 1770 5598 causas
1802 5541 2091 5611 judiciario
2135 5558 2286 5599 more

640 5648 658 5660 -
696 5627 1028 5696 audiendas,
1057 5632 1141 5686 vel
1187 5631 1342 5689 freda
1387 5636 1688 5706 exigenda,
1737 5643 1830 5690 aut
1870 5634 2177 5691 mansiones
2202 5635 2289 5690 vel

695 5729 915 5787 paratas
934 5720 1210 5776 faciendas
1234 5764 1249 5788 ,
1281 5733 1375 5778 aut
1397 5726 1638 5782 foderum
1670 5727 2015 5798 exigendum,
2042 5735 2135 5782 aut
2158 5729 2289 5784 lide-

694 5809 940 5882 jussores
969 5810 1235 5869 tollendos
1259 5853 1275 5881 ,
1325 5823 1419 5869 aut
1444 5817 1704 5887 jhomines
1740 5818 1909 5889 ipsius
1939 5819 2284 5885 monasterii,

2408 1954 2613 2026 signari
2634 1954 2916 2024 jussimus.

2480 2047 2704 2118 Signum
2733 2048 2992 2104 Ludovici
3018 2049 3348 2105 serenissimi
3370 2049 3674 2120 imperatoris.

2475 2137 2760 2195 Durandus
2799 2140 3058 2196 diaconus
3086 2140 3156 2196 ad
3183 2141 3356 2197 vicem
3379 2140 3616 2212 Fridugisi
3640 2137 3818 2206 recognovi

2410 2236 2466 2285 et
2487 2230 2804 2301 subscripsi.

3100 2325 3297 2383 CLVII.

2788 2429 2890 2470 PRO
2916 2429 3258 2470 IONASTERIO
3288 2429 3560 2470 PRUIIENSI.

3001 2509 3194 2580 (Anno
3223 2507 3376 2582 851.)

2404 2599 2582 2670 [Αριιά
2605 2597 2834 2654 Marten.
2860 2599 3099 2671 ampliss.
3126 2599 3288 2666 COIL,
3309 2607 3346 2653 t.
3367 2598 3405 2665 I,
3426 2613 3477 2669 ι).
3500 2592 3817 2663 85,exchartuio

3021 2689 3368 2762 Prumiensi.]

2471 2779 2529 2833 In
2554 2781 2772 2836 nomine
2804 2780 3018 2837 Domini
3053 2783 3151 2836 Dei
3201 2790 3255 2836 et
3297 2779 3560 2836 Salvatoris
3601 2776 3721 2832 nostri
3746 2771 3814 2827 kal

2399 2875 2621 2943 Christi,
2652 2877 2956 2935 Ludovicus
2983 2880 3168 2934 divina
3196 2879 3465 2934 ordinante
3493 2874 3742 2948 providentia
3761 2873 3813 2926 in

2398 2978 2618 3037 perator
2644 2970 2939 3040 Augustus.

2471 3062 2528 3116 Si
2555 3063 2700 3118 enim
2722 3079 2786 3118 ea
2812 3080 2934 3135 qua:
2961 3064 3148 3120 ﬁdeles
3177 3064 3383 3136 imperii
3423 3061 3569 3118 nostri
3604 3073 3676 3130 pro
3704 3066 3810 3110 eorum

2398 3157 2890 3225 opportunitatibus
2941 3158 3087 3212 inter
3150 3173 3208 3214 se
3261 3153 3664 3214 commutaverint,
3699 3145 3813 3202 nostris

2398 3252 2786 3310 confirmamus
2803 3249 3016 3315 edictis,
3048 3249 3377 3320 imperialem
3408 3257 3666 3303 exercemus
3680 3248 3811 3294 conar-

2397 3345 2654 3407 tudinem,
2685 3350 2740 3397 et
2762 3341 2864 3396 hoc
2895 3341 2948 3396 in
2976 3341 3317 3411 postmodum
3337 3341 3450 3411 jure
3473 3334 3711 3390 firmissimo
3729 3341 3812 3381 mati-

2397 3451 2584 3492 surum
2615 3449 2734 3490 esse
2771 3432 3039 3489 volumus.
3074 3432 3281 3488 Idcirco
3307 3430 3503 3486 noverit
3543 3425 3716 3481 omnium
3741 3416 3809 3470 ﬁde-

2395 3526 2527 3580 lium
2551 3534 2885 3589 nostrorum,
2913 3524 3260 3592 praesentium
3288 3520 3477 3577 scilicet
3519 3525 3566 3572 et
3598 3514 3807 3568 futurorum.

2395 3618 2681 3683 industria,
2705 3616 2832 3686 quia
2855 3617 2943 3671 vir
2971 3616 3298 3671 venerabilis
3328 3607 3625 3668 Marcoardus
3641 3618 3688 3658 ex
3706 3610 3808 3691 mana:

2395 3708 2562 3763 sterio
2613 3715 2802 3762 nostro
2847 3705 3067 3761 Prumia
3132 3706 3316 3771 abbas,
3367 3699 3594 3772 suggessit
3639 3688 3806 3784 serenitati

2393 3804 2595 3852 nostra:
2625 3812 2690 3851 eo
2719 3797 2863 3868 quod
2888 3812 3010 3851 cum
3041 3797 3277 3868 quodam
3323 3793 3518 3850 homine
3560 3785 3714 3842 nomine
3738 3776 3806 3830 Lill-

2394 3888 2554 3943 doldo
2593 3896 2648 3943 et
2671 3887 2896 3958 conjuge
2925 3903 3037 3943 sua:
3065 3886 3376 3958 Irmbirgam
3397 3924 3412 3949 ,
3431 3883 3490 3936 de
3513 3871 3740 3948 qnibus‘m
3762 3877 3806 3960 Ψ

2391 3979 2494 4034 bus
2524 3989 2580 4035 et
2601 3953 2886 4049 mancipiis
2909 3995 3009 4050 pro
3038 3953 3311 4035 communi
3333 3975 3539 4031 utilitate
3553 3977 3597 4024 et
3609 3953 3806 4029 conlpendlo

2391 4071 2535 4126 inter
2558 4087 2617 4126 se
2645 4071 3129 4126 commutationem
3159 4069 3424 4126 fecissent.
3447 4060 3580 4119 Dedit
3603 4054 3716 4126 igitllr
3733 4057 3806 4115 Ρη

2391 4165 2570 4221 dictus
2582 4165 2667 4220 vir
2679 4164 3004 4220 venerabilis
3032 4161 3374 4219 Marcoardus
3393 4156 3537 4212 abbas
3558 4164 3632 4222 per
3644 4147 3805 4200 00mm“

2391 4264 2448 4311 et
2479 4257 2828 4312 conhibentia
2859 4255 3093 4310 fratrum
3122 4257 3180 4311 in
3219 4253 3396 4310 eodem
3418 4239 3678 4335 monasterio

2390 4345 2526 4400 tium
2546 4346 2808 4417 praedicto
2835 4345 3099 4401 Liudoldo
3127 4354 3183 4401 et
3225 4344 3437 4414 conjuge
3477 4351 3568 4394 suae
3589 4328 3804 4428 ΙτωῘιίξειξεξ

2391 4440 2444 4494 in
2483 4455 2622 4510 pago
2673 4438 2949 4510 Spirense,
2977 4440 3034 4494 in
3068 4439 3196 4495 villa
3242 4453 3335 4494 seu
3377 4447 3535 4491 marco
3571 4440 3659 4496 qua!
3689 4420 3804 4510 dicitur

2392 4509 2793 4597 ltlelikimheim,
2823 4532 3113 4587 ecclesiam
3150 4546 3312 4587 unam
3351 4529 3463 4583 bum
3487 4521 3624 4580 atrio,
3647 4509 3804 4606 cum.“

2389 4636 2538 4686 casa,
2567 4621 2728 4676 simul
2755 4637 2877 4676 cum
2909 4623 3140 4679 diversis
3170 4617 3514 4677 mansionibus
3537 4625 3614 4684 per
3645 4604 3799 4659 circuitu.

2389 4727 2510 4767 cum
2540 4713 2824 4784 mancipiis
2847 4715 3048 4770 ibidem
3076 4709 3530 4770 commanentibus,
3559 4689 3800 4793 quorm-Illi”

2389 4809 2516 4858 sunt
2561 4804 2804 4869 nomina,
2835 4803 3199 4861 Grimbertum
3227 4844 3244 4870 ,
3293 4797 3594 4870 Rotgildum,
3627 4787 3798 4855 lngin

2387 4899 2760 4972 Liudbirgam,
2785 4901 3112 4968 Diutarium,
3141 4899 3470 4960 Wolfarium,
3494 4884 3797 4972 Willemannuﬁ

2387 4963 2731 5060 Ricbertum,
2747 4963 3117 5061 ’Riebaldum';
3151 5003 3204 5050 et
3225 4995 3288 5050 de
3314 5000 3444 5047 terra
3477 4979 3629 5040 arabili
3653 4963 3797 5061 iam“?

2389 5101 2512 5150 xcv,
2540 5086 2606 5140 de
2635 5053 2809 5142 vineis
2832 5087 3074 5158 jornales
3098 5053 3151 5143 iv
3175 5094 3229 5143 et
3251 5081 3522 5142 dimidium,
3551 5071 3604 5127 de
3621 5053 3797 5158 Ρΐίξίθ

2388 5185 2614 5247 possunt
2649 5153 2849 5249 colligi-
2871 5177 3019 5246 feno,
3047 5178 3295 5234 carrades
3327 5189 3408 5236 Vl;
3445 5168 3559 5225 etin
3583 5160 3662 5216 alio
3679 5153 3754 5251 lotio
3763 5155 3797 5251 In

2390 5272 2511 5326 villa
2534 5287 2627 5326 seu
2654 5240 2836 5327 marca
2861 5287 2982 5342 qua:
3020 5273 3213 5327 dicitur
3234 5259 3607 5325 Fridolvesheim
3629 5240 3795 5342 culum

2390 5372 2444 5418 et
2472 5364 2538 5419 de
2578 5373 2723 5420 terra
2751 5363 2940 5420 arabili
2961 5365 3198 5436 jornales
3225 5377 3401 5422 Lxxm,
3424 5358 3480 5411 de
3507 5336 3692 5436 prmi“l

2393 5457 2490 5512 das
2519 5474 2570 5512 vr
2609 5477 2621 5511 :
2653 5459 2816 5514 etiam
2859 5467 2915 5513 et
2958 5427 3012 5513 in
3059 5458 3238 5514 marha
3269 5442 3602 5508 Wakkenheim
3624 5434 3672 5487 de
3695 5427 3796 5525 ’ξυθξξ

2394 5548 2536 5602 inter
2563 5556 2737 5605 totum
2758 5549 2999 5618 jornales
3021 5567 3055 5604 v
3088 5560 3141 5606 et
3165 5556 3364 5621 pratum
3396 5552 3534 5596 unum
3556 5527 3626 5602 qui
3646 5512 3796 5621 eo"???

2396 5641 2538 5694 inter
2563 5608 2793 5709 Altripio
2820 5649 2874 5695 et
2906 5608 3222 5714 Geginheim
3258 5637 3322 5692 ad
3361 5634 3488 5690 illum
3512 5608 3793 5714 ροιξιιιωξίᾚ

2396 5695 2777 5801 Reginhardus
2797 5739 2854 5786 et
3223 5726 3496 5785 habuerunt
3513 5695 3556 5770 in
3585 5695 3792 5801 b00953“:

2397 5783 2520 5876 cum
2556 5821 2803 5877 terminis
2847 5831 2902 5877 et
2932 5820 3326 5878 laterationibus
3351 5823 3529 5872 earum.
3561 5783 3790 5870 quemadmo-
