4050 6340
259 403 406 462 119⁵5

1433 407 1833 470 DIPLOMATA
1869 410 2429 476 ECCLESIASTICA.

3386 433 3530 492 1194

247 515 380 571 dum
441 503 508 569 in"
549 491 753 571 eisdem
813 517 1329 576 commutationibus
1385 521 1715 578 continetur.
1769 523 1838 579 Et
1861 527 1918 590 Α,
1941 533 2181 596 tempore
2209 527 2420 600 Pippini
2460 528 2547 586 avi
2597 533 2767 589 nostri
2817 536 3110 607 quamdam
3159 540 3350 600 silvam
3399 562 3522 618 qua:

246 615 470 664 econtra
500 606 554 662 in
586 612 1021 680 compensatione
1069 612 1262 667 harum
1308 629 1490 669 rerum
1538 616 1683 671 dedit
1723 633 1836 672 me-

244 712 494 758 moratus
523 702 819 760 Luidoldus
843 714 897 760 et
925 705 1122 775 conjux
1145 723 1245 763 sua
1274 708 1533 781 lmtbirga
1550 711 1666 780 jam
1689 714 1834 769 dicto

245 791 569 848 Marcoardo
594 795 776 850 abbati
807 798 874 851 ad
903 806 1113 866 partem
1143 803 1458 857 monasterii
1504 805 1588 858 sui
1616 805 1673 859 S.
1709 805 1828 869 Sal-

239 884 450 938 vatoris
478 884 866 950 Prumiaceusi,
903 888 988 942 vel
1009 897 1281 946 rectorum
1321 893 1376 948 in
1425 896 1613 950 eodem
1649 911 1832 952 mona-

185 1010 188 1012 η
241 973 412 1029 sterio
439 988 535 1042 per
561 983 801 1044 tempora
842 975 1175 1050 degentium,
1217 997 1306 1037 res
1341 999 1529 1039 eorum
1577 988 1828 1058 proprias

240 1070 378 1124 sitas
407 1069 460 1122 in
489 1084 627 1141 pago
655 1067 944 1136 Caroasco,
973 1073 1027 1127 in
1059 1074 1184 1128 villa
1220 1091 1340 1145 qua:
1380 1076 1579 1132 dicitur
1625 1079 1826 1148 Huosa,

240 1165 721 1228 quantumcunque
756 1159 811 1213 in
846 1163 1107 1230 prazdicta
1133 1163 1258 1220 villa
1290 1165 1376 1220 vel
1427 1182 1612 1223 marca
1657 1171 1827 1240 ipsius

236 1246 383 1302 villae
406 1248 657 1318 praesenti
686 1257 928 1320 tempore
960 1253 1160 1309 habere
1181 1252 1284 1310 visi
1307 1265 1452 1322 sunt,
1485 1265 1539 1312 et
1568 1261 1651 1314 sui
1686 1262 1827 1331 juris

237 1345 405 1408 atque
428 1338 786 1407 possessionis
808 1340 877 1395 in.
894 1356 1080 1396 eorum
1105 1345 1324 1413 proprio
1351 1343 1470 1411 fuit,
1503 1363 1627 1402 cum
1655 1349 1828 1405 domi-

235 1425 366 1492 bus,
413 1427 678 1495 azdiﬁciis,
731 1432 1018 1502 mancipiis
1061 1434 1291 1504 desuper
1335 1441 1823 1508 commanentibus,

237 1531 470 1585 quorum
520 1519 636 1574 haec
690 1529 817 1576 sunt
863 1523 1082 1578 nomina
1120 1523 1652 1600 Wulger,Wolfgoz,
1685 1531 1824 1588 Rac-

235 1608 416 1675 cholf,
445 1609 692 1666 Lautl‘rid
717 1652 732 1678 ,
760 1612 1031 1679 Wicbolt,
1063 1615 1340 1688 Beringer,
1371 1620 1604 1685 Roduiu,
1635 1621 1822 1678 Wala-

232 1700 369 1756 burc
388 1741 404 1767 ,
433 1701 714 1770 Adalbolt,
743 1703 1047 1772 Gomalint,
1077 1705 1354 1778 Steiugart
1374 1751 1388 1775 ,
1416 1710 1661 1780 Liutgart
1685 1754 1700 1778 ,
1725 1711 1822 1767 Ri-

233 1791 362 1859 colf,
391 1793 618 1862 Willolf,
655 1795 954 1862 Wieldrud,
985 1797 1289 1869 Reginl'rid,
1311 1801 1547 1868 lrmfrid,
1569 1801 1816 1872 Guotrat,

229 1882 573 1952 Berachtrat,
602 1885 832 1954 Hildrat,
862 1888 1119 1956 Hordrat,
1149 1891 1398 1959 Liutfrid,
1428 1894 1674 1963 Liutran,
1710 1897 1824 1953 Hil-
1850 1893 1899 1952 B

231 1977 430 2048 digart,
459 1979 742 2052 Thiatgoz,
768 1980 978 2049 Nitran,
1020 1975 1270 2054 Gundila,
1311 1989 1499 2055 Zeiza,
1526 1990 1781 2049 Liutmuu
1801 2037 1816 2061 ,

231 2065 554 2136 Berahtrau,
571 2071 872 2143 Reginfrid,
897 2074 1168 2147 Liofguut,
1183 2077 1482 2148 Adaldrud,
1511 2083 1818 2154 Rimidrud,

227 2157 563 2232 Berabguut,
595 2179 718 2218 cum
748 2167 939 2234 pratis,
961 2167 1132 2234 silvis,
1156 2173 1393 2239 pascuis,
1420 2174 1623 2245 stirpis,
1642 2177 1814 2247 aquis,

227 2265 564 2322 aquarumve
591 2254 928 2322 decursibus,
951 2259 1135 2314 omnia
1164 2268 1218 2316 et
1255 2277 1321 2316 ex
1348 2265 1619 2333 omnibus,
1646 2275 1817 2325 totum

227 2343 365 2397 etad
387 2343 657 2415 integrum
682 2347 768 2402 vel
811 2349 1201 2420 iuexquisitum
1245 2357 1635 2426 perpetualiter
1674 2376 1815 2431 pra:-

227 2433 375 2489 dicto
401 2437 731 2492 monasterio
763 2439 828 2494 ad
858 2439 1164 2496 habendum
1197 2444 1553 2502 tradiderunt.
1582 2448 1734 2505 Unde
1761 2459 1817 2507 et

227 2525 363 2582 duas
388 2529 838 2586 commutationes
863 2532 983 2602 pari
1014 2539 1200 2589 tenore
1233 2538 1605 2608 conscriptas,
1637 2542 1814 2597 mani-

224 2618 434 2689 busque
476 2619 741 2678 bonorum
780 2625 1060 2681 hominum
1088 2626 1373 2683 roboratus
1416 2645 1475 2684 se
1510 2647 1623 2702 prae
1645 2633 1817 2688 maui-

223 2707 328 2765 bus
358 2711 558 2768 habere
590 2713 870 2782 professus
903 2724 1006 2772 est.
1042 2716 1150 2774 Sed
1175 2737 1274 2791 pro
1303 2721 1512 2793 integra
1556 2722 1814 2782 ﬁrmitate

221 2801 380 2880 petiit
403 2803 710 2860 celsitudini
735 2815 937 2864 nostra:
964 2817 1024 2863 ut
1061 2809 1208 2880 ipsas
1238 2816 1692 2874 commutationes
1717 2817 1811 2874 de-

223 2879 333 2947 nuo
358 2907 456 2963 per
477 2902 677 2950 nostra
707 2900 1138 2954 mansuetudinis
1166 2914 1494 2976 praeceptum
1519 2908 1730 2979 plenius
1753 2910 1809 2967 iu

222 2981 320 3037 Dei
354 2983 573 3040 nomine
601 2987 927 3045 conﬁrmare
977 2992 1322 3061 deberemus,
1358 2995 1514 3066 cujus
1557 3001 1809 3071 petitioni

221 3072 491 3145 denegare
527 3076 835 3146 noluimus;
891 3084 986 3137 sed
1033 3085 1176 3140 sicut
1224 3087 1517 3160 unicuique
1567 3091 1809 3149 ﬁdelium

218 3173 531 3220 nostrorum
563 3166 710 3236 juste
752 3173 1074 3240 petentium,
1103 3175 1176 3229 ita
1207 3191 1308 3232 uos
1353 3179 1431 3232 illi
1473 3183 1808 3240 concessisse

216 3263 383 3326 atque
411 3257 465 3312 iu
484 3234 736 3316 omnibus
752 3234 1104 3323 conﬁrmasse
1125 3269 1455 3339 cognoscite.
1479 3270 1804 3345 Pracipien-
1833 3254 1878 3319 (ἶ
1913 3234 1948 3290 p

217 3354 302 3402 tes
321 3363 448 3419 ergo
466 3348 720 3418 jubemus
748 3363 808 3410 ut
827 3356 1088 3428 quidquid
1111 3375 1239 3430 pars
1256 3361 1402 3431 juste
1429 3374 1484 3420 et
1509 3367 1808 3425 rationabi-

214 3437 344 3494 liter
377 3440 530 3497 alteri
571 3446 817 3513 contulit,
850 3448 925 3504 ita
956 3451 1211 3523 deinceps
1238 3471 1337 3524 per
1366 3456 1509 3515 hanc
1558 3473 1806 3518 nostram

215 3534 598 3590 auctoritatem
620 3534 747 3605 jure
770 3538 1085 3598 ﬁrmissimo
1111 3552 1292 3601 teneat
1315 3556 1480 3619 atque
1505 3553 1801 3622 possideat,

213 3622 303 3678 vel
329 3625 590 3695 quidquid
623 3629 818 3686 exinde
847 3631 1027 3690 facere
1050 3636 1299 3705 voluerit,
1343 3640 1514 3697 libero
1544 3644 1598 3699 in
1625 3647 1805 3702 omni-

213 3712 320 3769 bus
355 3714 670 3784 perfruatur
722 3721 949 3779 arbitrio
990 3725 1224 3784 faciendi
1254 3733 1517 3804 quidquid
1555 3736 1799 3808 elegerit.

212 3805 286 3861 Et
298 3814 356 3860 ut
383 3806 499 3862 haec
528 3811 824 3868 auctoritas
846 3815 1274 3875 conﬁrmationis
1287 3833 1488 3879 nostrae
1509 3842 1607 3895 per
1629 3830 1803 3884 curri-

212 3896 335 3952 cula
348 3913 612 3954 annorum
626 3902 987 3960 inviolabilem
999 3915 1162 3976 atque
1175 3911 1546 3968 incouvulsam
1559 3917 1804 3974 obtineat

213 3991 549 4060 ﬁrmitatem,
566 3995 632 4051 de
645 3997 844 4053 annulo
861 4008 1049 4056 nostro
1070 4003 1259 4058 subter
1275 4003 1538 4072 iussimus
1553 4011 1798 4081 sigillari.

284 4079 569 4140 Duraudus
592 4086 851 4143 diaconus
874 4090 944 4144 ad
963 4091 1137 4147 vicem
1173 4092 1442 4166 Fridugisi
1489 4079 1796 4171 recognovi.

282 4175 416 4230 Data
438 4191 513 4231 vn
545 4176 669 4234 ldus
701 4177 966 4249 Januarii,
1003 4198 1167 4252 anno,
1204 4185 1421 4243 Christo
1447 4193 1702 4262 propitio,
1731 4195 1798 4250 17

207 4266 424 4336 imperii
449 4268 632 4323 domui
663 4269 919 4328 Ludovici
943 4275 1170 4346 piissimi
1211 4278 1442 4351 Augusti
1472 4291 1526 4337 et
1552 4283 1798 4342 Lotharii

207 4357 266 4423 9,
296 4357 589 4416 indictione
621 4361 674 4417 9.
707 4361 904 4420 Actum
932 4365 1262 4440 Aquisgrani
1304 4372 1506 4442 palatio
1539 4379 1709 4446 regio,
1739 4378 1797 4435 iu

205 4450 307 4508 Dei
330 4452 552 4510 nomine
575 4453 823 4514 feliciter.
861 4458 1056 4516 Amen.

896 4575 1121 4635 CLVIII.

199 4693 311 4741 PRO
344 4697 512 4742 CELLA
547 4700 615 4741 DE
656 4701 935 4747 BARISIACO
981 4707 1322 4752 MONASTERIO
1351 4712 1643 4758 ELNONENSI
1672 4716 1796 4760 SUB-

519 4771 684 4815 JEC'I'A
735 4775 790 4816 IN
836 4778 1064 4819 υιωοεει
1120 4783 1471 4826 ιΑυυυΝεΝει.

821 4849 997 4926 (Anno
1026 4856 1177 4930 851.)

198 4936 387 5013 [Apud
409 4936 611 4997 Mabill.
632 4981 649 5008 ,
670 4942 790 4998 Act.
818 4947 933 5000 0rd.
965 4947 1250 5030 Sgpened.
1272 4993 1287 5020 ,
1312 4963 1456 5024 part.
1482 4972 1521 5024 ι,
1553 4973 1679 5016 saec.
1709 4975 1786 5030 ιν,

859 5033 984 5090 pag.
1014 5019 1128 5093 67.]

270 5119 333 5178 In
361 5124 582 5180 nomine
609 5124 706 5180 Dei
757 5137 814 5184 et
857 5127 1157 5190 Salvatoris
1186 5138 1358 5193 nostri
1395 5139 1523 5197 Iesu
1557 5143 1786 5214 Christi,

192 5209 529 5280 Ludovicus,
559 5214 742 5270 divina
766 5217 1050 5278 ordinante
1077 5227 1438 5297 providentia,
1479 5217 1788 5304 imperator

191 5306 496 5379 Augustus.

267 5400 532 5459 Omnibus
567 5403 815 5460 ﬁdelibus
839 5417 1039 5463 sanctae
1058 5409 1155 5466 Dei
1190 5413 1448 5471 Ecclesiae
1476 5426 1531 5472 et
1553 5423 1778 5490 nostris,

188 5494 558 5564 praesentibus
587 5497 795 5554 scilicet
823 5510 878 5554 et
907 5497 1326 5568 futuris,uotum
1358 5509 1430 5564 sit
1457 5511 1582 5580 quia
1604 5513 1783 5570 ﬁdelis

192 5594 386 5641 noster
431 5587 577 5656 Leo,
611 5592 704 5660 qui
755 5592 1004 5648 cellulam
1057 5611 1178 5666 qua:
1223 5598 1422 5656 dicitur
1450 5603 1778 5675 Barisiacus,

193 5690 322 5745 quae
343 5685 428 5732 est
463 5689 768 5734 constructa
803 5683 858 5737 iu
890 5685 1097 5740 honore
1136 5689 1309 5744 sancti
1338 5689 1483 5748 Petri
1521 5697 1783 5768 principis

194 5769 591 5838 apostolorum,
619 5771 922 5844 largitionis
948 5785 1148 5834 nostrre
1188 5781 1413 5850 habens,
1439 5799 1663 5856 questus
1697 5798 1783 5847 est

194 5872 268 5913 eo
294 5861 438 5930 quod
466 5863 638 5935 major
662 5863 730 5918 de
757 5864 887 5920 ﬁsco
915 5867 1190 5929 Barisiaco
1214 5890 1312 5946 per
1356 5876 1570 5937 fortiam
1620 5882 1776 5960 [vim]

599 5959 876 6023 Parum“
917 5961 1077 6024 CIV.

1939 620 2281 691 conjungitur
2307 623 2375 677 ad
2405 622 2607 678 Silvam
2640 637 2905 694 nostram,
2924 646 3044 700 quae
3069 633 3269 690 dicitur
3307 635 3524 694 Colum-

1936 707 2183 777 barias,a
2214 714 2469 783 praedicta
2491 716 2683 772 cellula
2707 720 3065 778 abstraxisset
3095 733 3149 780 et
3175 726 3305 785 ﬁsco
3334 740 3523 789 nostro

1935 803 2215 860 sociasset.
2250 806 2414 876 Cujus
2438 825 2538 866 nos
2569 812 2648 866 rei
2698 814 2983 870 veritatem
3035 821 3314 889 cupientes
3359 826 3520 892 scire,

1934 895 2230 953 direximus
2266 902 2493 958 missum
2526 913 2772 961 nostrum
2812 908 3092 981 Haganum
3123 916 3402 985 vasallum,
3428 922 3523 992 qui

1932 989 2074 1044 hanc
2099 1006 2320 1046 causam
2351 995 2406 1048 in
2437 1005 2625 1051 nostra
2653 998 3000 1072 eleemosyna
3046 989 3524 1078 investigasset-et

1931 1083 2089 1137 nobis
2122 1087 2511 1144 renuntiasset.
2539 1088 2641 1156 Qui
2659 1089 2963 1159 jussionem
2995 1104 3239 1153 nostram
3273 1103 3520 1172 explens,

1930 1177 2071 1233 sicut
2093 1180 2250 1236 nobis
2281 1184 2637 1251 renuntiavit,
2664 1186 2871 1242 invenit
2897 1205 2996 1259 per
3042 1191 3214 1263 legem
3267 1204 3321 1250 et
3362 1197 3535 1267 justis

1927 1271 2059 1326 tiam
2080 1270 2194 1340 jam
2222 1274 2421 1330 dictam
2450 1277 2640 1331 silvam
2672 1280 2741 1334 ad
2763 1295 2928 1350 supra
2955 1282 3160 1338 dictam
3204 1286 3401 1343 cellam
3444 1291 3522 1346 le-

1927 1363 2081 1434 gibus
2111 1366 2381 1435 pertinere
2409 1377 2463 1423 et
2486 1385 2585 1438 per
2605 1371 2824 1427 fortiam
2847 1375 3044 1430 exinde
3061 1377 3297 1433 ablatam
3324 1379 3518 1439 fuisse.

1926 1451 1995 1506 Et
2050 1455 2177 1509 dum
2230 1457 2387 1512 uobis
2441 1460 2734 1529 praedictus
2785 1463 3022 1520 vasallus
3051 1466 3127 1520 ita
3159 1472 3521 1540 renuntiaret,

1924 1545 2130 1614 placuit
2151 1551 2434 1606 serenitati
2478 1561 2714 1623 nostrae,
2745 1557 2814 1611 ob
2865 1559 3133 1615 mercedis
3177 1573 3377 1620 nostra;
3424 1582 3521 1621 au-

1925 1646 2205 1706 gmentum
2251 1650 2306 1696 et
2355 1650 2572 1699 aeternae
2622 1647 2997 1705 retributionis
3041 1649 3300 1720 fructum,
3331 1656 3524 1725 praedi-

1925 1738 2068 1785 ctam
2097 1733 2293 1788 silvam
2322 1735 2530 1792 cellulae
2553 1737 2610 1793 S.
2636 1739 2782 1795 Petri
2807 1743 3055 1812 superius
3071 1747 3363 1802 nominata:
3381 1765 3523 1820 pra:-

1925 1823 2229 1880 sentialiter
2258 1827 2507 1894 reddere,
2538 1841 2593 1885 et
2629 1847 2792 1902 super
2826 1832 2968 1889 hanc
3011 1836 3370 1894 redditionem
3418 1841 3521 1898 hos

1925 1926 2144 1973 nostros
2173 1919 2482 1989 imperiales
2511 1923 2694 1994 apices
2726 1925 2846 1981 ﬁeri
2865 1943 2878 1980 :
2897 1943 2997 1997 per
3015 1944 3154 1998 quos
3175 1933 3524 2003 praecipimus

1924 2008 2362 2080 atquejubemus
2393 2022 2452 2068 ut
2495 2015 2677 2071 nullus
2719 2016 2948 2086 quilibet
2990 2030 3146 2088 parte
3195 2021 3312 2077 ﬁsci
3341 2025 3519 2081 nostri

1923 2103 2174 2158 eamdem
2201 2105 2396 2162 silvam
2427 2108 2493 2162 de
2513 2108 2626 2178 jam
2657 2110 2801 2164 dicta
2829 2111 3022 2167 cellula
3057 2114 3374 2174 abstrahere
3420 2129 3519 2175 aut

1921 2198 2192 2266 minuere,
2218 2209 2311 2255 aut
2340 2201 2506 2256 ullam
2531 2204 2856 2260 calumniam
2885 2211 3290 2276 pracuominatae
3313 2214 3520 2272 cellula:

1921 2287 2102 2347 facere
2127 2293 2213 2347 vel
2241 2293 2488 2366 ingerere
2510 2309 2840 2367 prmsumat;
2873 2303 2970 2356 sed
2996 2302 3138 2358 sicut
3155 2320 3186 2358 a
3211 2307 3369 2363 uobis
3394 2310 3519 2366 red-

1920 2382 2094 2438 ditum
2124 2393 2286 2457 atque
2317 2404 2415 2458 per
2444 2391 2585 2447 hanc
2618 2401 2864 2449 nostram
2896 2397 3279 2454 auctoritatem
3318 2402 3519 2458 conﬁr-

1919 2484 2125 2532 matum
2149 2489 2266 2546 est,
2296 2481 2374 2536 ita
2402 2487 2681 2554 perpetuis
2719 2490 3056 2558 temporibus
3084 2502 3301 2548 maneat
3328 2495 3517 2553 incon-

1917 2569 2151 2625 vulsum.
2180 2572 2250 2627 Et
2276 2582 2337 2628 ut
2363 2575 2481 2631 hmo
2517 2579 2816 2635 auctoritas
2846 2581 3165 2639 redditionis
3191 2593 3392 2642 nostra:
3421 2587 3516 2643 ﬁr-

1916 2661 2061 2718 mior
2081 2663 2370 2734 habeatur,
2402 2677 2456 2723 et
2481 2685 2579 2740 per
2617 2670 2800 2728 futura
2840 2682 3087 2747 tempora
3133 2679 3327 2736 melius
3376 2697 3512 2740 cou-
3550 2730 3554 2734 .

1915 2767 2188 2828 servetur,
2216 2763 2284 2819 de
2311 2773 2498 2822 nostro
2525 2771 2728 2826 annulo
2751 2773 2940 2829 subter
2969 2775 3234 2854 jussimus
3260 2775 3509 2849 sigillari.

1984 2851 2276 2910 Duraudus
2301 2857 2561 2916 diaconus
2585 2862 2653 2916 ad
2682 2863 2855 2919 vicem
2883 2864 3181 2938 Fridugisi.

1984 2944 2119 3000 Data
2146 2962 2215 3001 xv
2244 2946 2364 3004 Kal.
2399 2951 2702 3021 Februarii,
2727 2971 2888 3024 anno,
2913 2957 3132 3015 Christo
3154 2963 3413 3032 propitio,
3442 2960 3513 3020 17

1913 3035 2131 3106 imperii
2170 3037 2353 3094 domui
2383 3040 2643 3100 Ludovici
2685 3048 3023 3106 serenissimi
3071 3051 3415 3124 imperatoris
3454 3061 3512 3112 et

1913 3125 2159 3182 Lotharii
2195 3129 2424 3201 Augusti
2455 3135 2510 3200 8,
2539 3136 2834 3195 indictione
2857 3139 2910 3194 9.
2938 3139 3136 3197 Actum
3180 3145 3509 3217 Aquisgrani

1952 3219 2119 3277 alatio
2147 3223 2299 3294 regio
2326 3225 2382 3280 in
2411 3225 2508 3282 Dei
2537 3231 2756 3287 nomine
2786 3232 3038 3291 feliciter.

2604 3321 2792 3380 CLIX.

2053 3422 2153 3461 PRO
2185 3424 2522 3480 MQNASTERIO
2557 3431 2746 3475 SANCTI
2783 3438 3008 3480 ANDREE
3037 3440 3362 3488 VIEN‘NENSIS.

2534 3506 2710 3581 (Anno
2737 3514 2891 3584 851.)

1909 3586 2013 3660 [Ex
2059 3589 2395 3650 chartulario
2436 3598 2684 3657 ecclesiae
2731 3604 3059 3665 Viennensis
3085 3651 3102 3676 ,
3147 3612 3289 3682 apud
3316 3613 3504 3676 Baluz.

2290 3713 2296 3718 -
2375 3687 2574 3760 Capit,
2617 3700 2658 3746 t.
2687 3693 2754 3758 II,
2784 3711 2838 3765 p.
2873 3697 3058 3771 4452.]

1976 3772 2035 3827 In
2080 3775 2299 3830 nomine
2349 3778 2563 3834 Domini
2593 3782 2690 3836 Dei
2733 3794 2788 3839 et
2837 3785 3138 3847 Salvatoris
3177 3797 3348 3852 nostri
3377 3796 3503 3857 Jesu

1905 3861 2132 3927 Christi,
2190 3864 2533 3932 Ludovicus,
2579 3871 2763 3928 divina
2810 3877 3099 3937 ordinante
3142 3887 3499 3960 providentia,

1905 3951 2202 4021 imperator
2230 3953 2529 4024 Augustus.

1976 4044 2034 4100 Si
2063 4048 2406 4104 sacerdotum
2454 4068 2520 4108 ac
2560 4070 2842 4116 servorum
2871 4062 2967 4120 Dei
3014 4069 3325 4142 petitiones,
3363 4094 3502 4148 quas

1903 4139 2060 4194 nobis
2104 4157 2203 4211 pro
2240 4143 2353 4198 suis
2382 4148 2800 4209 necessitatibus
2849 4157 3211 4232 inuotuerint,
3259 4139 3326 4222 ad
3365 4139 3498 4227 έπε-

1903 4237 2050 4285 ctum
2071 4232 2434 4301 perducimus,
2474 4253 2580 4294 nou
2607 4242 2783 4298 solum
2815 4253 3259 4311 consuetudinem
3290 4262 3496 4332 regiam

1902 4336 2222 4381 exercemus
2245 4368 2259 4392 ,
2302 4343 2490 4384 verum
2521 4332 2685 4389 etiam
2727 4338 2793 4392 ad
2833 4340 3225 4402 beatitudinem
3257 4353 3496 4410 retribu—

1900 4416 2066 4471 tionis
2114 4420 2461 4488 profuturum
2509 4426 2853 4488 conﬁdimus.
2915 4435 3150 4495 Proinde
3197 4447 3496 4517 comperiat

1900 4509 2142 4564 omnium
2183 4511 2419 4568 ﬁdelium
2459 4526 2772 4576 nostrorum
2804 4525 3093 4597 industria,
3142 4509 3494 4603 praesentium

1817 4616 1874 4679 Β
1899 4601 2107 4657 scilicet
2139 4612 2194 4657 et
2231 4603 2538 4664 futurorum
2559 4653 2575 4679 ,
2623 4615 2857 4682 qualiter
2884 4621 2970 4674 vir
2997 4601 3322 4684 venerabilis
3361 4628 3494 4687 Ber-

1897 4696 2122 4762 nardus,
2156 4697 2483 4759 Viennensis
2511 4704 2770 4762 Ecclesia:
2797 4713 3018 4781 praesul,
3046 4717 3271 4776 veniens
3299 4723 3368 4777 ad
3394 4739 3492 4780 no-

1897 4794 2070 4842 stram
2094 4792 2446 4850 serenitatem
2493 4797 2686 4854 detulit
2710 4802 2866 4858 nobis
2896 4815 3236 4867 astrumenta
3268 4815 3492 4873 charta-

1895 4895 2016 4935 rum
2051 4897 2150 4951 per
2189 4899 2309 4952 qua:
2347 4885 2730 4947 Ausemuudus
2763 4902 2819 4948 et
2864 4896 3062 4967 coujux
3114 4917 3212 4958 sua
3255 4905 3485 4965 Ansleuv

1893 4969 2030 5024 bana
2059 4979 2115 5026 et
2143 4971 2252 5028 ﬁlia
2276 4990 2466 5031 eorum
2510 4979 2721 5036 Remila
2747 4987 3008 5042 vocabulo
3032 4991 3272 5064 Eugenia
3301 5014 3485 5056 monao

1892 5063 2118 5116 sterium
2147 5066 2324 5119 sancti
2367 5068 2598 5126 Andreae
2629 5074 2954 5135 subterioris
2982 5063 3174 5140 sancto
3222 5087 3484 5148 Mauricio

1893 5155 2338 5211 coudouaverunt
2375 5167 2430 5214 et
2457 5163 2828 5234 tradiderunt,
2881 5178 3045 5242 atque
3075 5179 3318 5245 praedicti
3347 5198 3483 5242 cou-

1891 5243 2094 5301 ditores
2125 5247 2196 5302 ob
2231 5247 2506 5306 ﬁrmitatis
2540 5255 2778 5312 studium
2807 5272 2997 5319 sancto
3035 5243 3313 5330 Leoniauo
3346 5292 3481 5334 cou-

1888 5337 2262 5408 signaverunt,
2298 5351 2354 5398 et
2385 5346 2486 5400 sub
2513 5356 2784 5415 potestate
2807 5361 2862 5407 et
2889 5358 3228 5420 ordinatione
3253 5407 3266 5421 .
3293 5408 3308 5423 .
3337 5408 3352 5423 .
3380 5410 3394 5424 .
3422 5410 3437 5424 .
3462 5411 3480 5426 .

1888 5430 2138 5501 Episcopi
2166 5433 2424 5490 Ecclesia:
2469 5438 2793 5498 Viennensis
2831 5454 2886 5500 et
2915 5464 3293 5513 successorum
3334 5460 3480 5518 illius

1883 5521 2002 5576 utili
2030 5523 2243 5579 actione
2277 5526 2425 5582 omni
2458 5537 2702 5600 tempore
2730 5549 2965 5595 maneat.
3003 5543 3226 5618 Insuper
3258 5558 3314 5604 et
3333 5566 3476 5620 pm-

1885 5624 2040 5682 cepta
2068 5616 2282 5684 piorum
2327 5635 2516 5692 regum
2559 5627 2818 5698 ostendit,
2865 5616 3149 5696 Teuderici
3179 5616 3389 5698 scilicet
3417 5649 3475 5703 et

1884 5702 2209 5774 Guntrauni,
2241 5726 2340 5780 per
2381 5728 2500 5782 qua:
2528 5716 2630 5787 ipsi
2668 5733 2857 5782 sancto
2884 5726 3143 5786 Mauricio
3173 5733 3470 5792 conﬁrma-

1882 5806 2079 5853 verunt
2116 5799 2323 5857 ﬁrmius
2356 5805 2426 5860 ad
2467 5807 2798 5870 habendum.
2850 5816 2955 5874 Sed
3003 5822 3293 5889 praedictus
3333 5826 3470 5882 Ber-

1885 5896 2088 5951 nardus
2125 5895 2410 5968 episcopus
2457 5903 2646 5960 retulit
2694 5909 2998 5966 celsitudini
3051 5920 3252 5970 nostrae
3290 5917 3465 5988 ipsum

3029 6005 3107 6065 38
