4050 6340
669 314 804 372 H95

1832 314 2157 372 LUDOVICI
2195 317 2216 371 ι
2251 313 2724 378 COGNOMENTO
2760 303 2850 375 ΡΠ
2904 290 2907 292 ’
3702 325 3789 386 ttuu

663 435 1044 491 monasterium
1091 441 1314 506 propter
1359 435 1710 508 cupiditatem
1753 432 2022 488 malorum
2068 433 2245 488 homi-
2270 436 2324 498 Α
2348 434 2656 490 ctoritatem
2690 432 2807 488 ﬁeri
2850 433 3204 504 juberemus:
3257 433 3392 505 quod
3433 440 3481 490 et
3507 435 3637 492 nobis
3669 453 3791 498 securi.

661 544 789 583 num
833 529 900 584 ab
941 527 1129 583 eadem
1175 527 1415 584 Ecclesia
1448 529 1807 584 subtractum.
1865 528 1976 583 Nos
2029 543 2245 599 quoque

660 622 858 694 iustam
889 622 997 678 imo
1043 621 1418 677 rationabilem
1462 623 1782 693 petitionem
1825 623 1968 678 illius
1992 623 2244 694 judican-

661 723 766 781 tes,
795 715 1131 771 restituimus
1152 715 1325 786 ipsum
1355 716 1741 770 monasterium
1771 723 1960 772 sancto
1986 714 2244 772 Mauricio

660 820 716 869 et
747 801 1027 867 Barnardo
1059 811 1204 865 illius
1232 810 1335 866 loci
1368 811 1621 880 episcopo
1646 825 1744 879 per
1770 820 1972 866 nostrae
2012 811 2245 866 auctori-

660 905 790 960 tatis
813 911 1140 976 prmceptum
1171 918 1269 973 pro
1297 903 1546 958 mercede
1580 909 1635 957 et
1657 903 1894 957 remedio
1923 903 2116 958 anima:
2147 919 2245 958 no-

659 1004 788 1052 strae
833 1003 996 1066 atque
1039 995 1205 1050 totius
1256 993 1467 1064 imperii
1518 993 1690 1049 nostri
1735 993 2134 1060 emolumento,
2183 1002 2244 1052 ut

659 1096 771 1144 tam
801 1089 915 1158 ipse
938 1103 1097 1157 quam
1127 1101 1469 1143 successores
1498 1088 1581 1142 sui
1627 1087 1829 1156 absque
1859 1086 2080 1157 cuiusce
2114 1105 2243 1145 con-

657 1182 984 1237 tradictione
1016 1180 1192 1250 ipsum
1222 1179 1610 1234 monasterium
1654 1181 1905 1236 ordinent
1935 1189 2096 1252 atque
2125 1182 2240 1239 dis-

655 1283 861 1346 ponant
897 1275 1193 1329 secundum
1236 1274 1568 1328 voluntatem
1596 1274 1692 1330 Dei
1725 1283 1780 1330 et
1811 1275 1954 1329 beati
1996 1273 2241 1330 Mauricii

657 1368 727 1423 ab
756 1367 1012 1422 hodierna
1042 1365 1128 1420 die
1153 1373 1209 1420 et
1251 1364 1534 1436 deinceps,
1577 1373 1631 1421 et
1663 1366 1733 1421 sit
1763 1367 1863 1422 sub
1901 1366 2242 1423 immunitate

657 1468 840 1516 nostra
865 1459 1005 1514 sicut
1024 1465 1078 1513 et
1097 1457 1216 1512 aliae
1243 1473 1330 1512 res
1359 1457 1531 1514 sancti
1563 1457 1827 1512 Mauricii.
1859 1457 2240 1529 Praecipientes

655 1566 786 1621 ergo
809 1550 1060 1622 jubemus
1103 1558 1163 1603 ut
1205 1550 1384 1605 nullus
1413 1551 1580 1621 judex
1614 1550 1860 1620 publicus
1895 1565 2070 1622 neque
2092 1548 2240 1620 judi-

2348 526 2475 580 dum
2528 525 2767 596 ejusdem
2823 525 3136 595 petitionem
3177 523 3292 579 ﬁeri
3336 524 3550 596 placuit:
3589 544 3666 599 per
3690 547 3792 602 quam

2346 617 2688 688 praecipimus
2713 623 2877 687 atque
2899 616 3153 687 jubemus
3181 625 3241 671 ut
3283 616 3448 673 nullus
3479 634 3539 674 ex
3564 628 3791 681 successori-

2344 709 2447 764 bus
2475 707 2592 778 ejus
2617 749 2630 763 .
2658 749 2673 763 .
2700 749 2714 764 .
2743 748 2756 762 .
2785 748 2800 763 .
2831 748 2846 763 .
2899 707 3150 764 videlicet
3195 707 3424 778 ejusdem
3467 716 3711 770 monasterii
3739 733 3792 789 pa-

2346 803 2492 858 troni
2529 803 2699 860 nostri
2731 801 3031 858 beatissimi
3061 803 3236 858 sancti
3265 801 3467 858 Martini
3489 804 3679 875 qualibet
3696 823 3792 863 occa-

2346 899 2498 955 sione
2544 898 2609 953 de
2631 896 2756 966 jure
2804 897 3092 951 memorati
3129 896 3431 951 monasterii
3460 895 3696 954 Cormarici
3729 899 3791 956 ullo

2344 1006 2583 1061 unquam
2614 998 2852 1060 tempore
2879 990 3124 1044 eamdem
3143 989 3322 1044 villam
3345 989 3638 1054 abstrahere,
3663 990 3721 1044 vel
3736 991 3792 1045 ali-

2345 1089 2474 1161 quid
2517 1090 2582 1146 de
2621 1089 2707 1146 his
2733 1103 2854 1160 qua:
2893 1089 2960 1142 ad
2999 1102 3118 1144 eam
3153 1087 3298 1158 juste
3342 1086 3601 1156 pertinent,
3639 1086 3792 1143 minuere

2342 1191 2668 1256 praesumat:
2707 1182 2802 1237 sed
2835 1183 2934 1236 sub
2956 1182 3100 1236 omni
3128 1182 3444 1252 integritate,
3486 1180 3644 1235 sicuta
3666 1197 3792 1236 memo-

2340 1274 2466 1332 rato
2495 1273 2790 1330 venerabili
2811 1271 3098 1345 Fridugiso
3133 1273 3202 1327 ad
3227 1273 3364 1358 idem
3393 1273 3708 1327 monasterium
3728 1282 3791 1326 tra-

2345 1365 2457 1422 dita
2485 1381 2550 1421 ac
2575 1364 2753 1420 delata
2786 1362 2908 1430 fuit,
2947 1373 3208 1434 perpetua
3236 1363 3510 1418 stabilitate
3547 1363 3592 1418 in
3625 1361 3709 1430 ejus
3721 1362 3794 1430 jure

2343 1459 2622 1520 consistat.
2671 1457 2740 1512 Et
2766 1456 3028 1528 quidquid
3051 1457 3274 1511 abhates
3293 1463 3346 1509 et
3373 1452 3548 1509 fratres
3578 1469 3629 1509 ac
3657 1464 3793 1525 agentes

2313 1616 2316 1618 γ
2343 1548 2585 1618 ejusdem
2629 1548 2945 1622 monasterii
2979 1548 3045 1603 de
3090 1546 3295 1602 eisdem
3323 1544 3404 1600 vel
3439 1545 3488 1599 in
3509 1544 3670 1600 eisdem
3700 1543 3794 1596 rebus

609 1645 612 1647 ’
654 1643 824 1700 ciaria
849 1651 1093 1714 potestas
1123 1644 1190 1697 ad
1219 1657 1415 1697 causas
1449 1642 1746 1698 audiendas
1767 1683 1782 1702 .
1818 1642 1901 1696 vel
1936 1639 2087 1698 freda
2118 1642 2237 1698 exi-
2336 1644 2460 1718 jure
2489 1642 2861 1698 ecclesiastico
2887 1641 3073 1696 facere
3092 1639 3448 1703 decreverint,
3467 1638 3611 1693 libero
3631 1639 3672 1691 in
3689 1637 3794 1691 omni-

652 1737 847 1806 genda,
897 1744 992 1790 aut
1031 1735 1341 1794 mansiones
1389 1734 1474 1788 vel
1524 1743 1744 1804 paratas
1792 1734 2106 1800 faciendas,
2145 1740 2239 1814 aut

2340 1731 2443 1788 bus
2476 1730 2826 1802 perfruantur
2856 1730 3082 1785 arbitrio
3121 1728 3368 1785 faciendi.
3406 1727 3466 1782 Et
3505 1736 3555 1782 ut
3577 1728 3795 1782 haecaucto-

650 1824 999 1894 ﬁdejussores
1025 1824 1320 1889 tollendos,
1354 1833 1445 1879 aut
1472 1826 1719 1880 homines
1757 1824 1998 1894 ejusdem
2042 1841 2234 1880 mona-
2261 1819 2312 1882 B
2338 1824 2474 1878 ritas
2526 1822 2954 1880 conﬁrmationis
2999 1829 3202 1876 nostra:
3252 1828 3360 1874 tam
3411 1818 3588 1874 nostris
3623 1831 3736 1888 quam
3765 1827 3795 1871 et

649 1918 804 1975 sterii
835 1926 943 1971 tam
973 1917 1237 1989 ingenuos
1260 1933 1529 1988 quamque
1561 1933 1763 1980 servos,
1809 1917 1900 1988 qui
1933 1934 2098 1990 super
2131 1917 2242 1975 ter-

647 2013 771 2063 ram
817 2009 987 2080 ipsius
1031 2009 1270 2063 residere
1308 2008 1599 2074 videntur,
1656 2009 2093 2082 distringendos,
2140 2027 2242 2069 nec

648 2101 792 2157 ullas
816 2100 1211 2156 redhibitiones
1239 2101 1714 2170 requirendasullo
1730 2117 1967 2171 unquam
1999 2110 2242 2174 tempore

651 2192 860 2264 ingredi
891 2193 1084 2248 audeat
1112 2209 1126 2257 ;
1159 2201 1213 2247 et
1232 2193 1494 2263 quidquid
1522 2194 1646 2248 inde
1673 2193 1835 2250 ﬁscus
1867 2204 2121 2251 exactare
2148 2213 2242 2267 po-

651 2284 802 2346 terit,
831 2291 1002 2337 totum
1029 2297 1127 2353 pro
1149 2291 1351 2338 aeterna
1385 2287 1824 2342 remuneratione
1849 2289 2091 2344 ecclesiae
2114 2304 2242 2344 san-

649 2372 724 2426 cti
771 2372 1015 2427 Mauricii
1045 2375 1416 2430 concedimus.
1465 2375 1534 2430 Et
1563 2386 1622 2431 ut
1666 2377 1780 2434 haec
1811 2381 2108 2436 auctoritas
2135 2381 2241 2436 lar-

649 2463 836 2534 gitatis
859 2472 1058 2521 nostra:
1102 2465 1470 2522 inviolabilem
1500 2467 1741 2525 obtineat
1774 2471 2038 2542 vigorem,
2079 2489 2240 2528 manu

646 2555 866 2626 propria
895 2556 1080 2612 subter
1124 2557 1460 2616 ﬁrmavimus
1488 2566 1543 2615 et
1566 2559 1752 2616 annuli
1787 2563 1961 2618 nostri
2005 2563 2237 2634 impres-

646 2645 801 2702 sione
831 2648 1031 2718 signari
1057 2649 1340 2719 jussimus.

721 2735 945 2807 Signum
973 2739 1234 2794 Ludovici
1261 2740 1594 2797 serenissimi
1616 2742 1986 2814 imperatoris.

718 2828 854 2884 Data
890 2847 922 2885 v
953 2831 1134 2887 Nonas
1160 2832 1401 2902 Martias,
1439 2851 1602 2902 anno,
1630 2835 1848 2893 Christo
1877 2836 2137 2909 propitio,
2172 2838 2239 2895 l8

650 2918 830 2979 domui
865 2919 1122 2976 Ludovici
1163 2925 1498 2980 serenissimi
1541 2926 1812 2998 Augusti,
1858 2928 2152 2985 indictione
2181 2930 2234 2986 9.

645 3009 842 3065 Actum
870 3011 1199 3085 Aquisgrani
1237 3016 1440 3086 palatio
1464 3018 1616 3090 regio
1653 3019 1714 3077 in
1750 3019 1850 3078 Dei
1873 3021 2091 3080 nomine
2114 3020 2237 3080 feli-

643 3100 800 3158 eiter.

715 3193 1035 3254 Helisachar
1064 3201 1376 3272 recognovi.

1359 3291 1517 3349 CLX.

984 3395 1089 3436 ιιιο
1119 3396 1363 3438 ιοωλετε
1369 3398 1460 3439 llo
1485 3398 1897 3445 conan.

1256 3472 1429 3544 (Anno
1461 3475 1610 3546 est).

645 3556 756 3635 [Ex
789 3559 1126 3620 chartulario
1169 3561 1227 3618 S.
1272 3563 1486 3620 Martini
1517 3566 1748 3634 Turon.,
1798 3569 1942 3641 apud
1987 3570 2054 3628 D.
2097 3571 2240 3631 Bon.

1075 3662 1249 3724 quet.,
1284 3663 1414 3710 tom.
1449 3655 1536 3722 Vl,
1563 3673 1616 3727 p.
1645 3657 1796 3731 572.]

711 3739 774 3798 In
811 3742 1031 3799 nomine
1075 3744 1289 3799 Domini
1340 3746 1429 3799 Dei
1462 3755 1517 3801 et
1560 3745 1860 3805 Salvatoris
1902 3753 2074 3808 nostri
2108 3752 2238 3812 Iesu

643 3833 881 3900 Christi,
932 3835 1260 3904 Ludovicus,
1315 3839 1494 3894 divina
1546 3841 1835 3898 ordinante
1871 3845 2232 3917 providentia,

644 3925 948 3996 imperator
970 3929 1266 3998 Augustus.

713 4017 911 4074 Notum
956 4033 1078 4076 esse
1125 4021 1373 4077 volumus
1412 4023 1668 4079 omnibus
1715 4024 1964 4083 ﬁdelibus
2010 4031 2233 4099 nostris,

637 4115 1004 4189 praesentibus
1048 4117 1258 4172 scilicet
1306 4125 1362 4172 et
1410 4118 1637 4186 futuris,
1687 4123 1814 4192 quia
1850 4121 2024 4180 ﬁdelis
2053 4136 2238 4183 noster

639 4209 972 4268 venerabilis
1013 4208 1330 4281 Fridugisus
1372 4212 1540 4268 abbas
1569 4216 1889 4270 monasterii
1923 4216 1980 4271 S.
2019 4217 2236 4274 Martini

641 4304 880 4362 innotuit
906 4304 1305 4361 mansuetudini
1336 4313 1535 4361 nostrae
1572 4308 1716 4377 quod
1741 4317 2052 4366 antecessor
2080 4326 2232 4378 suus,

639 4398 862 4456 nomine
889 4398 1102 4464 lterius,
1130 4397 1403 4468 quondam
1431 4399 1670 4469 ejusdem
1701 4402 2017 4457 monasterii
2043 4403 2230 4470 abbas,

640 4491 914 4563 quoddam
946 4492 1334 4548 monasterium
1360 4533 1374 4558 ,
1419 4493 1576 4563 cujus
1605 4495 1926 4551 vocabulum
1973 4504 2060 4552 est
2101 4497 2233 4552 Cor-

640 4584 907 4649 maricus,
939 4584 1396 4655 super'Angerem
1425 4584 1643 4641 ﬂuvium
1679 4603 1711 4641 a
1747 4603 1886 4643 novo
1913 4603 2076 4662 opere
2105 4605 2234 4645 con-

633 4678 936 4743 struxerit,
984 4686 1148 4747 atque
1189 4678 1260 4732 ibi
1309 4680 1604 4735 monachos
1645 4685 1940 4736 secundum
1987 4699 2233 4739 normam

637 4771 816 4828 sancti
840 4770 1115 4826 Benedicti
1138 4771 1321 4824 vivere
1347 4771 1663 4838 instituerit,
1692 4774 1785 4828 ubi
1816 4776 2069 4844 prmsenti
2099 4786 2236 4830 tem-

555 4853 562 4863 ’
588 4836 610 4878 ⁸
640 4877 775 4934 pore
803 4861 970 4917 Jacoh
996 4863 1164 4918 abbas
1191 4878 1311 4919 esse
1340 4836 1695 4933 dignoscitur.
1731 4836 1837 4920 Sed
1864 4867 1989 4936 quia
2023 4867 2235 4924 habita-

554 4955 564 5010 ',
590 4954 616 5022 ἶ,
641 4953 766 5010 cilia
793 4952 1020 5008 fratrum
1049 4952 1180 5009 inibi
1217 4955 1527 5024 degentium
1554 4971 1659 5011 non
1694 4958 1987 5013 secundum
2014 4959 2067 5014 id
2091 4960 2233 5031 quod

594 5070 607 5118 ξ
641 5045 828 5116 regula
853 5045 1028 5101 sancti
1053 5044 1332 5101 Benedicti
1358 5049 1702 5115 exposcebat,
1730 5058 2040 5105 constructa
2068 5051 2234 5107 habe-

640 5137 872 5202 bantur,
897 5137 1090 5192 eadem
1124 5136 1430 5191 habitacula
1463 5137 1605 5192 idem
1630 5139 1740 5210 ipse
1769 5139 2087 5214 Fridngisus
2116 5158 2231 5198 me—

641 5228 750 5286 lius
771 5236 830 5284 et
863 5227 1145 5284 honestius
1169 5226 1518 5295 reformavit,
1565 5239 1621 5286 et
1653 5231 1720 5285 ad
1747 5232 1994 5288 decorem
2042 5241 2099 5288 et
2137 5233 2232 5289 ho-

639 5329 908 5382 nestatem
936 5320 1175 5392 ejusdem
1202 5324 1519 5380 monasterii
1545 5324 1827 5381 ecclesiam
1859 5341 1888 5378 a
1913 5341 2051 5381 novo
2070 5342 2234 5399 opere

638 5413 777 5472 inibi
805 5415 1047 5471 construi
1073 5415 1205 5472 fecit
1227 5456 1242 5482 ,
1279 5425 1334 5472 et
1359 5416 1427 5472 de
1453 5417 1616 5472 rebus
1651 5417 1823 5470 sancti
1859 5416 2072 5473 Martini
2112 5433 2232 5489 qua:

639 5515 772 5565 sunt
799 5506 856 5562 in
882 5506 1156 5562 Turonico
1190 5519 1351 5577 pago,
1396 5507 1448 5561 id
1477 5517 1578 5573 est,
1610 5507 1675 5562 de
1702 5506 1827 5562 villa
1857 5524 1978 5578 quae
2008 5521 2232 5567 vocatur

641 5598 888 5656 lardoni
915 5597 1097 5670 (Nunc
1116 5600 1514 5671 Brunomium),
1541 5600 1786 5655 eamdem
1817 5602 2103 5658 ecclesiam
2135 5604 2232 5661 do-

644 5692 863 5746 taverit.
893 5691 1124 5758 Propter
1145 5690 1251 5744 hoc
1275 5691 1433 5761 petiit
1467 5706 1536 5747 ac
1559 5692 1881 5762 deprecatus
1906 5702 1991 5750 est
2021 5711 2140 5764 nos,
2171 5705 2232 5753 ut

647 5797 810 5852 super
834 5782 1097 5852 ejusmodi
1134 5783 1280 5840 facto
1317 5785 1458 5840 hanc
1495 5793 1696 5842 nostra:
1729 5789 2106 5858 prmeeptionis
2135 5806 2231 5848 au-

2256 4540 2310 4608 D

2342 1912 2542 1968 futuris
2568 1912 2904 1984 temporibus
2925 1911 3292 1966 inviolabilem
3322 1918 3373 1965 et
3396 1908 3696 1965 inconvulsam
3711 1907 3794 1961 oliti-

2341 2013 2471 2060 neat
2500 2004 2831 2068 ﬁrmitatem,
2891 2019 3052 2058 manu
3096 2003 3316 2073 propria
3363 2000 3531 2057 subter
3565 2014 3659 2054 eam
3684 1997 3793 2050 ﬁrma-

2339 2099 2539 2165 vimus,
2565 2107 2621 2154 et
2642 2097 2827 2153 annuli
2853 2097 3023 2152 nostri
3047 2095 3401 2166 impressione
3421 2091 3594 2164 signari
3609 2090 3791 2161 jussinus.

2414 2189 2637 2262 Signum
2664 2189 2920 2256 Ludovici
2949 2187 3288 2244 serenissimi
3315 2185 3558 2256 Augusti.

2411 2283 2546 2338 Data
2565 2299 2615 2336 vt
2634 2282 2759 2336 ldus
2784 2280 3026 2346 Martias,
3049 2295 3220 2346 anno,
3235 2278 3442 2335 Christo
3463 2273 3667 2346 propitio,
3685 2271 3792 2326 l8in-

2339 2375 2480 2448 perii
2505 2374 2704 2430 domini
2728 2373 2985 2428 Ludovici
3021 2371 3255 2442 piissimi
3281 2370 3509 2440 Augusti.
3535 2365 3746 2422 indictione
3763 2364 3791 2417 9.

2339 2467 2534 2524 Actum
2560 2465 2886 2540 Aquisgrani
2906 2463 3109 2536 pahtio
3149 2462 3296 2538 regio
3323 2462 3377 2517 in
3400 2459 3488 2516 Dei
3509 2457 3679 2514 nomine
3695 2453 3794 2510 felici-

2343 2569 2446 2624 ter.
2484 2558 2680 2614 Amen.

3086 2645 3272 2702 CLXI.

2341 2758 2446 2816 PBQ
2494 2753 2775 2804 ΕΡΗἮΔΝΙΟ
2807 2751 3015 2798 ΔΒΒΔΤΕ
3044 2751 3369 2794 IONASTERH
3395 2746 3628 2792 “MENTI!
3653 2745 3699 2786 DE
3718 2742 3795 2782 πι-

3039 2825 3245 2864 τυιιΝο.

2967 2897 3145 2973 (Αηηο
3185 2898 3279 2956 831
3294 2896 3331 2970 .)

2342 2997 2521 3074 [Apud
2545 2995 2858 3060 Chesnium,
2893 2991 3089 3066 Script.
3127 2991 3249 3049 Rer.
3282 2989 3468 3047 Franc.
3496 2998 3529 3045 t.
3554 2985 3624 3052 Ill,
3646 2977 3793 3057 p.686.]

2410 3111 2470 3167 In
2495 3110 2713 3166 nomine
2737 3107 2952 3164 Domini
2992 3106 3091 3162 Dei
3132 3115 3190 3162 et
3215 3104 3498 3162 Salvatoris
3521 3102 3624 3159 Jesu
3653 3096 3792 3158 Christi.

2263 3174 2310 3248 α
2338 3201 2663 3280 Ludovicus,
2709 3200 2893 3282 divina
2918 3199 3214 3282 ordinante
3241 3197 3569 3274 providentia,
3601 3194 3792 3262 imperator

2338 3294 2633 3366 Augustus.

2408 3384 2671 3443 Omnibus
2699 3383 2991 3458 episcopis,
3041 3382 3333 3440 abbatibus
3354 3388 3406 3438 et
3430 3379 3640 3442 ducibus,
3663 3369 3788 3429 coniti-

2336 3475 2460 3544 bus,
2499 3476 2813 3542 castaldeis,
2840 3475 3194 3544 actionariis,
3217 3475 3443 3539 vicariis,
3468 3468 3787 3530 centenarium

2338 3569 2579 3642 terisque
2603 3566 2852 3626 ﬁdelibus
2890 3569 3114 3633 nostris,
3152 3567 3492 3641 pauentibus
3514 3562 3674 3618 scilicet
3691 3554 3790 3612 etin-

2339 3663 2500 3728 turis,
2546 3672 2736 3718 notum
2764 3662 2838 3718 sit
2878 3661 3007 3733 quia
3035 3662 3364 3720 venerabilis
3386 3655 3663 3730 Epiphanius
3693 3647 3792 3705 ablat

2337 3755 2654 3817 monasterii
2679 3753 2735 3810 S.
2770 3755 3042 3810 Vincentii
3075 3755 3335 3826 martyris
3356 3795 3370 3819 ,
3400 3749 3526 3823 quod
3547 3749 3670 3803 situm
3693 3739 3790 3796 estin

2337 3849 2614 3904 territorio
2644 3848 3026 3909 Beneventano
3045 3863 3214 3920 super
3231 3846 3442 3912 ﬂuvium
3463 3843 3724 3899 Vulturnum.
3736 3844 3790 3901 pet

2336 3942 2544 4016 legatos
2572 3959 2700 4000 suos
2743 3943 2942 3999 direxit
2971 3942 3040 3996 ad
3086 3959 3191 4002 nos
3236 3943 3505 4015 quamdam
3543 3928 3791 3992 conﬁrmatio

2338 4055 2464 4096 nem
2492 4055 2654 4111 quam
2691 4037 2878 4109 Lupus
2921 4041 3203 4110 quomlam
3230 4040 3336 4096 dux
3369 4033 3644 4092 monasterio
3663 4036 3792 4121 mentu-

2338 4131 2442 4186 rati
2488 4129 2544 4186 S.
2601 4131 2868 4187 Vincentii
2898 4132 3183 4203 martyris,
3241 4131 3310 4188 de
3349 4126 3624 4199 quibusdam
3644 4118 3790 4212 0353.”

2334 4221 2628 4279 Amiterno.
2649 4231 2708 4277 et
2731 4223 2931 4290 Savino
2959 4223 3192 4292 fecerat,
3241 4237 3442 4286 necnon
3477 4226 3521 4275 et
3551 4217 3790 4286 quatuor]?

2336 4317 2520 4382 dicata
2538 4316 2604 4372 de
2629 4316 2953 4386 quibusdam
2984 4317 3162 4378 servis
3199 4324 3256 4371 et-
3278 4311 3472 4370 ancillis
3491 4325 3550 4364 ex
3570 4304 3664 4360 villa
3681 4297 3786 4357 Trita.

2336 4407 2429 4477 qui
2479 4421 2538 4462 se
2569 4408 2894 4462 subtrahere
2942 4422 2973 4460 a
3003 4407 3188 4474 debito
3218 4403 3431 4463 servitio
3451 4399 3582 4471 quasi
3615 4407 3686 4463 ρετ
3707 4398 3790 4481 PM:

2335 4505 2491 4567 cepta
2519 4497 2716 4552 ducum
2744 4499 3077 4554 nitebantur.
3127 4498 3256 4564 Qua:
3285 4496 3335 4550 in
3363 4489 3609 4564 prtesentia
3634 4482 3787 4548 Sume

2337 4591 2572 4657 comitis,
2606 4608 2669 4646 ac
2691 4591 2988 4657 Benedicti,
3019 4591 3271 4661 Hilpiani,
3314 4597 3365 4644 et
3392 4583 3596 4642 Ansiridi
3617 4571 3787 4634 castalio-

2335 4701 2456 4742 rum
2507 4694 2936 4755 ceterorumque
2992 4685 3372 4748 scaltinorum,
3415 4680 3473 4735 de
3523 4671 3787 4763 praedictorum

2335 4779 2614 4834 hominum
2659 4786 2804 4832 statu
2845 4787 2966 4832 acta
2997 4777 3233 4832 fuerant.
3288 4775 3350 4830 Et
3377 4771 3582 4844 petiilut
3608 4759 3786 4818 ﬁrmitatis

2335 4872 2508 4944 gratia
2537 4879 2737 4926 nostra:
2781 4869 3212 4925 conﬁrmationis
3239 4865 3579 4923 auctoritatem
3613 4865 3725 4920 Siti“
3749 4858 3785 4898 ⁸³

2336 4962 2452 5017 ﬁeri
2472 4962 2807 5032 juberemus.
2834 4960 3001 5031 Cujus
3029 4961 3336 5031 petitionem
3361 4953 3667 5012 exaudientes,
3686 4947 3785 5006 super

2339 5053 2668 5113 nominatam
2693 5053 3160 5108 conﬁrmationem
3192 5067 3258 5108 ac
3291 5049 3512 5120 iudicata
3551 5041 3630 5095 hoc
3660 5036 3784 5087 nostra

2338 5143 2765 5201 conﬁrmationis
2826 5153 3154 5214 praeceptum
3222 5141 3334 5198 ﬁeri
3386 5133 3690 5216 decrevimus.
3724 5128 3784 5188 Ρεῐ

2338 5235 2482 5307 quod
2509 5235 2851 5291 decernimus
2880 5245 3043 5305 atque
3081 5235 3328 5305 jubemus
3353 5237 3408 5284 ut
3431 5226 3582 5283 nullus
3606 5220 3781 5312 vestrum,

2340 5336 2433 5382 aut
2467 5341 2842 5384 successorum
2869 5335 3173 5383 vestrorum
3216 5325 3282 5380 de
3317 5314 3592 5377 memoratis
3613 5308 3782 5396 locisrlﬂ

2336 5422 2531 5494 quibus
2557 5421 2851 5478 secundum
2896 5429 3314 5475 memoratorum
3343 5415 3600 5484 legalowm

2335 5481 2460 5570 nem
2486 5529 2625 5572 casae
2661 5513 2851 5586 viginti
2896 5521 3148 5584 quatuor,
3192 5526 3312 5567 cum
3337 5481 3535 5562 totidem
3571 5481 3784 5586 hominibus

2336 5607 2390 5664 in
2422 5608 2502 5662 eis
2528 5581 2950 5664 consistentibus
2971 5648 2986 5673 ,
3017 5607 3133 5663 sitae
3163 5617 3282 5660 esse
3307 5603 3574 5662 noscuntur
3591 5627 3605 5651 9
3626 5581 3783 5654 0‘19"“.

2334 5703 2557 5759 nomina
2583 5701 2700 5758 haec
2743 5710 2869 5757 sunt
2889 5700 3122 5760 Joannes
3143 5741 3158 5766 ,
3195 5698 3404 5766 Theopo
3422 5733 3436 5757 ,
3473 5689 3587 5780 item
3605 5674 3781 5780 ξυληξὲ

2334 5792 2606 5861 Cortulus,
2651 5791 2862 5863 Petrus,
2917 5758 3357 5859 Theodobertus;
3379 5784 3514 5849 Hiso,
3547 5770 3670 5836 Wo
3691 5758 3779 5819 λα’
