4050 6340
245 317 385 380 1201

929 438 1156 497 CLXIV.

496 542 600 587 P30
635 544 930 588 TURONENSI
968 546 1014 586 8.
1052 544 1278 586 IAR'I‘INI
1313 545 1583 586 ECCLESIA.
1673 545 1687 563 ‘

331 651 353 679 .
866 624 1040 698 (Anno
1070 623 1221 694 851.)

246 708 680 786 NciTttronensis
723 716 993 786 episcopus
1038 714 1302 786 dominari
1353 723 1639 786 prwsumat
1681 713 1829 786 apud

261 816 264 818 η
320 785 379 841 S.
406 784 722 851 Martinam,
752 783 802 840 et
829 783 1110 853 ut’fratres
1142 783 1362 840 liberant
1390 784 1616 840 habeant
1666 783 1834 840 facul-

319 866 480 911 tatem
510 854 734 927 eligendi
766 855 989 911 abbatis.

245 947 427 1024 [Apud
456 947 713 1017 Martem,
733 947 907 1024 Ampi.
939 947 1096 1024 Qa!!_._,
1123 957 1256 1024 tom.
1280 947 1323 1024 l_,
1346 964 1402 1020 p.
1439 946 1531 1014 86,
1573 961 1646 1003 ex
1677 946 1837 1002 char-

780 1018 921 1075 tario
957 1018 1014 1074 S.
1043 1019 1308 1091 Martini.]

316 1113 376 1169 ln
403 1113 622 1170 nomine
650 1113 867 1170 Domini
911 1114 1008 1170 Dei
1051 1121 1106 1168 et
1156 1103 1454 1169 Salvatoris
1481 1111 1656 1168 nostri
1707 1109 1838 1167 Iesu

244 1203 471 1274 Christi,
489 1206 815 1272 Ludovicus,
845 1206 1028 1264 divina
1047 1206 1335 1264 ordinante
1348 1205 1714 1278 providentia,
1737 1203 1839 1259 im-

245 1306 471 1368 perator
495 1299 790 1371 Augustus.

321 1388 378 1444 Si
408 1389 543 1445 locis
571 1389 683 1446 Deo
713 1390 910 1447 dicatis
937 1389 1452 1460 quiddam'honoris
1484 1388 1837 1457 conferimus,

245 1488 303 1535 et
347 1480 459 1537 Deo
508 1480 564 1536 in
594 1485 674 1536 eis
704 1480 1084 1537 famulantium
1129 1482 1280 1554 pacis
1326 1490 1382 1537 et
1433 1480 1842 1552 tranquillitatis

245 1587 436 1627 curam
485 1573 744 1644 gerimus,
780 1581 836 1629 et
881 1573 948 1627 ad
997 1572 1362 1629 ministerium
1417 1585 1574 1627 suum
1618 1571 1840 1628 liberius

245 1666 654 1734 exsequendum
679 1679 838 1736 opem
861 1663 1106 1728 ferimus,
1140 1663 1244 1720 hoc
1271 1663 1430 1718 nobis
1459 1664 1646 1734 procul
1678 1663 1842 1719 dubio

245 1755 318 1811 ad
345 1764 547 1812 statum
579 1757 732 1828 regni
759 1755 964 1812 terreni
985 1755 1470 1822 corroborandum,
1499 1764 1557 1811 et
1588 1755 1657 1810 ad
1682 1763 1843 1810 mter-

245 1863 332 1905 naa
357 1849 484 1905 vitae
508 1847 901 1905 beatitudinem
932 1847 1320 1920 capessendam
1342 1845 1686 1917 profuturum
1719 1861 1840 1903 esse

246 1941 541 1998 credimus.
575 1942 782 1998 Idcirco
808 1950 996 1997 notum
1015 1939 1133 1996 ﬁeri
1156 1939 1406 1996 volumus
1428 1940 1679 1996 omnibus
1703 1938 1838 1996 ﬁde-

247 2033 392 2091 libus
429 2043 632 2090 sancta:
677 2035 774 2090 Dei
816 2035 1072 2091 Ecclesiae
1120 2044 1176 2092 et
1227 2035 1450 2102 nostris,
1481 2035 1843 2105 praesentibus

253 2127 468 2184 scilicet
513 2136 586 2184 et-
613 2127 836 2195 futuris,
883 2130 1012 2200 quia
1050 2130 1118 2185 ad
1154 2129 1473 2200 petitionem
1501 2129 1756 2196 fratrum,
1788 2129 1845 2186 in

251 2223 584 2280 monasterio
613 2225 788 2281 sancti
817 2223 1036 2280 Martini
1082 2224 1411 2282 confessoris
1439 2224 1644 2281 Christi
1683 2232 1848 2294 atque

250 2316 525 2388 pontiﬁcis
549 2318 661 2373 Deo
688 2317 920 2375 ﬁdeliter
957 2319 1402 2386 deservientium,
1431 2318 1625 2376 dilecta
1647 2316 1850 2387 coniux

256 2417 445 2466 nostra
489 2408 677 2466 Judith
714 2419 943 2482 augusta
991 2410 1147 2465 nobis
1190 2411 1460 2482 suggessit
1497 2426 1596 2480 per
1621 2410 1846 2482 privile-

256 2502 405 2574 gium
428 2503 602 2572 patris
637 2503 810 2558 nostri
851 2503 1030 2558 domui
1080 2501 1258 2560 Caroli
1305 2505 1408 2575 pia:
1454 2503 1851 2561 recordationis

258 2593 605 2664 imperatoris
634 2593 1106 2661 serenissimi,seu
1134 2603 1332 2652 caetera
1360 2595 1581 2668 regalia,
1611 2608 1712 2653 nec
1741 2612 1850 2653 non

252 2689 419 2746 etiam
455 2689 751 2761 apostolica
773 2689 1078 2763 privilegia,
1108 2691 1380 2762 quomodo
1406 2691 1548 2746 idem
1578 2699 1851 2747 monaste-

252 2781 398 2838 rium
425 2798 457 2837 a
485 2781 855 2839 dominatione
887 2784 1128 2854 episcopi
1175 2784 1462 2840 Turonica:
1508 2784 1660 2840 urbis
1713 2783 1850 2840 libe-

252 2892 376 2932 rum
401 2892 547 2933 nunc
573 2892 749 2948 usque
791 2885 929 2945 erat,
957 2877 1298 2948 qualiterque
1338 2875 1527 2948 procul
1575 2876 1739 2933 dubio
1780 2875 1850 2930 li-

251 2974 489 3032 centiam
519 2972 774 3029 habuerit
800 2972 1032 3045 eligendi
1061 2987 1128 3028 ex
1155 2973 1336 3043 seipso
1359 2973 1610 3029 abbatem
1651 2969 1851 3042 dignis—

252 3068 472 3132 simum,
489 3065 752 3137 petiitque
774 3065 989 3122 culmen
1014 3064 1296 3137 dignitatis
1317 3073 1518 3121 nostra;
1541 3072 1601 3118 ut
1628 3071 1850 3134 pr0pter

252 3171 497 3216 amorem
526 3165 581 3212 et
612 3157 879 3213 honorem
916 3156 1130 3212 Domini
1170 3157 1343 3212 nostri
1369 3153 1496 3212 Jesu
1543 3154 1768 3221 Christi,
1795 3162 1850 3212 et
1875 3176 1921 3240 ο

253 3250 321 3306 ob
352 3247 715 3306 reverentiam
741 3248 886 3305 beati
903 3247 1119 3302 Martini
1144 3246 1416 3318 pontiﬁcis
1437 3247 1650 3317 patroni
1674 3245 1847 3302 nostri

252 3339 563 3413 peculiaris,
611 3340 800 3396 eadem
835 3348 1022 3395 nostra
1071 3339 1398 3396 auctoritate
1440 3337 1709 3410 imperiali
1760 3337 1850 3394 ﬁr-

254 3448 404 3490 mare
428 3433 797 3505 dignaremus.
824 3431 934 3487 Nos
960 3418 1177 3502 quoque
1203 3430 1446 3501 ejusdem
1485 3428 1694 3485 dilectae
1723 3443 1850 3486 con-

254 3523 394 3596 .ugis
421 3530 623 3578 nostra:
647 3520 835 3576 Judith
881 3520 1086 3576 salubri
1113 3519 1459 3592 suggestione
1483 3519 1743 3604 commoti
1770 3519 1844 3575 si-

255 3614 363 3671 mul
393 3622 450 3670 et
476 3615 728 3682 hortatu,
759 3622 923 3685 atque
961 3613 1268 3670 interventu
1304 3611 1692 3670 venerabilium
1742 3628 1846 3669 no-

254 3713 494 3762 strorum
523 3705 593 3760 ad
630 3705 734 3761 hoc
765 3702 1160 3775 perﬁciendum
1201 3704 1554 3772 commoniti,
1584 3705 1729 3761 hanc
1756 3719 1850 3761 no-

255 3805 383 3854 strae
429 3795 770 3853 auctoritatis
809 3796 1282 3854 conﬁrmationem
1323 3805 1626 3854 memorato
1654 3811 1849 3853 mona-

254 3890 426 3947 sterio
455 3898 619 3961 atque
646 3888 910 3946 fratribus
945 3890 1000 3945 in
1041 3890 1233 3945 eodem
1270 3889 1385 3945 Deo
1412 3888 1851 3945 deservientibus

255 3981 700 4052 conscripsimus,
729 3997 793 4038 ac
822 3981 952 4037 dare
992 3979 1354 4046 decrevimus,
1383 3995 1483 4050 per
1509 3995 1674 4051 quam
1720 3995 1851 4036 con-

255 4074 554 4141 stituimus,
587 4081 750 4143 atque
770 4072 1083 4144 perenniter
1103 4071 1320 4127 ﬁrmum
1342 4070 1459 4127 fore
1484 4071 1847 4141 decernimus,

257 4175 318 4223 ut
354 4165 412 4221 in
450 4179 613 4238 supra
654 4163 766 4220 fato
795 4165 1148 4231 monasterio,
1183 4164 1296 4220 sive
1325 4163 1605 4230 fratribus,
1635 4163 1845 4234 primus

255 4259 545 4331 episcopus
570 4257 857 4315 Turonicze
883 4256 1036 4314 urbis
1066 4272 1176 4314 non
1220 4257 1342 4330 plus
1389 4257 1659 4313 dominari
1712 4273 1850 4328 prte-

256 4359 461 4418 sumat,
493 4359 587 4406 aut
611 4351 886 4408 licentiam
918 4349 1235 4407 dominandi
1258 4348 1479 4415 habeat,
1518 4349 1603 4404 vel
1644 4348 1850 4419 aliquid

256 4450 410 4498 certe
437 4443 566 4499 novi
587 4443 919 4509 introducat,
947 4450 1043 4498 aut
1072 4442 1129 4496 in
1151 4439 1287 4496 vicis
1310 4439 1396 4495 vel
1431 4439 1574 4496 villis
1618 4439 1851 4495 mansio-

1387 311 1780 379 DIPLOMATA
1819 312 2373 376 ECCLESIASTICA.

3363 313 3508 370 1202

1857 443 1908 500 Α
1933 434 2098 505 tione,
2127 451 2193 492 ea
2227 443 2434 489 tantum
2474 429 2780 489 conditione
2832 430 3110 501 praemissa
3161 438 3222 484 ut
3268 429 3509 500 quandiu

1933 529 2242 602 Fridegisns
2268 532 2455 596 abbas,
2481 529 2634 599 cujus
2661 528 2828 582 etiam
2857 526 3107 582 consultu
3135 534 3316 581 actum
3338 531 3421 579 est
3450 531 3514 578 ut

1933 625 2072 679 hanc
2095 623 2559 679 conﬁrmationem
2584 619 2701 675 ﬁeri
2734 627 3117 683 statueremus,
3148 621 3513 672 memoratum

1934 717 2324 772 monasterium
2367 713 2648 778 habuerit,
2676 712 2879 766 nullum
2908 707 3278 780 praeiudicium
3309 715 3404 764 aut
3429 706 3516 762 in-

1935 807 2305 877 quietudinem
2339 804 2407 860 de
2469 802 2798 875 quibuslibet
2847 800 3026 856 causis
3074 800 3335 868 patiatur.
3386 795 3516 852 Post

1937 896 2081 954 illius
2108 912 2239 952 vero
2269 896 2550 952 decessum
2596 895 2883 950 memorati
2926 892 3125 947 fratres
3175 891 3410 945 habeant
3435 887 3518 943 fa-

1938 990 2194 1046 cultatem
2221 989 2453 1060 eligendi
2490 988 2555 1042 de
2595 988 2727 1058 ipsis
2771 987 3042 1052 abbatem,
3066 998 3227 1056 quem
3253 982 3522 1052 optimum

1938 1090 1994 1138 et
2020 1081 2299 1138 nobilitate
2323 1079 2556 1150 generis,
2584 1087 2639 1134 et
2674 1079 2943 1150 probitate
2969 1091 3181 1132 morum
3210 1083 3266 1130 et
3301 1073 3357 1127 in
3387 1072 3524 1128 scri-

1940 1173 2113 1246 pturis
2129 1173 2400 1229 eruditum
2418 1171 2800 1243 judicaverint.
2831 1170 2898 1226 Et
2926 1170 2972 1224 si
3009 1167 3135 1224 talis
3186 1166 3344 1231 inibi,
3375 1165 3524 1235 quod

1940 1282 2051 1322 non
2088 1274 2356 1337 optamus,
2387 1265 2617 1335 reperiri
2667 1278 2774 1318 non
2818 1261 3052 1333 poterit,
3083 1270 3212 1317 tunc
3255 1255 3527 1329 imperiali

1941 1358 2196 1431 potestati
2227 1357 2281 1412 id
2309 1355 2700 1414 reservandum
2729 1355 3037 1410 statuimus.
3072 1351 3352 1407 Menenius
3388 1363 3528 1421 quo-

1943 1465 2047 1521 que
2072 1464 2260 1505 omnes
2285 1448 2379 1519 qui
2403 1447 2560 1502 nobis
2592 1446 2647 1500 in
2673 1445 2899 1516 imperio
2944 1460 2976 1500 a
3023 1443 3135 1499 Deo
3173 1441 3328 1497 nobis
3377 1454 3528 1496 com-

1943 1543 2113 1600 misso
2142 1541 2448 1598 successuri
2491 1547 2639 1606 sunt,
2672 1547 2733 1594 ut
2779 1539 2922 1595 sicut
2978 1536 3194 1592 illorum
3242 1541 3448 1589 statuta
3493 1549 3529 1589 a

1945 1633 2350 1690 successoribus
2379 1632 2492 1689 suis
2531 1631 2847 1688 conservari
2871 1629 3062 1695 velint,
3087 1630 3162 1684 ita
3191 1628 3247 1683 in
3275 1625 3529 1682 omnibus

1946 1726 2087 1782 hanc
2124 1734 2370 1782 nostram
2412 1725 2854 1781 constitutionem
2885 1721 3158 1794 perpetuis
3193 1719 3532 1790 temporibus

1867 1805 1916 1866 Β
1943 1831 2269 1874 conservare
2294 1817 2552 1874 studeant
2581 1817 2650 1873 ad
2697 1816 2912 1872 illorum
2935 1823 2992 1870 et
3015 1822 3259 1870 nostram
3287 1826 3533 1867 commu-

1943 1931 2070 1974 nem
2108 1915 2358 1972 salutem.
2392 1915 2461 1970 Et
2486 1921 2549 1969 ut
2575 1915 2692 1970 haec
2728 1919 2931 1967 nostra:
2956 1907 3300 1992 auctoritatis
3326 1921 3530 1975 praece-

1942 2011 2059 2082 ptio
2078 2017 2134 2064 et
2159 2006 2473 2069 constitutio
2496 2002 2768 2077 privilegii
2792 2001 3002 2058 ﬁrmior
3032 2000 3314 2064 habeatur,
3339 2005 3395 2052 et
3433 2009 3535 2066 per

1945 2101 2129 2159 futura
2175 2110 2423 2171 tempora
2469 2098 2665 2155 melius
2712 2093 3084 2160 conservetur,
3117 2108 3280 2148 manu
3313 2089 3536 2160 propria

1947 2209 2071 2252 eam
2096 2192 2540 2263 subscripsimus,
2553 2199 2610 2247 et
2639 2190 2705 2247 de
2725 2189 2870 2246 bulla
2895 2197 3082 2244 nostra
3103 2185 3290 2243 subter
3307 2181 3535 2256 sigillari

1944 2288 2224 2360 jussimus.

2023 2381 2248 2452 Signum
2269 2379 2533 2436 Ludovici
2562 2375 2900 2434 serenissimi
2926 2373 3290 2446 imperatoris.

2021 2472 2406 2530 Hirminmaris
2451 2470 2698 2527 notarius
2741 2469 2810 2525 ad
2857 2469 3033 2524 vicem
3079 2463 3349 2536 Fridugisi
3386 2476 3540 2520 reco-

1951 2568 2133 2640 gnovi.

2021 2662 2159 2717 Data
2185 2676 2217 2716 v
2236 2657 2375 2716 Non.
2403 2657 2749 2722 Novembris,
2766 2670 2928 2720 anno,
2953 2652 3173 2709 Christo
3175 2650 3444 2736 prOpitio,
3470 2649 3540 2704 l8

1950 2753 2167 2824 imperii
2198 2751 2382 2808 domni
2410 2749 2670 2805 Ludovici
2696 2747 2929 2819 piissimi
2956 2745 3220 2817 Augusti,
3247 2742 3541 2798 indictione

1951 2845 2039 2900 10.
2069 2843 2266 2900 Actum
2297 2842 2606 2898 Theodonis
2633 2839 2759 2897 villa
2797 2838 2999 2911 palatio
3024 2837 3194 2910 regio,
3230 2836 3287 2891 in
3316 2833 3412 2891 Dei
3442 2847 3543 2890 no.

1949 2940 2097 2996 mine
2127 2939 2385 2996 feliciter.
2418 2938 2612 2994 Amen.

2642 3026 2846 3084 CLXV.

1988 3141 2091 3184 Ριιο
2123 3140 2356 3182 VICTOBE
2394 3137 2645 3180 EPISCOPO
2693 3135 2938 3177 CURIENSI
2972 3131 3195 3181 ειυεουε
3229 3126 3503 3171 εεοιεειλ.

2569 3215 2743 3289 (Αηηο
2771 3214 2922 3285 851.)

1953 3311 2131 3387 [Apud
2160 3310 2500 3375 Grandidier,
2537 3306 2679 3362 Hist.
2710 3307 2774 3361 de
2806 3303 3022 3377 I’Eglise
3047 3303 3111 3358 de
3140 3299 3366 3368 Strasb.,
3407 3309 3542 3356 tom.

2019 3405 2085 3471 ll,
2121 3421 2176 3478 p.
2211 3403 2332 3472 l99,
2379 3419 2446 3458 ex
2486 3401 2822 3473 autographa
2864 3397 3116 3456 tabularii
3155 3395 3400 3454 ecclesiae
3434 3393 3546 3450 Cu-

2020 3500 2220 3555 riensis
2258 3497 2334 3571 ⁸.]

2019 3591 2077 3646 In
2097 3591 2321 3648 nomine
2340 3588 2552 3646 Domini
2582 3588 2676 3644 Dei
2704 3587 3005 3644 Salvatoris
3035 3584 3160 3642 Jesu
3188 3582 3412 3650 Christi,
3441 3581 3547 3638 Lu-

1950 3683 2194 3750 dovicus,
2223 3682 2404 3740 divina
2424 3682 2711 3738 ordinante
2729 3679 3090 3749 providentia,
3115 3677 3413 3748 imperator
3431 3676 3542 3732 Au-

1951 3785 2160 3848 gustus.

2022 3871 2082 3927 Si
2125 3885 2253 3941 erga
2299 3869 2418 3924 loca
2459 3867 2656 3924 divinis
2697 3865 2930 3922 cultibus
2975 3864 3281 3934 mancipata
3325 3870 3548 3934 propter

1951 3975 2192 4018 amorem
2224 3959 2321 4014 Dei
2366 3959 2592 4030 ejusque
2625 3958 2681 4012 in
2716 3957 2907 4013 iisdem
2940 3956 3073 4012 locis
3105 3955 3429 4010 famulantes
3458 3956 3548 4012 be-

1950 4055 2141 4113 neﬁcia
2185 4053 2396 4125 potiora
2437 4052 2718 4123 largimur,
2753 4051 3037 4122 praemium
3077 4049 3218 4120 apud
3255 4049 3546 4104 Dominum

1949 4158 2166 4205 teternze
2197 4145 2652 4202 remunerationis
2683 4144 2921 4216 impendi
2945 4158 3053 4198 non
3087 4142 3396 4199 difﬁdimus.
3442 4142 3546 4212 lgi-

1952 4251 2041 4298 tnr
2080 4249 2269 4297 notum
2309 4253 2431 4297 esse
2473 4238 2722 4294 volumus
2767 4237 2980 4293 cunctis
3023 4235 3273 4291 ﬁdelibus
3316 4236 3544 4301 nostris,

1949 4335 2308 4407 praesentibus
2322 4332 2595 4389 scilicetet
2612 4329 2826 4396 futuris,
2844 4330 2971 4400 quia
2996 4328 3081 4384 vir
3107 4328 3429 4385 venerabilis
3457 4326 3546 4384 Vi-

1951 4435 2071 4484 ctor
2091 4435 2293 4482 sanctae
2303 4424 2581 4482 Curiensis
2601 4421 2843 4479 ecclesiae
2857 4422 3141 4492 episcopus
3157 4421 3185 4461 ι)
3199 4437 3319 4492 quae
3332 4428 3545 4476 constat

259 4537 473 4595 Italicos
497 4538 753 4610 accipiat,
783 4552 877 4595 seu
911 4537 1220 4607 quicunque
1248 4533 1399 4589 urbis
1439 4532 1682 4602 ejusdem
1723 4547 1850 4588 suc-
1875 4546 1930 4611 D
1955 4538 2076 4579 esse
2096 4528 2405 4576 constructa
2427 4519 2482 4573 in
2503 4520 2708 4574 honore
2730 4527 2934 4572 sanctae
2949 4517 3133 4573 Mariae
3152 4532 3366 4586 semper
3377 4515 3546 4588 virgi-

257 4645 449 4688 eessor
477 4630 768 4696 exstiterit,
795 4643 959 4700 quam
1004 4627 1435 4700 praedecessores
1478 4623 1562 4680 sui
1613 4631 1855 4693 tempore

260 4721 506 4792 ejusdem
527 4720 791 4793 genitoris
815 4719 989 4776 nostri
1009 4717 1194 4774 domui
1222 4715 1422 4782 Caroli,
1440 4715 1554 4770 sive
1572 4714 1658 4769 avi
1679 4713 1853 4770 nostri

262 4813 486 4887 gloriosi
509 4811 724 4884 Pippini
744 4811 890 4883 regis
919 4809 1184 4874 fecerunt,
1216 4807 1312 4864 sed
1347 4807 1448 4863 sub
1477 4806 1596 4876 ipso
1628 4805 1850 4860 eodem-

262 4923 372 4980 que
399 4906 558 4963 modo
584 4903 870 4961 charitatis
901 4901 1016 4958 sive
1043 4899 1351 4957 dilectionis
1396 4912 1522 4954 cum
1563 4895 1676 4966 jam
1731 4909 1848 4952 me-

264 4997 494 5055 moratis
525 4994 788 5050 fratribus
811 4994 867 5049 in
896 4992 1011 5049 Deo
1032 4991 1209 5058 vivat,
1239 4991 1444 5060 absque
1487 4986 1730 5059 qualibet
1755 5003 1853 5043 no-

264 5089 452 5146 vitatis
480 5087 746 5143 molestia.
787 5084 1050 5141 Similiter
1082 5084 1198 5140 sine
1248 5081 1409 5139 dubio
1448 5080 1738 5137 statuimus
1777 5087 1855 5134 at-

266 5207 374 5264 que
400 5196 663 5262 perpetuo
693 5186 1065 5242 ﬁrmissimum
1093 5199 1214 5240 esse
1258 5181 1527 5245 volumus,
1560 5189 1619 5235 ut
1652 5193 1853 5235 memo-

266 5286 376 5341 rati
403 5279 717 5339 monasterii
739 5277 937 5334 fratres
965 5277 1238 5332 licentiam
1269 5275 1509 5330 habeant
1550 5272 1618 5327 de
1659 5269 1856 5340 seipsis

266 5375 504 5449 eligendi
532 5371 806 5438 abbatem,
840 5368 933 5441 qui
961 5367 1040 5424 eis
1068 5379 1296 5438 pmesse
1321 5371 1376 5419 et
1398 5361 1658 5434 prodesse
1684 5359 1860 5430 possit

270 5467 334 5527 in
373 5467 522 5524 omni
560 5480 775 5524 morum
822 5463 1108 5519 honestate
1139 5467 1194 5515 et
1233 5457 1637 5528 Scripturarum
1673 5451 1856 5508 erudi-

347 5617 377 5648 ι
418 5605 663 5662 Diploma
701 5605 808 5661 hoc
849 5599 1170 5658 anecdotum
1210 5590 1627 5652 communicavit
1671 5587 1854 5644 Domi-

276 5693 382 5737 nus
403 5678 470 5734 de
487 5665 612 5734 ‘Jost
625 5692 692 5732 ex
720 5677 837 5746 ipso
863 5669 1194 5746 autograpbo
1208 5665 1571 5746 ﬂespriREum;

352 5728 922 5818 iiidé'péiéi‘éirbr
967 5728 1166 5818 Egnati
1208 5728 1482 5818 Tschudii,
1515 5730 1715 5818 'Gallia:
1753 5728 1854 5818 gg-

279 5797 564 5888 matae'lib.
585 5797 1105 5889 ii'bhril'nfcape,
1131 5825 1252 5885 pag.
1279 5807 1405 5875 516,
1433 5797 1491 5864 et
1509 5801 1730 5862 Joannis
1761 5797 1853 5858 Ja-

1957 4615 2064 4681 uis,
2088 4614 2253 4670 missa
2270 4612 2530 4684 petitione
2544 4613 2867 4684 deprecatus
2878 4621 3095 4677 estnos,
3112 4616 3173 4664 ut
3191 4609 3435 4664 eamdem
3458 4623 3544 4664 se-

1956 4689 2080 4763 dem
2111 4721 2264 4762 suam
2293 4720 2417 4760 cum
2453 4703 2705 4759 omnibus
2733 4702 2802 4757 ad
2826 4717 2885 4756 se
2904 4699 3046 4769 juste
3074 4707 3128 4755 et
3153 4697 3401 4770 legaliter
3434 4713 3544 4754 mo-

1958 4801 2128 4856 derno
2168 4806 2413 4869 tempore
2453 4794 2851 4867 pertinentibus
2886 4792 2973 4847 vel
3010 4790 3396 4862 aspicientibus
3441 4789 3543 4845 sub

1956 4902 2145 4952 nostra
2178 4893 2402 4949 tuitione
2422 4899 2477 4946 et
2507 4887 2864 4944 immunitatis
2892 4883 3203 4940 defensione
3226 4898 3351 4938 cum
3379 4881 3543 4938 rebus

1955 4996 2012 5044 et
2037 4985 2324 5056 mancipiis
2351 4983 2835 5044 constitueremus;
2866 4977 3007 5048 quod
3035 4976 3106 5030 ita
3130 4983 3184 5031 et
3213 4974 3405 5029 fecisse
3424 4988 3543 5028 om-

1955 5077 2106 5133 nium
2141 5084 2448 5131 nostrorum
2489 5077 2781 5142 cognoscat
2814 5067 3098 5123 industria.
3155 5064 3542 5134 Prmcipientes

1955 5184 2086 5241 ergo
2107 5167 2358 5239 jubemus
2393 5173 2453 5220 ut
2479 5163 2658 5219 nullus
2679 5160 2842 5231 judex
2868 5159 3132 5231 publicus,
3167 5157 3252 5213 vel
3287 5157 3542 5228 quislibet

1954 5279 2021 5318 ex
2055 5259 2343 5334 judiciaria
2389 5263 2651 5328 potestate
2686 5255 2739 5309 in
2782 5253 3041 5309 ecclesias
3065 5293 3079 5317 ,
3125 5260 3220 5305 aut
3256 5251 3410 5317 loca,
3454 5248 3542 5304 vel

1957 5370 2118 5427 agros
2135 5395 2151 5420 ,
2175 5367 2269 5408 seu
2294 5349 2528 5420 reliquas
2550 5345 2918 5417 possessiones
2944 5350 3251 5398 memoratae
3271 5339 3537 5407 ecclesiae,

1957 5465 2092 5521 quas
2126 5446 2388 5502 moderno
2430 5451 2669 5513 tempore
2709 5440 2762 5494 in
2799 5453 2939 5510 pago
2978 5436 3225 5493 Curiensi
3264 5433 3535 5500 videlicet,

1959 5584 2079 5641 cobi
2115 5582 2248 5645 Leu,
2288 5575 2946 5660 HelvetisehesLexicon,
2989 5583 3118 5630 tom.
3151 5574 3218 5639 ν,
3249 5587 3372 5697 ρὲξ.
3406 5569 3535 5652 Ξβξ,

1959 5656 2048 5697 nni
2081 5662 2310 5697 mortem
2351 5650 2591 5697 eiuisdem
2629 5648 2862 5697 Victoris
2901 5645 2969 5697 ad
3009 5662 3210 5697 annum
3255 5644 3288 5697 8
3402 5655 3535 5697 1881-

1959 5656 2051 5727 qui
2081 5644 2313 5709 mortem
2351 5649 2592 5721 ejusdem
2629 5647 2862 5705 Victoris
2901 5645 2969 5703 ad
3009 5662 3210 5702 annum
3255 5644 3358 5700 825
3402 5644 3541 5698 assi-

1960 5736 2146 5799 gnam.
