  <div class='ocr_page' id='page_1' title='image "/cluster/home/n/w/nwhite01/storage/ocr_20150623/104/hvd.32044015466824/631.png"; bbox 0 0 4050 6340; ppageno 0'>
   <div class='ocr_carea' id='block_1_1' title="bbox 1677 293 2692 364">
    <p class='ocr_par' dir='ltr' id='par_1_1' title="bbox 1677 293 2692 364">
     <span class='ocr_line' id='line_1_1' title="bbox 1677 293 2692 364; baseline 0 0"><span class='ocrx_word' id='word_1_1' title='bbox 1677 303 2004 364; x_wconf 72' lang='grc' dir='ltr'><strong>ιυηοηαι</strong></span> <span class='ocrx_word' id='word_1_2' title='bbox 2038 301 2063 361; x_wconf 86' lang='lat'><strong>1</strong></span> <span class='ocrx_word' id='word_1_3' title='bbox 2096 293 2568 364; x_wconf 65' lang='lat' dir='ltr'><strong>QQﬁNOMENTQ</strong></span> <span class='ocrx_word' id='word_1_4' title='bbox 2603 293 2692 364; x_wconf 61' lang='grc' dir='ltr'><strong><em>ΒΗ</em></strong></span> 
     </span>
    </p>
   </div>
   <div class='ocr_carea' id='block_1_2' title="bbox 3675 290 3828 359">
    <p class='ocr_par' dir='ltr' id='par_1_2' title="bbox 3675 290 3828 359">
     <span class='ocr_line' id='line_1_2' title="bbox 3675 290 3828 359; baseline 0 0"><span class='ocrx_word' id='word_1_5' title='bbox 3675 290 3828 359; x_wconf 51' lang='grc' dir='ltr'><strong>Ψ</strong></span> 
     </span>
    </p>
   </div>
   <div class='ocr_carea' id='block_1_3' title="bbox 540 401 3828 491">
    <p class='ocr_par' dir='ltr' id='par_1_3' title="bbox 540 401 3828 491">
     <span class='ocr_line' id='line_1_3' title="bbox 540 401 3828 491; baseline -0.009 -6"><span class='ocrx_word' id='word_1_6' title='bbox 540 437 595 485; x_wconf 84' lang='lat' dir='ltr'><strong>et</strong></span> <span class='ocrx_word' id='word_1_7' title='bbox 631 423 930 491; x_wconf 79' lang='lat' dir='ltr'><strong>Alsooensi,</strong></span> <span class='ocrx_word' id='word_1_8' title='bbox 969 430 1026 478; x_wconf 87' lang='lat' dir='ltr'><strong>et</strong></span> <span class='ocrx_word' id='word_1_9' title='bbox 1060 421 1118 478; x_wconf 90' lang='lat' dir='ltr'><strong>in</strong></span> <span class='ocrx_word' id='word_1_10' title='bbox 1154 420 1354 491; x_wconf 79' lang='lat' dir='ltr'><strong>ducatu</strong></span> <span class='ocrx_word' id='word_1_11' title='bbox 1382 416 1751 483; x_wconf 74' lang='lat' dir='ltr'><strong>Alamannica,</strong></span> <span class='ocrx_word' id='word_1_12' title='bbox 1784 431 1885 475; x_wconf 88' lang='lat' dir='ltr'><strong>nec</strong></span> <span class='ocrx_word' id='word_1_13' title='bbox 1926 416 1979 471; x_wconf 90' lang='lat' dir='ltr'><strong>in</strong></span> <span class='ocrx_word' id='word_1_14' title='bbox 2013 415 2118 479; x_wconf 74' lang='lat' dir='ltr'><strong>hoc</strong></span> <span class='ocrx_word' id='word_1_15' title='bbox 2142 412 2356 489; x_wconf 48' lang='lat' dir='ltr'><strong>Astico</strong></span> <span class='ocrx_word' id='word_1_16' title='bbox 2381 418 2629 465; x_wconf 77' lang='lat' dir='ltr'><strong>tenerent</strong></span> <span class='ocrx_word' id='word_1_17' title='bbox 2651 417 2813 479; x_wconf 88' lang='lat' dir='ltr'><strong>atque</strong></span> <span class='ocrx_word' id='word_1_18' title='bbox 2834 404 3198 480; x_wconf 71' lang='lat' dir='ltr'><strong>possiderent,</strong></span> <span class='ocrx_word' id='word_1_19' title='bbox 3224 402 3329 460; x_wconf 81' lang='lat' dir='ltr'><strong>hos</strong></span> <span class='ocrx_word' id='word_1_20' title='bbox 3356 401 3676 475; x_wconf 79' lang='lat' dir='ltr'><strong>imperiales</strong></span> <span class='ocrx_word' id='word_1_21' title='bbox 3707 402 3828 472; x_wconf 76' lang='lat' dir='ltr'><strong>api-</strong></span> 
     </span>
    </p>
   </div>
   <div class='ocr_carea' id='block_1_4' title="bbox 540 508 2125 591">
    <p class='ocr_par' dir='ltr' id='par_1_4' title="bbox 540 508 2125 591">
     <span class='ocr_line' id='line_1_4' title="bbox 540 508 2125 591; baseline -0.009 -16"><span class='ocrx_word' id='word_1_22' title='bbox 540 520 685 591; x_wconf 82' lang='lat' dir='ltr'><strong>quod</strong></span> <span class='ocrx_word' id='word_1_23' title='bbox 720 533 817 589; x_wconf 87' lang='lat' dir='ltr'><strong>per</strong></span> <span class='ocrx_word' id='word_1_24' title='bbox 853 524 1055 572; x_wconf 70' lang='lat' dir='ltr'><strong>nostra:</strong></span> <span class='ocrx_word' id='word_1_25' title='bbox 1082 514 1496 587; x_wconf 83' lang='lat' dir='ltr'><strong>eonscriptionis</strong></span> <span class='ocrx_word' id='word_1_26' title='bbox 1533 510 1907 571; x_wconf 73' lang='lat' dir='ltr'><strong>auctoritatem</strong></span> <span class='ocrx_word' id='word_1_27' title='bbox 1944 508 2125 571; x_wconf 82' lang='lat' dir='ltr'><strong>eidem</strong></span> 
     </span>
    </p>
   </div>
   <div class='ocr_carea' id='block_1_5' title="bbox 539 598 2124 676">
    <p class='ocr_par' dir='ltr' id='par_1_5' title="bbox 539 598 2124 676">
     <span class='ocr_line' id='line_1_5' title="bbox 539 598 2124 676; baseline -0.009 -9"><span class='ocrx_word' id='word_1_28' title='bbox 539 610 783 667; x_wconf 64' lang='lat' dir='ltr'><strong>ecclesias</strong></span> <span class='ocrx_word' id='word_1_29' title='bbox 817 607 1151 666; x_wconf 87' lang='lat' dir='ltr'><strong>reddidimus</strong></span> <span class='ocrx_word' id='word_1_30' title='bbox 1183 619 1233 674; x_wconf 73' lang='grc' dir='ltr'><strong>ι,</strong></span> <span class='ocrx_word' id='word_1_31' title='bbox 1264 606 1333 662; x_wconf 88' lang='lat' dir='ltr'><strong>ad</strong></span> <span class='ocrx_word' id='word_1_32' title='bbox 1372 605 1503 663; x_wconf 90' lang='lat' dir='ltr'><strong>illud</strong></span> <span class='ocrx_word' id='word_1_33' title='bbox 1539 605 1683 676; x_wconf 89' lang='lat' dir='ltr'><strong>quod</strong></span> <span class='ocrx_word' id='word_1_34' title='bbox 1716 616 1860 659; x_wconf 88' lang='lat' dir='ltr'><strong>nunc</strong></span> <span class='ocrx_word' id='word_1_35' title='bbox 1889 598 2037 669; x_wconf 77' lang='lat' dir='ltr'><strong>iuste</strong></span> <span class='ocrx_word' id='word_1_36' title='bbox 2067 605 2124 653; x_wconf 87' lang='lat' dir='ltr'><strong>et</strong></span> 
     </span>
    </p>
   </div>
   <div class='ocr_carea' id='block_1_6' title="bbox 537 691 2121 773">
    <p class='ocr_par' dir='ltr' id='par_1_6' title="bbox 537 691 2121 773">
     <span class='ocr_line' id='line_1_6' title="bbox 537 691 2121 773; baseline -0.008 -14"><span class='ocrx_word' id='word_1_37' title='bbox 537 702 783 773; x_wconf 81' lang='lat' dir='ltr'><strong>legaliter</strong></span> <span class='ocrx_word' id='word_1_38' title='bbox 809 707 1109 757; x_wconf 81' lang='lat' dir='ltr'><strong>memorata</strong></span> <span class='ocrx_word' id='word_1_39' title='bbox 1133 698 1365 755; x_wconf 84' lang='lat' dir='ltr'><strong>ecclesia</strong></span> <span class='ocrx_word' id='word_1_40' title='bbox 1392 706 1539 753; x_wconf 76' lang='lat' dir='ltr'><strong>tenet</strong></span> <span class='ocrx_word' id='word_1_41' title='bbox 1564 707 1618 751; x_wconf 90' lang='lat' dir='ltr'><strong>et</strong></span> <span class='ocrx_word' id='word_1_42' title='bbox 1641 694 1897 765; x_wconf 81' lang='lat' dir='ltr'><strong>possidet,</strong></span> <span class='ocrx_word' id='word_1_43' title='bbox 1932 691 2019 747; x_wconf 88' lang='lat' dir='ltr'><strong>vel</strong></span> <span class='ocrx_word' id='word_1_44' title='bbox 2056 705 2121 746; x_wconf 85' lang='lat' dir='ltr'><strong>ea</strong></span> 
     </span>
    </p>
   </div>
   <div class='ocr_carea' id='block_1_7' title="bbox 538 783 2125 864">
    <p class='ocr_par' dir='ltr' id='par_1_7' title="bbox 538 783 2125 864">
     <span class='ocr_line' id='line_1_7' title="bbox 538 783 2125 864; baseline -0.008 -16"><span class='ocrx_word' id='word_1_45' title='bbox 538 808 661 864; x_wconf 64' lang='lat' dir='ltr'><strong>quas</strong></span> <span class='ocrx_word' id='word_1_46' title='bbox 684 792 939 862; x_wconf 81' lang='lat' dir='ltr'><strong>deinceps</strong></span> <span class='ocrx_word' id='word_1_47' title='bbox 957 792 1082 863; x_wconf 85' lang='lat' dir='ltr'><strong>jure</strong></span> <span class='ocrx_word' id='word_1_48' title='bbox 1110 790 1280 861; x_wconf 88' lang='lat' dir='ltr'><strong>ipsius</strong></span> <span class='ocrx_word' id='word_1_49' title='bbox 1316 788 1497 845; x_wconf 89' lang='lat' dir='ltr'><strong>divina</strong></span> <span class='ocrx_word' id='word_1_50' title='bbox 1531 787 1709 857; x_wconf 87' lang='lat' dir='ltr'><strong>pictas</strong></span> <span class='ocrx_word' id='word_1_51' title='bbox 1738 784 1920 855; x_wconf 90' lang='lat' dir='ltr'><strong>augeri</strong></span> <span class='ocrx_word' id='word_1_52' title='bbox 1942 783 2125 847; x_wconf 80' lang='lat' dir='ltr'><strong>volue-</strong></span> 
     </span>
    </p>
   </div>
   <div class='ocr_carea' id='block_1_8' title="bbox 536 875 2121 955">
    <p class='ocr_par' dir='ltr' id='par_1_8' title="bbox 536 875 2121 955">
     <span class='ocr_line' id='line_1_8' title="bbox 536 875 2121 955; baseline -0.008 -15"><span class='ocrx_word' id='word_1_53' title='bbox 536 885 630 950; x_wconf 79' lang='lat' dir='ltr'><strong>rit,</strong></span> <span class='ocrx_word' id='word_1_54' title='bbox 658 884 952 940; x_wconf 60' lang='lat' dir='ltr'><strong>ad‘causas</strong></span> <span class='ocrx_word' id='word_1_55' title='bbox 978 883 1266 955; x_wconf 88' lang='lat' dir='ltr'><strong>judiciario</strong></span> <span class='ocrx_word' id='word_1_56' title='bbox 1292 881 1455 939; x_wconf 89' lang='lat' dir='ltr'><strong>modo</strong></span> <span class='ocrx_word' id='word_1_57' title='bbox 1481 878 1794 943; x_wconf 87' lang='lat' dir='ltr'><strong>audiendas,</strong></span> <span class='ocrx_word' id='word_1_58' title='bbox 1827 876 1912 933; x_wconf 91' lang='lat' dir='ltr'><strong>vel</strong></span> <span class='ocrx_word' id='word_1_59' title='bbox 1945 875 2121 944; x_wconf 71' lang='lat' dir='ltr'><strong>freda,</strong></span> 
     </span>
    </p>
   </div>
   <div class='ocr_carea' id='block_1_9' title="bbox 535 970 2125 1048">
    <p class='ocr_par' dir='ltr' id='par_1_9' title="bbox 535 970 2125 1048">
     <span class='ocr_line' id='line_1_9' title="bbox 535 970 2125 1048; baseline -0.003 -15"><span class='ocrx_word' id='word_1_60' title='bbox 535 986 631 1033; x_wconf 90' lang='lat' dir='ltr'><strong>aut</strong></span> <span class='ocrx_word' id='word_1_61' title='bbox 659 977 860 1033; x_wconf 87' lang='lat' dir='ltr'><strong>tributa</strong></span> <span class='ocrx_word' id='word_1_62' title='bbox 885 977 1168 1048; x_wconf 81' lang='lat' dir='ltr'><strong>exigenda,</strong></span> <span class='ocrx_word' id='word_1_63' title='bbox 1199 975 1284 1031; x_wconf 91' lang='lat' dir='ltr'><strong>vel</strong></span> <span class='ocrx_word' id='word_1_64' title='bbox 1314 983 1533 1046; x_wconf 86' lang='lat' dir='ltr'><strong>paratas</strong></span> <span class='ocrx_word' id='word_1_65' title='bbox 1556 973 1852 1037; x_wconf 80' lang='lat' dir='ltr'><strong>faciendas,</strong></span> <span class='ocrx_word' id='word_1_66' title='bbox 1878 979 1972 1029; x_wconf 89' lang='lat' dir='ltr'><strong>aut</strong></span> <span class='ocrx_word' id='word_1_67' title='bbox 1994 970 2125 1029; x_wconf 53' lang='lat' dir='ltr'><strong>lida:</strong></span> 
     </span>
    </p>
   </div>
   <div class='ocr_carea' id='block_1_10' title="bbox 532 1064 2125 1141">
    <p class='ocr_par' dir='ltr' id='par_1_10' title="bbox 532 1064 2125 1141">
     <span class='ocr_line' id='line_1_10' title="bbox 532 1064 2125 1141; baseline -0.001 -16"><span class='ocrx_word' id='word_1_68' title='bbox 532 1068 776 1139; x_wconf 79' lang='lat' dir='ltr'><strong>jussores</strong></span> <span class='ocrx_word' id='word_1_69' title='bbox 828 1068 1107 1133; x_wconf 84' lang='lat' dir='ltr'><strong>tollendos,</strong></span> <span class='ocrx_word' id='word_1_70' title='bbox 1146 1076 1241 1123; x_wconf 89' lang='lat' dir='ltr'><strong>aut</strong></span> <span class='ocrx_word' id='word_1_71' title='bbox 1269 1067 1518 1141; x_wconf 75' lang='lat' dir='ltr'><strong>homines</strong></span> <span class='ocrx_word' id='word_1_72' title='bbox 1547 1065 1716 1136; x_wconf 78' lang='lat' dir='ltr'><strong>ipsius</strong></span> <span class='ocrx_word' id='word_1_73' title='bbox 1752 1064 1992 1121; x_wconf 57' lang='lat' dir='ltr'><strong>ecclesiae</strong></span> <span class='ocrx_word' id='word_1_74' title='bbox 2028 1078 2125 1123; x_wconf 81' lang='lat' dir='ltr'><strong>su-</strong></span> 
     </span>
    </p>
   </div>
   <div class='ocr_carea' id='block_1_11' title="bbox 537 1154 2117 1233">
    <p class='ocr_par' dir='ltr' id='par_1_11' title="bbox 537 1154 2117 1233">
     <span class='ocr_line' id='line_1_11' title="bbox 537 1154 2117 1233; baseline -0.001 -18"><span class='ocrx_word' id='word_1_75' title='bbox 537 1178 638 1233; x_wconf 83' lang='lat' dir='ltr'><strong>per</strong></span> <span class='ocrx_word' id='word_1_76' title='bbox 658 1170 856 1225; x_wconf 84' lang='lat' dir='ltr'><strong>terram</strong></span> <span class='ocrx_word' id='word_1_77' title='bbox 880 1160 1047 1230; x_wconf 82' lang='lat' dir='ltr'><strong>ipsius</strong></span> <span class='ocrx_word' id='word_1_78' title='bbox 1064 1165 1468 1216; x_wconf 85' lang='lat' dir='ltr'><strong>commanentes</strong></span> <span class='ocrx_word' id='word_1_79' title='bbox 1491 1155 1685 1225; x_wconf 76' lang='lat' dir='ltr'><strong>iniuste</strong></span> <span class='ocrx_word' id='word_1_80' title='bbox 1700 1154 2117 1225; x_wconf 80' lang='lat' dir='ltr'><strong>distringendos,</strong></span> 
     </span>
    </p>
   </div>
   <div class='ocr_carea' id='block_1_12' title="bbox 536 1246 2125 1325">
    <p class='ocr_par' dir='ltr' id='par_1_12' title="bbox 536 1246 2125 1325">
     <span class='ocr_line' id='line_1_12' title="bbox 536 1246 2125 1325; baseline -0.006 -17"><span class='ocrx_word' id='word_1_81' title='bbox 536 1260 633 1308; x_wconf 74' lang='lat' dir='ltr'><strong>aut</strong></span> <span class='ocrx_word' id='word_1_82' title='bbox 666 1252 805 1308; x_wconf 87' lang='lat' dir='ltr'><strong>ullas</strong></span> <span class='ocrx_word' id='word_1_83' title='bbox 838 1251 1245 1325; x_wconf 80' lang='lat' dir='ltr'><strong>redhibitiones,</strong></span> <span class='ocrx_word' id='word_1_84' title='bbox 1285 1258 1381 1307; x_wconf 88' lang='lat' dir='ltr'><strong>aut</strong></span> <span class='ocrx_word' id='word_1_85' title='bbox 1414 1249 1630 1307; x_wconf 87' lang='lat' dir='ltr'><strong>illicitas</strong></span> <span class='ocrx_word' id='word_1_86' title='bbox 1658 1247 1965 1309; x_wconf 79' lang='lat' dir='ltr'><strong>occasiones</strong></span> <span class='ocrx_word' id='word_1_87' title='bbox 2001 1246 2125 1309; x_wconf 73' lang='lat' dir='ltr'><strong>ullis</strong></span> 
     </span>
    </p>
   </div>
   <div class='ocr_carea' id='block_1_13' title="bbox 535 1341 2125 1416">
    <p class='ocr_par' dir='ltr' id='par_1_13' title="bbox 535 1341 2125 1416">
     <span class='ocr_line' id='line_1_13' title="bbox 535 1341 2125 1416; baseline -0.003 -16"><span class='ocrx_word' id='word_1_88' title='bbox 535 1344 872 1415; x_wconf 76' lang='lat' dir='ltr'><strong>temporibus</strong></span> <span class='ocrx_word' id='word_1_89' title='bbox 916 1344 1125 1416; x_wconf 81' lang='lat' dir='ltr'><strong>ingredi</strong></span> <span class='ocrx_word' id='word_1_90' title='bbox 1172 1343 1387 1406; x_wconf 78' lang='lat' dir='ltr'><strong>audeat,</strong></span> <span class='ocrx_word' id='word_1_91' title='bbox 1438 1357 1574 1399; x_wconf 91' lang='lat' dir='ltr'><strong>neve</strong></span> <span class='ocrx_word' id='word_1_92' title='bbox 1617 1341 1757 1397; x_wconf 88' lang='lat' dir='ltr'><strong>bona</strong></span> <span class='ocrx_word' id='word_1_93' title='bbox 1802 1356 1922 1410; x_wconf 71' lang='lat' dir='ltr'><strong>quae</strong></span> <span class='ocrx_word' id='word_1_94' title='bbox 1958 1355 2125 1415; x_wconf 78' lang='lat' dir='ltr'><strong>supra,</strong></span> 
     </span>
    </p>
   </div>
   <div class='ocr_carea' id='block_1_14' title="bbox 534 1430 2122 1507">
    <p class='ocr_par' dir='ltr' id='par_1_14' title="bbox 534 1430 2122 1507">
     <span class='ocr_line' id='line_1_14' title="bbox 534 1430 2122 1507; baseline -0.003 -17"><span class='ocrx_word' id='word_1_95' title='bbox 534 1443 838 1490; x_wconf 69' lang='lat' dir='ltr'><strong>memorata</strong></span> <span class='ocrx_word' id='word_1_96' title='bbox 865 1442 1011 1499; x_wconf 90' lang='lat' dir='ltr'><strong>sunt,</strong></span> <span class='ocrx_word' id='word_1_97' title='bbox 1050 1434 1265 1504; x_wconf 85' lang='lat' dir='ltr'><strong>penitus</strong></span> <span class='ocrx_word' id='word_1_98' title='bbox 1302 1433 1521 1507; x_wconf 77' lang='lat' dir='ltr'><strong>exigere</strong></span> <span class='ocrx_word' id='word_1_99' title='bbox 1558 1440 1879 1503; x_wconf 65' lang='lat' dir='ltr'><strong>praesumat;</strong></span> <span class='ocrx_word' id='word_1_100' title='bbox 1915 1430 2009 1489; x_wconf 88' lang='lat' dir='ltr'><strong>sed</strong></span> <span class='ocrx_word' id='word_1_101' title='bbox 2052 1431 2122 1486; x_wconf 88' lang='lat' dir='ltr'><strong>li-</strong></span> 
     </span>
    </p>
   </div>
   <div class='ocr_carea' id='block_1_15' title="bbox 535 1526 2125 1598">
    <p class='ocr_par' dir='ltr' id='par_1_15' title="bbox 535 1526 2125 1598">
     <span class='ocr_line' id='line_1_15' title="bbox 535 1526 2125 1598; baseline -0.002 -16"><span class='ocrx_word' id='word_1_102' title='bbox 535 1535 673 1582; x_wconf 78' lang='lat' dir='ltr'><strong>ceat.</strong></span> <span class='ocrx_word' id='word_1_103' title='bbox 702 1535 1004 1585; x_wconf 82' lang='lat' dir='ltr'><strong>memorato</strong></span> <span class='ocrx_word' id='word_1_104' title='bbox 1046 1527 1266 1598; x_wconf 66' lang='grc' dir='ltr'><strong>ιιι-ωειλιί</strong></span> <span class='ocrx_word' id='word_1_105' title='bbox 1314 1526 1534 1596; x_wconf 78' lang='lat' dir='ltr'><strong>suisque</strong></span> <span class='ocrx_word' id='word_1_106' title='bbox 1583 1526 1991 1583; x_wconf 80' lang='lat' dir='ltr'><strong>successoribus</strong></span> <span class='ocrx_word' id='word_1_107' title='bbox 2035 1539 2125 1587; x_wconf 86' lang='lat' dir='ltr'><strong>res</strong></span> 
     </span>
    </p>
   </div>
   <div class='ocr_carea' id='block_1_16' title="bbox 532 1617 2123 1689">
    <p class='ocr_par' dir='ltr' id='par_1_16' title="bbox 532 1617 2123 1689">
     <span class='ocr_line' id='line_1_16' title="bbox 532 1617 2123 1689; baseline 0.001 -16"><span class='ocrx_word' id='word_1_108' title='bbox 532 1618 805 1689; x_wconf 55' lang='lat' dir='ltr'><strong>praedictae</strong></span> <span class='ocrx_word' id='word_1_109' title='bbox 829 1619 1095 1684; x_wconf 61' lang='lat' dir='ltr'><strong>ecclesia,</strong></span> <span class='ocrx_word' id='word_1_110' title='bbox 1128 1632 1253 1677; x_wconf 87' lang='lat' dir='ltr'><strong>cum</strong></span> <span class='ocrx_word' id='word_1_111' title='bbox 1284 1617 1537 1677; x_wconf 84' lang='lat' dir='ltr'><strong>omnibus</strong></span> <span class='ocrx_word' id='word_1_112' title='bbox 1569 1618 1639 1677; x_wconf 89' lang='lat' dir='ltr'><strong>ad</strong></span> <span class='ocrx_word' id='word_1_113' title='bbox 1674 1634 1796 1675; x_wconf 86' lang='lat' dir='ltr'><strong>eam</strong></span> <span class='ocrx_word' id='word_1_114' title='bbox 1827 1618 1975 1688; x_wconf 79' lang='lat' dir='ltr'><strong>iuste</strong></span> <span class='ocrx_word' id='word_1_115' title='bbox 1997 1632 2123 1688; x_wconf 52' lang='lat' dir='ltr'><strong>per.</strong></span> 
     </span>
    </p>
   </div>
   <div class='ocr_carea' id='block_1_17' title="bbox 535 1710 2124 1785">
    <p class='ocr_par' dir='ltr' id='par_1_17' title="bbox 535 1710 2124 1785">
     <span class='ocr_line' id='line_1_17' title="bbox 535 1710 2124 1785; baseline 0.001 -18"><span class='ocrx_word' id='word_1_116' title='bbox 535 1711 835 1769; x_wconf 80' lang='lat' dir='ltr'><strong>tinentibus</strong></span> <span class='ocrx_word' id='word_1_117' title='bbox 859 1712 953 1767; x_wconf 88' lang='lat' dir='ltr'><strong>vel</strong></span> <span class='ocrx_word' id='word_1_118' title='bbox 969 1710 1386 1785; x_wconf 80' lang='lat' dir='ltr'><strong>aspicientibus,</strong></span> <span class='ocrx_word' id='word_1_119' title='bbox 1414 1720 1622 1771; x_wconf 83' lang='lat' dir='ltr'><strong>remota</strong></span> <span class='ocrx_word' id='word_1_120' title='bbox 1644 1710 2124 1781; x_wconf 75' lang='lat' dir='ltr'><strong>totiusjudiciariai</strong></span> 
     </span>
    </p>
   </div>
   <div class='ocr_carea' id='block_1_18' title="bbox 2222 494 3827 570">
    <p class='ocr_par' dir='ltr' id='par_1_18' title="bbox 2222 494 3827 570">
     <span class='ocr_line' id='line_1_18' title="bbox 2222 494 3827 570; baseline -0.005 -13"><span class='ocrx_word' id='word_1_121' title='bbox 2222 517 2312 557; x_wconf 90' lang='lat' dir='ltr'><strong>ces</strong></span> <span class='ocrx_word' id='word_1_122' title='bbox 2338 500 2454 555; x_wconf 85' lang='lat' dir='ltr'><strong>ﬁeri</strong></span> <span class='ocrx_word' id='word_1_123' title='bbox 2478 498 2762 570; x_wconf 74' lang='lat' dir='ltr'><strong>iussimus,</strong></span> <span class='ocrx_word' id='word_1_124' title='bbox 2786 512 2884 570; x_wconf 80' lang='lat' dir='ltr'><strong>per</strong></span> <span class='ocrx_word' id='word_1_125' title='bbox 2909 511 3047 570; x_wconf 80' lang='lat' dir='ltr'><strong>quos</strong></span> <span class='ocrx_word' id='word_1_126' title='bbox 3072 494 3418 566; x_wconf 71' lang='lat' dir='ltr'><strong>decernimus</strong></span> <span class='ocrx_word' id='word_1_127' title='bbox 3445 501 3617 569; x_wconf 71' lang='lat' dir='ltr'><strong>atque</strong></span> <span class='ocrx_word' id='word_1_128' title='bbox 3644 495 3827 549; x_wconf 74' lang='lat' dir='ltr'><strong>sanci-</strong></span> 
     </span>
    </p>
   </div>
   <div class='ocr_carea' id='block_1_19' title="bbox 2220 585 3826 663">
    <p class='ocr_par' dir='ltr' id='par_1_19' title="bbox 2220 585 3826 663">
     <span class='ocr_line' id='line_1_19' title="bbox 2220 585 3826 663; baseline -0.004 -15"><span class='ocrx_word' id='word_1_129' title='bbox 2220 608 2341 648; x_wconf 88' lang='lat' dir='ltr'><strong>mus</strong></span> <span class='ocrx_word' id='word_1_130' title='bbox 2371 602 2433 646; x_wconf 93' lang='lat' dir='ltr'><strong>ut</strong></span> <span class='ocrx_word' id='word_1_131' title='bbox 2470 591 2645 661; x_wconf 91' lang='lat' dir='ltr'><strong>ipsum</strong></span> <span class='ocrx_word' id='word_1_132' title='bbox 2684 589 2863 645; x_wconf 92' lang='lat' dir='ltr'><strong>vicum</strong></span> <span class='ocrx_word' id='word_1_133' title='bbox 2906 596 2962 643; x_wconf 83' lang='lat' dir='ltr'><strong>et</strong></span> <span class='ocrx_word' id='word_1_134' title='bbox 3001 601 3091 647; x_wconf 82' lang='lat' dir='ltr'><strong>res</strong></span> <span class='ocrx_word' id='word_1_135' title='bbox 3132 601 3268 659; x_wconf 83' lang='lat' dir='ltr'><strong>quas</strong></span> <span class='ocrx_word' id='word_1_136' title='bbox 3300 586 3501 641; x_wconf 85' lang='lat' dir='ltr'><strong>ibidem</strong></span> <span class='ocrx_word' id='word_1_137' title='bbox 3552 585 3826 663; x_wconf 66' lang='lat' dir='ltr'><strong>hactenus</strong></span> 
     </span>
    </p>
   </div>
   <div class='ocr_carea' id='block_1_20' title="bbox 2220 678 3829 758">
    <p class='ocr_par' dir='ltr' id='par_1_20' title="bbox 2220 678 3829 758">
     <span class='ocr_line' id='line_1_20' title="bbox 2220 678 3829 758; baseline -0.007 -15"><span class='ocrx_word' id='word_1_138' title='bbox 2220 684 2568 758; x_wconf 55' lang='lat' dir='ltr'><strong>praescriptus</strong></span> <span class='ocrx_word' id='word_1_139' title='bbox 2592 682 2747 741; x_wconf 87' lang='lat' dir='ltr'><strong>Abbo</strong></span> <span class='ocrx_word' id='word_1_140' title='bbox 2766 681 2958 739; x_wconf 81' lang='lat' dir='ltr'><strong>habuit</strong></span> <span class='ocrx_word' id='word_1_141' title='bbox 2976 690 3031 736; x_wconf 88' lang='lat' dir='ltr'><strong>et</strong></span> <span class='ocrx_word' id='word_1_142' title='bbox 3062 681 3131 737; x_wconf 88' lang='lat' dir='ltr'><strong>ad</strong></span> <span class='ocrx_word' id='word_1_143' title='bbox 3155 678 3405 735; x_wconf 89' lang='lat' dir='ltr'><strong>eumdem</strong></span> <span class='ocrx_word' id='word_1_144' title='bbox 3432 678 3625 733; x_wconf 83' lang='lat' dir='ltr'><strong>vicum</strong></span> <span class='ocrx_word' id='word_1_145' title='bbox 3656 685 3829 753; x_wconf 64' lang='lat' dir='ltr'><strong>atque</strong></span> 
     </span>
    </p>
   </div>
   <div class='ocr_carea' id='block_1_21' title="bbox 2221 769 3829 843">
    <p class='ocr_par' dir='ltr' id='par_1_21' title="bbox 2221 769 3829 843">
     <span class='ocr_line' id='line_1_21' title="bbox 2221 769 3829 843; baseline -0.005 -11"><span class='ocrx_word' id='word_1_146' title='bbox 2221 777 2293 833; x_wconf 84' lang='lat' dir='ltr'><strong>ad</strong></span> <span class='ocrx_word' id='word_1_147' title='bbox 2313 777 2531 832; x_wconf 84' lang='lat' dir='ltr'><strong>easdem</strong></span> <span class='ocrx_word' id='word_1_148' title='bbox 2553 774 2831 840; x_wconf 84' lang='lat' dir='ltr'><strong>ecclesias,</strong></span> <span class='ocrx_word' id='word_1_149' title='bbox 2862 789 2985 843; x_wconf 62' lang='lat' dir='ltr'><strong>quae</strong></span> <span class='ocrx_word' id='word_1_150' title='bbox 3009 772 3085 827; x_wconf 88' lang='lat' dir='ltr'><strong>ibi</strong></span> <span class='ocrx_word' id='word_1_151' title='bbox 3109 771 3329 827; x_wconf 81' lang='lat' dir='ltr'><strong>fuerunt</strong></span> <span class='ocrx_word' id='word_1_152' title='bbox 3347 770 3543 825; x_wconf 65' lang='lat' dir='ltr'><strong>dicata:</strong></span> <span class='ocrx_word' id='word_1_153' title='bbox 3566 769 3628 824; x_wconf 80' lang='lat' dir='ltr'><strong>in</strong></span> <span class='ocrx_word' id='word_1_154' title='bbox 3651 769 3829 824; x_wconf 74' lang='lat' dir='ltr'><strong>bono-</strong></span> 
     </span>
    </p>
   </div>
   <div class='ocr_carea' id='block_1_22' title="bbox 2220 861 3831 945">
    <p class='ocr_par' dir='ltr' id='par_1_22' title="bbox 2220 861 3831 945">
     <span class='ocr_line' id='line_1_22' title="bbox 2220 861 3831 945; baseline -0.007 -18"><span class='ocrx_word' id='word_1_155' title='bbox 2220 879 2418 945; x_wconf 24' lang='lat' dir='ltr'><strong>rem‘et</strong></span> <span class='ocrx_word' id='word_1_156' title='bbox 2445 868 2851 925; x_wconf 81' lang='lat' dir='ltr'><strong>venerationem</strong></span> <span class='ocrx_word' id='word_1_157' title='bbox 2882 865 3057 921; x_wconf 87' lang='lat' dir='ltr'><strong>sancti</strong></span> <span class='ocrx_word' id='word_1_158' title='bbox 3089 864 3321 920; x_wconf 64' lang='lat' dir='ltr'><strong>Andreae</strong></span> <span class='ocrx_word' id='word_1_159' title='bbox 3347 861 3582 934; x_wconf 78' lang='lat' dir='ltr'><strong>apostoli</strong></span> <span class='ocrx_word' id='word_1_160' title='bbox 3610 869 3671 917; x_wconf 84' lang='lat' dir='ltr'><strong>et</strong></span> <span class='ocrx_word' id='word_1_161' title='bbox 3701 876 3831 917; x_wconf 74' lang='lat' dir='ltr'><strong>san-</strong></span> 
     </span>
    </p>
   </div>
   <div class='ocr_carea' id='block_1_23' title="bbox 2220 957 3834 1033">
    <p class='ocr_par' dir='ltr' id='par_1_23' title="bbox 2220 957 3834 1033">
     <span class='ocr_line' id='line_1_23' title="bbox 2220 957 3834 1033; baseline -0.006 -14"><span class='ocrx_word' id='word_1_162' title='bbox 2220 963 2297 1020; x_wconf 87' lang='lat' dir='ltr'><strong>cti</strong></span> <span class='ocrx_word' id='word_1_163' title='bbox 2318 963 2543 1017; x_wconf 83' lang='lat' dir='ltr'><strong>Romani</strong></span> <span class='ocrx_word' id='word_1_164' title='bbox 2569 961 2843 1031; x_wconf 78' lang='lat' dir='ltr'><strong>Martyris,</strong></span> <span class='ocrx_word' id='word_1_165' title='bbox 2867 959 3163 1033; x_wconf 84' lang='lat' dir='ltr'><strong>pertinent,</strong></span> <span class='ocrx_word' id='word_1_166' title='bbox 3185 957 3263 1014; x_wconf 86' lang='lat' dir='ltr'><strong>ita</strong></span> <span class='ocrx_word' id='word_1_167' title='bbox 3286 966 3528 1013; x_wconf 88' lang='lat' dir='ltr'><strong>rectores</strong></span> <span class='ocrx_word' id='word_1_168' title='bbox 3553 969 3834 1025; x_wconf 76' lang='lat' dir='ltr'><strong>supr-ano-</strong></span> 
     </span>
    </p>
   </div>
   <div class='ocr_carea' id='block_1_24' title="bbox 2221 1048 3833 1131">
    <p class='ocr_par' dir='ltr' id='par_1_24' title="bbox 2221 1048 3833 1131">
     <span class='ocr_line' id='line_1_24' title="bbox 2221 1048 3833 1131; baseline -0.004 -22"><span class='ocrx_word' id='word_1_169' title='bbox 2221 1054 2438 1131; x_wconf 72' lang='lat' dir='ltr'><strong>minatae</strong></span> <span class='ocrx_word' id='word_1_170' title='bbox 2463 1054 2607 1125; x_wconf 77' lang='lat' dir='ltr'><strong>sedis</strong></span> <span class='ocrx_word' id='word_1_171' title='bbox 2640 1060 2858 1123; x_wconf 87' lang='lat' dir='ltr'><strong>teneant</strong></span> <span class='ocrx_word' id='word_1_172' title='bbox 2882 1059 3043 1121; x_wconf 83' lang='lat' dir='ltr'><strong>atque</strong></span> <span class='ocrx_word' id='word_1_173' title='bbox 3068 1049 3384 1123; x_wconf 80' lang='lat' dir='ltr'><strong>possideant</strong></span> <span class='ocrx_word' id='word_1_174' title='bbox 3406 1048 3558 1109; x_wconf 85' lang='lat' dir='ltr'><strong>sicut</strong></span> <span class='ocrx_word' id='word_1_175' title='bbox 3595 1057 3833 1111; x_wconf 62' lang='lat' dir='ltr'><strong>cetera;</strong></span> 
     </span>
    </p>
   </div>
   <div class='ocr_carea' id='block_1_25' title="bbox 2223 1143 3837 1232">
    <p class='ocr_par' dir='ltr' id='par_1_25' title="bbox 2223 1143 3837 1232">
     <span class='ocr_line' id='line_1_25' title="bbox 2223 1143 3837 1232; baseline -0.004 -29"><span class='ocrx_word' id='word_1_176' title='bbox 2223 1164 2311 1232; x_wconf 83' lang='lat' dir='ltr'><strong>res</strong></span> <span class='ocrx_word' id='word_1_177' title='bbox 2355 1163 2473 1221; x_wconf 74' lang='lat' dir='ltr'><strong>qua:</strong></span> <span class='ocrx_word' id='word_1_178' title='bbox 2509 1147 2577 1204; x_wconf 85' lang='lat' dir='ltr'><strong>ad</strong></span> <span class='ocrx_word' id='word_1_179' title='bbox 2619 1145 2988 1227; x_wconf 88' lang='lat' dir='ltr'><strong>supradictum</strong></span> <span class='ocrx_word' id='word_1_180' title='bbox 3036 1144 3369 1216; x_wconf 88' lang='lat' dir='ltr'><strong>episcopium</strong></span> <span class='ocrx_word' id='word_1_181' title='bbox 3412 1143 3733 1217; x_wconf 86' lang='lat' dir='ltr'><strong>pertinent,</strong></span> <span class='ocrx_word' id='word_1_182' title='bbox 3780 1150 3837 1203; x_wconf 81' lang='lat' dir='ltr'><strong>et</strong></span> 
     </span>
    </p>
   </div>
   <div class='ocr_carea' id='block_1_26' title="bbox 2223 1231 3829 1305">
    <p class='ocr_par' dir='ltr' id='par_1_26' title="bbox 2223 1231 3829 1305">
     <span class='ocr_line' id='line_1_26' title="bbox 2223 1231 3829 1305; baseline -0.004 -13"><span class='ocrx_word' id='word_1_183' title='bbox 2223 1231 2424 1293; x_wconf 80' lang='lat' dir='ltr'><strong>faciant</strong></span> <span class='ocrx_word' id='word_1_184' title='bbox 2457 1237 2653 1292; x_wconf 76' lang='lat' dir='ltr'><strong>exinde</strong></span> <span class='ocrx_word' id='word_1_185' title='bbox 2681 1235 2940 1305; x_wconf 86' lang='lat' dir='ltr'><strong>quidquid</strong></span> <span class='ocrx_word' id='word_1_186' title='bbox 2966 1234 3227 1305; x_wconf 81' lang='lat' dir='ltr'><strong>elegerint</strong></span> <span class='ocrx_word' id='word_1_187' title='bbox 3258 1231 3385 1303; x_wconf 86' lang='lat' dir='ltr'><strong>jure</strong></span> <span class='ocrx_word' id='word_1_188' title='bbox 3416 1232 3829 1288; x_wconf 83' lang='lat' dir='ltr'><strong>ecclesiastico.</strong></span> 
     </span>
    </p>
   </div>
   <div class='ocr_carea' id='block_1_27' title="bbox 2223 1323 3834 1395">
    <p class='ocr_par' dir='ltr' id='par_1_27' title="bbox 2223 1323 3834 1395">
     <span class='ocr_line' id='line_1_27' title="bbox 2223 1323 3834 1395; baseline -0.004 -11"><span class='ocrx_word' id='word_1_189' title='bbox 2223 1329 2291 1384; x_wconf 90' lang='lat' dir='ltr'><strong>Et</strong></span> <span class='ocrx_word' id='word_1_190' title='bbox 2320 1338 2391 1389; x_wconf 47' lang='lat' dir='ltr'><strong>ut.</strong></span> <span class='ocrx_word' id='word_1_191' title='bbox 2418 1328 2533 1391; x_wconf 64' lang='lat' dir='ltr'><strong>huic</strong></span> <span class='ocrx_word' id='word_1_192' title='bbox 2566 1326 2861 1389; x_wconf 80' lang='lat' dir='ltr'><strong>auctoritas</strong></span> <span class='ocrx_word' id='word_1_193' title='bbox 2889 1324 3317 1387; x_wconf 75' lang='lat' dir='ltr'><strong>confirmationis</strong></span> <span class='ocrx_word' id='word_1_194' title='bbox 3354 1332 3561 1381; x_wconf 68' lang='lat' dir='ltr'><strong>nostra:</strong></span> <span class='ocrx_word' id='word_1_195' title='bbox 3606 1338 3710 1395; x_wconf 83' lang='lat' dir='ltr'><strong>per</strong></span> <span class='ocrx_word' id='word_1_196' title='bbox 3754 1323 3834 1379; x_wconf 79' lang='lat' dir='ltr'><strong>fu-</strong></span> 
     </span>
    </p>
   </div>
   <div class='ocr_carea' id='block_1_28' title="bbox 2226 1416 3943 1493">
    <p class='ocr_par' dir='ltr' id='par_1_28' title="bbox 2226 1416 3943 1493">
     <span class='ocr_line' id='line_1_28' title="bbox 2226 1416 3943 1493; baseline -0.003 -17"><span class='ocrx_word' id='word_1_197' title='bbox 2226 1430 2345 1493; x_wconf 88' lang='lat' dir='ltr'><strong>tura</strong></span> <span class='ocrx_word' id='word_1_198' title='bbox 2377 1429 2616 1491; x_wconf 86' lang='lat' dir='ltr'><strong>tempora</strong></span> <span class='ocrx_word' id='word_1_199' title='bbox 2658 1417 3020 1480; x_wconf 79' lang='lat' dir='ltr'><strong>inviolabilem</strong></span> <span class='ocrx_word' id='word_1_200' title='bbox 3062 1425 3224 1489; x_wconf 85' lang='lat' dir='ltr'><strong>atque</strong></span> <span class='ocrx_word' id='word_1_201' title='bbox 3263 1416 3650 1471; x_wconf 87' lang='lat' dir='ltr'><strong>inconvulsam</strong></span> <span class='ocrx_word' id='word_1_202' title='bbox 3685 1416 3833 1471; x_wconf 83' lang='lat' dir='ltr'><strong>obti-</strong></span> <span class='ocrx_word' id='word_1_203' title='bbox 3936 1426 3943 1433; x_wconf 93' lang='lat'><strong>‘</strong></span> 
     </span>
    </p>
   </div>
   <div class='ocr_carea' id='block_1_29' title="bbox 2223 1509 3833 1585">
    <p class='ocr_par' dir='ltr' id='par_1_29' title="bbox 2223 1509 3833 1585">
     <span class='ocr_line' id='line_1_29' title="bbox 2223 1509 3833 1585; baseline -0.005 -11"><span class='ocrx_word' id='word_1_204' title='bbox 2223 1510 2351 1575; x_wconf 85' lang='lat' dir='ltr'><strong>neat</strong></span> <span class='ocrx_word' id='word_1_205' title='bbox 2400 1516 2734 1585; x_wconf 83' lang='lat' dir='ltr'><strong>ﬁrmitatem,</strong></span> <span class='ocrx_word' id='word_1_206' title='bbox 2778 1513 2961 1571; x_wconf 90' lang='lat' dir='ltr'><strong>annuli</strong></span> <span class='ocrx_word' id='word_1_207' title='bbox 3006 1511 3183 1583; x_wconf 83' lang='lat' dir='ltr'><strong>nostri</strong></span> <span class='ocrx_word' id='word_1_208' title='bbox 3227 1509 3592 1581; x_wconf 87' lang='lat' dir='ltr'><strong>impressione</strong></span> <span class='ocrx_word' id='word_1_209' title='bbox 3621 1510 3833 1583; x_wconf 83' lang='lat' dir='ltr'><strong>signari</strong></span> 
     </span>
    </p>
   </div>
   <div class='ocr_carea' id='block_1_30' title="bbox 2222 1608 2501 1665">
    <p class='ocr_par' dir='ltr' id='par_1_30' title="bbox 2222 1608 2501 1665">
     <span class='ocr_line' id='line_1_30' title="bbox 2222 1608 2501 1665; baseline 0 -2"><span class='ocrx_word' id='word_1_210' title='bbox 2222 1608 2501 1665; x_wconf 87' lang='lat' dir='ltr'><strong>iussimus.</strong></span> 
     </span>
    </p>
   </div>
   <div class='ocr_carea' id='block_1_31' title="bbox 2234 1680 3837 1781">
    <p class='ocr_par' dir='ltr' id='par_1_31' title="bbox 2234 1680 3837 1781">
     <span class='ocr_line' id='line_1_31' title="bbox 2234 1680 3837 1781; baseline -0.003 -26"><span class='ocrx_word' id='word_1_211' title='bbox 2234 1680 2237 1687; x_wconf 30' lang='grc' dir='ltr'>ί</span> <span class='ocrx_word' id='word_1_212' title='bbox 2296 1701 2583 1757; x_wconf 89' lang='lat' dir='ltr'><strong>Durandus</strong></span> <span class='ocrx_word' id='word_1_213' title='bbox 2619 1700 2881 1757; x_wconf 89' lang='lat' dir='ltr'><strong>diaconus</strong></span> <span class='ocrx_word' id='word_1_214' title='bbox 2918 1696 2986 1767; x_wconf 85' lang='lat' dir='ltr'><strong>ad</strong></span> <span class='ocrx_word' id='word_1_215' title='bbox 3020 1697 3197 1767; x_wconf 85' lang='lat' dir='ltr'><strong>vicem</strong></span> <span class='ocrx_word' id='word_1_216' title='bbox 3225 1694 3459 1752; x_wconf 88' lang='lat' dir='ltr'><strong>Fridarii</strong></span> <span class='ocrx_word' id='word_1_217' title='bbox 3499 1694 3837 1781; x_wconf 74' lang='lat' dir='ltr'><strong>[Fridugisi]</strong></span> 
     </span>
    </p>
   </div>
   <div class='ocr_carea' id='block_1_32' title="bbox 531 1791 2558 1874">
    <p class='ocr_par' dir='ltr' id='par_1_32' title="bbox 531 1791 2558 1874">
     <span class='ocr_line' id='line_1_32' title="bbox 531 1791 2558 1874; baseline -0.005 -13"><span class='ocrx_word' id='word_1_218' title='bbox 531 1804 818 1874; x_wconf 80' lang='lat' dir='ltr'><strong>potestatis</strong></span> <span class='ocrx_word' id='word_1_219' title='bbox 838 1804 1228 1874; x_wconf 85' lang='lat' dir='ltr'><strong>inquietudine,</strong></span> <span class='ocrx_word' id='word_1_220' title='bbox 1251 1814 1437 1863; x_wconf 84' lang='lat' dir='ltr'><strong>tenere</strong></span> <span class='ocrx_word' id='word_1_221' title='bbox 1456 1814 1511 1861; x_wconf 95' lang='lat' dir='ltr'><strong>et</strong></span> <span class='ocrx_word' id='word_1_222' title='bbox 1528 1804 1828 1874; x_wconf 83' lang='lat' dir='ltr'><strong>possidere,</strong></span> <span class='ocrx_word' id='word_1_223' title='bbox 1852 1812 2121 1874; x_wconf 77' lang='lat' dir='ltr'><strong>quatenus</strong></span> <span class='ocrx_word' id='word_1_224' title='bbox 2146 1791 2197 1855; x_wconf 71' lang='grc' dir='ltr'><strong><em>Β</em></strong></span> <span class='ocrx_word' id='word_1_225' title='bbox 2223 1797 2558 1867; x_wconf 77' lang='lat' dir='ltr'><strong>recognovit.</strong></span> 
     </span>
    </p>
   </div>
   <div class='ocr_carea' id='block_1_33' title="bbox 533 1888 2123 1970">
    <p class='ocr_par' dir='ltr' id='par_1_33' title="bbox 533 1888 2123 1970">
     <span class='ocr_line' id='line_1_33' title="bbox 533 1888 2123 1970; baseline 0.008 -17"><span class='ocrx_word' id='word_1_226' title='bbox 533 1913 660 1954; x_wconf 85' lang='lat' dir='ltr'><strong>cum</strong></span> <span class='ocrx_word' id='word_1_227' title='bbox 680 1888 1095 1970; x_wconf 73' lang='lat' dir='ltr'><strong>congregatione</strong></span> <span class='ocrx_word' id='word_1_228' title='bbox 1119 1900 1222 1955; x_wconf 87' lang='lat' dir='ltr'><strong>sibi</strong></span> <span class='ocrx_word' id='word_1_229' title='bbox 1248 1900 1537 1957; x_wconf 85' lang='lat' dir='ltr'><strong>commissa</strong></span> <span class='ocrx_word' id='word_1_230' title='bbox 1557 1913 1657 1969; x_wconf 88' lang='lat' dir='ltr'><strong>pro</strong></span> <span class='ocrx_word' id='word_1_231' title='bbox 1688 1898 1865 1964; x_wconf 82' lang='lat' dir='ltr'><strong>nobis,</strong></span> <span class='ocrx_word' id='word_1_232' title='bbox 1893 1897 2123 1969; x_wconf 66' lang='lat' dir='ltr'><strong>coniuga</strong></span> 
     </span>
    </p>
   </div>
   <div class='ocr_carea' id='block_1_34' title="bbox 532 1989 2123 2069">
    <p class='ocr_par' dir='ltr' id='par_1_34' title="bbox 532 1989 2123 2069">
     <span class='ocr_line' id='line_1_34' title="bbox 532 1989 2123 2069; baseline 0.005 -24"><span class='ocrx_word' id='word_1_233' title='bbox 532 1990 793 2062; x_wconf 84' lang='lat' dir='ltr'><strong>proleque</strong></span> <span class='ocrx_word' id='word_1_234' title='bbox 819 2000 1009 2049; x_wconf 87' lang='lat' dir='ltr'><strong>nostra</strong></span> <span class='ocrx_word' id='word_1_235' title='bbox 1036 2000 1197 2062; x_wconf 88' lang='lat' dir='ltr'><strong>atque</strong></span> <span class='ocrx_word' id='word_1_236' title='bbox 1221 1992 1389 2051; x_wconf 88' lang='lat' dir='ltr'><strong>totius</strong></span> <span class='ocrx_word' id='word_1_237' title='bbox 1410 1991 1623 2065; x_wconf 76' lang='lat' dir='ltr'><strong>imperii</strong></span> <span class='ocrx_word' id='word_1_238' title='bbox 1644 1990 1872 2062; x_wconf 45' lang='lat' dir='ltr'><strong>nostris</strong></span> <span class='ocrx_word' id='word_1_239' title='bbox 1892 1989 2003 2069; x_wconf 82' lang='lat' dir='ltr'><strong>Deo</strong></span> <span class='ocrx_word' id='word_1_240' title='bbox 2024 2004 2123 2053; x_wconf 68' lang='lat' dir='ltr'><strong>nor.</strong></span> 
     </span>
    </p>
   </div>
   <div class='ocr_carea' id='block_1_35' title="bbox 531 2081 2123 2155">
    <p class='ocr_par' dir='ltr' id='par_1_35' title="bbox 531 2081 2123 2155">
     <span class='ocr_line' id='line_1_35' title="bbox 531 2081 2123 2155; baseline 0.006 -17"><span class='ocrx_word' id='word_1_241' title='bbox 531 2081 619 2138; x_wconf 84' lang='lat' dir='ltr'><strong>bis</strong></span> <span class='ocrx_word' id='word_1_242' title='bbox 659 2083 843 2141; x_wconf 85' lang='lat' dir='ltr'><strong>collati</strong></span> <span class='ocrx_word' id='word_1_243' title='bbox 878 2084 1090 2141; x_wconf 88' lang='lat' dir='ltr'><strong>Domini</strong></span> <span class='ocrx_word' id='word_1_244' title='bbox 1126 2084 1560 2145; x_wconf 81' lang='lat' dir='ltr'><strong>misericordiam</strong></span> <span class='ocrx_word' id='word_1_245' title='bbox 1598 2082 1860 2155; x_wconf 70' lang='lat' dir='ltr'><strong>attentius</strong></span> <span class='ocrx_word' id='word_1_246' title='bbox 1891 2094 2123 2147; x_wconf 65' lang='lat' dir='ltr'><strong>exuram</strong></span> 
     </span>
    </p>
   </div>
   <div class='ocr_carea' id='block_1_36' title="bbox 533 2172 2121 2249">
    <p class='ocr_par' dir='ltr' id='par_1_36' title="bbox 533 2172 2121 2249">
     <span class='ocr_line' id='line_1_36' title="bbox 533 2172 2121 2249; baseline 0.003 -18"><span class='ocrx_word' id='word_1_247' title='bbox 533 2172 785 2249; x_wconf 76' lang='lat' dir='ltr'><strong>delectet.</strong></span> <span class='ocrx_word' id='word_1_248' title='bbox 826 2174 897 2235; x_wconf 85' lang='lat' dir='ltr'><strong>Et</strong></span> <span class='ocrx_word' id='word_1_249' title='bbox 923 2183 984 2235; x_wconf 88' lang='lat' dir='ltr'><strong>ut</strong></span> <span class='ocrx_word' id='word_1_250' title='bbox 1008 2175 1123 2237; x_wconf 83' lang='lat' dir='ltr'><strong>haec</strong></span> <span class='ocrx_word' id='word_1_251' title='bbox 1145 2176 1443 2235; x_wconf 79' lang='lat' dir='ltr'><strong>auctoritas</strong></span> <span class='ocrx_word' id='word_1_252' title='bbox 1474 2175 1834 2239; x_wconf 78' lang='lat' dir='ltr'><strong>inviolabilem.</strong></span> <span class='ocrx_word' id='word_1_253' title='bbox 1858 2180 1915 2238; x_wconf 73' lang='lat' dir='ltr'><strong>et</strong></span> <span class='ocrx_word' id='word_1_254' title='bbox 1935 2174 2121 2240; x_wconf 59' lang='lat' dir='ltr'><strong>incitus</strong></span> 
     </span>
    </p>
   </div>
   <div class='ocr_carea' id='block_1_37' title="bbox 533 2262 2122 2336">
    <p class='ocr_par' dir='ltr' id='par_1_37' title="bbox 533 2262 2122 2336">
     <span class='ocr_line' id='line_1_37' title="bbox 533 2262 2122 2336; baseline 0.002 -19"><span class='ocrx_word' id='word_1_255' title='bbox 533 2262 745 2319; x_wconf 90' lang='lat' dir='ltr'><strong>vulsam</strong></span> <span class='ocrx_word' id='word_1_256' title='bbox 781 2266 984 2321; x_wconf 89' lang='lat' dir='ltr'><strong>nostris</strong></span> <span class='ocrx_word' id='word_1_257' title='bbox 1010 2274 1065 2319; x_wconf 90' lang='lat' dir='ltr'><strong>et</strong></span> <span class='ocrx_word' id='word_1_258' title='bbox 1091 2264 1286 2319; x_wconf 83' lang='lat' dir='ltr'><strong>futuris</strong></span> <span class='ocrx_word' id='word_1_259' title='bbox 1311 2267 1645 2336; x_wconf 87' lang='lat' dir='ltr'><strong>temporibus</strong></span> <span class='ocrx_word' id='word_1_260' title='bbox 1672 2266 1915 2331; x_wconf 75' lang='lat' dir='ltr'><strong>obtineat</strong></span> <span class='ocrx_word' id='word_1_261' title='bbox 1950 2264 2122 2331; x_wconf 48' lang='lat' dir='ltr'><strong>ﬁrmi;</strong></span> 
     </span>
    </p>
   </div>
   <div class='ocr_carea' id='block_1_38' title="bbox 536 2342 2127 2431">
    <p class='ocr_par' dir='ltr' id='par_1_38' title="bbox 536 2342 2127 2431">
     <span class='ocr_line' id='line_1_38' title="bbox 536 2342 2127 2431; baseline 0.006 -23"><span class='ocrx_word' id='word_1_262' title='bbox 536 2363 725 2422; x_wconf 89' lang='lat' dir='ltr'><strong>tatem,</strong></span> <span class='ocrx_word' id='word_1_263' title='bbox 756 2372 917 2414; x_wconf 86' lang='lat' dir='ltr'><strong>manu</strong></span> <span class='ocrx_word' id='word_1_264' title='bbox 946 2359 1167 2431; x_wconf 83' lang='lat' dir='ltr'><strong>propria</strong></span> <span class='ocrx_word' id='word_1_265' title='bbox 1193 2358 1380 2421; x_wconf 80' lang='lat' dir='ltr'><strong>subter</strong></span> <span class='ocrx_word' id='word_1_266' title='bbox 1407 2375 1527 2415; x_wconf 86' lang='lat' dir='ltr'><strong>eam</strong></span> <span class='ocrx_word' id='word_1_267' title='bbox 1548 2358 1907 2426; x_wconf 77' lang='lat' dir='ltr'><strong>ﬁrmavimus,</strong></span> <span class='ocrx_word' id='word_1_268' title='bbox 1939 2366 1996 2415; x_wconf 85' lang='lat' dir='ltr'><strong>et</strong></span> <span class='ocrx_word' id='word_1_269' title='bbox 2023 2342 2127 2424; x_wconf 50' lang='lat' dir='ltr'><strong>an?</strong></span> 
     </span>
    </p>
   </div>
   <div class='ocr_carea' id='block_1_39' title="bbox 533 2448 1764 2521">
    <p class='ocr_par' dir='ltr' id='par_1_39' title="bbox 533 2448 1764 2521">
     <span class='ocr_line' id='line_1_39' title="bbox 533 2448 1764 2521; baseline 0 -16"><span class='ocrx_word' id='word_1_270' title='bbox 533 2448 647 2507; x_wconf 86' lang='lat' dir='ltr'><strong>nuli</strong></span> <span class='ocrx_word' id='word_1_271' title='bbox 675 2450 845 2511; x_wconf 74' lang='lat' dir='ltr'><strong>nostri</strong></span> <span class='ocrx_word' id='word_1_272' title='bbox 876 2451 1230 2521; x_wconf 85' lang='lat' dir='ltr'><strong>impressione</strong></span> <span class='ocrx_word' id='word_1_273' title='bbox 1259 2450 1461 2521; x_wconf 87' lang='lat' dir='ltr'><strong>signari</strong></span> <span class='ocrx_word' id='word_1_274' title='bbox 1481 2450 1764 2519; x_wconf 84' lang='lat' dir='ltr'><strong>jussimus.</strong></span> 
     </span>
    </p>
   </div>
   <div class='ocr_carea' id='block_1_40' title="bbox 607 2540 1766 2616">
    <p class='ocr_par' dir='ltr' id='par_1_40' title="bbox 607 2540 1766 2616">
     <span class='ocr_line' id='line_1_40' title="bbox 607 2540 1766 2616; baseline 0.002 -18"><span class='ocrx_word' id='word_1_275' title='bbox 607 2540 833 2614; x_wconf 78' lang='lat' dir='ltr'><strong>Signum</strong></span> <span class='ocrx_word' id='word_1_276' title='bbox 865 2544 1121 2600; x_wconf 83' lang='lat' dir='ltr'><strong>Ludovici</strong></span> <span class='ocrx_word' id='word_1_277' title='bbox 1156 2545 1489 2601; x_wconf 90' lang='lat' dir='ltr'><strong>serenissimi</strong></span> <span class='ocrx_word' id='word_1_278' title='bbox 1518 2545 1766 2616; x_wconf 84' lang='lat' dir='ltr'><strong>Augusti.</strong></span> 
     </span>
    </p>
   </div>
   <div class='ocr_carea' id='block_1_41' title="bbox 605 2631 2122 2708">
    <p class='ocr_par' dir='ltr' id='par_1_41' title="bbox 605 2631 2122 2708">
     <span class='ocr_line' id='line_1_41' title="bbox 605 2631 2122 2708; baseline 0.003 -21"><span class='ocrx_word' id='word_1_279' title='bbox 605 2631 740 2691; x_wconf 84' lang='lat' dir='ltr'><strong>Data</strong></span> <span class='ocrx_word' id='word_1_280' title='bbox 777 2650 811 2689; x_wconf 93' lang='lat' dir='ltr'><strong>v</strong></span> <span class='ocrx_word' id='word_1_281' title='bbox 846 2634 981 2693; x_wconf 57' lang='lat' dir='ltr'><strong>ldus.</strong></span> <span class='ocrx_word' id='word_1_282' title='bbox 1000 2634 1169 2702; x_wconf 79' lang='lat' dir='ltr'><strong>Junii,</strong></span> <span class='ocrx_word' id='word_1_283' title='bbox 1202 2652 1367 2701; x_wconf 87' lang='lat' dir='ltr'><strong>anno,</strong></span> <span class='ocrx_word' id='word_1_284' title='bbox 1398 2635 1615 2694; x_wconf 86' lang='lat' dir='ltr'><strong>Christo</strong></span> <span class='ocrx_word' id='word_1_285' title='bbox 1647 2636 1901 2708; x_wconf 87' lang='lat' dir='ltr'><strong>propitio,</strong></span> <span class='ocrx_word' id='word_1_286' title='bbox 1930 2635 1999 2693; x_wconf 77' lang='grc'><strong>18</strong></span> <span class='ocrx_word' id='word_1_287' title='bbox 2019 2635 2122 2691; x_wconf 87' lang='lat' dir='ltr'><strong>im-</strong></span> 
     </span>
    </p>
   </div>
   <div class='ocr_carea' id='block_1_42' title="bbox 531 2711 2124 2801">
    <p class='ocr_par' dir='ltr' id='par_1_42' title="bbox 531 2711 2124 2801">
     <span class='ocr_line' id='line_1_42' title="bbox 531 2711 2124 2801; baseline 0.002 -21"><span class='ocrx_word' id='word_1_288' title='bbox 531 2725 670 2795; x_wconf 68' lang='lat' dir='ltr'><strong>perii</strong></span> <span class='ocrx_word' id='word_1_289' title='bbox 715 2711 903 2785; x_wconf 71' lang='lat' dir='ltr'><strong>domui</strong></span> <span class='ocrx_word' id='word_1_290' title='bbox 944 2727 1198 2793; x_wconf 85' lang='lat' dir='ltr'><strong>Ludovici</strong></span> <span class='ocrx_word' id='word_1_291' title='bbox 1244 2729 1474 2800; x_wconf 77' lang='lat' dir='ltr'><strong>piissimi</strong></span> <span class='ocrx_word' id='word_1_292' title='bbox 1522 2728 1783 2801; x_wconf 82' lang='lat' dir='ltr'><strong>Augusti,</strong></span> <span class='ocrx_word' id='word_1_293' title='bbox 1828 2729 2124 2795; x_wconf 76' lang='lat' dir='ltr'><strong>indictione</strong></span> 
     </span>
    </p>
   </div>
   <div class='ocr_carea' id='block_1_43' title="bbox 532 2817 2116 2902">
    <p class='ocr_par' dir='ltr' id='par_1_43' title="bbox 532 2817 2116 2902">
     <span class='ocr_line' id='line_1_43' title="bbox 532 2817 2116 2902; baseline 0.004 -31"><span class='ocrx_word' id='word_1_294' title='bbox 532 2828 701 2883; x_wconf 65' lang='lat' dir='ltr'><strong>nona,</strong></span> <span class='ocrx_word' id='word_1_295' title='bbox 751 2817 949 2883; x_wconf 80' lang='lat' dir='ltr'><strong>Actum</strong></span> <span class='ocrx_word' id='word_1_296' title='bbox 976 2819 1347 2902; x_wconf 80' lang='lat' dir='ltr'><strong>lngelinbeim,</strong></span> <span class='ocrx_word' id='word_1_297' title='bbox 1385 2821 1442 2877; x_wconf 90' lang='lat' dir='ltr'><strong>in</strong></span> <span class='ocrx_word' id='word_1_298' title='bbox 1484 2820 1582 2876; x_wconf 91' lang='lat' dir='ltr'><strong>Dei</strong></span> <span class='ocrx_word' id='word_1_299' title='bbox 1616 2821 1836 2878; x_wconf 87' lang='lat' dir='ltr'><strong>nomine</strong></span> <span class='ocrx_word' id='word_1_300' title='bbox 1866 2819 2116 2887; x_wconf 69' lang='lat' dir='ltr'><strong>feliciter,</strong></span> 
     </span>
    </p>
   </div>
   <div class='ocr_carea' id='block_1_44' title="bbox 534 2906 729 2963">
    <p class='ocr_par' dir='ltr' id='par_1_44' title="bbox 534 2906 729 2963">
     <span class='ocr_line' id='line_1_44' title="bbox 534 2906 729 2963; baseline 0.005 -1"><span class='ocrx_word' id='word_1_301' title='bbox 534 2906 729 2963; x_wconf 82' lang='lat' dir='ltr'><strong>Amen.</strong></span> 
     </span>
    </p>
   </div>
   <div class='ocr_carea' id='block_1_45' title="bbox 1216 2980 1442 3041">
    <p class='ocr_par' dir='ltr' id='par_1_45' title="bbox 1216 2980 1442 3041">
     <span class='ocr_line' id='line_1_45' title="bbox 1216 2980 1442 3041; baseline 0.013 -3"><span class='ocrx_word' id='word_1_302' title='bbox 1216 2980 1442 3041; x_wconf 77' lang='lat' dir='ltr'><strong>CLXVI.</strong></span> 
     </span>
    </p>
   </div>
   <div class='ocr_carea' id='block_1_46' title="bbox 530 3082 2115 3147">
    <p class='ocr_par' dir='ltr' id='par_1_46' title="bbox 530 3082 2115 3147">
     <span class='ocr_line' id='line_1_46' title="bbox 530 3082 2115 3147; baseline 0.004 -23"><span class='ocrx_word' id='word_1_303' title='bbox 530 3082 600 3124; x_wconf 71' lang='grc' dir='ltr'><strong>»ε</strong></span> <span class='ocrx_word' id='word_1_304' title='bbox 641 3084 764 3137; x_wconf 75' lang='grc' dir='ltr'><strong>νιος)</strong></span> <span class='ocrx_word' id='word_1_305' title='bbox 797 3086 886 3137; x_wconf 78' lang='lat' dir='ltr'><strong>QUI</strong></span> <span class='ocrx_word' id='word_1_306' title='bbox 928 3086 1149 3141; x_wconf 66' lang='grc' dir='ltr'><strong>ριςιτυιι</strong></span> <span class='ocrx_word' id='word_1_307' title='bbox 1190 3089 1413 3130; x_wconf 77' lang='grc' dir='ltr'><strong>ΕΡΔΟΝΙΒ</strong></span> <span class='ocrx_word' id='word_1_308' title='bbox 1452 3091 1507 3130; x_wconf 77' lang='lat' dir='ltr'><strong>IN</strong></span> <span class='ocrx_word' id='word_1_309' title='bbox 1544 3089 1772 3132; x_wconf 72' lang='grc' dir='ltr'><strong>υιωεεει</strong></span> <span class='ocrx_word' id='word_1_310' title='bbox 1812 3090 2115 3147; x_wconf 64' lang='grc' dir='ltr'><strong>ΥΙῌΝΝΕΝξι.</strong></span> 
     </span>
    </p>
   </div>
   <div class='ocr_carea' id='block_1_47' title="bbox 576 3154 1518 3243">
    <p class='ocr_par' dir='ltr' id='par_1_47' title="bbox 576 3154 1518 3243">
     <span class='ocr_line' id='line_1_47' title="bbox 576 3154 1518 3243; baseline 0.003 -23"><span class='ocrx_word' id='word_1_311' title='bbox 576 3154 583 3162; x_wconf 71' lang='grc'><em>’</em></span> <span class='ocrx_word' id='word_1_312' title='bbox 1146 3163 1318 3241; x_wconf 81' lang='lat' dir='ltr'><strong>(Anno</strong></span> <span class='ocrx_word' id='word_1_313' title='bbox 1366 3166 1518 3243; x_wconf 80' lang='grc'><strong>851.)</strong></span> 
     </span>
    </p>
   </div>
   <div class='ocr_carea' id='block_1_48' title="bbox 675 3255 1977 3335">
    <p class='ocr_par' dir='ltr' id='par_1_48' title="bbox 675 3255 1977 3335">
     <span class='ocr_line' id='line_1_48' title="bbox 675 3255 1977 3335; baseline 0.002 -24"><span class='ocrx_word' id='word_1_314' title='bbox 675 3255 851 3331; x_wconf 84' lang='lat' dir='ltr'><strong>[Apud</strong></span> <span class='ocrx_word' id='word_1_315' title='bbox 879 3257 1092 3329; x_wconf 81' lang='lat' dir='ltr'><strong>Baluz.,</strong></span> <span class='ocrx_word' id='word_1_316' title='bbox 1115 3257 1373 3331; x_wconf 82' lang='lat' dir='ltr'><strong>Capitul.,</strong></span> <span class='ocrx_word' id='word_1_317' title='bbox 1396 3268 1527 3316; x_wconf 89' lang='lat' dir='ltr'><strong>tom.</strong></span> <span class='ocrx_word' id='word_1_318' title='bbox 1557 3260 1619 3328; x_wconf 84' lang='lat' dir='ltr'><strong>II,</strong></span> <span class='ocrx_word' id='word_1_319' title='bbox 1641 3276 1765 3335; x_wconf 87' lang='lat' dir='ltr'><strong>pag.</strong></span> <span class='ocrx_word' id='word_1_320' title='bbox 1792 3259 1977 3335; x_wconf 68' lang='lat'><strong>1433.]</strong></span> 
     </span>
    </p>
   </div>
   <div class='ocr_carea' id='block_1_49' title="bbox 534 3340 2122 3431">
    <p class='ocr_par' dir='ltr' id='par_1_49' title="bbox 534 3340 2122 3431">
     <span class='ocr_line' id='line_1_49' title="bbox 534 3340 2122 3431; baseline 0.003 -28"><span class='ocrx_word' id='word_1_321' title='bbox 534 3340 548 3431; x_wconf 28' lang='grc' dir='ltr'><em>Γ</em></span> <span class='ocrx_word' id='word_1_322' title='bbox 605 3348 666 3404; x_wconf 91' lang='lat' dir='ltr'><strong>In</strong></span> <span class='ocrx_word' id='word_1_323' title='bbox 705 3351 921 3406; x_wconf 89' lang='lat' dir='ltr'><strong>nomine</strong></span> <span class='ocrx_word' id='word_1_324' title='bbox 952 3349 1165 3406; x_wconf 89' lang='lat' dir='ltr'><strong>Domini</strong></span> <span class='ocrx_word' id='word_1_325' title='bbox 1196 3351 1293 3407; x_wconf 86' lang='lat' dir='ltr'><strong>Dei</strong></span> <span class='ocrx_word' id='word_1_326' title='bbox 1328 3362 1384 3409; x_wconf 87' lang='lat' dir='ltr'><strong>et</strong></span> <span class='ocrx_word' id='word_1_327' title='bbox 1422 3352 1723 3409; x_wconf 85' lang='lat' dir='ltr'><strong>Salvatoris</strong></span> <span class='ocrx_word' id='word_1_328' title='bbox 1771 3354 1941 3411; x_wconf 89' lang='lat' dir='ltr'><strong>nostri</strong></span> <span class='ocrx_word' id='word_1_329' title='bbox 1992 3352 2122 3409; x_wconf 76' lang='lat' dir='ltr'><strong>Iesu</strong></span> 
     </span>
    </p>
   </div>
   <div class='ocr_carea' id='block_1_50' title="bbox 540 3437 2124 3517">
    <p class='ocr_par' dir='ltr' id='par_1_50' title="bbox 540 3437 2124 3517">
     <span class='ocr_line' id='line_1_50' title="bbox 540 3437 2124 3517; baseline 0.006 -24"><span class='ocrx_word' id='word_1_330' title='bbox 540 3437 763 3502; x_wconf 86' lang='lat' dir='ltr'><strong>Christi,</strong></span> <span class='ocrx_word' id='word_1_331' title='bbox 785 3441 1106 3508; x_wconf 88' lang='lat' dir='ltr'><strong>Ludovicus,</strong></span> <span class='ocrx_word' id='word_1_332' title='bbox 1130 3442 1311 3498; x_wconf 87' lang='lat' dir='ltr'><strong>divina</strong></span> <span class='ocrx_word' id='word_1_333' title='bbox 1336 3444 1641 3513; x_wconf 89' lang='lat' dir='ltr'><strong>ordinante,</strong></span> <span class='ocrx_word' id='word_1_334' title='bbox 1667 3448 2006 3517; x_wconf 84' lang='lat' dir='ltr'><strong>providentia</strong></span> <span class='ocrx_word' id='word_1_335' title='bbox 2022 3448 2124 3502; x_wconf 91' lang='lat' dir='ltr'><strong>im-</strong></span> 
     </span>
    </p>
   </div>
   <div class='ocr_carea' id='block_1_51' title="bbox 540 3528 1090 3599">
    <p class='ocr_par' dir='ltr' id='par_1_51' title="bbox 540 3528 1090 3599">
     <span class='ocr_line' id='line_1_51' title="bbox 540 3528 1090 3599; baseline 0.005 -17"><span class='ocrx_word' id='word_1_336' title='bbox 540 3536 763 3598; x_wconf 87' lang='lat' dir='ltr'><strong>perator</strong></span> <span class='ocrx_word' id='word_1_337' title='bbox 798 3528 1090 3599; x_wconf 85' lang='lat' dir='ltr'><strong>Augustus.</strong></span> 
     </span>
    </p>
   </div>
   <div class='ocr_carea' id='block_1_52' title="bbox 540 3612 2122 3696">
    <p class='ocr_par' dir='ltr' id='par_1_52' title="bbox 540 3612 2122 3696">
     <span class='ocr_line' id='line_1_52' title="bbox 540 3612 2122 3696; baseline 0.007 -23"><span class='ocrx_word' id='word_1_338' title='bbox 540 3612 553 3617; x_wconf 75' lang='grc'><em>’</em></span> <span class='ocrx_word' id='word_1_339' title='bbox 615 3617 670 3674; x_wconf 86' lang='lat' dir='ltr'><strong>Si</strong></span> <span class='ocrx_word' id='word_1_340' title='bbox 698 3635 823 3693; x_wconf 90' lang='lat' dir='ltr'><strong>erga</strong></span> <span class='ocrx_word' id='word_1_341' title='bbox 852 3620 967 3679; x_wconf 84' lang='lat' dir='ltr'><strong>loca</strong></span> <span class='ocrx_word' id='word_1_342' title='bbox 990 3622 1183 3679; x_wconf 87' lang='lat' dir='ltr'><strong>divinis</strong></span> <span class='ocrx_word' id='word_1_343' title='bbox 1206 3622 1437 3679; x_wconf 90' lang='lat' dir='ltr'><strong>cultibus</strong></span> <span class='ocrx_word' id='word_1_344' title='bbox 1462 3625 1768 3696; x_wconf 82' lang='lat' dir='ltr'><strong>mancipata</strong></span> <span class='ocrx_word' id='word_1_345' title='bbox 1790 3628 1858 3683; x_wconf 89' lang='lat' dir='ltr'><strong>ob</strong></span> <span class='ocrx_word' id='word_1_346' title='bbox 1880 3642 2122 3689; x_wconf 85' lang='lat' dir='ltr'><strong>amorem</strong></span> 
     </span>
    </p>
   </div>
   <div class='ocr_carea' id='block_1_53' title="bbox 537 3706 2122 3789">
    <p class='ocr_par' dir='ltr' id='par_1_53' title="bbox 537 3706 2122 3789">
     <span class='ocr_line' id='line_1_53' title="bbox 537 3706 2122 3789; baseline 0.007 -23"><span class='ocrx_word' id='word_1_347' title='bbox 537 3706 634 3767; x_wconf 89' lang='lat' dir='ltr'><strong>Dei</strong></span> <span class='ocrx_word' id='word_1_348' title='bbox 674 3711 1032 3789; x_wconf 82' lang='lat' dir='ltr'><strong>[sanctorum]</strong></span> <span class='ocrx_word' id='word_1_349' title='bbox 1079 3732 1374 3787; x_wconf 90' lang='lat' dir='ltr'><strong>eorumque</strong></span> <span class='ocrx_word' id='word_1_350' title='bbox 1432 3719 1791 3773; x_wconf 86' lang='lat' dir='ltr'><strong>reverentiam</strong></span> <span class='ocrx_word' id='word_1_351' title='bbox 1855 3720 2122 3777; x_wconf 81' lang='lat' dir='ltr'><strong>beneﬁcia</strong></span> 
     </span>
    </p>
   </div>
   <div class='ocr_carea' id='block_1_54' title="bbox 537 3805 2121 3879">
    <p class='ocr_par' dir='ltr' id='par_1_54' title="bbox 537 3805 2121 3879">
     <span class='ocr_line' id='line_1_54' title="bbox 537 3805 2121 3879; baseline 0.005 -20"><span class='ocrx_word' id='word_1_352' title='bbox 537 3812 841 3875; x_wconf 89' lang='lat' dir='ltr'><strong>opportuna</strong></span> <span class='ocrx_word' id='word_1_353' title='bbox 865 3805 1145 3875; x_wconf 84' lang='lat' dir='ltr'><strong>largimur,</strong></span> <span class='ocrx_word' id='word_1_354' title='bbox 1167 3805 1219 3860; x_wconf 90' lang='lat' dir='ltr'><strong>id</strong></span> <span class='ocrx_word' id='word_1_355' title='bbox 1246 3806 1403 3861; x_wconf 91' lang='lat' dir='ltr'><strong>nobis</strong></span> <span class='ocrx_word' id='word_1_356' title='bbox 1420 3807 1605 3879; x_wconf 86' lang='lat' dir='ltr'><strong>procul</strong></span> <span class='ocrx_word' id='word_1_357' title='bbox 1627 3808 1789 3864; x_wconf 89' lang='lat' dir='ltr'><strong>dubio</strong></span> <span class='ocrx_word' id='word_1_358' title='bbox 1814 3811 1880 3865; x_wconf 89' lang='lat' dir='ltr'><strong>ad</strong></span> <span class='ocrx_word' id='word_1_359' title='bbox 1903 3820 2121 3868; x_wconf 70' lang='lat' dir='ltr'><strong>:cternm</strong></span> 
     </span>
    </p>
   </div>
   <div class='ocr_carea' id='block_1_55' title="bbox 539 3897 2120 3983">
    <p class='ocr_par' dir='ltr' id='par_1_55' title="bbox 539 3897 2120 3983">
     <span class='ocr_line' id='line_1_55' title="bbox 539 3897 2120 3983; baseline 0.006 -33"><span class='ocrx_word' id='word_1_360' title='bbox 539 3897 910 3953; x_wconf 85' lang='lat' dir='ltr'><strong>retributionis</strong></span> <span class='ocrx_word' id='word_1_361' title='bbox 942 3899 1160 3969; x_wconf 68' lang='lat' dir='ltr'><strong>praemia</strong></span> <span class='ocrx_word' id='word_1_362' title='bbox 1193 3899 1519 3971; x_wconf 87' lang='lat' dir='ltr'><strong>capessenda</strong></span> <span class='ocrx_word' id='word_1_363' title='bbox 1542 3899 1881 3970; x_wconf 81' lang='lat' dir='ltr'><strong>profuturum</strong></span> <span class='ocrx_word' id='word_1_364' title='bbox 1915 3903 2120 3983; x_wconf 82' lang='lat' dir='ltr'><strong>liquido</strong></span> 
     </span>
    </p>
   </div>
   <div class='ocr_carea' id='block_1_56' title="bbox 535 3986 2121 4072">
    <p class='ocr_par' dir='ltr' id='par_1_56' title="bbox 535 3986 2121 4072">
     <span class='ocr_line' id='line_1_56' title="bbox 535 3986 2121 4072; baseline 0.004 -27"><span class='ocrx_word' id='word_1_365' title='bbox 535 3986 825 4046; x_wconf 80' lang='lat' dir='ltr'><strong>credimus.</strong></span> <span class='ocrx_word' id='word_1_366' title='bbox 868 3990 1072 4072; x_wconf 85' lang='lat' dir='ltr'><strong>Idcirco</strong></span> <span class='ocrx_word' id='word_1_367' title='bbox 1099 4000 1285 4048; x_wconf 89' lang='lat' dir='ltr'><strong>notum</strong></span> <span class='ocrx_word' id='word_1_368' title='bbox 1314 4008 1433 4047; x_wconf 85' lang='lat' dir='ltr'><strong>esse</strong></span> <span class='ocrx_word' id='word_1_369' title='bbox 1460 3994 1710 4049; x_wconf 91' lang='lat' dir='ltr'><strong>volumus</strong></span> <span class='ocrx_word' id='word_1_370' title='bbox 1744 3996 1955 4051; x_wconf 90' lang='lat' dir='ltr'><strong>cunctis</strong></span> <span class='ocrx_word' id='word_1_371' title='bbox 1989 3996 2121 4052; x_wconf 86' lang='lat' dir='ltr'><strong>ﬁde-</strong></span> 
     </span>
    </p>
   </div>
   <div class='ocr_carea' id='block_1_57' title="bbox 533 4079 2120 4158">
    <p class='ocr_par' dir='ltr' id='par_1_57' title="bbox 533 4079 2120 4158">
     <span class='ocr_line' id='line_1_57' title="bbox 533 4079 2120 4158; baseline 0.004 -22"><span class='ocrx_word' id='word_1_372' title='bbox 533 4079 674 4147; x_wconf 86' lang='lat' dir='ltr'><strong>libus</strong></span> <span class='ocrx_word' id='word_1_373' title='bbox 700 4091 899 4138; x_wconf 64' lang='lat' dir='ltr'><strong>sanctae</strong></span> <span class='ocrx_word' id='word_1_374' title='bbox 918 4083 1011 4139; x_wconf 91' lang='lat' dir='ltr'><strong>Dei</strong></span> <span class='ocrx_word' id='word_1_375' title='bbox 1032 4083 1286 4139; x_wconf 73' lang='lat' dir='ltr'><strong>Ecclesia:</strong></span> <span class='ocrx_word' id='word_1_376' title='bbox 1310 4094 1365 4139; x_wconf 91' lang='lat' dir='ltr'><strong>et</strong></span> <span class='ocrx_word' id='word_1_377' title='bbox 1384 4086 1604 4151; x_wconf 87' lang='lat' dir='ltr'><strong>nostris,</strong></span> <span class='ocrx_word' id='word_1_378' title='bbox 1631 4089 1987 4158; x_wconf 75' lang='lat' dir='ltr'><strong>praesentibus</strong></span> <span class='ocrx_word' id='word_1_379' title='bbox 2016 4088 2120 4143; x_wconf 88' lang='lat' dir='ltr'><strong>sci-</strong></span> 
     </span>
    </p>
   </div>
   <div class='ocr_carea' id='block_1_58' title="bbox 531 4171 2121 4251">
    <p class='ocr_par' dir='ltr' id='par_1_58' title="bbox 531 4171 2121 4251">
     <span class='ocr_line' id='line_1_58' title="bbox 531 4171 2121 4251; baseline 0.007 -22"><span class='ocrx_word' id='word_1_380' title='bbox 531 4171 661 4231; x_wconf 86' lang='lat' dir='ltr'><strong>licet</strong></span> <span class='ocrx_word' id='word_1_381' title='bbox 687 4184 742 4231; x_wconf 94' lang='lat' dir='ltr'><strong>et</strong></span> <span class='ocrx_word' id='word_1_382' title='bbox 772 4175 983 4241; x_wconf 78' lang='lat' dir='ltr'><strong>futuris,</strong></span> <span class='ocrx_word' id='word_1_383' title='bbox 1016 4180 1139 4251; x_wconf 85' lang='lat' dir='ltr'><strong>quia</strong></span> <span class='ocrx_word' id='word_1_384' title='bbox 1166 4188 1459 4249; x_wconf 89' lang='lat' dir='ltr'><strong>spontanea</strong></span> <span class='ocrx_word' id='word_1_385' title='bbox 1492 4180 1769 4236; x_wconf 81' lang='lat' dir='ltr'><strong>voluntate</strong></span> <span class='ocrx_word' id='word_1_386' title='bbox 1811 4183 1999 4238; x_wconf 89' lang='lat' dir='ltr'><strong>adiens</strong></span> <span class='ocrx_word' id='word_1_387' title='bbox 2034 4199 2121 4239; x_wconf 90' lang='lat' dir='ltr'><strong>se-</strong></span> 
     </span>
    </p>
   </div>
   <div class='ocr_carea' id='block_1_59' title="bbox 532 4268 2116 4345">
    <p class='ocr_par' dir='ltr' id='par_1_59' title="bbox 532 4268 2116 4345">
     <span class='ocr_line' id='line_1_59' title="bbox 532 4268 2116 4345; baseline 0.006 -22"><span class='ocrx_word' id='word_1_388' title='bbox 532 4268 821 4341; x_wconf 80' lang='lat' dir='ltr'><strong>renitatem</strong></span> <span class='ocrx_word' id='word_1_389' title='bbox 853 4270 1105 4333; x_wconf 87' lang='lat' dir='ltr'><strong>culminis</strong></span> <span class='ocrx_word' id='word_1_390' title='bbox 1138 4268 1313 4335; x_wconf 84' lang='lat' dir='ltr'><strong>nostri</strong></span> <span class='ocrx_word' id='word_1_391' title='bbox 1350 4273 1433 4326; x_wconf 90' lang='lat' dir='ltr'><strong>vir</strong></span> <span class='ocrx_word' id='word_1_392' title='bbox 1467 4271 1691 4329; x_wconf 86' lang='lat' dir='ltr'><strong>illustris</strong></span> <span class='ocrx_word' id='word_1_393' title='bbox 1723 4273 1877 4330; x_wconf 87' lang='lat' dir='ltr'><strong>Abbo</strong></span> <span class='ocrx_word' id='word_1_394' title='bbox 1910 4291 2116 4345; x_wconf 89' lang='lat' dir='ltr'><strong>comes,</strong></span> 
     </span>
    </p>
   </div>
   <div class='ocr_carea' id='block_1_60' title="bbox 530 4361 2119 4437">
    <p class='ocr_par' dir='ltr' id='par_1_60' title="bbox 530 4361 2119 4437">
     <span class='ocr_line' id='line_1_60' title="bbox 530 4361 2119 4437; baseline 0.006 -23"><span class='ocrx_word' id='word_1_395' title='bbox 530 4361 624 4437; x_wconf 87' lang='lat' dir='ltr'><strong>qui</strong></span> <span class='ocrx_word' id='word_1_396' title='bbox 654 4369 711 4415; x_wconf 91' lang='lat' dir='ltr'><strong>et</strong></span> <span class='ocrx_word' id='word_1_397' title='bbox 736 4361 913 4417; x_wconf 91' lang='lat' dir='ltr'><strong>vicum</strong></span> <span class='ocrx_word' id='word_1_398' title='bbox 944 4364 1033 4433; x_wconf 91' lang='lat' dir='ltr'><strong>qui</strong></span> <span class='ocrx_word' id='word_1_399' title='bbox 1057 4363 1256 4418; x_wconf 87' lang='lat' dir='ltr'><strong>dicitur</strong></span> <span class='ocrx_word' id='word_1_400' title='bbox 1277 4362 1531 4433; x_wconf 78' lang='lat' dir='ltr'><strong>Epaonis,</strong></span> <span class='ocrx_word' id='word_1_401' title='bbox 1564 4366 1654 4435; x_wconf 89' lang='lat' dir='ltr'><strong>qui</strong></span> <span class='ocrx_word' id='word_1_402' title='bbox 1680 4373 1799 4421; x_wconf 89' lang='lat' dir='ltr'><strong>erat</strong></span> <span class='ocrx_word' id='word_1_403' title='bbox 1818 4383 1885 4421; x_wconf 79' lang='lat' dir='ltr'><strong>ex</strong></span> <span class='ocrx_word' id='word_1_404' title='bbox 1906 4367 2119 4423; x_wconf 90' lang='lat' dir='ltr'><strong>ratione</strong></span> 
     </span>
    </p>
   </div>
   <div class='ocr_carea' id='block_1_61' title="bbox 532 4450 2117 4531">
    <p class='ocr_par' dir='ltr' id='par_1_61' title="bbox 532 4450 2117 4531">
     <span class='ocr_line' id='line_1_61' title="bbox 532 4450 2117 4531; baseline 0.008 -22"><span class='ocrx_word' id='word_1_405' title='bbox 532 4450 713 4511; x_wconf 86' lang='lat' dir='ltr'><strong>Sancti</strong></span> <span class='ocrx_word' id='word_1_406' title='bbox 761 4455 1001 4511; x_wconf 79' lang='lat' dir='ltr'><strong>Mauricii</strong></span> <span class='ocrx_word' id='word_1_407' title='bbox 1034 4473 1099 4521; x_wconf 63' lang='lat' dir='ltr'><strong>ex</strong></span> <span class='ocrx_word' id='word_1_408' title='bbox 1131 4459 1443 4528; x_wconf 87' lang='lat' dir='ltr'><strong>episcopatu</strong></span> <span class='ocrx_word' id='word_1_409' title='bbox 1482 4462 1797 4531; x_wconf 81' lang='lat' dir='ltr'><strong>Viennensi,</strong></span> <span class='ocrx_word' id='word_1_410' title='bbox 1842 4463 1933 4520; x_wconf 91' lang='lat' dir='ltr'><strong>ubi</strong></span> <span class='ocrx_word' id='word_1_411' title='bbox 1973 4479 2117 4521; x_wconf 92' lang='lat' dir='ltr'><strong>nunc</strong></span> 
     </span>
    </p>
   </div>
   <div class='ocr_carea' id='block_1_62' title="bbox 2294 1880 3833 1957">
    <p class='ocr_par' dir='ltr' id='par_1_62' title="bbox 2294 1880 3833 1957">
     <span class='ocr_line' id='line_1_62' title="bbox 2294 1880 3833 1957; baseline -0.005 -14"><span class='ocrx_word' id='word_1_412' title='bbox 2294 1888 2431 1957; x_wconf 83' lang='lat' dir='ltr'><strong>Data</strong></span> <span class='ocrx_word' id='word_1_413' title='bbox 2458 1905 2490 1943; x_wconf 86' lang='lat' dir='ltr'><strong>v</strong></span> <span class='ocrx_word' id='word_1_414' title='bbox 2521 1884 2702 1941; x_wconf 83' lang='lat' dir='ltr'><strong>Nonas</strong></span> <span class='ocrx_word' id='word_1_415' title='bbox 2724 1884 2966 1952; x_wconf 78' lang='lat' dir='ltr'><strong>Martias,</strong></span> <span class='ocrx_word' id='word_1_416' title='bbox 2998 1898 3160 1949; x_wconf 91' lang='lat' dir='ltr'><strong>anno,</strong></span> <span class='ocrx_word' id='word_1_417' title='bbox 3200 1881 3417 1938; x_wconf 84' lang='lat' dir='ltr'><strong>Christo</strong></span> <span class='ocrx_word' id='word_1_418' title='bbox 3449 1880 3723 1953; x_wconf 85' lang='lat' dir='ltr'><strong>propitio,</strong></span> <span class='ocrx_word' id='word_1_419' title='bbox 3768 1880 3833 1937; x_wconf 80' lang='grc'><strong>18</strong></span> 
     </span>
    </p>
   </div>
   <div class='ocr_carea' id='block_1_63' title="bbox 2224 1972 3835 2051">
    <p class='ocr_par' dir='ltr' id='par_1_63' title="bbox 2224 1972 3835 2051">
     <span class='ocr_line' id='line_1_63' title="bbox 2224 1972 3835 2051; baseline -0.004 -18"><span class='ocrx_word' id='word_1_420' title='bbox 2224 1979 2437 2051; x_wconf 85' lang='lat' dir='ltr'><strong>imperii</strong></span> <span class='ocrx_word' id='word_1_421' title='bbox 2479 1978 2661 2034; x_wconf 87' lang='lat' dir='ltr'><strong>domui</strong></span> <span class='ocrx_word' id='word_1_422' title='bbox 2704 1975 2961 2032; x_wconf 89' lang='lat' dir='ltr'><strong>Ludovici</strong></span> <span class='ocrx_word' id='word_1_423' title='bbox 3011 1974 3344 2031; x_wconf 88' lang='lat' dir='ltr'><strong>serenissimi</strong></span> <span class='ocrx_word' id='word_1_424' title='bbox 3383 1974 3652 2047; x_wconf 81' lang='lat' dir='ltr'><strong>Augusti,</strong></span> <span class='ocrx_word' id='word_1_425' title='bbox 3694 1972 3835 2027; x_wconf 82' lang='lat' dir='ltr'><strong>indi-</strong></span> 
     </span>
    </p>
   </div>
   <div class='ocr_carea' id='block_1_64' title="bbox 2223 2060 3834 2141">
    <p class='ocr_par' dir='ltr' id='par_1_64' title="bbox 2223 2060 3834 2141">
     <span class='ocr_line' id='line_1_64' title="bbox 2223 2060 3834 2141; baseline -0.004 -15"><span class='ocrx_word' id='word_1_426' title='bbox 2223 2060 2401 2126; x_wconf 88' lang='lat' dir='ltr'><strong>ctione</strong></span> <span class='ocrx_word' id='word_1_427' title='bbox 2429 2069 2481 2126; x_wconf 91' lang='lat'><strong>8.</strong></span> <span class='ocrx_word' id='word_1_428' title='bbox 2530 2073 2723 2129; x_wconf 83' lang='lat' dir='ltr'><strong>Actum</strong></span> <span class='ocrx_word' id='word_1_429' title='bbox 2754 2068 3078 2141; x_wconf 83' lang='lat' dir='ltr'><strong>Aquisgrani</strong></span> <span class='ocrx_word' id='word_1_430' title='bbox 3103 2066 3304 2141; x_wconf 86' lang='lat' dir='ltr'><strong>palatio</strong></span> <span class='ocrx_word' id='word_1_431' title='bbox 3336 2068 3487 2141; x_wconf 86' lang='lat' dir='ltr'><strong>regio</strong></span> <span class='ocrx_word' id='word_1_432' title='bbox 3525 2067 3588 2122; x_wconf 88' lang='lat' dir='ltr'><strong>in</strong></span> <span class='ocrx_word' id='word_1_433' title='bbox 3625 2065 3834 2123; x_wconf 82' lang='lat' dir='ltr'><strong>Christi</strong></span> 
     </span>
    </p>
   </div>
   <div class='ocr_carea' id='block_1_65' title="bbox 2222 2148 3125 2235">
    <p class='ocr_par' dir='ltr' id='par_1_65' title="bbox 2222 2148 3125 2235">
     <span class='ocr_line' id='line_1_65' title="bbox 2222 2148 3125 2235; baseline -0.008 -14"><span class='ocrx_word' id='word_1_434' title='bbox 2222 2164 2441 2235; x_wconf 75' lang='lat' dir='ltr'><strong>nomine.</strong></span> <span class='ocrx_word' id='word_1_435' title='bbox 2464 2162 2713 2223; x_wconf 76' lang='lat' dir='ltr'><strong>feliciter.</strong></span> <span class='ocrx_word' id='word_1_436' title='bbox 2764 2163 2957 2218; x_wconf 88' lang='lat' dir='ltr'><strong>Amen.</strong></span> <span class='ocrx_word' id='word_1_437' title='bbox 3118 2148 3125 2153; x_wconf 71' lang='grc'><strong>’</strong></span> 
     </span>
    </p>
   </div>
   <div class='ocr_carea' id='block_1_66' title="bbox 2229 2238 3134 2310">
    <p class='ocr_par' dir='ltr' id='par_1_66' title="bbox 2229 2238 3134 2310">
     <span class='ocr_line' id='line_1_66' title="bbox 2229 2238 3134 2310; baseline -0.006 3"><span class='ocrx_word' id='word_1_438' title='bbox 2229 2238 2237 2248; x_wconf 86' lang='grc'><em>’</em></span> <span class='ocrx_word' id='word_1_439' title='bbox 2883 2251 3134 2310; x_wconf 78' lang='lat' dir='ltr'><strong>Cvan.</strong></span> 
     </span>
    </p>
   </div>
   <div class='ocr_carea' id='block_1_67' title="bbox 2624 2334 3424 2419">
    <p class='ocr_par' dir='ltr' id='par_1_67' title="bbox 2624 2334 3424 2419">
     <span class='ocr_line' id='line_1_67' title="bbox 2624 2334 3424 2419; baseline 0.001 -15"><span class='ocrx_word' id='word_1_440' title='bbox 2624 2364 2727 2405; x_wconf 76' lang='lat' dir='ltr'><strong>rso</strong></span> <span class='ocrx_word' id='word_1_441' title='bbox 2766 2364 3025 2407; x_wconf 73' lang='lat' dir='ltr'><strong>nsnvexsr</strong></span> <span class='ocrx_word' id='word_1_442' title='bbox 3065 2334 3424 2419; x_wconf 65' lang='lat' dir='ltr'><strong>uoxtsremo,</strong></span> 
     </span>
    </p>
   </div>
   <div class='ocr_carea' id='block_1_68' title="bbox 2842 2438 3198 2513">
    <p class='ocr_par' dir='ltr' id='par_1_68' title="bbox 2842 2438 3198 2513">
     <span class='ocr_line' id='line_1_68' title="bbox 2842 2438 3198 2513; baseline 0.003 -21"><span class='ocrx_word' id='word_1_443' title='bbox 2842 2440 3015 2513; x_wconf 85' lang='lat' dir='ltr'><strong>(Anno</strong></span> <span class='ocrx_word' id='word_1_444' title='bbox 3048 2438 3198 2513; x_wconf 73' lang='lat'><strong>8&#39;52.)</strong></span> 
     </span>
    </p>
   </div>
   <div class='ocr_carea' id='block_1_69' title="bbox 2223 2528 3825 2623">
    <p class='ocr_par' dir='ltr' id='par_1_69' title="bbox 2223 2528 3825 2623">
     <span class='ocr_line' id='line_1_69' title="bbox 2223 2528 3825 2623; baseline -0.003 -32"><span class='ocrx_word' id='word_1_445' title='bbox 2223 2535 2405 2623; x_wconf 76' lang='lat' dir='ltr'><strong>[Apud</strong></span> <span class='ocrx_word' id='word_1_446' title='bbox 2448 2534 2685 2623; x_wconf 56' lang='lat' dir='ltr'><strong>Maltith</strong></span> <span class='ocrx_word' id='word_1_447' title='bbox 2705 2530 3551 2623; x_wconf 34' lang='lat' dir='ltr'><strong>Annal._ord:§.£e:ted.‘.gtom.</strong></span> <span class='ocrx_word' id='word_1_448' title='bbox 3595 2528 3665 2599; x_wconf 82' lang='grc' dir='ltr'><strong>Π,</strong></span> <span class='ocrx_word' id='word_1_449' title='bbox 3698 2546 3825 2613; x_wconf 70' lang='lat' dir='ltr'><strong>pag.</strong></span> 
     </span>
    </p>
   </div>
   <div class='ocr_carea' id='block_1_70' title="bbox 2580 2602 3459 2675">
    <p class='ocr_par' dir='ltr' id='par_1_70' title="bbox 2580 2602 3459 2675">
     <span class='ocr_line' id='line_1_70' title="bbox 2580 2602 3459 2675; baseline -0.005 -15"><span class='ocrx_word' id='word_1_450' title='bbox 2580 2607 2706 2672; x_wconf 77' lang='grc'><strong>757,</strong></span> <span class='ocrx_word' id='word_1_451' title='bbox 2744 2621 2811 2660; x_wconf 82' lang='lat' dir='ltr'><strong>ex</strong></span> <span class='ocrx_word' id='word_1_452' title='bbox 2833 2604 3112 2660; x_wconf 86' lang='lat' dir='ltr'><strong>chartario</strong></span> <span class='ocrx_word' id='word_1_453' title='bbox 3139 2602 3459 2675; x_wconf 84' lang='lat' dir='ltr'><strong>Dervensi.]</strong></span> 
     </span>
    </p>
   </div>
   <div class='ocr_carea' id='block_1_71' title="bbox 2294 2694 3829 2756">
    <p class='ocr_par' dir='ltr' id='par_1_71' title="bbox 2294 2694 3829 2756">
     <span class='ocr_line' id='line_1_71' title="bbox 2294 2694 3829 2756; baseline -0.002 0"><span class='ocrx_word' id='word_1_454' title='bbox 2294 2701 2353 2756; x_wconf 73' lang='lat' dir='ltr'><strong>In</strong></span> <span class='ocrx_word' id='word_1_455' title='bbox 2387 2701 2606 2756; x_wconf 91' lang='lat' dir='ltr'><strong>nomine</strong></span> <span class='ocrx_word' id='word_1_456' title='bbox 2649 2697 2863 2754; x_wconf 91' lang='lat' dir='ltr'><strong>Domini</strong></span> <span class='ocrx_word' id='word_1_457' title='bbox 2896 2697 2992 2752; x_wconf 81' lang='lat' dir='ltr'><strong>Dei</strong></span> <span class='ocrx_word' id='word_1_458' title='bbox 3021 2705 3080 2753; x_wconf 92' lang='lat' dir='ltr'><strong>et</strong></span> <span class='ocrx_word' id='word_1_459' title='bbox 3126 2694 3425 2753; x_wconf 84' lang='lat' dir='ltr'><strong>Salvatoris</strong></span> <span class='ocrx_word' id='word_1_460' title='bbox 3473 2698 3659 2753; x_wconf 75' lang='lat' dir='ltr'><strong>nostri</strong></span> <span class='ocrx_word' id='word_1_461' title='bbox 3694 2695 3829 2754; x_wconf 66' lang='lat' dir='ltr'><strong>les!</strong></span> 
     </span>
    </p>
   </div>
   <div class='ocr_carea' id='block_1_72' title="bbox 2226 2789 3829 2861">
    <p class='ocr_par' dir='ltr' id='par_1_72' title="bbox 2226 2789 3829 2861">
     <span class='ocr_line' id='line_1_72' title="bbox 2226 2789 3829 2861; baseline -0.005 -8"><span class='ocrx_word' id='word_1_462' title='bbox 2226 2795 2453 2859; x_wconf 87' lang='lat' dir='ltr'><strong>Christi,</strong></span> <span class='ocrx_word' id='word_1_463' title='bbox 2469 2792 2795 2859; x_wconf 84' lang='lat' dir='ltr'><strong>Ludovicus,</strong></span> <span class='ocrx_word' id='word_1_464' title='bbox 2819 2790 3004 2847; x_wconf 85' lang='lat' dir='ltr'><strong>divina</strong></span> <span class='ocrx_word' id='word_1_465' title='bbox 3023 2789 3335 2851; x_wconf 86' lang='lat' dir='ltr'><strong>ordinante,</strong></span> <span class='ocrx_word' id='word_1_466' title='bbox 3351 2789 3703 2861; x_wconf 80' lang='lat' dir='ltr'><strong>providentia</strong></span> <span class='ocrx_word' id='word_1_467' title='bbox 3724 2791 3829 2845; x_wconf 74' lang='lat' dir='ltr'><strong>im-</strong></span> 
     </span>
    </p>
   </div>
   <div class='ocr_carea' id='block_1_73' title="bbox 2222 2886 2759 2960">
    <p class='ocr_par' dir='ltr' id='par_1_73' title="bbox 2222 2886 2759 2960">
     <span class='ocr_line' id='line_1_73' title="bbox 2222 2886 2759 2960; baseline -0.009 -16"><span class='ocrx_word' id='word_1_468' title='bbox 2222 2895 2445 2960; x_wconf 89' lang='lat' dir='ltr'><strong>perator</strong></span> <span class='ocrx_word' id='word_1_469' title='bbox 2466 2886 2759 2957; x_wconf 81' lang='lat' dir='ltr'><strong>Augustus.</strong></span> 
     </span>
    </p>
   </div>
   <div class='ocr_carea' id='block_1_74' title="bbox 2299 2973 3827 3049">
    <p class='ocr_par' dir='ltr' id='par_1_74' title="bbox 2299 2973 3827 3049">
     <span class='ocr_line' id='line_1_74' title="bbox 2299 2973 3827 3049; baseline -0.002 -15"><span class='ocrx_word' id='word_1_470' title='bbox 2299 2978 2358 3035; x_wconf 88' lang='lat' dir='ltr'><strong>Si</strong></span> <span class='ocrx_word' id='word_1_471' title='bbox 2388 2980 2565 3035; x_wconf 92' lang='lat' dir='ltr'><strong>locum</strong></span> <span class='ocrx_word' id='word_1_472' title='bbox 2593 2993 2702 3049; x_wconf 91' lang='lat' dir='ltr'><strong>quo</strong></span> <span class='ocrx_word' id='word_1_473' title='bbox 2730 2975 2861 3033; x_wconf 91' lang='lat' dir='ltr'><strong>olim</strong></span> <span class='ocrx_word' id='word_1_474' title='bbox 2904 2974 3243 3032; x_wconf 86' lang='lat' dir='ltr'><strong>monasticus</strong></span> <span class='ocrx_word' id='word_1_475' title='bbox 3270 2973 3406 3031; x_wconf 83' lang='lat' dir='ltr'><strong>ordo</strong></span> <span class='ocrx_word' id='word_1_476' title='bbox 3428 2973 3699 3046; x_wconf 72' lang='lat' dir='ltr'><strong>viguerot</strong></span> <span class='ocrx_word' id='word_1_477' title='bbox 3717 3018 3735 3039; x_wconf 93' lang='lat'><strong>,</strong></span> <span class='ocrx_word' id='word_1_478' title='bbox 3772 2976 3827 3031; x_wconf 60' lang='grc' dir='ltr'>ἢ</span> 
     </span>
    </p>
   </div>
   <div class='ocr_carea' id='block_1_75' title="bbox 2225 3072 3826 3140">
    <p class='ocr_par' dir='ltr' id='par_1_75' title="bbox 2225 3072 3826 3140">
     <span class='ocr_line' id='line_1_75' title="bbox 2225 3072 3826 3140; baseline -0.002 -9"><span class='ocrx_word' id='word_1_479' title='bbox 2225 3074 2469 3131; x_wconf 62' lang='lat' dir='ltr'><strong>aediliciis</strong></span> <span class='ocrx_word' id='word_1_480' title='bbox 2524 3072 2796 3140; x_wconf 88' lang='lat' dir='ltr'><strong>relevari,</strong></span> <span class='ocrx_word' id='word_1_481' title='bbox 2841 3080 2897 3129; x_wconf 89' lang='lat' dir='ltr'><strong>et</strong></span> <span class='ocrx_word' id='word_1_482' title='bbox 2936 3073 3183 3128; x_wconf 85' lang='lat' dir='ltr'><strong>eamdem</strong></span> <span class='ocrx_word' id='word_1_483' title='bbox 3233 3072 3404 3127; x_wconf 84' lang='lat' dir='ltr'><strong>vitam</strong></span> <span class='ocrx_word' id='word_1_484' title='bbox 3458 3073 3826 3128; x_wconf 64' lang='lat' dir='ltr'><strong>monasticam</strong></span> 
     </span>
    </p>
   </div>
   <div class='ocr_carea' id='block_1_76' title="bbox 2144 3162 3829 3246">
    <p class='ocr_par' dir='ltr' id='par_1_76' title="bbox 2144 3162 3829 3246">
     <span class='ocr_line' id='line_1_76' title="bbox 2144 3162 3829 3246; baseline -0.001 -26"><span class='ocrx_word' id='word_1_485' title='bbox 2144 3179 2193 3246; x_wconf 72' lang='grc' dir='ltr'><strong>ρ</strong></span> <span class='ocrx_word' id='word_1_486' title='bbox 2225 3164 2513 3221; x_wconf 81' lang='lat' dir='ltr'><strong>reformari</strong></span> <span class='ocrx_word' id='word_1_487' title='bbox 2558 3165 2825 3232; x_wconf 82' lang='lat' dir='ltr'><strong>facimus,</strong></span> <span class='ocrx_word' id='word_1_488' title='bbox 2884 3162 3311 3220; x_wconf 87' lang='lat' dir='ltr'><strong>etliberalitatis</strong></span> <span class='ocrx_word' id='word_1_489' title='bbox 3343 3172 3547 3220; x_wconf 75' lang='lat' dir='ltr'><strong>nostra:</strong></span> <span class='ocrx_word' id='word_1_490' title='bbox 3595 3178 3829 3220; x_wconf 67' lang='lat' dir='ltr'><strong>munem</strong></span> 
     </span>
    </p>
   </div>
   <div class='ocr_carea' id='block_1_77' title="bbox 2229 3255 3829 3321">
    <p class='ocr_par' dir='ltr' id='par_1_77' title="bbox 2229 3255 3829 3321">
     <span class='ocr_line' id='line_1_77' title="bbox 2229 3255 3829 3321; baseline -0.001 -7"><span class='ocrx_word' id='word_1_491' title='bbox 2229 3258 2297 3314; x_wconf 86' lang='lat' dir='ltr'><strong>de</strong></span> <span class='ocrx_word' id='word_1_492' title='bbox 2323 3257 2609 3314; x_wconf 82' lang='lat' dir='ltr'><strong>beneﬁciis</strong></span> <span class='ocrx_word' id='word_1_493' title='bbox 2629 3274 2661 3313; x_wconf 89' lang='lat' dir='ltr'><strong>a</strong></span> <span class='ocrx_word' id='word_1_494' title='bbox 2690 3258 2803 3313; x_wconf 91' lang='lat' dir='ltr'><strong>Deo</strong></span> <span class='ocrx_word' id='word_1_495' title='bbox 2848 3257 3006 3314; x_wconf 88' lang='lat' dir='ltr'><strong>nobis</strong></span> <span class='ocrx_word' id='word_1_496' title='bbox 3049 3255 3262 3313; x_wconf 89' lang='lat' dir='ltr'><strong>collatis</strong></span> <span class='ocrx_word' id='word_1_497' title='bbox 3286 3256 3464 3313; x_wconf 83' lang='lat' dir='ltr'><strong>eidem</strong></span> <span class='ocrx_word' id='word_1_498' title='bbox 3490 3256 3634 3321; x_wconf 88' lang='lat' dir='ltr'><strong>loco,</strong></span> <span class='ocrx_word' id='word_1_499' title='bbox 3684 3257 3829 3312; x_wconf 75' lang='lat' dir='ltr'><strong>unde</strong></span> 
     </span>
    </p>
   </div>
   <div class='ocr_carea' id='block_1_78' title="bbox 2226 3351 3827 3409">
    <p class='ocr_par' dir='ltr' id='par_1_78' title="bbox 2226 3351 3827 3409">
     <span class='ocr_line' id='line_1_78' title="bbox 2226 3351 3827 3409; baseline -0.001 -1"><span class='ocrx_word' id='word_1_500' title='bbox 2226 3353 2371 3409; x_wconf 87' lang='lat' dir='ltr'><strong>servi</strong></span> <span class='ocrx_word' id='word_1_501' title='bbox 2398 3352 2494 3408; x_wconf 86' lang='lat' dir='ltr'><strong>Dei</strong></span> <span class='ocrx_word' id='word_1_502' title='bbox 2534 3352 2669 3409; x_wconf 89' lang='lat' dir='ltr'><strong>inibi</strong></span> <span class='ocrx_word' id='word_1_503' title='bbox 2696 3351 3137 3408; x_wconf 82' lang='lat' dir='ltr'><strong>consistentesiu</strong></span> <span class='ocrx_word' id='word_1_504' title='bbox 3160 3352 3304 3408; x_wconf 91' lang='lat' dir='ltr'><strong>hanc</strong></span> <span class='ocrx_word' id='word_1_505' title='bbox 3329 3352 3626 3408; x_wconf 79' lang='lat' dir='ltr'><strong>mortalem</strong></span> <span class='ocrx_word' id='word_1_506' title='bbox 3655 3353 3827 3407; x_wconf 73' lang='lat' dir='ltr'><strong>vitam</strong></span> 
     </span>
    </p>
   </div>
   <div class='ocr_carea' id='block_1_79' title="bbox 2225 3442 3828 3516">
    <p class='ocr_par' dir='ltr' id='par_1_79' title="bbox 2225 3442 3828 3516">
     <span class='ocr_line' id='line_1_79' title="bbox 2225 3442 3828 3516; baseline -0.002 -14"><span class='ocrx_word' id='word_1_507' title='bbox 2225 3444 2441 3516; x_wconf 84' lang='lat' dir='ltr'><strong>aliquod</strong></span> <span class='ocrx_word' id='word_1_508' title='bbox 2473 3445 2774 3502; x_wconf 89' lang='lat' dir='ltr'><strong>subsidium</strong></span> <span class='ocrx_word' id='word_1_509' title='bbox 2816 3442 3015 3501; x_wconf 82' lang='lat' dir='ltr'><strong>habere</strong></span> <span class='ocrx_word' id='word_1_510' title='bbox 3050 3445 3298 3512; x_wconf 88' lang='lat' dir='ltr'><strong>valeant,</strong></span> <span class='ocrx_word' id='word_1_511' title='bbox 3343 3445 3552 3516; x_wconf 84' lang='lat' dir='ltr'><strong>aliquid</strong></span> <span class='ocrx_word' id='word_1_512' title='bbox 3579 3443 3828 3501; x_wconf 72' lang='lat' dir='ltr'><strong>conferi-</strong></span> 
     </span>
    </p>
   </div>
   <div class='ocr_carea' id='block_1_80' title="bbox 2225 3536 3827 3605">
    <p class='ocr_par' dir='ltr' id='par_1_80' title="bbox 2225 3536 3827 3605">
     <span class='ocr_line' id='line_1_80' title="bbox 2225 3536 3827 3605; baseline -0.001 -10"><span class='ocrx_word' id='word_1_513' title='bbox 2225 3544 2348 3595; x_wconf 85' lang='lat' dir='ltr'><strong>mus</strong></span> <span class='ocrx_word' id='word_1_514' title='bbox 2364 3581 2380 3605; x_wconf 93' lang='lat'><strong>,</strong></span> <span class='ocrx_word' id='word_1_515' title='bbox 2404 3539 2460 3595; x_wconf 91' lang='lat' dir='ltr'><strong>id</strong></span> <span class='ocrx_word' id='word_1_516' title='bbox 2481 3536 2638 3594; x_wconf 90' lang='lat' dir='ltr'><strong>nobis</strong></span> <span class='ocrx_word' id='word_1_517' title='bbox 2655 3547 2708 3594; x_wconf 91' lang='lat' dir='ltr'><strong>et</strong></span> <span class='ocrx_word' id='word_1_518' title='bbox 2727 3539 2793 3593; x_wconf 91' lang='lat' dir='ltr'><strong>ad</strong></span> <span class='ocrx_word' id='word_1_519' title='bbox 2820 3540 2960 3594; x_wconf 84' lang='lat' dir='ltr'><strong>hanc</strong></span> <span class='ocrx_word' id='word_1_520' title='bbox 2984 3539 3355 3594; x_wconf 88' lang='lat' dir='ltr'><strong>transitoriam</strong></span> <span class='ocrx_word' id='word_1_521' title='bbox 3379 3537 3553 3592; x_wconf 88' lang='lat' dir='ltr'><strong>vitam</strong></span> <span class='ocrx_word' id='word_1_522' title='bbox 3587 3537 3827 3594; x_wconf 78' lang='lat' dir='ltr'><strong>feliciter</strong></span> 
     </span>
    </p>
   </div>
   <div class='ocr_carea' id='block_1_81' title="bbox 2224 3629 3823 3702">
    <p class='ocr_par' dir='ltr' id='par_1_81' title="bbox 2224 3629 3823 3702">
     <span class='ocr_line' id='line_1_81' title="bbox 2224 3629 3823 3702; baseline -0.001 -17"><span class='ocrx_word' id='word_1_523' title='bbox 2224 3631 2588 3702; x_wconf 80' lang='lat' dir='ltr'><strong>peragendam</strong></span> <span class='ocrx_word' id='word_1_524' title='bbox 2608 3672 2624 3698; x_wconf 97' lang='lat'><strong>,</strong></span> <span class='ocrx_word' id='word_1_525' title='bbox 2654 3638 2708 3686; x_wconf 88' lang='lat' dir='ltr'><strong>et</strong></span> <span class='ocrx_word' id='word_1_526' title='bbox 2742 3632 2809 3686; x_wconf 90' lang='lat' dir='ltr'><strong>ad</strong></span> <span class='ocrx_word' id='word_1_527' title='bbox 2860 3639 3117 3685; x_wconf 69' lang='lat' dir='ltr'><strong>aeternam</strong></span> <span class='ocrx_word' id='word_1_528' title='bbox 3148 3629 3545 3701; x_wconf 84' lang='lat' dir='ltr'><strong>perpetualiter</strong></span> <span class='ocrx_word' id='word_1_529' title='bbox 3569 3629 3823 3684; x_wconf 79' lang='lat' dir='ltr'><strong>obtinen-</strong></span> 
     </span>
    </p>
   </div>
   <div class='ocr_carea' id='block_1_82' title="bbox 2226 3721 3823 3795">
    <p class='ocr_par' dir='ltr' id='par_1_82' title="bbox 2226 3721 3823 3795">
     <span class='ocr_line' id='line_1_82' title="bbox 2226 3721 3823 3795; baseline -0.002 -16"><span class='ocrx_word' id='word_1_530' title='bbox 2226 3723 2349 3779; x_wconf 89' lang='lat' dir='ltr'><strong>dam</strong></span> <span class='ocrx_word' id='word_1_531' title='bbox 2376 3723 2715 3795; x_wconf 81' lang='lat' dir='ltr'><strong>profuturum</strong></span> <span class='ocrx_word' id='word_1_532' title='bbox 2739 3722 2942 3792; x_wconf 77' lang='lat' dir='ltr'><strong>liquido</strong></span> <span class='ocrx_word' id='word_1_533' title='bbox 2968 3722 3262 3778; x_wconf 88' lang='lat' dir='ltr'><strong>credimus.</strong></span> <span class='ocrx_word' id='word_1_534' title='bbox 3304 3721 3513 3778; x_wconf 88' lang='lat' dir='ltr'><strong>Idcirco</strong></span> <span class='ocrx_word' id='word_1_535' title='bbox 3537 3736 3710 3778; x_wconf 81' lang='lat' dir='ltr'><strong>nosse</strong></span> <span class='ocrx_word' id='word_1_536' title='bbox 3734 3735 3823 3776; x_wconf 76' lang='lat' dir='ltr'><strong>vo-</strong></span> 
     </span>
    </p>
   </div>
   <div class='ocr_carea' id='block_1_83' title="bbox 2224 3813 3823 3885">
    <p class='ocr_par' dir='ltr' id='par_1_83' title="bbox 2224 3813 3823 3885">
     <span class='ocr_line' id='line_1_83' title="bbox 2224 3813 3823 3885; baseline -0.002 -14"><span class='ocrx_word' id='word_1_537' title='bbox 2224 3817 2404 3872; x_wconf 91' lang='lat' dir='ltr'><strong>lumus</strong></span> <span class='ocrx_word' id='word_1_538' title='bbox 2428 3816 2671 3871; x_wconf 89' lang='lat' dir='ltr'><strong>omnium</strong></span> <span class='ocrx_word' id='word_1_539' title='bbox 2693 3813 2931 3871; x_wconf 78' lang='lat' dir='ltr'><strong>ﬁdelium</strong></span> <span class='ocrx_word' id='word_1_540' title='bbox 2959 3823 3292 3883; x_wconf 89' lang='lat' dir='ltr'><strong>nostrorum,</strong></span> <span class='ocrx_word' id='word_1_541' title='bbox 3324 3821 3437 3869; x_wconf 84' lang='lat' dir='ltr'><strong>tam</strong></span> <span class='ocrx_word' id='word_1_542' title='bbox 3460 3814 3823 3885; x_wconf 64' lang='lat' dir='ltr'><strong>presentium</strong></span> 
     </span>
    </p>
   </div>
   <div class='ocr_carea' id='block_1_84' title="bbox 2226 3903 3822 3980">
    <p class='ocr_par' dir='ltr' id='par_1_84' title="bbox 2226 3903 3822 3980">
     <span class='ocr_line' id='line_1_84' title="bbox 2226 3903 3822 3980; baseline -0.001 -18"><span class='ocrx_word' id='word_1_543' title='bbox 2226 3924 2387 3980; x_wconf 87' lang='lat' dir='ltr'><strong>quam</strong></span> <span class='ocrx_word' id='word_1_544' title='bbox 2414 3916 2469 3963; x_wconf 91' lang='lat' dir='ltr'><strong>et</strong></span> <span class='ocrx_word' id='word_1_545' title='bbox 2490 3906 2817 3971; x_wconf 79' lang='lat' dir='ltr'><strong>futurorum,</strong></span> <span class='ocrx_word' id='word_1_546' title='bbox 2848 3905 3157 3971; x_wconf 63' lang='lat' dir='ltr'><strong>industriae,</strong></span> <span class='ocrx_word' id='word_1_547' title='bbox 3183 3904 3419 3976; x_wconf 82' lang='lat' dir='ltr'><strong>qualiter</strong></span> <span class='ocrx_word' id='word_1_548' title='bbox 3438 3903 3639 3961; x_wconf 75' lang='lat' dir='ltr'><strong>ﬂando</strong></span> <span class='ocrx_word' id='word_1_549' title='bbox 3665 3921 3822 3961; x_wconf 40' lang='lat' dir='ltr'><strong>renes</strong></span> 
     </span>
    </p>
   </div>
   <div class='ocr_carea' id='block_1_85' title="bbox 2226 3995 3818 4069">
    <p class='ocr_par' dir='ltr' id='par_1_85' title="bbox 2226 3995 3818 4069">
     <span class='ocr_line' id='line_1_85' title="bbox 2226 3995 3818 4069; baseline -0.002 -15"><span class='ocrx_word' id='word_1_550' title='bbox 2226 3999 2412 4055; x_wconf 87' lang='lat' dir='ltr'><strong>rabilis</strong></span> <span class='ocrx_word' id='word_1_551' title='bbox 2438 4001 2606 4055; x_wconf 84' lang='lat' dir='ltr'><strong>abbas</strong></span> <span class='ocrx_word' id='word_1_552' title='bbox 2645 3998 2961 4054; x_wconf 88' lang='lat' dir='ltr'><strong>monasterii</strong></span> <span class='ocrx_word' id='word_1_553' title='bbox 2993 3997 3146 4069; x_wconf 82' lang='lat' dir='ltr'><strong>cuius</strong></span> <span class='ocrx_word' id='word_1_554' title='bbox 3171 3996 3498 4053; x_wconf 88' lang='lat' dir='ltr'><strong>vocabulum</strong></span> <span class='ocrx_word' id='word_1_555' title='bbox 3544 4005 3633 4052; x_wconf 85' lang='lat' dir='ltr'><strong>est</strong></span> <span class='ocrx_word' id='word_1_556' title='bbox 3660 3995 3818 4062; x_wconf 81' lang='lat' dir='ltr'><strong>Ders,</strong></span> 
     </span>
    </p>
   </div>
   <div class='ocr_carea' id='block_1_86' title="bbox 2225 4078 3820 4163">
    <p class='ocr_par' dir='ltr' id='par_1_86' title="bbox 2225 4078 3820 4163">
     <span class='ocr_line' id='line_1_86' title="bbox 2225 4078 3820 4163; baseline 0 -18"><span class='ocrx_word' id='word_1_557' title='bbox 2225 4093 2369 4163; x_wconf 83' lang='lat' dir='ltr'><strong>quod</strong></span> <span class='ocrx_word' id='word_1_558' title='bbox 2397 4100 2614 4147; x_wconf 87' lang='lat' dir='ltr'><strong>constat</strong></span> <span class='ocrx_word' id='word_1_559' title='bbox 2640 4078 3156 4147; x_wconf 85' lang='lat' dir='ltr'><strong>esseconstructum</strong></span> <span class='ocrx_word' id='word_1_560' title='bbox 3184 4091 3239 4146; x_wconf 90' lang='lat' dir='ltr'><strong>in</strong></span> <span class='ocrx_word' id='word_1_561' title='bbox 3265 4104 3406 4162; x_wconf 83' lang='lat' dir='ltr'><strong>pago</strong></span> <span class='ocrx_word' id='word_1_562' title='bbox 3439 4087 3710 4145; x_wconf 80' lang='lat' dir='ltr'><strong>Pertense</strong></span> <span class='ocrx_word' id='word_1_563' title='bbox 3733 4105 3820 4145; x_wconf 86' lang='lat' dir='ltr'><strong>su-</strong></span> 
     </span>
    </p>
   </div>
   <div class='ocr_carea' id='block_1_87' title="bbox 2223 4180 3816 4257">
    <p class='ocr_par' dir='ltr' id='par_1_87' title="bbox 2223 4180 3816 4257">
     <span class='ocr_line' id='line_1_87' title="bbox 2223 4180 3816 4257; baseline -0.002 -19"><span class='ocrx_word' id='word_1_564' title='bbox 2223 4200 2324 4256; x_wconf 89' lang='lat' dir='ltr'><strong>per</strong></span> <span class='ocrx_word' id='word_1_565' title='bbox 2364 4183 2587 4239; x_wconf 82' lang='lat' dir='ltr'><strong>tluvium</strong></span> <span class='ocrx_word' id='word_1_566' title='bbox 2623 4184 2778 4241; x_wconf 78' lang='lat' dir='ltr'><strong>Viera</strong></span> <span class='ocrx_word' id='word_1_567' title='bbox 2804 4225 2821 4257; x_wconf 73' lang='lat'><strong>,</strong></span> <span class='ocrx_word' id='word_1_568' title='bbox 2850 4183 2995 4255; x_wconf 89' lang='lat' dir='ltr'><strong>quod</strong></span> <span class='ocrx_word' id='word_1_569' title='bbox 3029 4183 3156 4238; x_wconf 82' lang='lat' dir='ltr'><strong>olim</strong></span> <span class='ocrx_word' id='word_1_570' title='bbox 3198 4182 3498 4238; x_wconf 86' lang='lat' dir='ltr'><strong>vocabatur</strong></span> <span class='ocrx_word' id='word_1_571' title='bbox 3538 4180 3816 4245; x_wconf 78' lang='lat' dir='ltr'><strong>Puteolos,</strong></span> 
     </span>
    </p>
   </div>
   <div class='ocr_carea' id='block_1_88' title="bbox 2223 4273 3819 4346">
    <p class='ocr_par' dir='ltr' id='par_1_88' title="bbox 2223 4273 3819 4346">
     <span class='ocr_line' id='line_1_88' title="bbox 2223 4273 3819 4346; baseline -0.001 -15"><span class='ocrx_word' id='word_1_572' title='bbox 2223 4284 2278 4331; x_wconf 92' lang='lat' dir='ltr'><strong>et</strong></span> <span class='ocrx_word' id='word_1_573' title='bbox 2298 4277 2538 4332; x_wconf 89' lang='lat' dir='ltr'><strong>dicatum</strong></span> <span class='ocrx_word' id='word_1_574' title='bbox 2566 4277 2620 4331; x_wconf 87' lang='lat' dir='ltr'><strong>in</strong></span> <span class='ocrx_word' id='word_1_575' title='bbox 2649 4277 2856 4332; x_wconf 87' lang='lat' dir='ltr'><strong>honore</strong></span> <span class='ocrx_word' id='word_1_576' title='bbox 2876 4276 3051 4332; x_wconf 87' lang='lat' dir='ltr'><strong>sancti</strong></span> <span class='ocrx_word' id='word_1_577' title='bbox 3078 4274 3225 4331; x_wconf 81' lang='lat' dir='ltr'><strong>Petri</strong></span> <span class='ocrx_word' id='word_1_578' title='bbox 3250 4273 3518 4346; x_wconf 90' lang='lat' dir='ltr'><strong>principis</strong></span> <span class='ocrx_word' id='word_1_579' title='bbox 3546 4273 3819 4344; x_wconf 47' lang='lat' dir='ltr'><strong>apostolo.</strong></span> 
     </span>
    </p>
   </div>
   <div class='ocr_carea' id='block_1_89' title="bbox 2223 4367 3820 4438">
    <p class='ocr_par' dir='ltr' id='par_1_89' title="bbox 2223 4367 3820 4438">
     <span class='ocr_line' id='line_1_89' title="bbox 2223 4367 3820 4438; baseline -0.003 -14"><span class='ocrx_word' id='word_1_580' title='bbox 2223 4384 2345 4424; x_wconf 88' lang='lat' dir='ltr'><strong>rum</strong></span> <span class='ocrx_word' id='word_1_581' title='bbox 2374 4410 2390 4435; x_wconf 92' lang='lat'><strong>,</strong></span> <span class='ocrx_word' id='word_1_582' title='bbox 2431 4384 2497 4424; x_wconf 91' lang='lat' dir='ltr'><strong>ac</strong></span> <span class='ocrx_word' id='word_1_583' title='bbox 2526 4368 2702 4425; x_wconf 90' lang='lat' dir='ltr'><strong>sancti</strong></span> <span class='ocrx_word' id='word_1_584' title='bbox 2749 4369 3049 4434; x_wconf 87' lang='lat' dir='ltr'><strong>Bercharii,</strong></span> <span class='ocrx_word' id='word_1_585' title='bbox 3082 4367 3236 4438; x_wconf 82' lang='lat' dir='ltr'><strong>cujus</strong></span> <span class='ocrx_word' id='word_1_586' title='bbox 3263 4382 3464 4437; x_wconf 89' lang='lat' dir='ltr'><strong>corpus</strong></span> <span class='ocrx_word' id='word_1_587' title='bbox 3496 4367 3707 4422; x_wconf 87' lang='lat' dir='ltr'><strong>ibidem</strong></span> <span class='ocrx_word' id='word_1_588' title='bbox 3737 4381 3820 4420; x_wconf 85' lang='lat' dir='ltr'><strong>re-</strong></span> 
     </span>
    </p>
   </div>
   <div class='ocr_carea' id='block_1_90' title="bbox 2224 4458 3821 4533">
    <p class='ocr_par' dir='ltr' id='par_1_90' title="bbox 2224 4458 3821 4533">
     <span class='ocr_line' id='line_1_90' title="bbox 2224 4458 3821 4533; baseline -0.002 -18"><span class='ocrx_word' id='word_1_589' title='bbox 2224 4462 2488 4531; x_wconf 89' lang='lat' dir='ltr'><strong>quiescit;</strong></span> <span class='ocrx_word' id='word_1_590' title='bbox 2540 4463 2743 4533; x_wconf 85' lang='lat' dir='ltr'><strong>quique</strong></span> <span class='ocrx_word' id='word_1_591' title='bbox 2789 4460 2933 4517; x_wconf 90' lang='lat' dir='ltr'><strong>idem</strong></span> <span class='ocrx_word' id='word_1_592' title='bbox 2969 4460 3145 4530; x_wconf 87' lang='lat' dir='ltr'><strong>ipsum</strong></span> <span class='ocrx_word' id='word_1_593' title='bbox 3184 4458 3580 4515; x_wconf 85' lang='lat' dir='ltr'><strong>monasterium</strong></span> <span class='ocrx_word' id='word_1_594' title='bbox 3614 4473 3649 4512; x_wconf 84' lang='lat' dir='ltr'><strong>a</strong></span> <span class='ocrx_word' id='word_1_595' title='bbox 3680 4474 3821 4513; x_wconf 78' lang='lat' dir='ltr'><strong>novo</strong></span> 
     </span>
    </p>
   </div>
   <div class='ocr_carea' id='block_1_91' title="bbox 531 4549 3821 4631">
    <p class='ocr_par' dir='ltr' id='par_1_91' title="bbox 531 4549 3821 4631">
     <span class='ocr_line' id='line_1_91' title="bbox 531 4549 3821 4631; baseline 0 -26"><span class='ocrx_word' id='word_1_596' title='bbox 531 4559 752 4606; x_wconf 87' lang='lat' dir='ltr'><strong>auctore</strong></span> <span class='ocrx_word' id='word_1_597' title='bbox 794 4551 905 4607; x_wconf 90' lang='lat' dir='ltr'><strong>Deo</strong></span> <span class='ocrx_word' id='word_1_598' title='bbox 940 4552 1247 4610; x_wconf 88' lang='lat' dir='ltr'><strong>Bernardus</strong></span> <span class='ocrx_word' id='word_1_599' title='bbox 1288 4558 1723 4631; x_wconf 74' lang='lat' dir='ltr'><strong>archiepiscopus</strong></span> <span class='ocrx_word' id='word_1_600' title='bbox 1762 4559 1959 4630; x_wconf 66' lang='lat' dir='ltr'><strong>praesul</strong></span> <span class='ocrx_word' id='word_1_601' title='bbox 1996 4575 2116 4616; x_wconf 90' lang='lat' dir='ltr'><strong>esse</strong></span> <span class='ocrx_word' id='word_1_602' title='bbox 2139 4567 2198 4631; x_wconf 73' lang='grc' dir='ltr'><strong>Β</strong></span> <span class='ocrx_word' id='word_1_603' title='bbox 2222 4570 2386 4626; x_wconf 90' lang='lat' dir='ltr'><strong>opere</strong></span> <span class='ocrx_word' id='word_1_604' title='bbox 2425 4552 2836 4620; x_wconf 80' lang='lat' dir='ltr'><strong>construxerat,</strong></span> <span class='ocrx_word' id='word_1_605' title='bbox 2867 4560 2925 4608; x_wconf 91' lang='lat' dir='ltr'><strong>et</strong></span> <span class='ocrx_word' id='word_1_606' title='bbox 2957 4552 3253 4607; x_wconf 82' lang='lat' dir='ltr'><strong>monachos</strong></span> <span class='ocrx_word' id='word_1_607' title='bbox 3283 4550 3384 4607; x_wconf 88' lang='lat' dir='ltr'><strong>sub</strong></span> <span class='ocrx_word' id='word_1_608' title='bbox 3416 4551 3605 4621; x_wconf 79' lang='lat' dir='ltr'><strong>regula</strong></span> <span class='ocrx_word' id='word_1_609' title='bbox 3642 4549 3821 4606; x_wconf 72' lang='lat' dir='ltr'><strong>sancti</strong></span> 
     </span>
    </p>
   </div>
   <div class='ocr_carea' id='block_1_92' title="bbox 529 4640 2117 4725">
    <p class='ocr_par' dir='ltr' id='par_1_92' title="bbox 529 4640 2117 4725">
     <span class='ocr_line' id='line_1_92' title="bbox 529 4640 2117 4725; baseline 0.009 -28"><span class='ocrx_word' id='word_1_610' title='bbox 529 4640 880 4713; x_wconf 83' lang='lat' dir='ltr'><strong>dignoscitur,</strong></span> <span class='ocrx_word' id='word_1_611' title='bbox 910 4645 1254 4704; x_wconf 78' lang='lat' dir='ltr'><strong>beneficiaria</strong></span> <span class='ocrx_word' id='word_1_612' title='bbox 1284 4666 1505 4707; x_wconf 87' lang='lat' dir='ltr'><strong>munere</strong></span> <span class='ocrx_word' id='word_1_613' title='bbox 1527 4665 1593 4706; x_wconf 73' lang='lat' dir='ltr'><strong>ex</strong></span> <span class='ocrx_word' id='word_1_614' title='bbox 1619 4663 1805 4708; x_wconf 87' lang='lat' dir='ltr'><strong>nostra</strong></span> <span class='ocrx_word' id='word_1_615' title='bbox 1829 4653 2117 4725; x_wconf 85' lang='lat' dir='ltr'><strong>largitione</strong></span> 
     </span>
    </p>
   </div>
   <div class='ocr_carea' id='block_1_93' title="bbox 527 4733 2114 4817">
    <p class='ocr_par' dir='ltr' id='par_1_93' title="bbox 527 4733 2114 4817">
     <span class='ocr_line' id='line_1_93' title="bbox 527 4733 2114 4817; baseline 0.009 -29"><span class='ocrx_word' id='word_1_616' title='bbox 527 4733 781 4805; x_wconf 80' lang='lat' dir='ltr'><strong>habebat,</strong></span> <span class='ocrx_word' id='word_1_617' title='bbox 804 4737 892 4791; x_wconf 84' lang='lat' dir='ltr'><strong>tibi</strong></span> <span class='ocrx_word' id='word_1_618' title='bbox 921 4746 1077 4793; x_wconf 88' lang='lat' dir='ltr'><strong>erant</strong></span> <span class='ocrx_word' id='word_1_619' title='bbox 1097 4741 1339 4799; x_wconf 70' lang='lat' dir='ltr'><strong>ecclesia:</strong></span> <span class='ocrx_word' id='word_1_620' title='bbox 1362 4744 1647 4800; x_wconf 71' lang='lat' dir='ltr'><strong>destructa:</strong></span> <span class='ocrx_word' id='word_1_621' title='bbox 1665 4753 1719 4799; x_wconf 89' lang='lat' dir='ltr'><strong>et</strong></span> <span class='ocrx_word' id='word_1_622' title='bbox 1739 4745 2114 4817; x_wconf 72' lang='lat' dir='ltr'><strong>discooperue,</strong></span> 
     </span>
    </p>
   </div>
   <div class='ocr_carea' id='block_1_94' title="bbox 527 4816 2117 4907">
    <p class='ocr_par' dir='ltr' id='par_1_94' title="bbox 527 4816 2117 4907">
     <span class='ocr_line' id='line_1_94' title="bbox 527 4816 2117 4907; baseline 0.009 -29"><span class='ocrx_word' id='word_1_623' title='bbox 527 4840 754 4895; x_wconf 89' lang='lat' dir='ltr'><strong>quarum</strong></span> <span class='ocrx_word' id='word_1_624' title='bbox 810 4836 935 4883; x_wconf 89' lang='lat' dir='ltr'><strong>sunt</strong></span> <span class='ocrx_word' id='word_1_625' title='bbox 976 4831 1234 4889; x_wconf 85' lang='lat' dir='ltr'><strong>vocabula</strong></span> <span class='ocrx_word' id='word_1_626' title='bbox 1288 4835 1462 4889; x_wconf 87' lang='lat' dir='ltr'><strong>sancti</strong></span> <span class='ocrx_word' id='word_1_627' title='bbox 1506 4834 1737 4891; x_wconf 63' lang='lat' dir='ltr'><strong>Andreae</strong></span> <span class='ocrx_word' id='word_1_628' title='bbox 1785 4816 2014 4907; x_wconf 83' lang='lat' dir='ltr'><strong>apostoli</strong></span> <span class='ocrx_word' id='word_1_629' title='bbox 2061 4816 2117 4893; x_wconf 81' lang='lat' dir='ltr'><strong>et</strong></span> 
     </span>
    </p>
   </div>
   <div class='ocr_carea' id='block_1_95' title="bbox 527 4916 2117 4996">
    <p class='ocr_par' dir='ltr' id='par_1_95' title="bbox 527 4916 2117 4996">
     <span class='ocr_line' id='line_1_95' title="bbox 527 4916 2117 4996; baseline 0.008 -25"><span class='ocrx_word' id='word_1_630' title='bbox 527 4917 700 4971; x_wconf 83' lang='lat' dir='ltr'><strong>sancti</strong></span> <span class='ocrx_word' id='word_1_631' title='bbox 732 4916 959 4973; x_wconf 84' lang='lat' dir='ltr'><strong>Romani</strong></span> <span class='ocrx_word' id='word_1_632' title='bbox 995 4923 1266 4993; x_wconf 84' lang='lat' dir='ltr'><strong>martyris,</strong></span> <span class='ocrx_word' id='word_1_633' title='bbox 1292 4924 1547 4993; x_wconf 89' lang='lat' dir='ltr'><strong>precibus</strong></span> <span class='ocrx_word' id='word_1_634' title='bbox 1588 4928 1784 4996; x_wconf 90' lang='lat' dir='ltr'><strong>quibus</strong></span> <span class='ocrx_word' id='word_1_635' title='bbox 1813 4929 1981 4985; x_wconf 87' lang='lat' dir='ltr'><strong>valuit</strong></span> <span class='ocrx_word' id='word_1_636' title='bbox 2019 4945 2117 4984; x_wconf 90' lang='lat' dir='ltr'><strong>no-</strong></span> 
     </span>
    </p>
   </div>
   <div class='ocr_carea' id='block_1_96' title="bbox 527 5008 2117 5091">
    <p class='ocr_par' dir='ltr' id='par_1_96' title="bbox 527 5008 2117 5091">
     <span class='ocr_line' id='line_1_96' title="bbox 527 5008 2117 5091; baseline 0.011 -30"><span class='ocrx_word' id='word_1_637' title='bbox 527 5015 694 5061; x_wconf 87' lang='lat' dir='ltr'><strong>stram</strong></span> <span class='ocrx_word' id='word_1_638' title='bbox 711 5008 1015 5066; x_wconf 86' lang='lat' dir='ltr'><strong>obsecravit</strong></span> <span class='ocrx_word' id='word_1_639' title='bbox 1036 5012 1378 5070; x_wconf 90' lang='lat' dir='ltr'><strong>clementiam</strong></span> <span class='ocrx_word' id='word_1_640' title='bbox 1488 5026 1980 5089; x_wconf 89' lang='lat' dir='ltr'><strong>quantumcumque</strong></span> <span class='ocrx_word' id='word_1_641' title='bbox 2001 5023 2117 5091; x_wconf 89' lang='lat' dir='ltr'><strong>ipse</strong></span> 
     </span>
    </p>
   </div>
   <div class='ocr_carea' id='block_1_97' title="bbox 530 5096 2119 5170">
    <p class='ocr_par' dir='ltr' id='par_1_97' title="bbox 530 5096 2119 5170">
     <span class='ocr_line' id='line_1_97' title="bbox 530 5096 2119 5170; baseline 0.012 -19"><span class='ocrx_word' id='word_1_642' title='bbox 530 5096 599 5151; x_wconf 87' lang='lat' dir='ltr'><strong>ibi</strong></span> <span class='ocrx_word' id='word_1_643' title='bbox 625 5114 689 5153; x_wconf 88' lang='lat' dir='ltr'><strong>ex</strong></span> <span class='ocrx_word' id='word_1_644' title='bbox 710 5100 970 5159; x_wconf 78' lang='lat' dir='ltr'><strong>beneﬁcio</strong></span> <span class='ocrx_word' id='word_1_645' title='bbox 1214 5106 1457 5163; x_wconf 71' lang='lat' dir='ltr'><strong>ecclesia:</strong></span> <span class='ocrx_word' id='word_1_646' title='bbox 1486 5111 1657 5167; x_wconf 87' lang='lat' dir='ltr'><strong>sancti</strong></span> <span class='ocrx_word' id='word_1_647' title='bbox 1681 5111 1922 5168; x_wconf 85' lang='lat' dir='ltr'><strong>Mauricii</strong></span> <span class='ocrx_word' id='word_1_648' title='bbox 1952 5115 2119 5170; x_wconf 85' lang='lat' dir='ltr'><strong>Vien-</strong></span> 
     </span>
    </p>
   </div>
   <div class='ocr_carea' id='block_1_98' title="bbox 528 5190 2113 5265">
    <p class='ocr_par' dir='ltr' id='par_1_98' title="bbox 528 5190 2113 5265">
     <span class='ocr_line' id='line_1_98' title="bbox 528 5190 2113 5265; baseline 0.013 -23"><span class='ocrx_word' id='word_1_649' title='bbox 528 5190 714 5245; x_wconf 89' lang='lat' dir='ltr'><strong>nensis</strong></span> <span class='ocrx_word' id='word_1_650' title='bbox 758 5194 1125 5252; x_wconf 86' lang='lat' dir='ltr'><strong>redderemus.</strong></span> <span class='ocrx_word' id='word_1_651' title='bbox 1189 5197 1343 5265; x_wconf 84' lang='lat' dir='ltr'><strong>Quod</strong></span> <span class='ocrx_word' id='word_1_652' title='bbox 1388 5201 1460 5255; x_wconf 92' lang='lat' dir='ltr'><strong>ita</strong></span> <span class='ocrx_word' id='word_1_653' title='bbox 1742 5203 1975 5260; x_wconf 75' lang='lat' dir='ltr'><strong>ﬁdelium</strong></span> <span class='ocrx_word' id='word_1_654' title='bbox 2011 5222 2113 5262; x_wconf 90' lang='lat' dir='ltr'><strong>no-</strong></span> 
     </span>
    </p>
   </div>
   <div class='ocr_carea' id='block_1_99' title="bbox 528 5290 2115 5360">
    <p class='ocr_par' dir='ltr' id='par_1_99' title="bbox 528 5290 2115 5360">
     <span class='ocr_line' id='line_1_99' title="bbox 528 5290 2115 5360; baseline 0.014 -25"><span class='ocrx_word' id='word_1_655' title='bbox 528 5290 766 5339; x_wconf 90' lang='lat' dir='ltr'><strong>strorum</strong></span> <span class='ocrx_word' id='word_1_656' title='bbox 814 5299 1105 5360; x_wconf 84' lang='lat' dir='ltr'><strong>cognoscat</strong></span> <span class='ocrx_word' id='word_1_657' title='bbox 1155 5293 1443 5349; x_wconf 83' lang='lat' dir='ltr'><strong>industria.</strong></span> <span class='ocrx_word' id='word_1_658' title='bbox 1513 5295 1620 5352; x_wconf 90' lang='lat' dir='ltr'><strong>Pro</strong></span> <span class='ocrx_word' id='word_1_659' title='bbox 1669 5295 1943 5354; x_wconf 77' lang='lat' dir='ltr'><strong>ﬁrmitatis</strong></span> <span class='ocrx_word' id='word_1_660' title='bbox 1984 5316 2115 5358; x_wconf 89' lang='lat' dir='ltr'><strong>vero</strong></span> 
     </span>
    </p>
   </div>
   <div class='ocr_carea' id='block_1_100' title="bbox 528 5373 2113 5463">
    <p class='ocr_par' dir='ltr' id='par_1_100' title="bbox 528 5373 2113 5463">
     <span class='ocr_line' id='line_1_100' title="bbox 528 5373 2113 5463; baseline 0.013 -33"><span class='ocrx_word' id='word_1_661' title='bbox 528 5375 730 5440; x_wconf 69' lang='lat' dir='ltr'><strong>studio,</strong></span> <span class='ocrx_word' id='word_1_662' title='bbox 757 5386 818 5432; x_wconf 92' lang='lat' dir='ltr'><strong>ut</strong></span> <span class='ocrx_word' id='word_1_663' title='bbox 845 5373 950 5435; x_wconf 87' lang='lat' dir='ltr'><strong>hoc</strong></span> <span class='ocrx_word' id='word_1_664' title='bbox 981 5383 1121 5453; x_wconf 90' lang='lat' dir='ltr'><strong>quod</strong></span> <span class='ocrx_word' id='word_1_665' title='bbox 1161 5387 1504 5456; x_wconf 78' lang='lat' dir='ltr'><strong>supradictus</strong></span> <span class='ocrx_word' id='word_1_666' title='bbox 1533 5388 1685 5445; x_wconf 75' lang='grc' dir='ltr'><strong>Αἱ)ὺο</strong></span> <span class='ocrx_word' id='word_1_667' title='bbox 1716 5390 1768 5445; x_wconf 91' lang='lat' dir='ltr'><strong>in</strong></span> <span class='ocrx_word' id='word_1_668' title='bbox 1800 5394 2113 5463; x_wconf 85' lang='lat' dir='ltr'><strong>supradicto</strong></span> 
     </span>
    </p>
   </div>
   <div class='ocr_carea' id='block_1_101' title="bbox 526 5468 2114 5556">
    <p class='ocr_par' dir='ltr' id='par_1_101' title="bbox 526 5468 2114 5556">
     <span class='ocr_line' id='line_1_101' title="bbox 526 5468 2114 5556; baseline 0.014 -36"><span class='ocrx_word' id='word_1_669' title='bbox 526 5468 651 5524; x_wconf 90' lang='lat' dir='ltr'><strong>vico</strong></span> <span class='ocrx_word' id='word_1_670' title='bbox 692 5469 944 5537; x_wconf 87' lang='lat' dir='ltr'><strong>habebat,</strong></span> <span class='ocrx_word' id='word_1_671' title='bbox 984 5485 1037 5530; x_wconf 92' lang='lat' dir='ltr'><strong>et</strong></span> <span class='ocrx_word' id='word_1_672' title='bbox 1080 5492 1179 5534; x_wconf 90' lang='lat' dir='ltr'><strong>nos</strong></span> <span class='ocrx_word' id='word_1_673' title='bbox 1223 5480 1289 5535; x_wconf 92' lang='lat' dir='ltr'><strong>ad</strong></span> <span class='ocrx_word' id='word_1_674' title='bbox 1330 5479 1448 5550; x_wconf 84' lang='lat' dir='ltr'><strong>ejus</strong></span> <span class='ocrx_word' id='word_1_675' title='bbox 1496 5481 1928 5552; x_wconf 85' lang='lat' dir='ltr'><strong>deprecationem</strong></span> <span class='ocrx_word' id='word_1_676' title='bbox 1974 5502 2114 5556; x_wconf 65' lang='lat' dir='ltr'><strong>saepe</strong></span> 
     </span>
    </p>
   </div>
   <div class='ocr_carea' id='block_1_102' title="bbox 528 5563 2115 5643">
    <p class='ocr_par' dir='ltr' id='par_1_102' title="bbox 528 5563 2115 5643">
     <span class='ocr_line' id='line_1_102' title="bbox 528 5563 2115 5643; baseline 0.009 -21"><span class='ocrx_word' id='word_1_677' title='bbox 528 5564 675 5622; x_wconf 85' lang='lat' dir='ltr'><strong>dicto</strong></span> <span class='ocrx_word' id='word_1_678' title='bbox 710 5563 986 5622; x_wconf 77' lang='lat' dir='ltr'><strong>Bernardo</strong></span> <span class='ocrx_word' id='word_1_679' title='bbox 1023 5571 1427 5643; x_wconf 81' lang='lat' dir='ltr'><strong>archiepiscopo</strong></span> <span class='ocrx_word' id='word_1_680' title='bbox 1462 5575 1570 5629; x_wconf 92' lang='lat' dir='ltr'><strong>imo</strong></span> <span class='ocrx_word' id='word_1_681' title='bbox 1608 5574 1725 5642; x_wconf 87' lang='lat' dir='ltr'><strong>ejus</strong></span> <span class='ocrx_word' id='word_1_682' title='bbox 1762 5588 1964 5635; x_wconf 74' lang='lat' dir='ltr'><strong>sanctae</strong></span> <span class='ocrx_word' id='word_1_683' title='bbox 2001 5581 2115 5636; x_wconf 90' lang='lat' dir='ltr'><strong>sedi</strong></span> 
     </span>
    </p>
   </div>
   <div class='ocr_carea' id='block_1_103' title="bbox 529 5659 2115 5737">
    <p class='ocr_par' dir='ltr' id='par_1_103' title="bbox 529 5659 2115 5737">
     <span class='ocr_line' id='line_1_103' title="bbox 529 5659 2115 5737; baseline 0.01 -24"><span class='ocrx_word' id='word_1_684' title='bbox 529 5659 892 5725; x_wconf 80' lang='lat' dir='ltr'><strong>reddidimus,</strong></span> <span class='ocrx_word' id='word_1_685' title='bbox 929 5669 1167 5716; x_wconf 85' lang='lat' dir='ltr'><strong>rectores</strong></span> <span class='ocrx_word' id='word_1_686' title='bbox 1195 5680 1380 5718; x_wconf 87' lang='lat' dir='ltr'><strong>eorum</strong></span> <span class='ocrx_word' id='word_1_687' title='bbox 1415 5674 1676 5735; x_wconf 87' lang='lat' dir='ltr'><strong>perpetuo</strong></span> <span class='ocrx_word' id='word_1_688' title='bbox 1704 5667 1826 5737; x_wconf 86' lang='lat' dir='ltr'><strong>jure</strong></span> <span class='ocrx_word' id='word_1_689' title='bbox 1857 5673 2115 5729; x_wconf 78' lang='lat' dir='ltr'><strong>ecclesia-</strong></span> 
     </span>
    </p>
   </div>
   <div class='ocr_carea' id='block_1_104' title="bbox 2219 4643 3820 4717">
    <p class='ocr_par' dir='ltr' id='par_1_104' title="bbox 2219 4643 3820 4717">
     <span class='ocr_line' id='line_1_104' title="bbox 2219 4643 3820 4717; baseline -0.006 -11"><span class='ocrx_word' id='word_1_690' title='bbox 2219 4649 2498 4715; x_wconf 85' lang='lat' dir='ltr'><strong>Bcnedicti</strong></span> <span class='ocrx_word' id='word_1_691' title='bbox 2556 4649 2724 4703; x_wconf 87' lang='lat' dir='ltr'><strong>vitam</strong></span> <span class='ocrx_word' id='word_1_692' title='bbox 2785 4646 3042 4717; x_wconf 88' lang='lat' dir='ltr'><strong>degentes</strong></span> <span class='ocrx_word' id='word_1_693' title='bbox 3068 4643 3506 4717; x_wconf 85' lang='lat' dir='ltr'><strong>_collocaverat;</strong></span> <span class='ocrx_word' id='word_1_694' title='bbox 3568 4652 3820 4697; x_wconf 84' lang='lat' dir='ltr'><strong>nostram</strong></span> 
     </span>
    </p>
   </div>
   <div class='ocr_carea' id='block_1_105' title="bbox 2221 4705 3822 4803">
    <p class='ocr_par' dir='ltr' id='par_1_105' title="bbox 2221 4705 3822 4803">
     <span class='ocr_line' id='line_1_105' title="bbox 2221 4705 3822 4803; baseline -0.006 -4"><span class='ocrx_word' id='word_1_695' title='bbox 2221 4712 2410 4799; x_wconf 84' lang='lat' dir='ltr'><strong>adiens</strong></span> <span class='ocrx_word' id='word_1_696' title='bbox 2444 4742 2824 4803; x_wconf 87' lang='lat' dir='ltr'><strong>serenitatem,</strong></span> <span class='ocrx_word' id='word_1_697' title='bbox 2855 4705 3106 4792; x_wconf 65' lang='lat' dir='ltr'><strong>innotuit</strong></span> <span class='ocrx_word' id='word_1_698' title='bbox 3152 4733 3559 4791; x_wconf 88' lang='lat' dir='ltr'><strong>mansuetudini</strong></span> <span class='ocrx_word' id='word_1_699' title='bbox 3611 4743 3822 4790; x_wconf 68' lang='lat' dir='ltr'><strong>nostra</strong></span> 
     </span>
    </p>
   </div>
   <div class='ocr_carea' id='block_1_106' title="bbox 2221 4826 3823 4907">
    <p class='ocr_par' dir='ltr' id='par_1_106' title="bbox 2221 4826 3823 4907">
     <span class='ocr_line' id='line_1_106' title="bbox 2221 4826 3823 4907; baseline -0.004 -18"><span class='ocrx_word' id='word_1_700' title='bbox 2221 4835 2366 4907; x_wconf 89' lang='lat' dir='ltr'><strong>quod</strong></span> <span class='ocrx_word' id='word_1_701' title='bbox 2392 4834 2583 4895; x_wconf 85' lang='lat' dir='ltr'><strong>eadem</strong></span> <span class='ocrx_word' id='word_1_702' title='bbox 2623 4830 2923 4886; x_wconf 87' lang='lat' dir='ltr'><strong>monastica</strong></span> <span class='ocrx_word' id='word_1_703' title='bbox 2953 4830 3066 4883; x_wconf 88' lang='lat' dir='ltr'><strong>vita</strong></span> <span class='ocrx_word' id='word_1_704' title='bbox 3095 4828 3313 4898; x_wconf 87' lang='lat' dir='ltr'><strong>penitus</strong></span> <span class='ocrx_word' id='word_1_705' title='bbox 3342 4828 3394 4881; x_wconf 90' lang='lat' dir='ltr'><strong>in</strong></span> <span class='ocrx_word' id='word_1_706' title='bbox 3441 4826 3643 4882; x_wconf 86' lang='lat' dir='ltr'><strong>eodem</strong></span> <span class='ocrx_word' id='word_1_707' title='bbox 3700 4827 3823 4883; x_wconf 75' lang='lat' dir='ltr'><strong>loco</strong></span> 
     </span>
    </p>
   </div>
   <div class='ocr_carea' id='block_1_107' title="bbox 2220 4918 3817 4987">
    <p class='ocr_par' dir='ltr' id='par_1_107' title="bbox 2220 4918 3817 4987">
     <span class='ocr_line' id='line_1_107' title="bbox 2220 4918 3817 4987; baseline -0.006 -6"><span class='ocrx_word' id='word_1_708' title='bbox 2220 4925 2421 4981; x_wconf 86' lang='lat' dir='ltr'><strong>abolita</strong></span> <span class='ocrx_word' id='word_1_709' title='bbox 2463 4931 2629 4987; x_wconf 91' lang='lat' dir='ltr'><strong>esset,</strong></span> <span class='ocrx_word' id='word_1_710' title='bbox 2659 4922 2794 4979; x_wconf 90' lang='lat' dir='ltr'><strong>etin</strong></span> <span class='ocrx_word' id='word_1_711' title='bbox 2827 4921 3148 4977; x_wconf 89' lang='lat' dir='ltr'><strong>canonicum</strong></span> <span class='ocrx_word' id='word_1_712' title='bbox 3175 4919 3421 4974; x_wconf 85' lang='lat' dir='ltr'><strong>ordinem</strong></span> <span class='ocrx_word' id='word_1_713' title='bbox 3454 4918 3763 4973; x_wconf 81' lang='lat' dir='ltr'><strong>transierat</strong></span> <span class='ocrx_word' id='word_1_714' title='bbox 3797 4933 3817 4972; x_wconf 88' lang='lat'><strong>:</strong></span> 
     </span>
    </p>
   </div>
   <div class='ocr_carea' id='block_1_108' title="bbox 2220 5012 3820 5090">
    <p class='ocr_par' dir='ltr' id='par_1_108' title="bbox 2220 5012 3820 5090">
     <span class='ocr_line' id='line_1_108' title="bbox 2220 5012 3820 5090; baseline -0.005 -16"><span class='ocrx_word' id='word_1_715' title='bbox 2220 5014 2483 5090; x_wconf 83' lang='lat' dir='ltr'><strong>petiitque</strong></span> <span class='ocrx_word' id='word_1_716' title='bbox 2511 5032 2576 5070; x_wconf 91' lang='lat' dir='ltr'><strong>ac</strong></span> <span class='ocrx_word' id='word_1_717' title='bbox 2622 5014 2849 5085; x_wconf 88' lang='lat' dir='ltr'><strong>supplici</strong></span> <span class='ocrx_word' id='word_1_718' title='bbox 2878 5012 3243 5084; x_wconf 90' lang='lat' dir='ltr'><strong>postulatione</strong></span> <span class='ocrx_word' id='word_1_719' title='bbox 3271 5012 3600 5081; x_wconf 86' lang='lat' dir='ltr'><strong>deprecatus</strong></span> <span class='ocrx_word' id='word_1_720' title='bbox 3629 5020 3721 5066; x_wconf 64' lang='lat' dir='ltr'><strong>em</strong></span> <span class='ocrx_word' id='word_1_721' title='bbox 3756 5014 3820 5066; x_wconf 70' lang='grc' dir='ltr'><strong>ω</strong></span> 
     </span>
    </p>
   </div>
   <div class='ocr_carea' id='block_1_109' title="bbox 2218 5104 3819 5167">
    <p class='ocr_par' dir='ltr' id='par_1_109' title="bbox 2218 5104 3819 5167">
     <span class='ocr_line' id='line_1_109' title="bbox 2218 5104 3819 5167; baseline -0.006 1"><span class='ocrx_word' id='word_1_722' title='bbox 2218 5106 2404 5167; x_wconf 81' lang='lat' dir='ltr'><strong>nostra</strong></span> <span class='ocrx_word' id='word_1_723' title='bbox 2428 5110 2752 5165; x_wconf 86' lang='lat' dir='ltr'><strong>auctoritate</strong></span> <span class='ocrx_word' id='word_1_724' title='bbox 2777 5109 3023 5164; x_wconf 87' lang='lat' dir='ltr'><strong>eamdem</strong></span> <span class='ocrx_word' id='word_1_725' title='bbox 3054 5106 3409 5162; x_wconf 83' lang='lat' dir='ltr'><strong>monasticam</strong></span> <span class='ocrx_word' id='word_1_726' title='bbox 3434 5105 3607 5159; x_wconf 85' lang='lat' dir='ltr'><strong>vitam</strong></span> <span class='ocrx_word' id='word_1_727' title='bbox 3641 5104 3819 5160; x_wconf 82' lang='lat' dir='ltr'><strong>refor-</strong></span> 
     </span>
    </p>
   </div>
   <div class='ocr_carea' id='block_1_110' title="bbox 2217 5201 3817 5273">
    <p class='ocr_par' dir='ltr' id='par_1_110' title="bbox 2217 5201 3817 5273">
     <span class='ocr_line' id='line_1_110' title="bbox 2217 5201 3817 5273; baseline -0.004 -10"><span class='ocrx_word' id='word_1_728' title='bbox 2217 5208 2392 5273; x_wconf 90' lang='lat' dir='ltr'><strong>mari,</strong></span> <span class='ocrx_word' id='word_1_729' title='bbox 2434 5214 2488 5261; x_wconf 93' lang='lat' dir='ltr'><strong>et</strong></span> <span class='ocrx_word' id='word_1_730' title='bbox 2544 5203 2855 5260; x_wconf 88' lang='lat' dir='ltr'><strong>habitacula</strong></span> <span class='ocrx_word' id='word_1_731' title='bbox 2900 5206 2966 5259; x_wconf 89' lang='lat' dir='ltr'><strong>ad</strong></span> <span class='ocrx_word' id='word_1_732' title='bbox 2995 5205 3139 5259; x_wconf 89' lang='lat' dir='ltr'><strong>hanc</strong></span> <span class='ocrx_word' id='word_1_733' title='bbox 3190 5203 3357 5257; x_wconf 87' lang='lat' dir='ltr'><strong>vitam</strong></span> <span class='ocrx_word' id='word_1_734' title='bbox 3409 5216 3655 5273; x_wconf 83' lang='lat' dir='ltr'><strong>congrua</strong></span> <span class='ocrx_word' id='word_1_735' title='bbox 3689 5201 3817 5257; x_wconf 66' lang='grc' dir='ltr'><strong>ηε.</strong></span> 
     </span>
    </p>
   </div>
   <div class='ocr_carea' id='block_1_111' title="bbox 2216 5295 3815 5369">
    <p class='ocr_par' dir='ltr' id='par_1_111' title="bbox 2216 5295 3815 5369">
     <span class='ocr_line' id='line_1_111' title="bbox 2216 5295 3815 5369; baseline -0.003 -14"><span class='ocrx_word' id='word_1_736' title='bbox 2216 5300 2408 5356; x_wconf 87' lang='lat' dir='ltr'><strong>cicndo</strong></span> <span class='ocrx_word' id='word_1_737' title='bbox 2458 5296 2633 5369; x_wconf 90' lang='lat' dir='ltr'><strong>aptari</strong></span> <span class='ocrx_word' id='word_1_738' title='bbox 2695 5296 3149 5366; x_wconf 86' lang='lat' dir='ltr'><strong>permitteremus.</strong></span> <span class='ocrx_word' id='word_1_739' title='bbox 3213 5295 3353 5360; x_wconf 89' lang='lat' dir='ltr'><strong>Cui,</strong></span> <span class='ocrx_word' id='word_1_740' title='bbox 3394 5295 3539 5350; x_wconf 91' lang='lat' dir='ltr'><strong>sicut</strong></span> <span class='ocrx_word' id='word_1_741' title='bbox 3583 5296 3815 5367; x_wconf 78' lang='lat' dir='ltr'><strong>dignum</strong></span> 
     </span>
    </p>
   </div>
   <div class='ocr_carea' id='block_1_112' title="bbox 2216 5388 3815 5464">
    <p class='ocr_par' dir='ltr' id='par_1_112' title="bbox 2216 5388 3815 5464">
     <span class='ocr_line' id='line_1_112' title="bbox 2216 5388 3815 5464; baseline -0.003 -15"><span class='ocrx_word' id='word_1_742' title='bbox 2216 5405 2335 5450; x_wconf 89' lang='lat' dir='ltr'><strong>erat</strong></span> <span class='ocrx_word' id='word_1_743' title='bbox 2354 5434 2368 5459; x_wconf 94' lang='lat'><strong>,</strong></span> <span class='ocrx_word' id='word_1_744' title='bbox 2402 5392 2605 5464; x_wconf 83' lang='lat' dir='ltr'><strong>gratias</strong></span> <span class='ocrx_word' id='word_1_745' title='bbox 2628 5389 2835 5461; x_wconf 92' lang='lat' dir='ltr'><strong>egimus</strong></span> <span class='ocrx_word' id='word_1_746' title='bbox 2850 5429 2865 5454; x_wconf 93' lang='lat'><strong>,</strong></span> <span class='ocrx_word' id='word_1_747' title='bbox 2895 5397 2949 5442; x_wconf 90' lang='lat' dir='ltr'><strong>et</strong></span> <span class='ocrx_word' id='word_1_748' title='bbox 2973 5403 3036 5441; x_wconf 86' lang='lat' dir='ltr'><strong>ea</strong></span> <span class='ocrx_word' id='word_1_749' title='bbox 3057 5403 3178 5458; x_wconf 73' lang='lat' dir='ltr'><strong>qua:</strong></span> <span class='ocrx_word' id='word_1_750' title='bbox 3198 5388 3600 5457; x_wconf 78' lang='lat' dir='ltr'><strong>deprecabatur</strong></span> <span class='ocrx_word' id='word_1_751' title='bbox 3615 5389 3671 5443; x_wconf 84' lang='lat' dir='ltr'><strong>ei</strong></span> <span class='ocrx_word' id='word_1_752' title='bbox 3694 5388 3815 5444; x_wconf 77' lang='lat' dir='ltr'><strong>ﬁeri</strong></span> 
     </span>
    </p>
   </div>
   <div class='ocr_carea' id='block_1_113' title="bbox 2214 5480 3815 5555">
    <p class='ocr_par' dir='ltr' id='par_1_113' title="bbox 2214 5480 3815 5555">
     <span class='ocr_line' id='line_1_113' title="bbox 2214 5480 3815 5555; baseline -0.002 -16"><span class='ocrx_word' id='word_1_753' title='bbox 2214 5501 2347 5555; x_wconf 83' lang='lat' dir='ltr'><strong>pem</strong></span> <span class='ocrx_word' id='word_1_754' title='bbox 2373 5485 2582 5539; x_wconf 82' lang='lat' dir='ltr'><strong>isimus.</strong></span> <span class='ocrx_word' id='word_1_755' title='bbox 2611 5482 2834 5551; x_wconf 80' lang='lat' dir='ltr'><strong>insuper</strong></span> <span class='ocrx_word' id='word_1_756' title='bbox 2854 5491 2909 5535; x_wconf 88' lang='lat' dir='ltr'><strong>et</strong></span> <span class='ocrx_word' id='word_1_757' title='bbox 2929 5488 2988 5535; x_wconf 91' lang='lat' dir='ltr'><strong>ut</strong></span> <span class='ocrx_word' id='word_1_758' title='bbox 3012 5482 3117 5536; x_wconf 85' lang='lat' dir='ltr'><strong>hoc</strong></span> <span class='ocrx_word' id='word_1_759' title='bbox 3136 5481 3278 5550; x_wconf 88' lang='lat' dir='ltr'><strong>quod</strong></span> <span class='ocrx_word' id='word_1_760' title='bbox 3301 5480 3443 5535; x_wconf 86' lang='lat' dir='ltr'><strong>idem</strong></span> <span class='ocrx_word' id='word_1_761' title='bbox 3473 5480 3595 5551; x_wconf 82' lang='lat' dir='ltr'><strong>ipse</strong></span> <span class='ocrx_word' id='word_1_762' title='bbox 3618 5481 3815 5552; x_wconf 77' lang='lat' dir='ltr'><strong>depre-</strong></span> 
     </span>
    </p>
   </div>
   <div class='ocr_carea' id='block_1_114' title="bbox 2216 5570 3805 5647">
    <p class='ocr_par' dir='ltr' id='par_1_114' title="bbox 2216 5570 3805 5647">
     <span class='ocr_line' id='line_1_114' title="bbox 2216 5570 3805 5647; baseline -0.003 -11"><span class='ocrx_word' id='word_1_763' title='bbox 2216 5580 2442 5636; x_wconf 82' lang='lat' dir='ltr'><strong>cabatur</strong></span> <span class='ocrx_word' id='word_1_764' title='bbox 2485 5577 2678 5633; x_wconf 83' lang='lat' dir='ltr'><strong>melius</strong></span> <span class='ocrx_word' id='word_1_765' title='bbox 2700 5590 2959 5647; x_wconf 78' lang='lat' dir='ltr'><strong>peragere</strong></span> <span class='ocrx_word' id='word_1_766' title='bbox 2980 5616 2996 5641; x_wconf 93' lang='lat'><strong>,</strong></span> <span class='ocrx_word' id='word_1_767' title='bbox 3034 5584 3092 5630; x_wconf 88' lang='lat' dir='ltr'><strong>et</strong></span> <span class='ocrx_word' id='word_1_768' title='bbox 3118 5570 3261 5635; x_wconf 79' lang='lat' dir='ltr'><strong>servi</strong></span> <span class='ocrx_word' id='word_1_769' title='bbox 3292 5575 3385 5632; x_wconf 81' lang='lat' dir='ltr'><strong>Dei</strong></span> <span class='ocrx_word' id='word_1_770' title='bbox 3417 5576 3509 5647; x_wconf 82' lang='lat' dir='ltr'><strong>qui</strong></span> <span class='ocrx_word' id='word_1_771' title='bbox 3543 5576 3681 5631; x_wconf 80' lang='lat' dir='ltr'><strong>inibi</strong></span> <span class='ocrx_word' id='word_1_772' title='bbox 3709 5574 3805 5637; x_wconf 79' lang='lat' dir='ltr'><strong>de—</strong></span> 
     </span>
    </p>
   </div>
   <div class='ocr_carea' id='block_1_115' title="bbox 2221 5667 3813 5743">
    <p class='ocr_par' dir='ltr' id='par_1_115' title="bbox 2221 5667 3813 5743">
     <span class='ocr_line' id='line_1_115' title="bbox 2221 5667 3813 5743; baseline -0.001 -16"><span class='ocrx_word' id='word_1_773' title='bbox 2221 5688 2345 5743; x_wconf 83' lang='lat' dir='ltr'><strong>gere</strong></span> <span class='ocrx_word' id='word_1_774' title='bbox 2388 5669 2666 5726; x_wconf 89' lang='lat' dir='ltr'><strong>constituti</strong></span> <span class='ocrx_word' id='word_1_775' title='bbox 2706 5677 2758 5722; x_wconf 88' lang='lat' dir='ltr'><strong>et</strong></span> <span class='ocrx_word' id='word_1_776' title='bbox 2793 5668 3159 5723; x_wconf 82' lang='lat' dir='ltr'><strong>constituendi</strong></span> <span class='ocrx_word' id='word_1_777' title='bbox 3186 5676 3346 5723; x_wconf 83' lang='lat' dir='ltr'><strong>erunt</strong></span> <span class='ocrx_word' id='word_1_778' title='bbox 3370 5708 3386 5732; x_wconf 96' lang='lat'><strong>,</strong></span> <span class='ocrx_word' id='word_1_779' title='bbox 3424 5667 3652 5738; x_wconf 84' lang='lat' dir='ltr'><strong>aliquod</strong></span> <span class='ocrx_word' id='word_1_780' title='bbox 3682 5667 3813 5725; x_wconf 71' lang='lat' dir='ltr'><strong>sub-</strong></span> 
     </span>
    </p>
   </div>
   <div class='ocr_carea' id='block_1_116' title="bbox 604 5775 3454 5859">
    <p class='ocr_par' dir='ltr' id='par_1_116' title="bbox 604 5775 3454 5859">
     <span class='ocr_line' id='line_1_116' title="bbox 604 5775 3454 5859; baseline 0.004 -27"><span class='ocrx_word' id='word_1_781' title='bbox 604 5786 630 5816; x_wconf 70' lang='grc' dir='ltr'>ι</span> <span class='ocrx_word' id='word_1_782' title='bbox 675 5775 809 5832; x_wconf 77' lang='lat' dir='ltr'><strong>Vide</strong></span> <span class='ocrx_word' id='word_1_783' title='bbox 853 5789 1014 5846; x_wconf 88' lang='lat' dir='ltr'><strong>supra</strong></span> <span class='ocrx_word' id='word_1_784' title='bbox 1054 5775 1284 5846; x_wconf 83' lang='lat' dir='ltr'><strong>diploma</strong></span> <span class='ocrx_word' id='word_1_785' title='bbox 1336 5779 1591 5837; x_wconf 88' lang='lat' dir='ltr'><strong>Ludovici</strong></span> <span class='ocrx_word' id='word_1_786' title='bbox 1628 5785 1972 5847; x_wconf 86' lang='lat' dir='ltr'><strong>imperatoris</strong></span> <span class='ocrx_word' id='word_1_787' title='bbox 2010 5806 2106 5849; x_wconf 84' lang='lat' dir='ltr'><strong>oro</strong></span> <span class='ocrx_word' id='word_1_788' title='bbox 2142 5791 2330 5849; x_wconf 68' lang='lat' dir='ltr'><strong>eodem</strong></span> <span class='ocrx_word' id='word_1_789' title='bbox 2358 5788 2577 5848; x_wconf 72' lang='lat' dir='ltr'><strong>Victore</strong></span> <span class='ocrx_word' id='word_1_790' title='bbox 2600 5784 2848 5844; x_wconf 86' lang='lat' dir='ltr'><strong>Curiensi</strong></span> <span class='ocrx_word' id='word_1_791' title='bbox 2880 5786 3137 5859; x_wconf 77' lang='lat' dir='ltr'><strong>episcopo</strong></span> <span class='ocrx_word' id='word_1_792' title='bbox 3165 5788 3293 5857; x_wconf 84' lang='lat' dir='ltr'><strong>anni</strong></span> <span class='ocrx_word' id='word_1_793' title='bbox 3326 5786 3454 5848; x_wconf 74' lang='grc'><strong>825.</strong></span> 
     </span>
    </p>
   </div>
  </div>
