4050 6340
222 334 366 393 ηθό

1357 337 1756 396 DIPLOMATA
1793 335 2124 395 ECCLESIA
2132 334 2351 394 STICA.

3346 335 3488 395 "06

222 455 422 513 sidium
448 468 518 510 ex
557 463 745 512 nostra
771 455 1058 530 largitione
1095 459 1364 517 habentes
1396 460 1652 516 libentius
1693 459 1808 518 Deo
1832 463 1886 523 Α
1909 473 2180 529 quamque
2210 458 2352 514 idem
2394 455 2549 511 Abbo
2594 469 2780 512 comes
2823 457 3084 514 hactenus
3125 456 3184 513 in
3225 455 3488 512 beneﬁcio

221 551 430 609 servire
461 550 769 621 potuissent
788 591 804 619 ,
848 553 1176 623 complacuit
1222 553 1380 610 nobis
1405 568 1506 624 pro
1538 552 1805 608 mercedis

222 652 425 700 nostra:
485 651 776 714 augmento
825 652 880 699 et
926 652 1144 699 acterna:
1194 645 1566 700 retributionis
1631 643 1807 698 fructu

220 733 485 804 quasdam
512 749 601 788 res
623 742 823 790 nostra:
853 736 1236 806 pr0prietatis,
1279 737 1416 790 sitas
1463 737 1518 790 in
1547 735 1808 790 comitatu

221 827 562 894 Breonense,
596 828 650 882 id
693 839 776 884 est
814 828 997 882 villam
1027 844 1092 884 ac
1122 829 1444 885 beneﬁcium
1483 828 1616 884 illud
1655 827 1809 897 cujus

221 921 544 978 vocabulum
572 929 657 976 est
685 922 1205 988 Dodiniaca-curtis,
1238 922 1532 977 habentem
1586 933 1808 978 mansos

223 1015 508 1071 duodecim
526 1056 539 1079 ,
565 1029 726 1085 quam
754 1015 1013 1071 hactenus
1035 1015 1300 1070 vassallus
1322 1023 1510 1070 noster
1532 1055 1547 1080 ,
1584 1014 1808 1070 nomine

221 1105 614 1171 Hisimbertus,
655 1116 841 1162 nostra
889 1107 1177 1178 largitione
1231 1108 1284 1162 in
1329 1106 1650 1163 beneﬁcium
1706 1106 1805 1161 ha-

221 1198 408 1253 buisse
435 1197 806 1269 dignoscitur,
855 1214 978 1254 cum
1021 1199 1170 1254 omni
1223 1199 1568 1270 integritate,
1622 1197 1678 1252 id
1722 1203 1810 1252 est

223 1304 348 1344 eum
374 1291 658 1360 mancipiis
683 1291 966 1360 utriusque
999 1305 1182 1357 sexus,
1223 1306 1348 1346 cum
1373 1290 1652 1354 domibus,
1679 1288 1810 1344 mdi-

225 1380 365 1437 ﬁciis
393 1423 410 1448 ,
448 1382 693 1438 ecclesiis
719 1423 734 1449 ,
785 1385 948 1439 terris
977 1385 1137 1440 cultis
1163 1393 1220 1440 et
1265 1383 1481 1439 incultis
1505 1425 1520 1449 ,
1561 1382 1768 1438 silvolis
1789 1422 1806 1450 ,

224 1474 418 1544 pratis,
454 1474 702 1543 pascuis,
755 1475 912 1544 aquis
941 1490 1274 1545 aquarumve
1300 1475 1649 1538 decursibus,
1698 1487 1812 1530 mo-

225 1563 440 1620 lendino
459 1606 475 1630 ,
505 1565 590 1621 vel
615 1567 873 1636 quidquid
902 1569 969 1623 ad
1011 1569 1416 1624 denominatam
1453 1568 1636 1622 villam
1663 1565 1810 1634 juste

224 1665 279 1714 et
306 1658 551 1729 legaliter
579 1659 851 1730 pertinere
875 1661 1212 1732 dignoscitur
1238 1703 1254 1728 ,
1294 1670 1351 1717 et
1381 1661 1551 1716 nostri
1575 1659 1717 1731 juris
1744 1671 1810 1715 ac

225 1751 589 1821 possessionis
623 1753 678 1807 in
706 1767 766 1807 re
791 1754 1140 1824 proprietatis
1169 1761 1270 1818 est,
1301 1761 1474 1808 totum
1499 1759 1553 1807 et
1575 1752 1644 1807 ad
1668 1752 1808 1806 inte-

1906 554 2171 619 habebat;
2198 553 2292 608 sed
2313 551 2566 622 quoniam
2605 551 2792 606 eadem
2819 551 3048 621 piscatio
3097 559 3259 620 atque
3285 551 3488 620 absque

1905 645 2148 711 familiis,
2178 660 2297 714 quae
2319 645 2387 699 ad
2413 643 2529 712 ejus
2551 642 2912 713 provisionem
2943 642 3216 712 deputauc
3246 641 3487 707 fuerunt,

1908 739 2169 794 fratribus
2188 737 2431 807 prmdicti
2457 735 2692 791 cmnobii
2713 747 2820 788 non
2857 733 3144 788 admodum
3189 733 3337 788 utilis
3368 747 3490 788 esse

1903 837 2139 902 poterat,
2167 831 2368 885 idcirco
2393 815 2611 899 triginta
2655 827 2790 881 duas
2836 823 3086 890 familias,
3129 835 3184 879 et
3227 823 3490 895 quidquid

1907 924 1977 979 ad
2005 937 2123 978 eam
2148 922 2502 992 piscationem
2540 919 2819 992 pertinens
2847 929 2989 989 sepe
3029 919 3205 974 dictus
3248 902 3402 974 'Abbo
3433 918 3490 973 in

1906 1012 2170 1069 beneﬁcio
2193 1011 2398 1076 habuit,
2430 1020 2599 1066 totum
2623 1017 2677 1063 et
2698 1021 2764 1065 ex
2785 1011 2994 1080 integro
3021 1010 3074 1064 in
3099 1009 3491 1081 praprietatem

1902 1102 2016 1176 jam
2044 1105 2174 1160 dicti
2218 1104 2533 1160 monasterii
2573 1103 2942 1168 concedimus,
2985 1111 3254 1173 quatenus
3292 1103 3492 1160 ibidem

1907 1198 2204 1254 servientes
2251 1196 2546 1252 monachos
2590 1197 2708 1252 sine
2748 1195 3051 1252 cessatione
3098 1194 3334 1250 divinam
3385 1194 3493 1251 cle-

1904 1290 2165 1346 mentiam
2192 1304 2291 1360 pro
2312 1289 2467 1345 nobis
2491 1304 2720 1345 exorare
2760 1289 3009 1344 delectet.
3041 1288 3109 1342 Et
3141 1297 3201 1344 ut
3228 1289 3341 1343 haec
3369 1302 3491 1344 ces-

1909 1385 2076 1440 sionis
2104 1392 2306 1440 nostrae
2343 1384 2639 1440 auctoritas
2669 1382 2878 1437 ﬁrmius
2907 1382 3190 1447 habeatur,
3219 1390 3272 1435 et
3296 1395 3392 1450 per
3413 1380 3495 1434 fu-

1908 1483 2029 1532 tura
2058 1487 2299 1548 tempora
2332 1491 2362 1531 a
2389 1475 2639 1532 ﬁdelibus
2683 1475 2886 1530 nostris
2926 1474 3106 1529 verius
3133 1474 3388 1528 credatur
3428 1486 3492 1528 ac

1907 1570 2218 1642 diligentius
2240 1572 2575 1637 observetur,
2602 1585 2763 1625 manu
2805 1576 2990 1624 nostra
3021 1569 3207 1623 subter
3251 1581 3370 1621 eam
3407 1565 3494 1621 ﬁr-

1906 1675 2122 1721 mantes
2147 1665 2332 1720 annuli
2362 1665 2534 1721 nostri
2569 1664 2925 1736 impressione
2954 1660 3218 1730 jussimus
3245 1659 3488 1730 sigillari.

1980 1756 2206 1826 Signum
2233 1756 2491 1812 Ludovici
2529 1755 2860 1812 serenissimi
2890 1752 3256 1824 imperatoris.

225 1859 382 1914 grum
417 1860 515 1914 per
543 1845 647 1900 hoc
688 1855 891 1902 nostrae
935 1849 1278 1903 auctoritatis
1322 1848 1690 1918 conscriptum
1739 1843 1808 1902 ad
1832 1831 1884 1896 Β
1983 1848 2380 1905 Hirminmarus
2407 1849 2654 1905 notarius
2682 1848 2750 1905 ad
2779 1842 3294 1919 vicemThcogouis
3342 1859 3493 1900 reco—

226 1937 556 1993 antedictum
579 1941 968 1995 monasterium
985 1981 1000 2006 ,
1023 1942 1188 2010 quod,
1217 1941 1358 1995 sicut
1381 1939 1617 1994 diximus
1633 1980 1646 2003 ,
1675 1937 1813 1994 Ders

226 2039 600 2100 nuncupatur,
632 2029 948 2087 solemniter
986 2033 1265 2105 delegare,
1307 2047 1369 2088 ea
1400 2031 1653 2087 videlicet
1681 2046 1810 2087 con-

227 2125 429 2179 ditione
477 2133 539 2178 ut
582 2139 611 2178 a
644 2125 881 2196 praelatis
908 2134 962 2181 et
1000 2127 1281 2182 monachis
1335 2126 1447 2181 Deo
1490 2124 1624 2180 inibi
1673 2123 1812 2178 mili-

226 2216 465 2271 tantibus
493 2225 751 2288 perpetua
788 2218 1132 2289 possessione
1161 2226 1406 2272 teneatur
1429 2232 1494 2272 ac
1531 2215 1810 2286 possidea-

227 2315 335 2362 tur.
366 2308 434 2362 Et
461 2316 521 2361 ut
549 2309 666 2363 haec
698 2317 898 2364 nostrae
927 2310 1292 2365 concessionis
1317 2319 1480 2380 atque
1507 2306 1810 2379 largitionis

229 2399 526 2454 auctoritas
554 2399 926 2455 inconvulsam
959 2408 1014 2456 et
1057 2399 1415 2454 inviolabilem
1441 2398 1681 2453 obtineat
1716 2398 1812 2450 ﬁr-

227 2491 472 2546 mitatem
498 2531 514 2557 ,
546 2507 710 2546 manu
736 2493 954 2562 propria
985 2501 1168 2548 nostra
1202 2491 1390 2548 subter
1418 2507 1537 2546 eam
1566 2490 1808 2545 ﬁrmavi-

227 2599 386 2652 mus,
429 2593 486 2640 et
510 2585 696 2640 annuli
746 2587 918 2643 nostri
963 2586 1319 2657 impressione
1347 2582 1612 2656 assignari
1637 2581 1808 2652 jussi-

230 2692 372 2732 mus.

299 2769 525 2841 Signum
551 2767 810 2827 Ludovici
840 2770 1173 2827 serenissimi
1201 2770 1568 2841 imperatoris.

295 2859 433 2916 Data
455 2877 547 2916 xrv
571 2862 689 2916 Kal.
718 2863 877 2927 Man,
906 2877 1069 2929 anno,
1095 2861 1314 2918 Christo
1339 2861 1594 2934 propitio,
1618 2858 1814 2915 19in)-

232 2953 368 3024 perii
399 2953 580 3008 domui
604 2953 858 3009 Ludovici
881 2954 1111 3025 piissimi
1135 2953 1380 3024 Augusti,
1412 2948 1806 3007 indietionelo.

225 3043 417 3100 Actum
438 3044 766 3119 Aquisgrani
792 3045 993 3118 palatio
1014 3047 1167 3119 regio
1187 3046 1244 3102 in
1270 3045 1368 3102 Dei
1397 3043 1618 3102 nomine
1636 3041 1814 3101 felici-

228 3146 334 3196 ter.
371 3139 568 3195 Amen.

873 3227 1148 3285 CLXVIII.

549 3336 657 3380 no
690 3335 1031 3378 Ιοκλθτειιο
1065 3335 1273 3379 (ΞΟΒΒῙΒ
1309 3331 1492 3378 κονι.

845 3414 1020 3487 (Anno
1051 3413 1201 3485 sas.)
1320 3444 1332 3456 .

391 3504 569 3578 [Apud
594 3503 850 3566 Sehaten,
881 3506 1022 3559 Ann.
1056 3502 1414 3570 Puderbern.,
1440 3517 1499 3576 ι).
1525 3499 1646 3576 90.]

1947 1955 2090 1996 ηονι.

1947 1955 2090 1996 novi.

1910 1953 1944 2014 8
1979 2033 2115 2089 Data
2156 2049 2245 2090 xvi
2293 2033 2564 2090 Kalendas
2584 2032 2730 2099 Julii,
2770 2047 2935 2099 anno,
2965 2029 3183 2087 Christo
3237 2029 3490 2100 propitio,

1911 2125 1980 2185 18
2007 2127 2220 2198 imperii
2246 2127 2506 2183 Ludovici
2536 2126 2868 2183 serenissimi
2917 2122 3164 2195 Augusti,
3196 2122 3493 2178 indictione

1912 2221 2000 2277 to.
2029 2222 2221 2279 Actum
2264 2221 2676 2278 Franconovort
2720 2220 2922 2294 palatio
2965 2218 3136 2290 regio,
3184 2217 3240 2274 in
3274 2215 3495 2273 nomine

1909 2311 2126 2371 Domini
2147 2312 2398 2371 feliciter.
2418 2311 2613 2369 Amen.

2583 2397 2814 2458 CLXIX.

2099 2509 2204 2553 PRO
2239 2509 2656 2553 REPORKLTIONE
2694 2506 3019 2550 HONASTERII
3053 2504 3306 2548 DIONYSII.

2523 2585 2700 2660 (Αηηο
2727 2584 2877 2658 852.)

1911 2679 2090 2755 [Apud
2117 2679 2320 2736 MabiII.
2348 2679 2487 2735 Ann.
2520 2679 2636 2734 0rd.
2669 2676 2726 2734 S.
2759 2675 2984 2744 Bened.,
3015 2685 3145 2732 tom.
3169 2673 3238 2742 II,
3262 2690 3318 2746 p.
3341 2672 3496 2747 549.]

1980 2775 2041 2832 In
2072 2775 2291 2830 nomine
2332 2772 2547 2829 Domini
2592 2772 2689 2828 Dei
2721 2781 2774 2827 et
2820 2771 3118 2827 Salvatoris
3156 2769 3328 2825 nostri
3370 2766 3498 2824 Jesu

1910 2865 2138 2932 Christi,
2157 2865 2486 2934 Ludovicus,
2502 2858 2684 2921 divina
2706 2864 2993 2921 ordinante
3008 2861 3372 2935 providentia,
3403 2859 3499 2914 im-

1908 2967 2134 3034 perator
2153 2959 2450 3030 Augustus.

1983 3051 2193 3107 Divinis
2213 3048 2494 3120 praeceptis
2525 3057 2581 3104 et
2603 3045 2912 3119 apostolicis
2934 3043 3156 3102 monitis
3183 3045 3496 3108 incitamur,

1861 3193 1884 3215 ._
1911 3143 2008 3201 sed
2039 3152 2092 3200 et
2116 3142 2453 3214 imperatorii
2479 3142 2761 3215 regiminis
2786 3139 2961 3198 ofﬁcio
2983 3153 3413 3204 commonemur,
3439 3144 3500 3191 ut

1833 3205 1885 3276 ο
1913 3250 2016 3308 pro
2043 3205 2303 3290 Ecclesia
2323 3240 2468 3288 statu
2496 3205 2660 3301 atvque
2683 3239 2884 3286 sanctze
2909 3229 3186 3300 religionis
3209 3234 3500 3298 augmento

1912 3327 2147 3398 impigro
2175 3339 2391 3396 semper
2425 3323 2713 3395 vigilemus
2743 3321 2961 3389 affectu,
2999 3337 3064 3377 ac
3085 3320 3500 3392 pernecessario

1913 3433 2008 3476 seu
2041 3417 2322 3474 fructuoso
2364 3417 2715 3488 studiosoque
2762 3415 3071 3470 laboremus
3108 3413 3332 3480 effectu;
3365 3419 3432 3468 et.
3454 3409 3502 3466 si

1913 3511 2044 3582 quid
2078 3525 2308 3580 usquam
2338 3507 2751 3580 reprehensioni
2779 3508 3051 3564 invenitur
3072 3506 3386 3572 obnoxium,
3415 3519 3502 3560 re-

293 3597 352 3654 In
381 3599 600 3653 nomine
629 3597 841 3653 Domini
877 3598 970 3652 Dei
1005 3604 1064 3652 ei
1106 3595 1404 3652 salvatoris
1446 3594 1622 3650 nostri
1678 3589 1812 3649 ³6811
1912 3604 2018 3676 giae
2045 3602 2388 3658 auctoritatis
2427 3601 2793 3658 sollicitudine
2819 3602 3154 3673 corrigamus
3186 3614 3201 3653 :
3233 3605 3502 3669 quatenus

224 3689 454 3755 Chrisli.
469 3689 792 3758 LndOVicus,
809 3689 993 3746 (“Vina
1017 3689 1305 3746 ordinante
1325 3688 1694 3768 Ρωνὶἀθιιιίειι
1712 3687 1814 3744 im-
1912 3696 2034 3752 avia
2061 3702 2406 3761 revocantes,
2436 3692 2708 3766 superﬂua
2725 3699 3090 3762 amputantes,
3117 3691 3352 3760 collapsa
3373 3702 3502 3758 quo-

223 3791 445 3852 Ρθτλῑοτ
463 3781 760 3853 Αυειιειιιεο
1912 3801 2020 3858 que
2045 3801 2362 3856 reparcmus
2388 3825 2403 3851 ,
2447 3795 2608 3854 atque
2637 3791 2887 3854 reparata
2933 3792 2990 3836 et
3017 3783 3083 3837 ab
3113 3779 3502 3836 ecclesiasticis

297 3873 357 3930 Si
386 3873 646 3929 ecclesias
686 3882 742 3928 et
779 3871 900 3930 i001
935 3872 1124 3927 divino
1167 3871 1337 3927 cuiiﬂi
1388 3869 1568 3925 die“!
1606 3867 1814 3923 nostris
1910 3877 2050 3933 viris
2075 3874 2559 3945 apostolorumque
2590 3871 2803 3928 Domini
2830 3870 3258 3936 successoribus,
3291 3869 3502 3940 Spiritu

225 3964 602 4037 largitionibus
626 3966 912 4036 providere
941 3965 1255 4036 satagimus,
1299 3972 1465 4033 atque
1496 3963 1696 4018 ibidem
1724 3974 1812 4015 as-
1913 3979 2104 4025 sancto
2149 3945 2373 4039 regente
2397 4007 2413 4034 ,
2450 3967 2589 4021 bene
2643 3971 2843 4020 statuta
2890 3963 3086 4018 edictis
3131 3962 3500 4034 imperialibus

225 4057 380 4114 sidue
410 4056 524 4112 Deo
561 4056 949 4112 famulantibus
977 4056 1171 4110 solatia
1214 4054 1513 4110 clementer
1547 4050 1814 4122 impendi-
1913 4059 2318 4118 conﬁrmemus.
2379 4058 2517 4127 Quia
2561 4056 2780 4128 dignum
2827 4055 3071 4126 prefeclo
3111 4065 3225 4120 est,
3255 4063 3317 4109 ut
3351 4055 3498 4126 quod

225 4165 368 4215 ωηεν
401 4165 508 4204 non
561 4149 736 4204 “iam
784 4147 1138 4202 honoriﬁcam
1178 4146 1381 4217 "98‘"is
1426 4141 1814 4199 muniﬁcentia
1913 4153 2268 4213 sacerdotalis
2303 4153 2540 4224 dignitas
2579 4151 2761 4207 divino
2793 4149 3093 4204 illuminata
3129 4147 3331 4219 Spiritu
3371 4164 3498 4204 cor-

224 4241 670 4297 COHSUCWdiMm
693 4254 1030 4306 exercemus,
1055 4240 1153 4295 κά
1185 4249 1242 4295 εί
1267 4237 1647 4309 ῑθῐηβοτδῖίυω
1690 4248 1814 4290 "0'
1914 4249 2037 4322 pori
2068 4248 2295 4316 Christi,
2328 4248 2473 4320 quod
2505 4257 2588 4303 est
2616 4244 2878 4311 Ecclesia,
2906 4243 3150 4314 ejusdem
3183 4244 3274 4300 Dei
3303 4259 3367 4299 ac
3392 4242 3498 4298 Do—

226 4335 444 4406 gatione
492 4334 756 4388 donorum
810 4342 1086 4403 perpetuae
1132 4347 1233 4389 nos
1272 4331 1540 4388 mercedis
1589 4328 1809 4400 pratmia

1913 4341 2049 4398 mini
2077 4350 2127 4396 et
2161 4340 2467 4396 Salvatoris
2495 4340 2665 4395 nostri
2712 4339 2989 4408 redempta
3031 4337 3314 4407 sanguine,
3346 4335 3500 4390 adin-

223 4426 526 4500 promereri
541 4440 700 4496 posse
721 4424 1063 4482 conﬁdimus.
1088 4425 1433 4496 Quapropter
1451 4423 1666 4480 noverit
1695 4431 1809 4475 om-

1913 4434 2066 4488 venit
2095 4433 2149 4487 in
2188 4433 2393 4498 salute,
2444 4431 2531 4487 vel
2575 4430 2870 4487 reformata
2911 4431 3103 4486 statuit
3138 4430 3192 4484 in
3222 4427 3501 4500 religionis

225 4517 379 4572 nium
431 4515 668 4570 ﬁdelium
710 4524 1055 4580 nostrorum,
1105 4515 1458 4586 praesentium
1501 4512 1709 4568 scilicet
1755 4520 1809 4568 et

1915 4534 2238 4596 augmento,
2271 4525 2326 4579 id
2359 4522 2654 4594 imperialis
2688 4524 2944 4594 majestas
2973 4519 3356 4577 inviolabiliter
3381 4533 3480 4589 per

223 4610 558 4674 futurorum,
583 4607 868 4675 industria,
892 4609 1038 4679 quod
1065 4624 1162 4679 pro
1189 4622 1374 4663 amore
1397 4607 1604 4673 divino,
1647 4615 1809 4677 atque

1917 4631 2234 4674 mansurum
2270 4616 2324 4670 in
2355 4623 2674 4687 perpetuum
2704 4615 2992 4684 potestatis
3024 4627 3135 4668 sua:
3161 4611 3376 4668 studeat
3405 4627 3495 4666 ro-

223 4708 424 4763 anima:
450 4715 648 4762 nostra!
672 4704 928 4767 remedio,
959 4704 1025 4758 ad
1056 4703 1448 4758 mtmaSiefium
1478 4701 1621 4771 quod
1649 4715 1814 4756 νοω·
1914 4709 2096 4766 borari
2125 4717 2418 4778 prmcepto,
2448 4708 2703 4778 quoniam
2739 4705 3000 4776 quidquid
3033 4705 3088 4759 in
3124 4702 3497 4773 hujuscemodi

225 4808 322 4854 tur
348 4814 484 4852 nova
505 4795 748 4860 Corbeia,
787 4795 930 4864 quod
956 4793 1357 4848 eonstruximus
1380 4792 1434 4846 in
1469 4790 1705 4846 Saxonia
1754 4791 1809 4847 in

1916 4801 2150 4874 negotiis
2174 4801 2480 4857 laboratum
2499 4841 2513 4866 ,
2543 4815 2637 4855 seu
2665 4799 2754 4870 pio
2788 4796 2955 4853 cultui
2984 4812 3014 4851 a
3039 4797 3196 4852 nobis
3218 4793 3382 4850 fuerit
3406 4795 3494 4850 de-

225 4890 436 4944 honore
467 4889 523 4943 S-
544 4887 800 4958 Stephani
830 4900 855 4929 ⁸
885 4887 1322 4958 protomartyris.
1369 4886 1456 4941 olli
1485 4887 1646 4941 m0d0
1675 4901 1813 4955 Dm“
1915 4894 2176 4960 dicatum,
2227 4894 2330 4948 hoc
2381 4890 2570 4962 procul
2607 4889 2769 4945 dubio
2818 4895 3020 4943 nostra:
3065 4883 3498 4940 mansuetudinis

224 4991 314 5036 est
335 4980 507 5036 ﬁdelis
529 4982 924 5052 etpropinquus
951 4980 1425 5046 nosterWarinus,
1455 4980 1665 5053 primus
1685 4980 1813 5036 sub-
1915 5000 2084 5056 regno
2113 4991 2168 5039 et
2200 4982 2399 5054 populo
2429 4981 2665 5054 regendo
2694 4977 2966 5035 credimus
2993 4975 3280 5047 specialius
3313 4973 3496 5045 prot‘u-

225 5073 453 5129 ειίιυωε
483 5074 670 5136 abbas,
693 5073 1061 5128 concessimus
1083 5072 1431 5144 Ρίεοθῑίοηθῐη
1449 5072 1812 5142 (Ῑυθωάθῐηίη
1917 5090 2122 5136 turum.
2149 5077 2356 5131 Idcirco
2385 5083 2576 5130 notum
2612 5089 2733 5129 esse
2769 5072 3018 5128 volumus
3045 5069 3296 5125 omnibus
3327 5066 3495 5123 ﬁdeli-

226 5165 396 5220 ﬂlIViO
428 5163 654 5226 Wisel‘a»
682 5164 736 5218 in
765 5178 903 5234 9380
922 5165 1194 5220 WimOGia
1213 5173 1543 5234 nuncupal0,
1575 5165 1660 5219 cui
1691 5181 1816 5220 00n-
1915 5171 2042 5237 bus,
2071 5169 2429 5240 praesentibus
2458 5167 2668 5223 scilicet
2694 5175 2749 5222 et
2772 5164 2994 5232 futuris,
3032 5163 3183 5234 quia,
3209 5169 3496 5234 postquam

227 5255 360 5312 ﬁliis
387 5263 472 5311 εει
506 5255 630 5312 Vilia
657 5256 835 5312 LlliSCi
869 5266 1082 5323 vocata.
1131 5260 1187 5314 in
1232 5259 1493 5314 comitatu
1539 5257 1812 5324 AbboniS,
1917 5263 2030 5321 Deo
2054 5263 2274 5333 auspice
2307 5259 2591 5330 imperium
2623 5268 2912 5330 paternum
2941 5257 3300 5327 suscepimus,
3330 5252 3496 5310 studii

226 5362 354 5419 quae
375 5352 500 5418 quia
525 5349 580 5403 in
613 5348 1017 5404 similitudinem
1045 5348 1289 5418 palorum
1325 5362 1460 5418 quos
1491 5346 1681 5402 incola:
1720 5347 1809 5402 ho-

1917 5357 2077 5413 nobis
2099 5355 2333 5410 maxime
2362 5369 2576 5423 semper
2605 5353 2734 5418 fuit,
2763 5362 2821 5408 ut
2849 5352 3062 5408 Domini
3093 5349 3358 5416 Ecclesia,
3379 5363 3497 5404 ma-

226 5455 330 5496 cas
348 5450 564 5508 vocant,
577 5439 928 5505 construitur,
942 5439 1207 5510 gentilitio
1229 5440 1444 5493 nomine
1466 5437 1533 5492 ab
1548 5436 1809 5509 indigenis

1919 5446 2229 5520 gniﬁcentia
2257 5444 2374 5513 ejus
2401 5444 2695 5500 humilitati
2729 5453 2927 5500 nostrae
2969 5445 3224 5499 divinitus
3259 5441 3494 5516 regenda

226 5531 468 5590 Hoevvar
491 5543 847 5606 nuncupatur,
876 5549 995 5604 qua:
1015 5532 1083 5588 ad
1102 5531 1191 5602 jus
1212 5543 1457 5588 nostrum
1483 5531 1811 5602 pertinebat.
1916 5540 2225 5609 tuendaque
2250 5539 2537 5594 commissa
2555 5579 2568 5603 ,
2599 5537 2850 5594 felicibus
2876 5538 3101 5611 polleret
3128 5535 3492 5600 successibus,

307 5665 590 5744 {Legem
616 5668 720 5744 a|_i_o
746 5666 1059 5744 exemplari,
1088 5668 1142 5721 in
1174 5668 1370 5744 honore
1399 5667 1456 5744 S.
1482 5666 1734 5744 Stephani
1760 5677 1812 5744 et
1915 5673 1989 5728 rit
2020 5685 2230 5744 :neque
2256 5670 2569 5744 Ludovicus
2599 5672 2894 5744 imperator
2921 5672 3206 5731 Corbeiam
3233 5671 3288 5727 in
3323 5669 3490 5725 hono-

240 5735 382 5800 Viti;
419 5735 524 5792 S'ed
559 5740 619 5794 D.
654 5737 759 5793 Viti
787 5735 1026 5809 reliquiae
1063 5747 1185 5809 post
1232 5735 1644 5808 quadriennium
1691 5740 1809 5808 pri-
1915 5761 2032 5802 rem
2068 5735 2267 5799 S.'Viti
2297 5743 2621 5799 construxit.

230 5823 390 5866 mum
414 5810 605 5878 illata;
646 5814 792 5867 unde
823 5811 932 5866 Viti
950 5826 1150 5867 nomen
1177 5809 1353 5867 aliena
1384 5825 1548 5866 manu
1576 5811 1812 5882 irrepse—
