4050 6340
537 329 672 389 1207

1679 317 2001 377 LUDOVICI
2037 317 2059 372 l
2095 313 2569 372 COGNOMENTO
2608 313 2693 370 PII

3659 309 3806 367 1208

530 458 762 514 eamque
804 449 1071 514 quantum
1103 446 1308 496 nostra:
1352 438 1546 493 attinet
1574 446 1816 509 augustae
1841 431 2110 489 devotioni
2137 433 2190 491 Α
2214 429 2518 486 desertores
2543 429 2782 499 ejusdem
2815 426 3081 499 propositi
3113 426 3287 482 effecti
3309 469 3325 495 ,
3355 428 3520 484 rebus
3540 429 3808 486 humanis

529 542 867 597 incessanter
914 536 983 591 ad
1009 534 1238 590 meliora
1281 533 1612 603 provehere,
1660 541 1715 585 et
1737 530 1806 584 ab
1835 528 1925 582 illa
1951 527 2106 597 quid—

528 630 662 700 quid
683 628 905 683 noxium
926 634 1044 683 erat
1064 624 1367 695 eradicare,
1399 631 1561 692 atque
1589 621 1644 675 in
1680 635 1744 675 ea
1773 620 2106 674 incrementa

525 724 789 777 virtutum
813 721 1083 792 plantare.
1120 717 1460 787 Quapropter
1483 714 1780 786 saapissime
1799 711 2108 767 sacerdotes

527 813 741 871 Domini
768 855 782 881 ,
836 827 1071 885 quorum
1099 811 1155 866 id
1181 810 1343 866 ofﬁcii
1372 824 1493 865 esse
1533 821 1884 877 noveramus,
1917 804 2105 859 admo-

523 920 656 960 nere
677 905 988 961 curavimus
1006 943 1021 969 ,
1064 917 1128 958 ac
1153 909 1394 957 nostram
1426 898 1774 970 principalem
1805 894 2107 950 auctorita-

526 1002 636 1048 tem
667 994 985 1065 adjutricem
1017 993 1085 1048 ad
1115 1007 1302 1048 eorum
1343 989 1706 1046 ministerium
1729 986 1885 1055 juxta
1909 984 2104 1039 volun-

526 1090 691 1138 tatem
740 1085 837 1139 Dei
874 1084 1274 1153 exsequendum
1318 1089 1569 1151 prompte
1615 1077 1998 1141 exhibuimus,
2046 1081 2108 1128 ut

525 1174 786 1245 quidquid
831 1175 887 1229 in
915 1175 1196 1230 ordinibus
1220 1171 1605 1229 ecclesiasticis
1623 1211 1636 1234 ,
1674 1168 1758 1224 vel
1781 1169 1837 1223 in
1864 1182 2107 1239 quacun-

524 1281 631 1336 que
660 1281 890 1336 persona
914 1266 1295 1322 emendatione
1315 1265 1534 1334 dignum
1561 1261 1888 1326 invenirent,
1925 1268 2108 1330 pasto-

523 1358 626 1416 rali
657 1359 1013 1424 auctoritate,
1062 1358 1362 1430 postposita
1406 1356 1646 1426 qualibet
1671 1354 1906 1424 torporis
1930 1352 2104 1422 negli-

522 1453 701 1522 gentia
762 1452 847 1507 vel
909 1466 1264 1522 personarum
1327 1451 1640 1520 acceptione
1661 1490 1674 1515 ,
1729 1449 2107 1503 incunctanter

523 1541 882 1611 corrigerent,
911 1548 968 1594 et
997 1541 1066 1596 ad
1089 1549 1293 1595 statum
1318 1541 1660 1597 rectitudinis
1687 1540 1985 1610 perducere
2013 1537 2106 1592 de-

521 1640 810 1688 certarent.
854 1633 1056 1688 Verum
1079 1650 1204 1689 cum
1230 1634 1363 1703 ipsi,
1397 1645 1584 1690 nostra
1615 1632 1801 1688 sedula
1841 1633 2101 1688 exhorta-

521 1728 666 1784 tione
685 1728 970 1795 admoniti,
999 1745 1207 1799 suaque
1247 1729 1434 1784 solerti
1473 1729 1754 1800 vigilantia
1781 1727 1849 1783 de
1878 1735 2022 1784 statu
2046 1733 2104 1782 et

2201 520 2314 590 jam
2335 533 2491 576 erant
2515 523 2751 593 exempti
2775 538 2789 576 :
2812 537 3044 592 quorum
3064 523 3297 592 perditio
3319 538 3428 577 non
3453 524 3578 578 sine
3599 538 3805 593 magno

2208 613 2374 668 animi
2402 614 2530 667 ferri
2561 621 2737 684 potest
2762 628 3015 668 maerore.
3054 611 3282 679 Quidam
3310 613 3477 669 etiam
3507 631 3621 669 non
3653 629 3808 669 eam-

2207 707 2330 761 dem
2358 705 2750 775 professionem
2779 721 2837 760 se
2866 705 3058 760 fecisse
3089 705 3299 760 mentiti
3322 711 3450 760 sunt
3480 724 3493 759 :
3519 705 3621 761 sed
3649 707 3807 760 testi-

2206 799 2308 854 bus
2335 806 2582 868 patenter
2608 799 2864 864 convicti,
2893 813 2992 866 pro
3015 813 3112 853 sua
3147 799 3492 854 contumacia
3517 799 3807 853 canonia

2206 892 2538 963 poenitentiae
2563 900 2690 948 sunt
2721 893 2952 948 subacti.
2979 891 3206 959 Quidam
3233 908 3386 956 vero,
3418 893 3530 948 imo
3557 893 3808 947 maxima

2206 1000 2363 1055 pars,
2403 985 2497 1056 qui
2535 986 2796 1039 hactenus
2830 985 2885 1038 in
2921 985 3249 1053 apostasiam
3278 984 3522 1055 prolapsi
3556 983 3804 1050 fuerant,

2207 1093 2387 1134 coram
2435 1078 2742 1144 venientes,
2796 1077 3018 1148 soloque
3067 1094 3126 1133 se
3160 1086 3524 1149 prostrantes,
3561 1078 3808 1136 confessi

2205 1179 2331 1226 sunt
2365 1169 2611 1226 eamdem
2642 1169 3036 1240 professionem
3068 1170 3122 1224 in
3161 1170 3352 1226 eodem
3385 1171 3507 1226 loco
3535 1171 3809 1241 regulari-

2209 1270 2292 1317 ter
2316 1277 2375 1316 se
2393 1263 2730 1332 promisisse,
2765 1265 2956 1333 suique
2992 1263 3237 1319 misereri
3261 1304 3275 1328 ,
3305 1272 3362 1319 et
3387 1279 3418 1317 a
3447 1264 3690 1319 Domino
3715 1278 3808 1318 ve-

2204 1351 2351 1406 niam
2379 1367 2476 1422 pro
2505 1361 2654 1408 tanto
2690 1353 2928 1408 admisso
2969 1353 3085 1408 dari
3123 1353 3402 1409 humiliter
3442 1351 3802 1424 ﬂagitavere;

2204 1457 2314 1512 qua
2359 1441 2699 1498 confessione
2724 1441 2895 1510 facta,
2945 1442 3173 1498 cucullis
3201 1443 3285 1497 sui
3312 1443 3585 1512 propositi
3615 1458 3806 1498 coram

2204 1541 2352 1588 coetu
2396 1534 2772 1604 episcoporum
2814 1543 2869 1588 et
2911 1542 3236 1589 caeterorum
3257 1534 3632 1600 sacerdotum,
3671 1551 3806 1590 cun-

2204 1626 2384 1696 ctique
2414 1629 2690 1698 sequentis
2723 1628 2932 1684 ordinis
2956 1628 3116 1693 cleri,
3147 1628 3518 1699 nobiliumque
3548 1629 3807 1683 virorum

2205 1733 2312 1772 non
2336 1720 2568 1775 modica
2615 1721 2819 1775 circum
2866 1720 3158 1776 assistente
3185 1719 3360 1785 turba,
3391 1735 3451 1774 se
3480 1719 3806 1788 induerunt,

520 1819 762 1890 profectu
792 1831 991 1878 sanctae
1016 1823 1292 1890 Ecclesiae,
1322 1833 1377 1878 et
1400 1799 1570 1878 sacris
1593 1822 1904 1888 ordinibus,
1931 1828 1988 1876 et
2015 1821 2100 1876 his
2128 1799 2176 1858 Β
2204 1819 2366 1880 atque
2389 1812 2444 1866 in
2471 1827 2756 1868 commune
2774 1853 2789 1879 ν
2810 1826 2879 1866 De
2901 1812 3192 1882 aliquando
3221 1811 3380 1867 Siculi
3415 1811 3520 1866 Sibi
3568 1812 3808 1882 aliisque

519 1925 639 1979 quae
668 1913 1046 1969 emendatione
1081 1914 1242 1984 digna
1281 1914 1636 1979 videbantur,
1668 1918 1934 1966 conventu
1961 1911 2097 1980 apud

2199 1899 2311 1970 jam
2333 1903 2388 1956 in
2409 1903 2599 1958 eodem
2628 1902 2746 1958 loco
2770 1903 3089 1972 contigerat,
3121 1905 3189 1958 ab
3215 1911 3414 1958 sanctae
3438 1902 3806 1972 professionis

519 1993 758 2058 Parisios
791 2003 1036 2072 iussione
1081 2013 1267 2061 nostra
1312 2005 1497 2060 habito
1537 2012 1758 2059 strenua
1805 2009 1861 2056 et
1911 2002 2103 2056 devota
2203 1993 2482 2064 prOPOSilo
2512 1994 2778 2050 diabOIiCO
2813 1994 3263 2065 Propulsarenllll‘
3302 1995 3604 2061 inSlinClu.
3638 2013 3805 2067 regu-

515 2093 932 2162 perspicacitate
979 2102 1316 2161 tractarent,
1370 2095 1513 2149 inter
1561 2103 1759 2150 extera
1802 2092 1980 2147 visum
2021 2100 2106 2147 est

516 2182 641 2248 illis,
669 2192 728 2238 ut
751 2187 1142 2240 monasterium
1172 2186 1571 2256 praeclarissimi
1604 2195 1660 2240 et
1693 2185 1874 2239 eximii
1899 2183 2103 2238 Christi

515 2277 776 2346 martyris
801 2277 950 2332 beati
974 2277 1215 2348 Dionysii
1240 2267 1618 2345 sociorumque
1637 2276 1772 2346 ejus,
1799 2274 1942 2343 quod
1970 2289 2102 2329 con-

519 2374 637 2421 stat
652 2376 926 2423 tantorum
957 2380 1255 2441 martyrum
1286 2369 1504 2425 nomine
1539 2369 1652 2424 Deo
1678 2367 2016 2432 dedicatum,
2047 2374 2102 2422 et

518 2471 550 2509 a
578 2457 796 2527 regibus
835 2457 1168 2514 Francorum
1219 2460 1764 2530 progenitoribusque
1795 2458 1980 2529 gloria:
1998 2473 2100 2513 no-

515 2559 645 2605 strae
666 2552 1015 2622 amplissimis
1042 2553 1204 2607 rebus
1236 2554 1489 2620 ditatum,
1517 2569 1625 2624 quo
1655 2554 1709 2607 in
1741 2568 1807 2608 eo
1834 2551 2099 2607 monasti-

516 2657 614 2698 cus
661 2643 796 2698 ordo
837 2644 1089 2715 religiose
1134 2645 1246 2701 Deo
1299 2647 1636 2712 deserviret,
1680 2660 1876 2716 magna
1917 2659 2103 2701 emen-

515 2734 732 2790 datione
757 2745 814 2791 et
841 2739 1177 2793 correctione
1206 2754 1341 2809 opus
1365 2739 1609 2806 haberet,
1643 2739 1896 2808 quoniam
1935 2740 2002 2793 ab
2034 2751 2100 2794 eo

511 2825 656 2880 idem
677 2829 812 2882 ordo
839 2830 907 2884 ad
927 2830 1222 2885 multorum
1247 2832 1562 2900 discrimen,
1590 2832 1738 2887 nulla
1776 2833 2100 2888 necessitate

510 2919 904 2987 praepediente,
953 2923 1152 2979 nullius
1183 2924 1262 2979 rei
1303 2925 1480 2994 inopia
1510 2925 1841 2991 obsistente,
1883 2922 2100 2994 penitus

509 3017 630 3063 erat
653 3010 892 3067 avulsus.
947 3013 1120 3080 Quam
1147 3031 1370 3070 causam
1390 3057 1404 3081 ,
1455 3024 1567 3070 tam
1601 3031 1700 3086 per
1738 3031 1798 3071 se
1827 3010 2108 3088 quamque

512 3110 568 3155 et
593 3117 693 3171 per
714 3103 1076 3160 venerabilem
1100 3106 1526 3176 prudentemque
1545 3107 1719 3162 virum
1765 3105 2097 3172 Hilduinum,

509 3197 797 3250 memorati
841 3199 1158 3254 monasterii
1207 3199 1520 3271 religiosum
1564 3200 1843 3263 abbatem,
1900 3207 2099 3254 nostrae

509 3289 824 3342 serenitatis
849 3291 1072 3346 auribus
1099 3291 1509 3361 intimaverunt,
1540 3293 1615 3348 uti
1647 3300 1831 3348 nostra
1854 3291 2098 3362 piissima

406 3386 414 3395 '
509 3377 780 3447 imperiali
806 3389 1073 3449 potestate
1104 3399 1202 3452 per
1227 3400 1414 3439 eorum
1447 3386 1825 3440 auctoritatem
1856 3385 2099 3455 corrige-

512 3473 683 3520 retur.
730 3469 884 3525 Unde
927 3473 1161 3542 dignitas
1200 3475 1415 3543 imperii
1444 3477 1616 3532 nostri
1649 3483 1927 3531 tantorum
1954 3476 2101 3531 viro-

511 3572 632 3612 rum
663 3560 1079 3618 saluberrimam
1117 3567 1560 3631 admonitionem,
1598 3576 1653 3621 et
1677 3566 1916 3636 ejusdem
1937 3583 2100 3622 vene-

509 3654 698 3710 rabilis
761 3655 973 3712 abbatis
1022 3656 1261 3713 Hilduini
1313 3673 1504 3729 preces
1560 3660 1893 3716 humillimas
1946 3675 2099 3716 more

508 3745 922 3816 tranquillitatis
981 3757 1180 3804 nostra:
1228 3751 1386 3806 solito
1441 3759 1720 3820 gratanter
1762 3751 2099 3823 benigneque

506 3835 832 3906 suscipiens,
884 3846 1047 3908 atque
1083 3839 1138 3894 in
1175 3841 1428 3912 omnibus
1461 3841 1803 3898 emendabile
1822 3843 2094 3913 judicans,

505 3943 576 3982 ne
595 3927 731 3980 tanti
760 3928 967 3984 ordinis
1000 3929 1258 4000 collapsio
1288 3931 1478 3986 salutis
1509 3938 1711 3986 nostrae
1741 3947 1956 4002 quoquo
1982 3950 2098 3990 mo-

505 4020 575 4074 do
607 4019 761 4075 ﬁeret
785 4021 1079 4087 damnatio,
1109 4022 1176 4076 ad
1201 4024 1420 4078 eosdem
1443 4023 1704 4093 praesules
1730 4024 2098 4081 Ecclesiarum

508 4109 649 4165 .dem
681 4112 991 4168 censuimus
1030 4113 1221 4168 referri
1264 4116 1562 4186 negotium,
1607 4122 1667 4169 ut
1695 4116 1864 4171 nostri
1894 4117 2096 4185 princi-

503 4210 665 4272 patus
714 4203 1043 4258 auctoritate
1090 4219 1388 4275 eorumque
1418 4205 1652 4274 judicio,
1703 4206 1902 4276 quibus
1943 4214 2091 4262 tanta

501 4303 588 4350 est
615 4295 813 4351 collata
844 4305 1084 4367 potestas
1111 4315 1141 4353 a
1171 4297 1432 4364 Domino,
1479 4299 1622 4353 idem
1663 4300 1797 4354 ordo
1824 4300 1878 4357 in
1903 4299 2093 4354 eodem

506 4387 627 4443 loco
671 4390 875 4459 absque
920 4392 1309 4446 retractatione
1363 4393 1759 4448 restitueretur.
1802 4393 2094 4448 Venientes

401 4555 406 4558 η
506 4495 638 4550 ergo
677 4479 932 4537 Aldricus
970 4483 1312 4551 metropolita
1343 4482 1644 4540 Scnonieus
1674 4501 1796 4540 cum
1831 4483 2093 4556 sufl‘raga-

2137 3163 2174 3191 Η

2138 3203 2174 3230 «Ι

2204 2085 2374 2140 larem
2394 2086 2810 2155 promissionem
2838 2087 3190 2140 iteraverunt.
3230 2085 3363 2139 Pars
3388 2086 3629 2155 denique
3657 2103 3805 2156 quae-

2205 2176 2329 2230 dam
2355 2189 2566 2242 eorum,
2594 2176 2670 2230 illi
2704 2177 2910 2231 scilicet
2935 2177 3028 2246 qui
3053 2176 3249 2232 divina:
3280 2177 3662 2246 inspirationis
3685 2195 3806 2232 mu-

2204 2280 2335 2320 nere
2383 2266 2510 2331 acti,
2558 2274 2614 2320 et
2664 2281 2850 2320 amore
2895 2266 3131 2321 devincti
3171 2267 3226 2320 in
3267 2276 3470 2320 sanetze
3515 2268 3804 2339 religionis

2202 2360 2483 2431 proposito
2525 2368 2579 2414 et
2611 2360 2828 2424 habitu,
2880 2361 3124 2430 apprime
3174 2360 3378 2428 absque
3414 2359 3524 2413 ulla
3555 2359 3804 2432 refraga-

2203 2453 2351 2508 tione
2380 2460 2474 2506 aut
2517 2451 2933 2521 interpolatione
2968 2451 3259 2519 elegerunt
3305 2449 3539 2505 viriliter
3585 2466 3805 2522 perma-

2203 2566 2354 2617 nere,
2389 2558 2444 2605 et
2476 2551 2531 2604 in
2562 2549 2698 2605 cella
2729 2547 2970 2617 ejusdem
3006 2547 3229 2617 majoris
3264 2549 3621 2615 monasterii,
3654 2560 3803 2619 post-

2202 2660 2364 2714 quam
2396 2643 2579 2699 cteteri
2609 2641 2962 2697 monasticam
2997 2642 3163 2696 vitam
3187 2649 3241 2695 et
3263 2641 3512 2696 habitum
3537 2642 3802 2696 deserue-

2202 2746 2349 2804 runt,
2379 2753 2550 2807 usque
2581 2735 2650 2791 ad
2676 2737 2818 2791 hanc
2842 2744 3042 2791 nostra:
3063 2735 3494 2791 demandationis
3525 2737 3798 2806 synodum

2202 2828 2445 2883 habitam
2489 2827 2686 2897 degere
2711 2868 2725 2894 ,
2766 2836 2893 2881 ante
2928 2825 3042 2894 jam
3082 2835 3417 2883 memoratos
3449 2827 3798 2882 venerabiles

2201 2929 2386 2991 patres
2427 2926 2695 2974 venerunt
2719 2959 2733 2984 ,
2767 2919 3055 2990 locumque
3080 2919 3370 2989 pristinum
3397 2961 3413 2986 ,
3446 2920 3505 2974 in
3535 2936 3651 2990 quo
3674 2936 3801 2991 pro-

2203 3013 2517 3069 missionem
2549 3010 2824 3078 fecerant,
2842 3021 2896 3068 et
2927 3012 3269 3080 regulariter,
3303 3013 3426 3070 licet
3451 3014 3643 3070 minus
3669 3031 3799 3085 per-

2205 3103 2372 3168 fecte,
2401 3105 2682 3170 vixerant,
2727 3104 2830 3160 sibi
2877 3113 2932 3159 et
2984 3120 3042 3160 se
3076 3106 3348 3175 petierunt
3387 3105 3510 3160 loco
3551 3108 3799 3172 restitui,

2206 3213 2436 3268 quorum
2464 3198 2692 3253 semotio
2713 3197 2783 3252 ob
2807 3196 2861 3252 id
2887 3197 3182 3265 acciderat,
3217 3198 3498 3268 quoniam,
3528 3207 3589 3252 ut
3612 3201 3803 3268 pnedio

2203 3290 2404 3357 ximus,
2431 3305 2558 3345 mox
2584 3299 2646 3344 ut
2668 3289 2849 3345 divina
2879 3290 3120 3360 dignatio
3158 3306 3258 3346 nos
3293 3300 3523 3361 paterna
3552 3293 3688 3348 sede
3711 3309 3804 3348 so-

2202 3391 2387 3453 scepta
2432 3381 2807 3452 imperialibus
2851 3382 3081 3452 sceptris
3132 3382 3290 3436 inniti
3337 3382 3546 3448 voluit,
3577 3384 3688 3455 pia:
3718 3385 3800 3440 in-

2202 3479 2462 3535 tentionis
2491 3486 2691 3534 nostra:
2727 3477 3033 3533 sollicitudo
3067 3478 3290 3549 exsequi
3335 3481 3663 3549 procuravit
3687 3523 3702 3545 ,
3744 3489 3802 3536 ut

2193 3555 2411 3641 religio,
2453 3569 2618 3626 decor
2653 3576 2711 3624 et
2740 3569 2918 3624 omnis
2953 3569 3210 3625 honestas
3252 3586 3284 3624 a
3321 3571 3523 3625 domno
3558 3581 3618 3626 et
3645 3572 3795 3643 geni-

2202 3670 2323 3718 tore
2349 3669 2538 3718 nostro
2565 3661 2704 3717 diva:
2724 3661 3002 3717 memoriae
3022 3661 3216 3718 Carolo
3235 3671 3410 3732 empta
3436 3670 3492 3717 et
3517 3663 3794 3730 instituta,

2201 3752 2406 3824 liquido
2451 3760 2506 3808 et
2551 3753 2847 3819 veraciter,
2899 3761 3105 3808 remota
3135 3754 3282 3810 omni
3317 3755 3711 3821 simulatione,
3742 3757 3799 3810 in

2200 3847 2436 3917 propriis
2477 3847 2786 3918 quibusque
2832 3857 3080 3903 maneret
3125 3857 3180 3903 et
3228 3848 3434 3917 vigeret
3481 3850 3793 3904 ordinibus.

2202 3938 2356 3994 Unde
2396 3939 2465 3994 ad
2509 3941 2826 3995 monastica:
2860 3939 3215 3995 institutionis
3235 3955 3482 3994 normam
3512 3943 3800 4012 corrigen-

2201 4030 2345 4094 dam,
2378 4030 2511 4085 duos
2536 4031 2816 4101 religiosos
2845 4038 2900 4085 et
2922 4029 3246 4086 venerabilis
3271 4031 3398 4085 vitae
3422 4030 3594 4097 viros,
3623 4031 3799 4087 Bene-

2201 4121 2406 4176 dictum
2429 4129 2483 4176 et
2511 4121 2797 4176 Arnull'um
2827 4118 3050 4177 abba'tes
3070 4162 3084 4187 ,
3127 4121 3530 4186 constituimus,
3560 4123 3658 4192 qui
3698 4138 3796 4193 per

2204 4221 2449 4268 nostrum
2493 4229 2524 4268 a
2559 4214 2671 4270 Deo
2706 4213 3117 4285 gubernandum
3142 4223 3197 4268 et
3228 4215 3668 4270 conservandum
3697 4217 3796 4270 im-

2198 4304 2410 4374 perium
2456 4304 2627 4360 seduli
2657 4305 2782 4360 huic
2809 4306 3026 4376 negotio
3063 4305 3303 4361 studiose
3331 4306 3679 4361 insisterent.
3728 4307 3796 4362 li-

2200 4396 2324 4452 dem
2357 4410 2488 4452 vero
2514 4397 2642 4452 boni
2683 4403 2740 4452 et
2771 4396 2980 4461 devoti,
3032 4396 3130 4451 sed
3162 4395 3552 4467 simplicissimi
3580 4405 3794 4466 patres,

2201 4504 2362 4558 supra
2411 4496 2829 4544 memoratorum
2870 4488 3101 4542 fratrum
3151 4486 3443 4543 calliditate
3482 4496 3544 4543 et
3587 4489 3796 4544 duritia

503 4572 622 4627 neis
657 4573 790 4639 suis,
816 4588 919 4629 nec
948 4589 1055 4628 non
1071 4583 1127 4629 et
1155 4574 1268 4630 Ebo
1295 4578 1639 4646 metropolita
1667 4552 2091 4634 Durocortorum
2116 4552 2171 4613 Ῑ)
2202 4552 2406 4649 suaque
2436 4580 2783 4650 simplicitate
2811 4580 3067 4645 abducti,
3107 4595 3215 4635 non
3246 4579 3446 4644 studio,
3477 4579 3577 4634 sed
3606 4580 3797 4638 minus

501 4680 626 4720 cum
649 4664 1003 4736 suiiraganeis
1036 4668 1149 4722 suis
1177 4669 1245 4722 ad
1277 4677 1637 4724 memoratum
1674 4672 2086 4737 monasterium,

503 4757 690 4812 habito
721 4767 990 4814 conventu
1014 4799 1029 4824 ,
1066 4760 1302 4829 primum
1332 4761 1478 4830 quod
1514 4761 1655 4816 idem
1695 4763 2089 4818 monasterium

501 4849 680 4904 ordini
709 4851 1012 4906 monastico
1043 4860 1437 4919 constructum,
1472 4853 1781 4909 dedicatum
1801 4894 1816 4920 ,
1846 4864 1902 4909 et
1928 4857 2089 4911 rebus

499 4938 728 4994 ditatum
754 4939 948 5008 fuerit,
995 4949 1051 4996 et
1097 4943 1152 4996 in
1178 4958 1243 4998 eo
1274 4945 1390 5014 ipse
1416 4944 1550 4999 ordo
1580 4959 1752 5012 usque
1776 4945 1844 5000 ad
1872 4953 2087 5016 tempus

500 5042 608 5096 quo
655 5037 865 5100 sceptra
909 5031 1210 5102 imperialia
1236 5073 1250 5098 ,
1297 5049 1534 5103 superna
1577 5034 1841 5106 largiente
1883 5037 2083 5107 gratia,

501 5115 786 5174 clementia
831 5130 1020 5176 nostra
1071 5124 1308 5193 suscepit
1331 5166 1343 5185 ,
1388 5134 1442 5179 et
1474 5107 1638 5196 supra
1668 5129 1952 5183 memorati
1981 5129 2087 5184 Hil-

504 5207 652 5263 duini
684 5211 891 5268 abbatis
916 5215 1287 5283 praelationem
1315 5216 1512 5272 ibidem
1532 5227 1806 5290 utcunque
1829 5221 2081 5291 viguerit,

502 5297 804 5356 manifestis
835 5305 1068 5373 indiciis,
1102 5324 1399 5380 regumque
1433 5312 1672 5381 antiquis
1713 5322 1769 5368 et
1810 5313 2085 5369 modernis

499 5395 820 5465 prmceptis,
865 5407 919 5452 et
953 5402 1330 5471 episcoporum
1364 5404 1662 5474 privilegiis
1685 5445 1700 5470 ,
1740 5419 1804 5460 ac
1844 5405 2083 5459 fidelium

501 5486 900 5553 donationibus,
944 5493 1119 5560 palam
1154 5496 1364 5550 cunctis
1397 5505 1478 5551 est
1511 5495 1733 5550 factum.
1777 5496 1980 5550 Deinde
2007 5497 2085 5551 di-

499 5573 756 5645 ligentem
783 5578 1181 5648 inquisitionem
1217 5586 1462 5641 fecerunt
1499 5603 1664 5654 super
1691 5588 1774 5641 bis
1799 5589 1890 5656 qui
1919 5589 1970 5642 in
1995 5604 2086 5642 eo-

500 5666 622 5720 dem
645 5669 762 5725 loco
786 5673 1087 5743 regularem
1118 5679 1531 5744 promissionem
1554 5677 1820 5733 fecerunt.
1865 5680 1942 5732 Ex
1967 5681 2086 5750 qui-

502 5752 604 5810 bus
643 5761 897 5832 quidam,
949 5765 1041 5835 qui
1087 5765 1336 5823 eamdem
1385 5768 1775 5838 professionem
1817 5770 2081 5846 fecerant,

2200 4672 2384 4728 subtili
2417 4679 2473 4727 et
2513 4672 2820 4728 necessaria
2865 4672 3283 4744 investigatione
3325 4681 3381 4726 et
3415 4673 3793 4744 providentia,

2198 4764 2448 4820 fallentes
2474 4779 2569 4820 eos
2594 4765 2686 4834 qui
2715 4765 2769 4819 in
2796 4764 3068 4820 soliditate
3100 4780 3209 4819 suae
3238 4762 3497 4835 professe
3524 4765 3796 4823 salvatio-

2196 4856 2281 4911 nis
2300 4857 2750 4927 perduraverunt,
2778 4872 2809 4910 a
2834 4857 3164 4912 monasterio
3196 4867 3580 4925 removerunt,
3616 4869 3793 4932 atque

2195 4949 2251 5002 in
2297 4957 2598 5005 memorata
2644 4948 2778 5003 cella
2820 4948 3250 5014 collocaverunt;
3289 4960 3346 5006 et
3379 4951 3501 5007 illos
3529 4953 3625 5022 qui
3659 4969 3790 5025 pm-

2189 5039 2323 5109 prite
2347 5039 2642 5094 voluntatis
2674 5039 2858 5096 libitus
2887 5041 3222 5096 nonvvirtute
3252 5043 3346 5097 sed
3370 5045 3611 5098 versutia
3635 5060 3788 5115 qua-

2190 5130 2418 5193 sierunt,
2463 5143 2528 5184 ac
2568 5129 2706 5185 collo
2756 5130 2822 5185 de
2854 5130 2954 5185 sub
2989 5129 3122 5201 jugo
3163 5131 3365 5203 regula:
3398 5147 3635 5189 excusso
3665 5134 3787 5192 loro

2189 5220 2546 5291 distigatioris
2593 5221 2721 5276 vitae
2763 5220 2942 5286 soluti,
2985 5221 3234 5292 ampliori
3274 5223 3470 5280 itinere
3494 5224 3782 5282 caelestem

2189 5312 2418 5382 patriam
2447 5321 2632 5381 petere
2667 5319 2793 5366 sunt
2817 5313 3027 5377 conati,
3080 5313 3133 5366 in
3162 5313 3450 5369 domiciliis
3487 5317 3782 5373 reverendi

2188 5403 2406 5458 habitus
2433 5411 2487 5458 et
2516 5405 2640 5458 vita:
2663 5406 2974 5460 monasticae
3001 5405 3354 5474 reliquerunt.
3391 5405 3498 5462 Sed
3527 5408 3782 5465 laudabi-

2184 5493 2290 5548 lius
2318 5495 2371 5548 hi
2414 5504 2592 5564 patres
2633 5495 2889 5550 Ecclesize
2931 5497 3257 5552 auctoritate
3301 5515 3400 5554 sua
3429 5499 3610 5571 digna:
3631 5502 3783 5572 peti-

2182 5589 2316 5642 tioni
2340 5587 2586 5653 fratrum,
2623 5605 2758 5658 quos
2782 5589 2834 5642 in
2864 5605 2975 5644 sua:
3003 5591 3282 5661 religionis
3306 5592 3506 5646 virtute
3529 5593 3778 5650 diximus

2184 5680 2546 5751 permansisse
2565 5721 2578 5744 ,
2616 5682 2742 5748 quia
2769 5681 2846 5736 sic
2875 5683 3045 5736 nostri
3076 5698 3331 5738 assensus
3355 5682 3529 5753 jussio
3571 5685 3776 5750 fuerat,

2183 5779 2481 5834 annuentes
2508 5811 2522 5841 ,
2571 5771 2965 5840 rationabiliter
2991 5775 3329 5836 etcanonice
3358 5773 3772 5844 satisfecerunt,
