4050 6340
190 347 359 408 {209

1334 325 1737 386 DIPLOMATA
1772 322 2327 382 ECCLESIASTICA.

3336 318 3479 379 ἔξω

189 475 259 524 et
293 465 370 522 ob
410 456 770 534 suggestionis
805 455 1057 513 notitiam
1085 493 1100 520 ,
1153 459 1214 507 ut
1241 458 1440 506 nostrie
1465 448 1795 520 panderetur
1819 444 1873 504 A
1896 443 2000 514 lpsi
2049 442 2117 498 de
2162 449 2360 497 caetero
2399 437 2612 534 fratres
2635 476 2650 504 ,
2699 443 2952 507 respectu
2996 435 3480 534 divinoprocessu

192 553 524 616 celsitudini
553 593 567 619 ,
613 551 846 622 qualiter
891 548 977 604 vel
1015 560 1122 616 quo
1159 543 1348 599 ordine
1376 550 1489 596 tam
1515 538 1802 594 devotissi»

194 664 366 707 mum
391 646 598 702 factum
621 643 688 698 ab
711 642 916 698 eisdem
943 633 1368 708 religiosissimis
1400 631 1535 685 viris
1561 630 1631 684 sit
1661 627 1800 683 cele-

193 743 434 798 bratum
461 779 476 804 ,
498 738 633 792 duas
660 749 820 806 super
847 734 950 788 hoc
971 730 1117 799 jure,
1142 727 1259 799 pari
1295 727 1504 789 tenore,
1532 720 1803 791 conscrip-

195 833 394 890 tiones
441 829 720 892 fecerunt,
767 839 967 893 easque
998 821 1247 876 manibus
1285 816 1642 871 ﬁrmaverunt
1671 827 1801 882 pro-

196 925 371 997 priis,
401 930 462 978 ut
492 921 660 976 altera
703 933 891 974 earum
938 917 994 970 in
1037 913 1258 968 archivo
1292 909 1461 979 ipsius
1486 905 1802 961 monasterii

198 1017 281 1070 ob
315 1013 636 1070 memoriam
663 1020 717 1068 et
747 1011 1095 1067 stabilitatem
1123 1008 1252 1063 inibi
1286 1005 1446 1075 hujus
1468 1002 1675 1060 ordinis
1707 1017 1804 1072 per

202 1107 402 1162 futura
444 1116 688 1177 tempora
735 1111 1068 1168 servaretur,
1110 1100 1338 1155 alteram
1366 1105 1565 1152 nostrzn
1599 1093 1805 1164 magni-

201 1198 395 1254 tudini
431 1198 764 1262 direxerunt,
793 1204 852 1250 ut
890 1195 1035 1249 illam
1073 1187 1806 1263 palatinisscriniisjubere«

203 1305 340 1345 mus
384 1288 676 1345 recondere
724 1289 792 1344 ob
839 1295 1250 1342 monumentum
1291 1292 1345 1338 et
1367 1283 1525 1337 istius
1548 1282 1649 1336 rite
1677 1279 1804 1334 facti

205 1389 536 1451 perpetuam
567 1381 898 1435 ﬁrmitatem.
929 1378 1037 1434 Sed
1062 1393 1184 1434 cum
1216 1377 1359 1436 idem
1390 1374 1542 1438 ordo,
1576 1373 1688 1427 Deo
1708 1387 1807 1425 an-

206 1479 442 1535 nuente,
477 1479 735 1540 quantum
759 1469 1014 1525 divinitus
1041 1467 1213 1522 videri
1253 1466 1516 1529 dabatur,
1537 1463 1590 1517 in
1615 1463 1805 1517 eodem

209 1563 340 1619 loco
372 1563 602 1618 feliciter
647 1563 956 1629 incederet,
1007 1561 1261 1631 antiquus
1313 1558 1507 1614 salutis
1554 1557 1807 1611 humanae

211 1653 476 1708 inimicus
497 1653 759 1723 quosdam
789 1667 855 1706 ex
885 1653 1020 1722 ipsis
1047 1651 1308 1705 fratribus
1352 1664 1449 1704 sua
1473 1663 1676 1718 organa
1694 1643 1808 1700 elli-

213 1743 396 1808 ciens,
428 1743 562 1797 adeo
593 1743 912 1798 insidiarum
949 1729 1170 1797 suarum
1201 1740 1358 1795 furiis
1381 1737 1690 1810 exagitavit,
1723 1743 1803 1802 ut,

1900 535 2159 606 temporis
2185 534 2348 588 corda
2395 531 2610 586 illorum
2643 537 2917 600 tangente,
2943 531 3208 601 propositi
3233 531 3316 587 sui
3342 537 3480 586 εει-θ.

1897 629 1991 684 nui
2031 635 2086 683 et
2110 625 2506 696 praeteritarum
2544 622 2992 694 negligentiarum
3019 624 3361 693 paenitentiae
3394 623 3483 678 de-

1899 720 2010 775 voti
2043 725 2392 773 exsecutores
2413 714 2608 780 effecti,
2638 730 2902 770 consensu
2925 713 3130 772 salubri
3153 725 3209 772 et
3227 714 3483 787 prudenti

1903 822 2012 868 tres
2042 810 2316 866 chartulas
2340 808 2800 877 conscripserunt,
2831 816 2892 862 ut
2934 823 3040 862 una
3069 824 3257 864 earum
3297 808 3364 863 ad
3391 823 3481 863 ca-

1900 914 1995 976 put
2021 901 2536 976 gloriosissimorum
2553 898 2752 955 Christi
2781 908 3080 971 martyrum
3106 897 3278 966 ﬁeret,
3307 899 3481 955 altera

1903 999 2063 1070 regiae
2090 994 2474 1052 dominationis
2501 1001 2701 1048 nostrae
2737 991 2981 1046 custodia
3023 991 3227 1046 servari
3257 991 3482 1046 deman-

1903 1092 2147 1154 daretur,
2180 1087 2396 1144 tertiam
2430 1101 2561 1142 vero
2586 1085 2752 1156 ipsius
2781 1083 3091 1138 monasterii
3124 1081 3290 1138 abbas
3319 1083 3487 1138 liabe-

1903 1189 1986 1238 ret
2017 1199 2030 1234 :
2065 1181 2119 1234 in
2155 1179 2352 1249 quibus
2389 1191 2447 1232 se
2477 1192 2507 1230 a
2537 1177 2696 1230 beato
2727 1183 2880 1245 patre
2904 1173 3195 1229 Benedicto
3213 1215 3228 1240 ,
3256 1173 3487 1228 docente

1903 1281 2090 1328 sancto
2138 1269 2379 1340 Spiritu,
2423 1268 2748 1337 descriptam
2795 1265 3035 1336 regulam
3091 1273 3218 1321 sunt
3266 1280 3489 1322 scrvare

1905 1363 2042 1419 velle
2072 1360 2346 1433 professi,
2397 1367 2459 1414 ut
2503 1357 2873 1429 unusquisque
2902 1373 3088 1412 eorum
3132 1372 3328 1413 nomen
3355 1373 3487 1429 pro—

1904 1454 2081 1526 prium
2119 1467 2242 1507 cum
2287 1451 2456 1523 gradu
2498 1457 2552 1504 et
2586 1449 2835 1504 monachi
2881 1448 3238 1519 appellatione
3283 1448 3489 1505 eisdem

1907 1544 2110 1600 chartis
2147 1543 2332 1598 subter
2371 1540 2644 1595 ﬁrmavit:
2675 1556 2906 1610 quarum
2949 1556 3113 1595 unam
3137 1541 3490 1613 benignitatis

1907 1645 2105 1691 nostrae
2146 1633 2446 1705 praesentia:
2483 1633 2876 1696 exhibuerunt,
2909 1632 3188 1687 humiliter
3212 1633 3493 1702 postulan~

1908 1734 2011 1792 tes,
2062 1727 2202 1780 sicut
2244 1732 2300 1780 et
2347 1740 2490 1794 smpe
2539 1724 2826 1780 memorati
2869 1723 3206 1779 venerabiles
3247 1731 3430 1794 patres
3459 1740 3494 1780 θ

213 1803 626 1905 conspiratione
673 1844 727 1888 et
769 1834 1146 1905 conjuratione
1177 1833 1320 1888 facta
1338 1874 1353 1898 ,
1391 1841 1444 1887 et
1470 1803 1804 1902 propositum
1833 1803 1882 1864 Β
1909 1821 2104 1890 quibus
2133 1817 2418 1890 synodales
2453 1815 2800 1872 diﬁinitiones
2824 1814 3110 1870 celebrata:
3136 1823 3282 1880 sunt,
3307 1822 3494 1871 aucto—

217 1926 586 1982 monasticum
608 1928 971 1997 abnegarent,
1009 1935 1064 1981 et
1098 1927 1215 1982 sine
1235 1927 1453 1982 licentia
1484 1926 1566 1981 sui
1594 1924 1806 1980 abbatis

215 2018 541 2088 propriique
587 2019 826 2089 episcopi
869 2034 934 2075 ac
962 2017 1399 2088 metropolitani,
1429 2032 1618 2073 eorum
1645 2015 1807 2086 legati

218 2099 506 2182 dignitatis
553 2120 754 2166 nostra:
794 2112 1217 2166 dominationem
1266 2112 1500 2177 adirent,
1547 2117 1602 2164 et
1636 2109 1806 2164 mole-

218 2203 388 2257 stiam
417 2218 580 2274 super
607 2205 710 2259 hac
735 2205 945 2259 ratione
971 2213 1160 2259 contra
1183 2204 1498 2259 canonicam
1528 2211 1582 2257 et
1609 2216 1808 2272 propo-

221 2293 316 2348 siti
385 2295 467 2349 sui
531 2295 927 2351 institutionem
981 2296 1289 2373 serenitatis
1340 2304 1538 2350 nostra:
1586 2293 1806 2348 auribus

221 2382 429 2440 inferre
458 2394 868 2456 praesumerent,
893 2385 1185 2442 offerentes
1212 2387 1369 2441 nobis
1401 2393 1601 2439 tomum
1628 2384 1683 2438 in
1711 2399 1804 2439 ac-

222 2478 564 2534 cusationem
589 2489 644 2535 et
667 2480 1058 2550 blasphemiam
1096 2481 1502 2551 episcoporum,
1533 2480 1624 2550 qui
1653 2493 1711 2533 se
1739 2476 1808 2534 de

224 2573 521 2642 apostasia,
551 2573 607 2627 in
640 2589 746 2644 qua
774 2575 1151 2637 versabantur,
1182 2583 1408 2645 paterna
1445 2571 1807 2629 sollicitudine

224 2672 417 2719 nostra
470 2667 792 2721 auctoritate
839 2675 1221 2732 correxerant,
1269 2676 1324 2722 et
1366 2667 1434 2721 ad
1474 2665 1808 2735 propositum

225 2755 372 2825 quod
421 2756 842 2826 abdicaverant,
913 2760 1094 2816 redire
1147 2768 1432 2816 suaserant
1472 2775 1486 2824 ;
1547 2757 1807 2812 addentes

225 2845 392 2901 etiam
435 2847 491 2902 in
529 2849 719 2905 eadem
764 2851 1018 2906 schedula
1065 2851 1170 2906 alia
1213 2867 1333 2922 qum
1359 2851 1518 2922 digna
1555 2864 1661 2904 non
1684 2855 1809 2903 sunt

227 2934 597 3007 imperialibus
627 2941 829 2995 nostris
868 2941 1084 3012 scriptis
1113 2942 1384 2996 interseri.
1424 2941 1595 2995 Porro
1622 2948 1807 2994 nostra

228 3025 468 3093 solertia,
497 3029 698 3084 auditis
725 3045 911 3084 eorum
936 3029 1308 3098 querimoniis,
1341 3035 1808 3100 supramemorato

226 3117 524 3172 venerabili
562 3119 682 3174 viro
721 3119 974 3176 Hilduino
1003 3130 1188 3176 nostra
1220 3122 1381 3191 jussit
1406 3121 1716 3184 clementia,
1749 3129 1808 3175 ut

228 3209 445 3265 eosdem
473 3211 758 3282 episcopos
783 3220 970 3267 contra
1003 3228 1140 3282 quos
1167 3214 1549 3282 querebantur,
1577 3227 1676 3267 nec
1700 3227 1808 3267 non

229 3307 285 3355 et
325 3300 460 3356 alios
498 3301 567 3355 ab
611 3303 954 3356 accusatione
1005 3302 1292 3367 immunes,
1340 3301 1585 3370 jussioue
1623 3310 1808 3358 nostra

233 3393 301 3448 ad
345 3392 521 3462 ipsum
563 3394 750 3448 venire
796 3394 1075 3448 mandaret
1116 3393 1528 3449 monasterium.
1583 3394 1650 3448 Et
1683 3394 1810 3464 quia

231 3483 300 3538 ad
327 3483 577 3538 notitiam
600 3492 843 3539 nostram
870 3479 975 3554 ipsi
1005 3484 1203 3541 fratres
1229 3500 1356 3541 suos
1381 3487 1580 3541 misere
1611 3487 1812 3542 clamo-

230 3586 356 3638 res,
409 3573 551 3628 unde
589 3573 665 3627 nil
711 3575 1019 3643 ambiguum
1060 3583 1116 3630 et
1149 3575 1266 3631 sine
1288 3575 1448 3644 justte
1478 3575 1810 3633 diflinitionis

233 3662 452 3718 decreto
477 3662 561 3719 fas
587 3674 668 3719 est
700 3664 1018 3730 abscedere,
1049 3667 1411 3736 complurium
1435 3669 1811 3739 episcoporum

231 3751 479 3824 diligenti
515 3758 766 3813 examine
799 3773 914 3814 rem
943 3760 1256 3815 reventilari
1291 3768 1348 3816 et
1381 3763 1644 3817 canonice
1673 3761 1809 3818 difﬁ-

234 3849 358 3916 niri,
384 3858 442 3904 et
477 3850 749 3921 conSOpiri
787 3853 1142 3921 praecepimus
1177 3871 1189 3906 :
1220 3868 1328 3906 non
1376 3855 1532 3922 quasi
1574 3855 1639 3908 de
1675 3869 1813 3924 prte-

235 3941 346 3996 fata
370 3953 792 4000 meinoratorum
818 3953 1033 4015 patrum
1065 3947 1365 4011 sententia,
1397 3962 1516 4016 qua:
1547 3946 1814 4001 excellen-

240 4034 328 4090 tia:
354 4045 555 4092 nostra:
578 4037 717 4092 bene
741 4037 992 4092 manebat
1033 4051 1130 4108 per
1162 4037 1341 4092 omnia
1383 4039 1618 4105 cognita,
1645 4037 1729 4092 vel
1758 4037 1814 4091 in

239 4122 418 4194 aliquo
446 4126 778 4193 dubitantes,
806 4128 899 4182 sed
929 4134 989 4182 ut
1019 4125 1192 4197 major
1219 4127 1436 4183 Christo
1453 4127 1680 4182 Domino
1706 4127 1815 4182 Deo

241 4225 426 4272 nostro
455 4218 521 4272 de
545 4219 852 4288 percalcato
896 4219 1072 4285 hoste,
1121 4219 1214 4288 qui
1253 4216 1368 4286 jam
1411 4218 1583 4273 dictus
1613 4219 1817 4274 excita-

240 4316 390 4363 verat
411 4309 632 4376 fratres,
686 4311 994 4380 triumphus
1041 4309 1216 4376 ﬁeret,
1267 4319 1323 4366 et
1367 4311 1423 4365 in
1469 4311 1658 4365 eodem
1696 4312 1815 4367 loco

241 4402 489 4469 ﬁrmiori,
518 4404 646 4474 quia
675 4405 898 4469 iterata,
930 4405 1274 4474 stipulatione
1297 4404 1438 4460 idem
1463 4405 1596 4460 ordo
1622 4404 1818 4459 conﬁr-

241 4500 496 4547 maretur.
537 4492 605 4547 Et
625 4495 882 4563 quoniam
913 4509 1076 4563 super
1100 4501 1346 4563 pastores
1367 4493 1620 4549 Ecclesia:
1647 4493 1818 4566 digni-

241 4587 338 4640 tati
363 4595 559 4642 nostrae
588 4589 852 4658 imperiali
899 4603 1234 4658 quaecunque
1276 4588 1624 4658 ingerebatur
1657 4604 1819 4643 accu-

243 4678 417 4745 satio,
469 4695 576 4734 non
621 4681 738 4736 sine
782 4689 932 4737 certo
979 4689 1032 4737 et
1083 4682 1388 4736 rationabili
1431 4682 1816 4738 obliteraretur

237 4768 458 4840 judicio,
485 4771 578 4840 qui
600 4770 668 4825 ad
693 4771 1002 4826 condictum
1034 4779 1244 4842 tempus
1269 4780 1325 4825 et
1360 4771 1501 4827 diem
1533 4773 1601 4827 ad
1627 4787 1817 4841 supra-

245 4859 501 4929 scriptum
538 4875 736 4916 venere
779 4861 1172 4917 monasterium
1198 4902 1212 4928 ,
1239 4873 1294 4916 et
1324 4863 1455 4931 ipsis
1485 4863 1816 4918 accusatori-

244 4949 344 5006 bus
387 4965 510 5006 cum
551 4953 757 5022 scripto
811 4953 954 5024 quod
983 4952 1282 5009 clementiae
1326 4961 1528 5009 nostra:
1581 4955 1817 5010 tulerant

247 5058 422 5100 coram
454 5043 711 5099 exhibitis
735 5085 751 5110 ,
795 5052 991 5100 cuncta
1015 5060 1135 5115 qua:
1168 5044 1223 5100 in
1263 5060 1451 5100 eorum
1479 5047 1822 5102 accusatione

249 5133 496 5188 dixerant
519 5133 606 5187 vel
627 5133 983 5204 scripserant,
1016 5133 1150 5189 falsa
1179 5150 1298 5190 esse
1326 5135 1472 5190 veris
1507 5136 1821 5190 assertioni-

247 5225 346 5280 bus
369 5223 685 5294 idoneisque
730 5226 954 5294 prolatis
989 5225 1214 5282 testibus
1244 5227 1642 5297 probaverunt,
1684 5229 1824 5282 sicut

251 5333 315 5374 ex
333 5319 524 5375 ordine
545 5318 805 5389 inscripto
829 5318 1208 5374 manifestatur
1233 5338 1245 5373 :
1274 5321 1418 5389 quod
1439 5337 1506 5376 ex
1529 5323 1631 5378 hac
1658 5339 1822 5379 causa

251 5427 282 5466 a
309 5415 540 5469 secunda
569 5414 967 5470 constitutionis
1003 5422 1200 5470 nostrae
1231 5417 1437 5486 synodo
1472 5417 1693 5472 archivo
1726 5432 1820 5472 no-

251 5504 349 5561 stri
377 5505 562 5575 palatii
589 5523 711 5562 cum
740 5507 1022 5570 chartulis,
1057 5521 1178 5576 quae
1199 5508 1417 5562 nomina
1444 5510 1660 5564 testium
1691 5526 1818 5566 con-

255 5597 424 5652 tinent
453 5600 543 5668 qui
570 5601 814 5670 utrisque
852 5600 1205 5656 conventibus
1249 5601 1630 5667 interfuerunt,
1677 5603 1821 5658 dire-

257 5693 390 5755 ctis,
435 5693 505 5748 ob
551 5702 825 5762 gestorum
872 5693 1186 5748 memoriam
1235 5704 1632 5749 conservatur:
1675 5696 1819 5751 unde

260 5782 399 5843 aliud
434 5784 598 5844 etiam
637 5785 705 5843 ab
742 5786 912 5861 ipsius
944 5788 1262 5852 monasterii
1286 5790 1502 5850 scriniis
1533 5791 1818 5851 retinetur.

1909 1909 2124 1964 ritatem
2140 1917 2381 1963 nostram
2402 1907 2589 1962 sedulo
2611 1907 2906 1976 petierunt,
2931 1914 3198 1975 quatenus
3219 1907 3322 1961 hoc
3345 1907 3491 1977 quod

1909 2010 2021 2056 tam
2048 2001 2232 2056 subtili
2260 2009 2314 2055 et
2353 1999 2600 2070 diligenti
2647 1999 3061 2070 investigatione
3091 2001 3388 2066 inventum,
3438 2006 3495 2057 et

1900 2089 2048 2159 justa
2075 2092 2284 2147 ratione
2314 2089 2626 2156 diﬁinitum,
2668 2106 2763 2146 seu
2793 2090 2998 2146 salubri
3036 2092 3380 2147 restitutione
3408 2107 3494 2149 re-

1905 2193 2156 2252 paratum
2178 2222 2193 2246 ,
2245 2191 2405 2251 atque
2441 2182 2700 2236 canonica
2731 2183 3055 2237 auctoritate
3088 2191 3352 2238 statutum
3373 2197 3496 2240 esse

1908 2275 2266 2346 dignoscitur,
2313 2273 2680 2344 amplitudinis
2722 2282 2922 2329 nostrae
2961 2274 3244 2347 privilegio
3277 2276 3498 2346 scriptis

1908 2366 2283 2438 imperialibus
2309 2365 2757 2422 conﬁrmaremus
2780 2407 2796 2433 ,
2838 2375 2898 2422 ut
2938 2367 3082 2436 quod
3109 2367 3371 2422 canonica
3401 2368 3497 2424 do-

1908 2469 1996 2516 cet
2039 2458 2372 2524 auctoritas,
2421 2466 2475 2514 et
2522 2468 2648 2513 vota
2685 2474 2874 2530 regum
2913 2469 3342 2532 cunctorumque
3369 2461 3524 2519 ﬁde-.

1908 2549 2061 2616 lium,
2091 2549 2184 2620 qui
2206 2549 2380 2619 ipsum
2405 2547 2582 2604 locum
2608 2557 2831 2619 propter
2855 2551 3218 2606 monasticum
3243 2551 3495 2609 ordinem

1909 2642 1986 2697 ibi
2013 2641 2339 2696 servandum
2382 2642 2544 2697 rebus
2585 2643 2696 2696 suis
2722 2641 3062 2708 ditaverunt,
3095 2644 3496 2710 demonstrant,

1909 2749 2030 2789 cum
2060 2748 2398 2802 nequaquam
2433 2734 2500 2788 ab
2523 2747 2588 2788 eo
2616 2733 2733 2788 sine
2749 2733 2991 2802 periculo
3018 2740 3073 2788 et
3093 2735 3238 2806 regis
3264 2743 3320 2790 et
3345 2735 3498 2806 regni

1909 2826 2084 2897 possit
2097 2825 2277 2890 avelli,
2299 2833 2484 2881 nostra
2513 2826 2812 2897 imperialis
2826 2835 3065 2896 potestas
3082 2827 3502 2884 conﬁrmatione

1908 2919 2224 2990 provideat,
2273 2933 2342 2973 ne
2389 2933 2454 2973 ex
2495 2919 2684 2974 eodem
2724 2918 2843 2974 loco
2879 2919 3156 2976 modernis
3187 2919 3500 2990 futurisque

1910 3009 2246 3079 temporibus
2277 3010 2416 3064 idem
2445 3011 2579 3066 ordo
2607 3010 2954 3078 destituatur,
2985 3011 3078 3067 sed
3105 3013 3304 3084 potius,
3337 3012 3501 3069 Chrio

1913 3107 1999 3153 sto
2022 3099 2252 3154 Domino
2278 3099 2564 3170 largiente,
2591 3102 2659 3156 ad
2683 3102 2954 3157 cumulum
2981 3104 3249 3159 mercedis
3275 3112 3500 3173 nostrae,

1836 3179 1882 3243 C
1913 3191 2153 3264 conjugis
2190 3207 2404 3262 quoque
2445 3201 2500 3247 et
2525 3193 2723 3263 prolis,
2769 3209 3065 3262 eorumque
3101 3193 3333 3250 salutem
3371 3209 3502 3266 quo-

1910 3300 2032 3339 rum
2079 3293 2200 3354 post
2238 3291 2445 3339 tantum
2492 3283 2702 3353 lapsum
2755 3284 3026 3354 reparatio
3065 3283 3208 3340 facta
3249 3294 3353 3351 est,
3398 3301 3501 3343 nec

1909 3392 2017 3432 non
2046 3384 2102 3431 et
2124 3391 2309 3431 eorum
2333 3391 2430 3446 per
2452 3389 2607 3445 quos,
2637 3375 2747 3431 Deo
2777 3383 3071 3443 annuente,
3088 3383 3275 3431 nostra
3302 3384 3493 3433 aucto-

1909 3471 2074 3525 ritate
2099 3470 2287 3524 eadem
2325 3469 2594 3538 reparatio
2631 3467 2904 3524 celebrata
2947 3477 3052 3537 est,
3097 3469 3257 3525 simul
3295 3477 3352 3525 et
3386 3470 3503 3527 illo-

1913 3577 2034 3615 rum
2077 3561 2513 3616 informationem
2563 3561 2655 3632 qui
2696 3570 2820 3632 post
2856 3561 2926 3617 ad
2962 3561 3327 3618 monasticum
3352 3563 3504 3620 ordi-

1912 3669 2038 3708 nem
2084 3653 2312 3708 Domino
2361 3653 2660 3724 inspirante
2719 3652 2788 3706 ad
2847 3652 3100 3707 eumdem
3142 3652 3504 3710 conﬁuxerint

1912 3743 2088 3800 locum
2116 3785 2131 3810 ,
2162 3751 2371 3799 remota
2406 3744 2554 3798 omni
2596 3741 2938 3796 simulatione
2978 3756 3193 3810 semper
3229 3743 3282 3796 in
3308 3744 3501 3800 eodem

1912 3836 2245 3891 monasterio
2285 3834 2550 3904 regularis
2607 3832 2744 3888 ordo
2784 3842 3138 3902 permaneat,
3187 3833 3376 3890 ﬂoreat
3443 3843 3503 3892 et

1914 3927 2162 3983 felicibus
2202 3926 2540 3980 successibus
2581 3925 2691 3980 Deo
2723 3940 2882 3996 opem
2917 3925 3124 3981 ferente
3150 3927 3371 3997 polleat.
3433 3927 3504 3984 Et

1913 4030 1976 4075 ut
2003 4023 2117 4075 haec
2145 4019 2441 4075 auctoritas
2464 4059 2479 4084 ,
2528 4033 2690 4088 quam
2723 4019 2792 4073 ob
2818 4017 2914 4072 Dei
2948 4031 3188 4074 amorem
3227 4027 3280 4074 et
3306 4020 3502 4077 animat

1916 4097 2115 4170 nostra:
2160 4112 2401 4183 conjugis
2448 4121 2502 4167 et
2545 4111 2747 4183 prolis,
2791 4120 2851 4167 ut
2873 4112 3241 4184 praediximus,
3271 4112 3502 4170 salutem

1917 4216 2079 4276 atque
2104 4205 2314 4274 imperii
2342 4203 2517 4259 nostri
2545 4213 2744 4259 statum
2773 4204 3176 4272 constituimus,
3203 4204 3502 4262 ﬁrmiorem

1916 4300 2160 4354 obtineat
2205 4298 2485 4368 vigorem,
2547 4305 2601 4351 et
2649 4295 2904 4367 deinceps
2957 4296 3276 4353 inconvulsa
3322 4297 3504 4354 valeat

1917 4390 2234 4461 perdurare,
2275 4387 2411 4442 duas
2439 4387 2562 4443 inde
2585 4387 2702 4458 pari
2733 4395 2919 4443 tenore
2951 4389 3288 4459 conscriptas
3313 4388 3501 4446 ﬁrma-

1918 4481 2092 4537 tiones
2117 4480 2235 4535 ﬁeri
2260 4479 2544 4547 jussimus,
2580 4487 2641 4533 ut
2670 4495 2778 4533 una
2813 4479 3111 4549 imperialis
3134 4480 3272 4536 aulae
3305 4495 3502 4536 recon-

1840 4539 1894 4600 D
1924 4572 2122 4627 ditorio
2165 4539 2420 4640 palatinis
2451 4569 2687 4624 salvetur
2713 4539 2988 4636 excubiis,
3035 4570 3206 4626 altera
3239 4570 3307 4624 ab
3332 4571 3503 4642 ipsius

1922 4668 2234 4722 monasterii
2265 4667 2577 4722 custodibus
2619 4667 2674 4721 in
2723 4674 3043 4736 perpetuum
3090 4665 3331 4736 diligenti
3368 4681 3503 4724 cura

1922 4761 2114 4816 debeat
2133 4760 2427 4830 provideri,
2446 4774 2648 4828 easque
2673 4774 2864 4814 manus
2886 4769 3086 4814 nostra:
3105 4758 3503 4828 subscriptione

1922 4853 2108 4908 subter
2134 4851 2488 4917 ﬁrmavimus,
2515 4857 2572 4905 et
2593 4849 2659 4905 de
2687 4848 2884 4904 annulo
2905 4861 3093 4906 nostro
3128 4847 3366 4920 sigillare
3382 4847 3502 4918 jus-

1921 4946 2111 5001 simus.

1991 5040 2217 5110 Signum
2247 5039 2506 5094 Ludovici
2534 5037 2872 5094 serenissimi
2898 5038 3262 5108 imperatoris.

1991 5131 2372 5186 llirminmaris
2413 5130 2660 5185 notarius
2703 5129 2771 5184 ad
2811 5130 2987 5186 vicem
3025 5129 3319 5186 Theotonis
3349 5145 3502 5189 reco-

1922 5223 2081 5296 gnovi
2110 5231 2165 5276 et
2196 5222 2513 5291 subscripsi.

1990 5314 2126 5369 Data
2154 5329 2225 5366 vu
2262 5313 2528 5366 Kalendas
2557 5312 2917 5383 Septembris,
2949 5329 3110 5379 anno,
3138 5313 3355 5371 Christo
3375 5331 3504 5387 pro-
3555 5311 3560 5314 ’

1921 5407 2076 5479 pitio,
2107 5406 2171 5462 l9
2200 5405 2409 5475 imperii
2435 5404 2884 5461 domniLudovici
2910 5407 3238 5462 serenissimi
3263 5407 3499 5479 impera-

1924 5499 2078 5564 toris,
2117 5497 2407 5552 indictione
2436 5496 2522 5552 lO.
2579 5497 2772 5552 Actum
2809 5501 3137 5556 monasterio
3176 5501 3347 5558 sancti
3377 5500 3505 5557 Dio-

1927 5592 2066 5664 nysii
2095 5592 2147 5645 in
2173 5591 2268 5645 Dei
2291 5590 2507 5648 nomine
2529 5589 2780 5647 feliciter.
2809 5590 3002 5649 Amen.
