4050 6340
236 213 409 271 1915
1374 215 1773 276 DIPLOMATA
1812 218 2375 281 ECCLESIASTICA.
3384 234 3524 295 12H

228 333 317 391 ad
353 316 752 405 piscationem;
786 331 979 390 Villam
1006 335 1249 392 Exonam
1274 353 1397 395 cum
1426 354 1592 395 censu
1624 346 1679 395 et
1705 339 1843 395 inte-
1869 340 1922 403 Α
1946 344 2057 392 tam
2108 337 2360 399 studeant
2406 311 2716 406 custodire;
2771 348 2827 396 et
2872 341 3093 414 speciali
3141 343 3523 403 sollicitudinis

222 427 457 501 gritate
480 440 609 492 sua;
646 440 741 481 seu
767 434 822 481 et
848 442 1065 484 mansos
1092 437 1149 484 ct
1172 430 1359 486 vineas
1388 432 1442 486 in
1471 432 1635 488 Belua
1654 474 1669 499 ,
1705 448 1844 504 quas
1945 442 2074 483 cura
2102 429 2452 499 provideant,
2491 444 2562 485 ne
2588 429 2771 500 aliqua
2800 432 3011 503 antiqui
3040 435 3214 492 hostis
3239 446 3523 509 stringente

225 518 457 576 Franci
485 516 735 575 heminas
761 520 932 590 ipsius
953 523 1383 592 congregationis
1408 522 1671 581 fratribus
1696 524 1842 579 dele-
1942 519 2237 577 ealliditate
2275 521 2401 576 inde
2439 536 2594 577 sacer
2630 522 2766 579 Ordo
2806 534 3154 594 amoveatur.
3204 538 3301 585 aut
3340 531 3523 593 minus

231 618 556 685 gaveruut;
591 626 692 668 nec
717 628 825 668 non
861 613 917 668 in
949 614 1251 681 Vanieolas,
1281 617 1419 671 sicut
1447 617 1757 672 continetur
1784 618 1840 672 in

232 711 563 761 memorato
589 704 824 776 scripto;
860 720 1080 761 censum
1106 707 1271 762 etiam
1298 706 1519 766 solitum
1546 709 1839 777 devenna,

228 812 376 870 qum
426 806 513 855 est
555 814 723 870 super
745 797 964 855 fluvium
994 800 1178 867 Locb,
1225 809 1281 856 et
1327 802 1393 859 de
1438 816 1576 873 pago
1606 801 1834 869 Pontia,

228 901 420 963 atque
449 906 678 948 censum
706 892 774 947 de
804 891 1101 959 Fiandriis,
1144 893 1286 948 sicut
1322 894 1655 951 consuetudo
1694 892 1832 959 fuit;

225 985 436 1044 villam
466 984 734 1055 siquidem
761 999 880 1063 quae
907 984 1108 1043 dicitur
1134 985 1473 1051 Brinevallis,
1504 1000 1606 1040 nec
1638 1001 1747 1040 non
1781 992 1839 1041 et

227 1092 434 1135 mares
459 1085 516 1133 et
539 1077 871 1147 piseaturam
914 1076 968 1130 in
999 1075 1165 1131 Tellis
1197 1091 1319 1131 cum
1346 1076 1494 1131 omni
1522 1076 1837 1147 integritate

230 1179 359 1227 tam
390 1172 444 1225 in
470 1182 639 1227 censu
663 1186 824 1241 quam
856 1172 909 1226 in
935 1171 1268 1241 appendiciis
1287 1186 1507 1237 eorum;
1535 1178 1592 1225 et
1614 1185 1833 1226 mansos

231 1263 295 1319 in
332 1264 565 1331 Bracio,
610 1273 667 1320 et
710 1264 1071 1336 Gabaregium
1118 1265 1171 1320 in
1214 1265 1479 1336 Bagasino
1516 1280 1645 1320 cum
1684 1265 1830 1319 omni

230 1357 561 1429 integritate
589 1365 646 1413 et
673 1358 1008 1428 appendiciis
1047 1359 1189 1423 suis,
1237 1358 1303 1412 de
1346 1359 1541 1427 quibus
1584 1358 1829 1428 quaedam

228 1451 531 1521 conjacent
576 1450 630 1505 in
671 1466 812 1521 pago
838 1450 1194 1505 Constantino
1233 1451 1299 1504 ad
1328 1451 1648 1520 capiendum
1677 1463 1830 1505 cras-

227 1558 361 1599 sum
406 1543 630 1613 piscem.
683 1542 791 1597 Has
837 1542 1001 1613 igitur
1038 1542 1193 1596 villas
1233 1557 1356 1597 cum
1400 1541 1730 1612 appendiciis
1774 1549 1829 1595 et

228 1635 544 1690 redditibns
568 1634 650 1690 vel
680 1634 984 1704 mancipiis,
1018 1634 1131 1689 sive
1154 1649 1279 1689 cum
1307 1634 1559 1687 omnibus
1583 1650 1703 1704 qum
1729 1648 1829 1704 per

1939 613 2181 684 perfecte
2206 629 2368 686 quam
2394 615 2631 670 humana
2656 616 2785 672 sinit
2808 614 3075 688 fragilitas
3101 622 3157 676 in
3186 625 3375 681 eodem
3400 625 3522 683 loco

1938 706 2266 777 praevalente
2292 708 2620 779 negligentia
2651 709 2955 782 gradiatur;
2991 712 3086 769 sed
3112 716 3254 775 sicut
3280 732 3381 773 nos
3405 720 3521 775 sin-

1939 798 2181 869 gularem
2211 815 2397 857 curam
2415 842 2431 867 ,
2468 803 2597 872 quia
2625 802 2701 858 ita
2731 803 3159 874 praedecessores
3184 816 3241 862 et
3267 813 3520 883 progeni-

1936 897 2086 947 tores
2111 892 2447 953 excellentiae
2491 903 2690 951 nostrae
2733 895 2989 953 habuisse
3025 908 3358 970 compertum
3396 913 3513 972 est,

1935 997 2097 1053 quam
2144 984 2276 1039 inibi
2320 983 2411 1055 pia
2456 985 2789 1056 sepultorum
2834 1003 3122 1058 corporum
3167 992 3516 1062 amplectitur

1934 1090 2122 1131 eorum
2150 1076 2445 1142 memoria‘,
2498 1090 2599 1132 nos
2644 1078 2811 1133 etiam
2851 1079 2975 1136 inde
3008 1082 3208 1138 habere
3243 1084 3512 1153 videmur,

1935 1168 2163 1224 sollicite
2187 1169 2442 1225 studeant
2468 1169 2650 1224 divino
2681 1170 2899 1237 intuitu,
2927 1187 2995 1228 ne
3022 1173 3210 1229 talium
3237 1185 3513 1232 rectorum

1932 1260 2183 1337 manibus
2218 1259 2333 1330 jam
2363 1261 2567 1316 dictum
2598 1256 3024 1323 sacratissimum
3054 1265 3230 1321 locum
3264 1269 3517 1323 commit-

1932 1358 2079 1417 tant,
2106 1367 2336 1422 quorum
2366 1352 2606 1407 versutia
2646 1360 2740 1407 aut
2774 1354 3103 1426 negligentia
3136 1357 3205 1411 ab
3231 1372 3297 1412 eo
3325 1358 3517 1429 religio

1931 1443 2179 1509 decidat,
2228 1453 2284 1499 et
2325 1444 2507 1514 inopia
2536 1445 2621 1500 vel
2652 1447 2887 1516 torporis
2917 1448 3242 1519 negligentia
3279 1458 3510 1518 crescat,

1929 1535 2021 1589 sed
2048 1535 2226 1605 potius
2250 1536 2324 1589 ita
2346 1537 2593 1591 eumdem
2623 1536 3052 1595 sacratissimum
3082 1537 3255 1594 locum
3282 1539 3513 1597 sollicite

1926 1625 2121 1696 pieque
2152 1633 2405 1692 tractent,
2433 1634 2704 1697 quatenus
2732 1629 2888 1684 nobis
2915 1638 2970 1685 et
2996 1628 3103 1685 illis
3134 1637 3352 1687 mternm
3380 1631 3511 1687 bea-

224 1726 517 1797 precarias
542 1736 633 1781 aut
657 1743 755 1797 per
773 1725 1038 1782 beneﬁcia
1066 1726 1261 1780 exinde
1286 1726 1535 1780 homines
1569 1726 1823 1792 retinent,
1855 1708 1904 1769 Β
1934 1718 2174 1775 liuidinis
2202 1719 2372 1789 gloria
2403 1719 2528 1775 inde
2548 1719 2768 1776 Christo
2796 1736 2954 1792 opem
2979 1720 3187 1778 ferente
3214 1732 3430 1781 maneat
3455 1730 3515 1781 et

226 1828 294 1874 ut
317 1829 442 1891 post
467 1835 653 1876 eorum
679 1822 960 1876 decessum
985 1820 1052 1874 ad
1077 1835 1207 1874 usus
1228 1816 1457 1873 fratrum
1480 1825 1535 1872 et
1560 1818 1825 1888 stipendia

225 1920 538 1967 memorata
569 1920 932 1977 revertantur,
960 1911 1225 1967 fratribus
1251 1911 1421 1981 ipsius
1450 1909 1827 1981 congregatio—

227 2005 321 2059 nis
348 2004 420 2058 ad
448 2005 709 2074 speciales
733 2020 921 2060 eorum
945 2004 1320 2067 necessitates,
1344 2002 1611 2072 imperiali
1640 2009 1826 2057 aucto-

230 2095 404 2150 ritate
442 2102 497 2150 et
540 2095 872 2166 indulgentia
912 2110 1011 2166 per
1035 2095 1141 2150 hoc
1167 2102 1497 2166 praeceptum
1530 2094 1825 2149 confirma-

231 2185 404 2240 tionis
429 2192 660 2250 nostrae,
706 2186 846 2241 sicut
889 2184 1176 2255 pradictus
1201 2183 1528 2242 venerabilis
1558 2185 1726 2240 abbas
1763 2185 1821 2240 in

232 2293 334 2333 sua
360 2278 702 2333 confirmavit
727 2277 1134 2343 constitutione,
1163 2277 1345 2332 stabili
1373 2277 1496 2347 jure
1523 2277 1604 2332 eis
1628 2292 1824 2334 conce-

231 2372 414 2427 dimus
438 2381 495 2426 et
519 2370 902 2427 confirmamus
930 2391 942 2425 :
974 2370 1349 2442 praecipientes
1373 2378 1434 2426 ut
1457 2371 1637 2427 nullus
1655 2370 1824 2427 abba-

227 2468 344 2516 tum
374 2477 473 2532 per
500 2463 872 2519 successiones
913 2463 1059 2532 quod
1098 2461 1299 2518 salubri
1340 2464 1450 2534 egit
1492 2463 1720 2519 consilio
1760 2475 1820 2521 et

226 2563 418 2611 nostro
442 2564 525 2613 est
553 2556 868 2615 roboratam
894 2556 1091 2621 edicto,
1116 2557 1437 2612 subtrahere
1460 2556 1544 2612 vel
1571 2557 1821 2614 minuere

227 2644 442 2711 audeat,
473 2645 556 2700 vel
588 2647 653 2701 ad
682 2660 819 2701 usus
845 2660 973 2701 suos
1001 2653 1338 2715 retorqueat,
1366 2645 1449 2701 vel
1475 2645 1634 2702 alicui
1661 2648 1818 2716 quid-

229 2737 355 2792 dam
386 2736 512 2791 inde
538 2737 595 2792 in
623 2738 947 2793 beneﬁcium
978 2739 1217 2805 tribuat;
1262 2738 1356 2795 sed
1387 2754 1562 2810 neque
1593 2741 1814 2795 servitia

228 2844 297 2885 ex
320 2829 400 2885 eis
421 2828 565 2885 villis
587 2837 821 2895 essetet,
842 2845 1021 2899 neque
1044 2829 1406 2900 paraveredos
1428 2839 1523 2885 aut
1547 2845 1815 2900 expensas

229 2923 297 2978 ad
320 2923 591 2994 hospitum
613 2922 985 2993 susceptiones
1008 2923 1255 2992 recipiat,
1278 2932 1371 2978 aut
1393 2923 1531 2979 ullas
1555 2924 1610 2977 in
1631 2923 1813 2993 aliqua

227 3030 291 3070 re
317 3015 627 3071 exactiones
657 3022 750 3070 aut
779 3016 1205 3071 mansionaticos
1244 3017 1368 3072 inde
1397 3017 1577 3088 exigat
1605 3017 1811 3086 absque

229 3104 521 3161 inevitabili
551 3106 896 3170 necessitate,
928 3113 1126 3176 praeter
1150 3108 1655 3163 consuetudinarias
1680 3123 1811 3178 ope-
1838 3088 1884 3152 (ἶ

227 3198 464 3254 rationes
504 3213 627 3268 qua
671 3199 727 3252 in
772 3199 1056 3268 saepedicta
1090 3200 1374 3254 memorati
1403 3200 1503 3255 viri
1541 3201 1807 3257 constitu-

225 3290 386 3347 tionis
404 3293 601 3364 pagina
620 3292 903 3362 descriptae
922 3293 1211 3359 habentur,
1236 3295 1432 3369 quibus
1456 3292 1589 3351 nihil
1610 3297 1810 3353 addere

225 3385 509 3456 quisquam
546 3400 785 3455 unquam
824 3393 1136 3454 praesumat.
1197 3384 1579 3458 Suprascripta
1623 3396 1807 3445 autem

226 3478 293 3533 ad
314 3485 526 3533 centum
551 3478 938 3549 quinquaginta
962 3462 1353 3533 monachorum
1380 3494 1662 3534 numerum
1682 3488 1809 3535 sunt

225 3571 514 3626 ordinata:
562 3585 627 3626 ex
671 3571 870 3641 quibus
911 3570 986 3625 nil
1031 3571 1282 3641 cuiquam
1324 3572 1580 3627 abbatum
1623 3572 1807 3628 licebit

225 3677 456 3734 unquam
482 3663 836 3729 subtrahere;
872 3678 1073 3736 augere
1102 3680 1234 3720 vero
1262 3663 1356 3734 qui
1384 3663 1525 3719 forte
1550 3664 1801 3731 voluerit,

224 3757 591 3829 multiplicatis
618 3759 686 3813 ad
721 3774 880 3813 usum
911 3774 1099 3814 eorum
1130 3758 1322 3829 opibus
1343 3800 1357 3824 ,
1407 3759 1711 3814 accumulct
1750 3766 1805 3812 et

225 3851 423 3907 servitii
466 3851 633 3907 divini
677 3851 952 3907 cultores:
988 3852 1080 3922 qui
1107 3866 1238 3907 vero
1268 3849 1449 3907 facere
1480 3851 1638 3906 aliter
1663 3866 1804 3922 prae-

223 3942 530 4013 sumpserit,
557 3951 612 3997 et
636 3950 758 4013 post
787 3942 1086 3998 discessum
1113 3949 1361 3998 nostrum
1391 3943 1531 3997 hanc
1556 3952 1801 3996 nostram

223 4032 685 4090 mniirmationem
709 4049 872 4104 quam
899 4048 1064 4105 super
1086 4033 1330 4111 praedicti
1351 4032 1677 4088 venerabilis
1698 4034 1803 4089 viri

223 4124 453 4181 ii-ilduini
483 4126 871 4182 constitutione
900 4124 1146 4192 fecimus,
1170 4124 1373 4181 violare
1394 4126 1647 4189 voluerit,
1670 4137 1804 4196 que-

223 4216 329 4271 rela
358 4217 424 4272 ad
449 4232 792 4274 successores
820 4224 1059 4285 nostros,
1083 4217 1176 4288 qui
1202 4226 1331 4272 tunc
1358 4217 1621 4288 temporis
1644 4215 1802 4272 nobis

223 4310 535 4382 superstites
561 4311 782 4379 fuerint,
814 4312 1080 4376 deveniat,
1111 4312 1321 4382 ipsique
1351 4310 1534 4381 agnita
1563 4309 1802 4366 auctori-

222 4414 330 4462 tate
357 4416 541 4464 nostra
573 4416 775 4463 nostrae
803 4403 1206 4464 constitutionis
1236 4413 1437 4460 statuta
1470 4402 1797 4471 defendant,

1930 1821 2227 1869 accrescat.
2265 1812 2333 1867 Et
2359 1820 2420 1866 ut
2448 1812 2565 1867 hate
2593 1812 2920 1879 auctoritas,
2952 1828 3116 1883 quam
3142 1815 3212 1869 ob
3237 1813 3333 1868 Dei
3361 1828 3515 1869 amo-

1925 1918 2042 1959 rem
2071 1912 2127 1959 et
2153 1905 2349 1959 anima:
2381 1914 2586 1959 nostra
2614 1904 2914 1961 remedium
2954 1906 3269 1972 statuimus,
3308 1904 3515 1961 ﬁrmio-

1925 2011 2040 2052 rem
2069 1996 2314 2054 obtineat
2335 1998 2602 2069 vigorem,
2630 2006 2688 2055 et
2713 1999 2970 2070 deinceps
2995 1999 3312 2061 inconvulsa
3337 1999 3513 2055 valeat

1923 2090 2250 2161 perdurare,
2291 2106 2488 2147 manus
2514 2100 2718 2147 nostra;
2745 2093 3144 2162 subscriptione
3178 2108 3299 2149 eam
3324 2093 3514 2151 subter

1924 2184 2282 2251 ﬁrmavimus,
2310 2195 2367 2243 et
2392 2184 2593 2241 annulo
2619 2192 2807 2240 nostro
2832 2185 3054 2255 sigillari
3075 2184 3357 2255 iussimus.

1994 2277 2221 2348 Signum
2249 2279 2504 2335 Ludovici
2533 2278 2870 2334 serenissimi
2901 2279 3266 2350 imperatoris.

1992 2369 2379 2427 Hirminmaris
2421 2371 2673 2427 notarius
2714 2372 2785 2428 ad
2821 2370 2995 2428 vicem
3024 2372 3318 2430 Theotonis
3356 2384 3517 2430 reeo-
3566 2410 3596 2435 ο

1921 2462 2105 2533 gnovit
2134 2470 2191 2517 et
2215 2462 2559 2533 subscripsit.

1989 2553 2137 2608 Data
2150 2569 2225 2608 vn
2264 2552 2384 2609 Kal.
2414 2553 2692 2624 Septemb.
2723 2570 2888 2623 anno,
2918 2556 3140 2613 Christo
3160 2558 3413 2630 propitio,
3436 2557 3507 2615 l9

1918 2645 2133 2716 imperii
2162 2647 2344 2702 domui
2372 2646 2632 2704 Ludovici
2663 2649 2999 2706 serenissimi
3036 2650 3398 2721 imperatoris,
3424 2650 3509 2706 in-

1919 2737 2156 2794 dictione
2178 2738 2262 2792 iti.
2294 2736 2491 2794 Actum
2515 2741 2848 2797 monasterio
2869 2742 3042 2798 sancti
3063 2741 3305 2815 Dionysii
3331 2741 3388 2798 in
3407 2740 3506 2797 Dei

1917 2834 2140 2891 nomine
2163 2832 2420 2892 feliciter.
2446 2834 2643 2891 Amen.

2594 2922 2826 2980 CLXXI.

2040 3032 2142 3074 PRO
2180 3032 2521 3076 IONASTERIO
2557 3033 2746 3076 SANCTI
2785 3033 3015 3076 lARTlNI
3052 3033 3395 3077 mortuusis.

2532 3109 2709 3183 (Anno
2738 3109 2888 3183 ass.)

1916 3200 2020 3276 [Ex
2041 3202 2331 3261 Chartario
2351 3204 2410 3261 S.
2428 3203 2665 3276 Martini,
2689 3206 2830 3275 apud
2853 3204 3030 3276 Mart,
3048 3202 3301 3261 Thesaur.
3317 3201 3502 3260 anew.

2449 3283 2584 3341 tom.
2613 3275 2667 3343 l,
2705 3291 2829 3347 pag.
2855 3275 2973 3349 ﬁt]

1980 3387 2041 3444 in
2081 3389 2303 3445 nomine
2338 3386 2556 3443 Domini
2595 3386 2693 3443 Dei
2732 3393 2789 3442 et
2829 3385 3129 3442 Salvator-is
3166 3385 3336 3441 nostri
3375 3380 3505 3441 Iesu

1908 3479 2133 3546 Christi,
2151 3479 2479 3548 Ludovicus,
2501 3479 2684 3535 divina
2704 3477 2990 3534 ordinante
3016 3476 3379 3548 providentia,
3404 3475 3505 3532 im-

1906 3581 2131 3644 perator
2160 3572 2455 3645 Augustus.

1978 3665 2038 3722 Si
2065 3666 2203 3722 locis
2232 3665 2345 3720 Deo
2378 3665 2573 3720 dicatis
2603 3663 2861 3737 quiddam
2894 3658 3119 3716 honoris
3146 3656 3502 3724 conferimus,

1905 3766 1961 3815 et
1984 3758 2095 3813 Deo
2122 3758 2175 3811 in
2201 3758 2282 3812 eis
2306 3755 2688 3810 famulantium
2717 3753 2869 3825 pacis
2898 3759 2953 3807 ct
2976 3749 3384 3822 tranquillitatis
3409 3763 3504 3803 cu-

1904 3871 2022 3910 ram
2056 3846 2316 3927 gerimus,
2354 3862 2408 3908 et
2449 3853 2515 3907 ad
2557 3852 2921 3907 ministerium
2955 3866 3113 3905 suum
3152 3849 3377 3904 liberius
3406 3863 3503 3927 ex-

1904 3947 2242 4018 sequendum
2270 3962 2428 4017 opem
2452 3946 2698 4010 ferimus,
2722 3944 2827 3998 hoc
2853 3943 3010 3999 nobis
3033 3941 3221 4013 procul
3247 3940 3410 3998 dubio
3431 3941 3500 3996 ad

1903 4048 2108 4097 statum
2147 4039 2301 4111 regni
2340 4037 2511 4093 nostri
2550 4035 3044 4109 corroborandum,
3086 4042 3143 4090 et
3179 4033 3245 4089 ad
3284 4039 3511 4089 aeterna-

1904 4132 2031 4187 vitze
2075 4129 2471 4187 beatitudinem
2520 4125 2944 4198 capessendam,
2993 4122 3334 4196 profuturum
3380 4138 3503 4180 esse

1905 4225 2194 4281 credimus.
2226 4222 2436 4278 Idcirco
2464 4227 2654 4275 notum
2682 4218 2799 4275 fieri
2826 4216 3077 4275 volumus
3101 4217 3353 4273 omnibus
3374 4213 3503 4272 dde-

1902 4317 2045 4373 libus
2090 4322 2293 4372 sanctae
2338 4313 2431 4369 Dei
2475 4310 2734 4367 Ecclesia:
2774 4318 2845 4365 et"
2870 4308 3092 4375 nostris,
3138 4306 3501 4379 praesentibus

1905 4408 2112 4475 scilicet
2137 4416 2192 4462 et
2220 4406 2434 4470 futuris,
2461 4404 2604 4474 quod
2630 4400 2962 4459 venerabilis
2990 4400 3160 4481 abbas
3188 4398 3498 4470 Fridegisus

221 4504 277 4553 et
299 4512 405 4553 sua:
429 4499 768 4554 auctoritatis
793 4506 1065 4569 przccepto
1092 4497 1446 4563 confirment,
1494 4496 1635 4552 sicut
1671 4512 1701 4550 a
1739 4511 1799 4552 se
1824 4491 1878 4514 "
1904 4498 2223 4555 monasterii
2270 4496 2327 4552 S.
2372 4495 2586 4551 Martini
2630 4495 2847 4566 patroni
2892 4495 3085 4560 nostri,
3129 4493 3185 4548 in
3233 4491 3497 4563 quoipse

220 4591 351 4647 bene
375 4597 523 4662 gesta
548 4590 764 4645 defendi
789 4598 845 4645 et
866 4589 1176 4645 conﬁrmari
1202 4604 1233 4642 a
1257 4588 1370 4643 suis
1391 4587 1797 4643 successoribus
1903 4606 2129 4662 corpore
2154 4588 2466 4659 requiescit,
2494 4587 2730 4643 innotuit
2757 4585 3066 4641 celsitudini
3096 4574 3299 4640 nostrae
3325 4582 3496 4653 quali-

220 4678 329 4734 Deo
353 4688 622 4735 annuente
649 4679 949 4745 voluerint,
982 4678 1216 4750 qualiter
1239 4678 1435 4733 futuris
1464 4677 1795 4747 temporibus
1900 4690 1986 4737 ter
2020 4680 2163 4735 idem
2200 4681 2316 4751 ipse
2351 4679 2552 4755 partim
2579 4693 2683 4748 per
2714 4678 3105 4749 ignorantiam,
3137 4675 3340 4747 partim
3366 4689 3497 4730 vero

219 4769 407 4827 fratres
444 4770 499 4825 in
540 4770 793 4826 cmuobio
823 4770 1136 4841 supradicto
1164 4767 1409 4841 regulam
1442 4768 1588 4824 beati
1616 4767 1791 4823 Bene-
1898 4789 1999 4846 per
2036 4773 2436 4845 suggestionem
2474 4769 2832 4841 quorumdam
2873 4768 3187 4837 hominum,
3231 4766 3511 4841 quasdam-

220 4862 341 4919 dicti
368 4871 665 4930 servantes,
695 4864 901 4934 absque
928 4862 1338 4933 perturbatione
1362 4861 1474 4917 Deo
1501 4860 1670 4917 libere
1700 4862 1793 4917 de-
1896 4866 2053 4923 villas
2083 4866 2324 4938 ejusdem
2348 4864 2674 4938 monasterii
2702 4863 2805 4918 sibi
2834 4859 3198 4917 servientibus
3239 4859 3297 4914 in
3329 4858 3496 4929 bene-

220 4955 415 5012 servire
459 4962 702 5026 queant,
749 4955 1015 5024 nobisque
1062 4967 1163 5024 pro
1208 4961 1327 5008 rata
1374 4952 1787 5009 confirmatione

218 5061 415 5103 merces
458 5046 513 5100 in
550 5054 810 5114 perpetua
838 5054 1287 5115 recempensetur
1311 5046 1636 5100 aeternitate.
1680 5043 1789 5101 Ob-

219 5139 337 5194 nire
354 5138 518 5194 etiam
542 5152 606 5191 ac
630 5136 975 5191 devotissime
995 5150 1183 5191 omnes
1207 5150 1552 5191 successores
1570 5143 1787 5190 nostros

216 5246 311 5304 per
325 5232 744 5303 omnipotentem
770 5228 1057 5283 Dominum
1086 5238 1142 5282 et
1169 5236 1388 5283 πίθηκε
1413 5228 1787 5284 retributionis

207 5339 445 5381 amorem
493 5330 551 5378 et
594 5322 738 5395 piam
784 5320 1151 5376 reverentiam
1198 5319 1424 5374 istorum
1469 5319 1782 5388 specialium

215 5425 568 5491 protectorum
598 5426 913 5473 nostrorum
958 5414 1012 5468 in
1054 5412 1159 5469 hoc
1195 5420 1387 5468 saneto
1418 5412 1787 5483 reputavimus

216 5509 344 5575 loco,
371 5525 470 5567 nec
495 5526 601 5567 non
628 5519 683 5565 et
706 5512 847 5567 hanc
871 5505 1273 5566 constitutionis
1297 5504 1783 5571 conﬁrmationem,

220 5619 369 5674 quam
395 5602 461 5658 ad
496 5604 884 5658 monachorum
912 5599 1274 5672 providendas
1298 5597 1578 5669 regulares
1605 5612 1790 5654 neces-

221 5695 397 5761 sitates
432 5693 701 5767 imperiali
722 5694 1071 5767 ﬁrmavimus
1092 5689 1453 5759 auctoritate,
1490 5690 1786 5749 intemera-

1892 4958 2077 5015 ﬁcium
2103 4958 2364 5023 dedisset,
2397 4972 2517 5027 qua:
2538 4956 2607 5010 ad
2634 4971 2795 5011 usum
2822 4954 3048 5009 fratrum
3078 4952 3133 5007 in
3157 4949 3351 5007 eodem
3378 4963 3491 5005 mo-

1891 5051 2134 5107 nasterio
2154 5049 2463 5120 degentium
2486 5048 2620 5103 olim
2647 5047 2918 5117 deputatae
2938 5044 3185 5109 fuerant;
3210 5048 3266 5097 et
3293 5041 3364 5097 ob
3388 5040 3494 5097 hoc

1888 5145 2219 5201 vestimenta
2258 5149 2314 5197 et
2351 5148 2598 5211 sumptus
2635 5138 2975 5211 necessarios
3008 5136 3089 5191 eis
3126 5132 3363 5205 pleniter
3389 5133 3490 5189 mi-

1891 5239 2128 5296 nistrare
2161 5251 2269 5291 non
2298 5242 2500 5306 posset.
2529 5232 2892 5302 Quamobrem
2918 5230 3062 5286 idem
3089 5229 3208 5299 ipse
3235 5234 3289 5282 et
3312 5226 3490 5283 omnis

1893 5331 2240 5402 congregatio
2270 5328 2454 5385 Sancti
2482 5327 2697 5383 Martini
2725 5326 2885 5398 petiit
2907 5332 3106 5379 nostra;
3133 5318 3493 5390 conscriptio-

1895 5427 1982 5482 nis
2023 5424 2404 5480 auctoritatem
2444 5421 2548 5477 sibi
2575 5420 2714 5488 dari,
2751 5434 2852 5491 per
2874 5430 3036 5491 quam
3064 5414 3280 5488 repulsa
3310 5412 3491 5469 omnis

1895 5519 2117 5581 occasio
2150 5524 2337 5573 nostra
2373 5514 2727 5571 concessione
2762 5521 2926 5582 atque
2961 5510 3229 5589 permissu
3268 5506 3488 5565 easdem

1894 5612 2050 5675 villas
2087 5611 2149 5666 in
2179 5624 2335 5669 suum
2373 5607 2673 5669 dominium
2709 5606 2853 5667 idem
2889 5605 3061 5665 abbas
3090 5606 3401 5665 revocaret,
3431 5604 3495 5661 et.

1894 5715 2010 5763 tam
2052 5705 2170 5776 ipse
2205 5716 2369 5776 quam
2409 5708 2841 5756 etsuceessores
2873 5689 3491 5769 eiuseomodoeisde-
