4050 6340
518 310 660 371 1215

1617 292 1939 355 LUDOVlCl
1974 289 1997 352 Ῐ
2033 288 2503 351 COGNOMENTO
2538 283 2626 345 ΡΠ

3661 284 3820 342 1216

512 434 627 493 bita
655 425 923 501 stipendia
959 430 1016 480 et
1038 421 1364 478 vestimenta
1401 416 1815 475 subministrare
1849 420 2093 485 possent,
2122 415 2178 475 Α
2199 418 2311 465 tum
2337 407 2556 464 uberius
2589 405 2992 501 exsequendum
3019 398 3373 501 sustollimus,
3402 391 3590 501 dignae

516 517 968 598 quemadmodum
998 513 1333 584 temporibus
1365 510 1824 581 praedecessorum
1851 503 1968 598 eius
1996 504 2104 559 fra-

517 597 688 672 tribus
719 611 810 683 qui
841 618 970 664 tunc
995 605 1254 676 temporis
1282 603 1414 660 inibi
1438 600 1810 657 consistebant
1829 597 2107 653 ministra-

518 709 738 763 bantur.
770 702 1010 770 Quorum
1040 695 1287 769 petitioni
1325 693 1680 750 libentissime
1712 691 2019 756 annuimus,
2051 695 2108 744 et

519 798 663 854 hanc
683 802 885 850 nostra:
905 788 1322 860 conscriptionis
1342 786 1716 842 auctoritatem
1740 781 1856 837 fieri
1876 779 2107 835 eisdem-

521 903 627 959 que
648 884 913 946 fratribus
933 881 1061 936 dare
1083 879 1441 942 decrevimus,
1463 891 1560 946 per
1581 888 1745 945 quam
1765 870 2107 926 decernimus

523 978 685 1049 atque
706 977 959 1048 iubemus
977 981 1037 1027 ut
1060 977 1392 1027 memoratus
1416 969 1584 1023 abbas
1614 965 1805 1036 suique
1833 978 2110 1019 successo-

524 1084 614 1125 res
641 1067 709 1122 ad
739 1068 842 1122 hoc
867 1063 1086 1120 easdem
1117 1062 1272 1117 villas
1305 1061 1363 1116 in
1391 1074 1547 1115 usum
1565 1099 1581 1125 ,
1617 1057 2026 1128 dispositionem
2055 1060 2112 1110 et

523 1157 921 1214 ordinationem
946 1156 1202 1222 habeant,
1232 1163 1294 1208 ut
1321 1153 1446 1208 inde
1476 1151 1732 1206 fratribus
1761 1149 1851 1218 qui
1886 1157 1942 1202 et
1974 1163 2112 1218 pra:-

527 1249 667 1306 senti
692 1258 747 1304 et
772 1248 970 1303 futuris
992 1245 1325 1316 temporibus
1353 1243 1484 1299 inibi
1510 1242 1620 1297 Deo
1643 1240 2008 1304 militaverint,
2031 1238 2113 1294 sic

525 1341 758 1410 plentter
799 1339 1051 1394 victualia
1091 1345 1148 1392 et
1183 1336 1505 1390 vestimenta
1547 1329 1840 1387 ministrari
1889 1327 2108 1393 faciant,

527 1431 979 1504 quemadmodum
1002 1429 1338 1502 temporibus
1358 1426 1618 1498 genitoris
1643 1423 1815 1480 nostri
1835 1421 2011 1477 Caroli
2033 1421 2112 1476 eis

529 1540 560 1580 a
589 1523 846 1578 Wulfado
874 1532 931 1578 et.
955 1522 1158 1577 ltherio
1184 1521 1343 1592 hujus
1368 1517 1680 1575 monasterii
1709 1517 1994 1571 abbatibus
2019 1530 2116 1570 ex-

525 1621 696 1675 hibita
720 1629 884 1691 atque
912 1619 1217 1674 ministrata
1247 1618 1485 1673 fuerunt.
1514 1616 1591 1670 De
1616 1613 1830 1670 caeteris
1855 1627 1987 1669 vero
2016 1610 2116 1665 vil-

525 1709 593 1765 lis
619 1725 739 1782 qua:
775 1711 828 1764 in
857 1709 1181 1765 beneficium
1209 1709 1349 1764 datae
1386 1716 1544 1772 sunt,
1573 1705 1826 1776 iubemus
1858 1712 1918 1758 ut
1951 1703 2112 1759 tertia

2204 502 2500 558 nerationis
2520 501 2743 571 praemio
2763 514 2862 555 nos
2885 515 2916 554 a
2941 497 3169 555 Domino
3193 499 3534 554 remunerari
3562 498 3820 557 ﬁdeliter

2205 595 2492 651 credimus.
2531 594 2697 665 Igitur
2735 592 2974 648 omnium
3014 590 3255 647 fidelium
3287 602 3645 658 nostrorum,
3697 604 3820 651 tam

2203 687 2552 760 prmsentium
2595 702 2760 757 quam
2801 695 2855 740 et
2897 684 3234 754 futurorum,
3275 687 3565 742 industriae
3608 697 3822 745 notum

2205 797 2326 838 esse
2352 781 2616 846 volumus,
2645 778 2878 850 qualiter
2907 778 3102 834 dilecta
3140 777 3336 848 coniux
3384 786 3578 834 nostra
3612 779 3824 835 .lndith

2205 874 2445 945 Augusta
2471 871 2741 943 suggessit
2766 870 2922 926 nobis
2945 879 3005 925 ut
3031 870 3324 940 quamdam
3344 870 3554 935 villam,
3579 870 3823 927 nomine

2208 963 2566 1031 Cambonem,
2601 978 2720 1033 quae
2749 970 2832 1018 est
2867 962 2922 1017 in
2958 977 3095 1033 pago
3128 961 3371 1017 Blisense
3405 962 3493 1017 vel
3522 961 3817 1029 Dunense,

2208 1056 2538 1112 monasterio
2567 1055 2624 1112 S.
2652 1055 2890 1121 Martini,
2915 1056 3058 1126 quod
3077 1064 3163 1110 est
3183 1063 3563 1112 constructum
3587 1058 3649 1110 in
3673 1073 3820 1128 pago

2211 1137 2477 1202 Turonico
2500 1161 2662 1218 super
2687 1146 2862 1218 ripam
2893 1145 3119 1216 Ligeris,
3153 1153 3209 1201 et
3232 1155 3459 1202 vocatur
3489 1145 3676 1217 Maior
3707 1147 3822 1202 Iov

2210 1241 2508 1296 nasterium
2527 1280 2542 1306 ,
2575 1240 2631 1294 in
2661 1254 2767 1309 quo
2797 1239 2939 1295 idem
2969 1239 3083 1310 ipse
3116 1239 3569 1310 praeclarissimus
3597 1240 3823 1295 confes-

2212 1346 2304 1386 sor
2328 1331 2526 1387 Christi
2565 1331 2884 1402 regulariter
2906 1346 3029 1385 cum
3060 1340 3238 1385 turma
3273 1331 3681 1386 monachorum
3717 1331 3824 1387 Do-

2211 1424 2360 1480 mino
2396 1423 2682 1491 militavit,
2712 1441 2810 1495 per
2834 1431 3034 1480 nostra:
3066 1424 3478 1493 conscriptionis
3509 1427 3824 1480 auctorita-

2215 1522 2323 1568 tem
2360 1515 2708 1572 concedimus
2733 1515 2762 1555 b
2793 1515 2861 1570 ad
2903 1515 3131 1570 emenda
3174 1512 3405 1569 fratrum
3448 1514 3666 1570 ibidem
3711 1516 3823 1572 Deo

2215 1606 2590 1663 famulantium
2645 1609 2984 1664 vestimenta.
3045 1607 3197 1664 Unde
3245 1608 3555 1680 praesentiae
3609 1618 3823 1665 nostra:

2218 1705 2580 1753 strumentum
2606 1699 2968 1768 protulerunt,
2997 1698 3228 1769 qualiter
3245 1699 3571 1770 iamdudum
3604 1701 3682 1756 ad
3709 1717 3826 1756 me-

526 1816 656 1871 pars
684 1802 750 1855 de
775 1799 1083 1855 volatilibus
1111 1815 1236 1855 cum
1262 1801 1382 1856 ovis
1406 1800 1611 1855 eisdem
1638 1796 1897 1852 fratribus
1926 1795 2114 1850 minis-
2139 1783 2187 1844 B
2214 1798 2486 1845 moratum
2525 1791 2917 1847 monasterium
2953 1792 3200 1863 quaedam
3248 1790 3359 1846 Deo
3403 1800 3656 1856 sacrata,
3704 1791 3821 1848 Oih

529 1901 720 1949 tretur.
744 1892 1004 1949 Volumus
1027 1893 1191 1949 etiam
1218 1903 1381 1964 atque
1405 1891 1610 1948 eisdem
1641 1889 1900 1945 fratribus
1919 1902 2115 1944 conce-

529 1985 730 2053 dimus,
759 1987 852 2057 qui
883 1995 939 2042 et
974 1987 1227 2057 praesenti
1257 1995 1498 2055 tempore
1526 1984 1658 2040 inibi
1686 1984 1906 2055 degere,
1944 1991 1998 2037 et
2035 1979 2116 2036 fu-

533 2079 669 2134 turis
689 2080 1023 2149 temporibus
1042 2079 1109 2133 ad
1131 2077 1543 2132 inhabitandum
1564 2083 1618 2130 et
1639 2075 1749 2129 Deo
1770 2073 2114 2130 serviendum

531 2171 814 2242 aggregari
841 2169 1112 2224 voluerint
1143 2186 1156 2221 :
1188 2175 1248 2222 ut
1285 2168 1350 2222 de
1385 2166 1636 2221 omnibus
1672 2179 1791 2235 qua:
1833 2163 1899 2219 ad
1939 2162 2117 2233 sepul-

531 2277 684 2319 crum
712 2261 1012 2316 beatissimi
1043 2260 1258 2331 patroni
1283 2259 1453 2315 nostri
1481 2257 1538 2313 S.
1565 2257 1780 2312 Martini
1802 2273 1832 2311 a
1856 2257 2024 2311 Deum
2051 2255 2118 2309 ti-

532 2351 806 2407 mentibus
840 2349 1215 2415 conferuntur,
1245 2349 1461 2404 tertiam
1495 2355 1707 2420 partem
1746 2347 2014 2417 accipiant
2049 2343 2118 2400 ad

532 2442 887 2498 necessitates
928 2440 1439 2508 sibioconsulendas,
1467 2440 1709 2510 exceptis
1747 2439 1813 2494 de
1850 2438 1936 2494 his
1962 2438 2120 2494 vesti-

532 2533 730 2588 mentis
755 2541 812 2589 et
837 2533 1119 2602 speciebus
1145 2549 1266 2604 quae
1292 2533 1360 2590 ad
1381 2532 1684 2603 sepulcrum
1715 2530 1877 2597 illius,
1909 2529 2120 2591 decoris

532 2637 588 2684 et
614 2629 913 2686 honestatis
946 2645 1131 2694 causa,
1159 2636 1420 2700 perpetuo
1455 2625 1738 2682 retinenda
1771 2632 1949 2681 erunt.
1982 2622 2119 2679 Cera

535 2728 717 2775 autem
741 2728 798 2775 et
826 2719 1004 2775 oleum
1030 2721 1100 2776 ad
1127 2718 1415 2774 luminaria
1449 2717 1502 2772 in
1529 2716 1719 2772 eadem
1743 2715 1970 2772 ecclesia
1997 2730 2119 2771 con-

533 2811 803 2866 cinnanda
828 2811 1171 2866 decernimus
1196 2818 1256 2864 ut
1282 2809 1638 2865 retineantur.
1663 2807 1973 2862 Statuentes
1994 2820 2122 2877 ergo

533 2912 632 2969 per
660 2899 805 2954 hanc
836 2909 1081 2956 nostram
1115 2900 1494 2956 auctoritatem
1520 2897 1883 2969 praecipimus,
1911 2907 1970 2951 ut
2005 2896 2125 2951 nul-

532 2986 620 3044 lus
647 2989 993 3060 praelatorum
1030 2999 1123 3045 aut
1162 2998 1444 3045 auctorum
1481 2986 1640 3058 huius
1675 2987 1991 3042 monasterii
2028 3002 2125 3058 pa-

534 3081 679 3136 troni
705 3083 876 3139 nostri
904 3079 1200 3139 beatissimi
1227 3081 1444 3138 Martini
1474 3081 1614 3137 hanc
1640 3089 1881 3137 nostram
1903 3096 2126 3138 conces-

534 3172 742 3229 sionem
779 3181 943 3244 atque
975 3182 1179 3231 statuta
1220 3173 1542 3239 convellere,
1573 3182 1664 3228 aut
1696 3173 1898 3228 nullum
1929 3173 1983 3227 in
2009 3188 2125 3229 mo-

536 3265 664 3321 dum
693 3267 979 3323 immutare
1004 3275 1324 3337 praesumat,
1358 3268 1452 3323 sed
1488 3267 1762 3339 perpetuis
1792 3267 2127 3337 temporibus

535 3351 922 3408 inviolabiliter
967 3368 1032 3408 ea
1076 3362 1399 3409 conservent
1442 3362 1496 3410 et
1535 3353 1638 3409 sibi
1688 3355 1999 3410 conservari
2045 3353 2127 3409 fa-

536 3442 702 3496 ciant.
740 3442 809 3496 Et
834 3451 894 3496 ut
923 3444 1038 3498 haec
1066 3452 1268 3498 nostrae
1297 3445 1664 3500 concessionis
1700 3455 1756 3500 et
1785 3445 2128 3501 constitutio-

537 3534 624 3589 nis
647 3533 940 3589 auctoritas
967 3533 1181 3588 flrmum
1221 3545 1278 3590 et
1318 3534 1680 3590 inviolabilem
1710 3536 1952 3591 obtineat
1977 3537 2128 3606 vigo-

537 3637 672 3690 rem,
705 3638 869 3679 manu
897 3625 1117 3695 propria
1144 3626 1331 3682 subter
1355 3639 1476 3681 eam
1506 3624 1862 3692 firmavimus,
1891 3634 1948 3682 et
1974 3643 2128 3684 more

537 3721 726 3771 nostro
755 3715 1032 3786 signaculo
1053 3716 1212 3772 bullae
1236 3717 1483 3788 insigniri
1502 3716 1786 3786 iussimus.

608 3805 834 3880 Signum
865 3807 1124 3865 Ludovici
1152 3812 1485 3867 serenissimi
1512 3814 1875 3884 imperatoris.

607 3899 1006 3958 Hirminmarus
1044 3905 1292 3961 notarius
1325 3905 1393 3960 ad
1428 3907 1602 3964 vicem
1635 3907 1929 3968 Theotonis
1970 3926 2127 3968 reco-

541 3993 721 4065 gnovL

606 4080 741 4138 Data
765 4098 900 4139 xvtn
930 4084 1200 4141 Kalendas
1227 4085 1561 4154 Decembris,
1584 4104 1748 4156 anno,
1774 4089 1992 4147 Christo
2010 4105 2132 4163 pro-

535 4173 689 4244 pitio,
721 4175 788 4232 19
816 4177 1030 4247 imperii
1069 4178 1253 4234 domui
1298 4176 1555 4234 Ludovici
1598 4180 1828 4252 piissimi
1867 4183 2127 4254 Augusti,

538 4265 830 4323 indictione
856 4270 942 4324 li.
969 4269 1164 4326 Actum
1195 4270 1427 4330 Turonis
1453 4274 1787 4332 monasterio
1816 4274 1875 4333 S.
1907 4275 2127 4334 Martini

539 4356 597 4411 in
623 4356 720 4415 Dei
743 4361 960 4432 nomine
983 4361 1234 4419 feliciter.

1208 4455 1462 4514 CLXXII.

939 4561 968 4592 ⁸
1005 4564 1109 4606 Ριιο
1145 4564 1334 4608 IAJORI
1374 4567 1726 4611 IONASTEMO.

1163 4643 1336 4715 (Anno
1365 4645 1516 4717 852.)

544 4725 646 4801 [Ex
673 4727 1014 4788 Chartulario
1042 4732 1284 4858 eiusdem
1320 4739 1668 4804 monasterii,
1705 4739 1846 4809 apud
1885 4738 1948 4792 D.
1980 4738 2124 4794 Bou-

667 4809 839 4858 auet..
869 4802 1062 4858 Recuet'
1110 4805 1200 4858 des
1232 4808 1378 4858 his!“
1412 4818 1543 4858 tom.
1571 4809 1660 4858 IV.
1692 4825 1813 4858 nam.
1843 4808 1994 4858 585.1

667 4809 839 4872 quet.,
869 4802 1082 4859 Recueil
1110 4805 1200 4861 des
1232 4808 1379 4875 Irish,
1412 4818 1543 4863 tom.
1571 4802 1661 4875 IV,
1691 4802 1813 4881 pag.
1843 4808 1994 4882 583.]

611 4912 672 4969 ln
709 4916 926 4973 nomine
965 4918 1180 4974 Domini
1220 4920 1315 4976 Dei
1355 4927 1410 4976 et
1450 4919 1746 4976 Salvatoris
1785 4921 1957 4977 nostri
1997 4919 2127 4977 Jesu

543 5001 763 5075 Christi,
791 5007 1114 5078 Ludovicus,
1137 5011 1317 5068 divina
1333 5014 1620 5070 ordinante
1641 5015 1998 5084 providentia,
2019 5016 2124 5071 im-

542 5103 762 5164 perator
788 5100 1083 5172 Augustus.

616 5185 675 5241 Si
713 5189 855 5246 illius
889 5209 1092 5262 amore,
1128 5197 1281 5268 cuius
1307 5181 1532 5255 munere
1565 5200 1777 5255 caneris
1809 5200 2129 5257 mortalibus

542 5279 754 5346 praelati
797 5297 1014 5352 sumus,
1062 5286 1179 5344 loca
1217 5289 1396 5345 divino
1435 5290 1604 5345 cultui
1643 5299 1957 5346 consecrata
2001 5308 2130 5348 con-

543 5371 695 5441 gruis
715 5375 1098 5435 munificentiaa
1123 5388 1321 5437 nostrze
1348 5380 1627 5438 beneficiis
1652 5383 1720 5438 ad
1747 5383 1989 5439 divinum
2015 5383 2131 5440 cul-

615 5549 643 5578 ι
682 5535 863 5612 Hujus
879 5541 1132 5612 praecepti
1168 5542 1444 5612 meminit,
1487 5542 1723 5612 illudque
1757 5542 1898 5598 male
1936 5543 2126 5600 tribuit

545 5621 687 5686 anno
713 5608 817 5686 8§5
844 5608 1088 5686 Labbeus
1114 5611 1169 5664 in
1195 5608 1694 5686 Misceii.__Curios._,
1736 5630 1858 5686 pag.
1889 5613 2024 5681 457;
2063 5615 2128 5670 il-

547 5676 649 5771 l‘t‘i
682 5679 1146 5771 τεεεςΞ-(ἓρὶοξὲξιὲν
1175 5682 1704 5771 ξοΞ;,,Ῡ¹Η,ᾼο,ηίΞτ
1731 5676 1957 5771 irae-2
1983 5676 2122 5771 ras-

537 5746 676 5852 .l85,
701 5748 770 5806 ad
793 5763 995 5810 annum
1018 5748 1142 5817 851,
1175 5763 1208 5808 a
1238 5750 1394 5824 cuius
1418 5767 1607 5822 mense
1641 5746 1951 5830 Septembri
1980 5746 2121 5819 ihci-

2214 1882 2455 1948 nomine,
2493 1897 2630 1936 uxor
2660 1881 2897 1940 Eodonis
2923 1883 3076 1938 ducis
3107 1899 3207 1953 per
3231 1883 3570 1938 venditionis
3601 1884 3822 1939 titulum

2215 1974 2461 2029 eamdem
2489 1973 2671 2028 villam
2706 1989 2832 2030 cum
2870 1974 2986 2030 suis
3012 1974 3344 2046 appendiciis
3377 1975 3821 2030 condonarent.

2215 2062 2380 2133 Cuius
2405 2065 2647 2135 petitioni
2677 2074 2898 2137 propter
2925 2082 3167 2122 amorem
3185 2074 3240 2123 et
3268 2067 3536 2122 honorem
3553 2083 3622 2124 ac
3655 2084 3822 2124 vene-

2220 2160 2483 2216 rationem
2515 2160 2801 2215 memorati
2822 2162 3037 2230 patroni
3063 2161 3235 2217 nostri
3258 2160 3567 2217 beatissinii
3599 2160 3823 2218 ﬂamini

2217 2251 2449 2309 libenter
2474 2253 2865 2322 acquievimus,
2895 2261 2950 2309 et
2977 2264 3330 2312 memoratam
3359 2254 3553 2310 villam
3583 2254 3822 2312 Cambu-

2218 2363 2364 2414 nem,
2391 2363 2555 2419 quam
2588 2347 2644 2402 in
2669 2348 2987 2419 praescripto
3010 2364 3149 2420 pago
3174 2347 3418 2406 Blisense
3442 2349 3534 2405 vel
3564 2348 3822 2406 Duncnse

2219 2441 2380 2496 sitam
2400 2455 2520 2496 esse
2540 2439 2794 2505 diximus,
2816 2455 2942 2496 cum
2967 2441 3053 2496 his
3077 2441 3283 2498 locellis
3306 2458 3428 2514 quae
3454 2441 3525 2498 ad
3548 2458 3676 2498 eam
3699 2457 3823 2514 per-

2218 2530 2393 2585 tinere
2429 2537 2750 2596 noscuntur,
2791 2529 2844 2585 id
2873 2540 2957 2588 est
2992 2530 3236 2600 Galiaco,
3273 2531 3577 2599 Bitarilias,
3615 2531 3823 2589 Varen-

2219 2633 2339 2686 nas,
2368 2619 2644 2688 Culturas,
2663 2621 2846 2676 villam
2872 2621 3104 2690 Aitardi,
3119 2621 3205 2678 vel
3230 2624 3390 2678 etiam
3413 2640 3545 2680 cum
3570 2625 3823 2678 terminis

2221 2717 2276 2764 et
2302 2709 2554 2767 omnibus
2579 2711 2742 2768 rebus
2763 2713 2830 2768 ad
2853 2728 2912 2768 se
2935 2713 3355 2783 pertinentibus,
3382 2714 3648 2770 videlicet
3669 2715 3820 2771 basi-

2221 2801 2362 2867 licis,
2387 2802 2635 2859 domibus
2658 2805 2981 2876 ueterisque
3001 2805 3265 2873 aediliciis,
3287 2808 3484 2872 vineis,
3505 2807 3686 2873 silvis,
3714 2817 3824 2863 ter-

2171 2935 2192 2949 .
2223 2894 2323 2960 ris,
2349 2895 2540 2966 pratis,
2565 2897 2793 2969 campis,
2816 2899 3050 2968 pascuis,
3074 2900 3229 2969 aquis
3261 2913 3604 2969 aquarumve
3631 2900 3823 2956 decur-

2224 2984 2393 3051 sibus,
2431 2985 2774 3071 molendinis.
2806 2988 2965 3045 cultis
2994 2988 3128 3045 locis
3163 2998 3220 3045 et
3257 2989 3498 3057 incultis,
3526 2991 3825 3048 mobilibus

2226 3077 2388 3133 rebus
2426 3085 2481 3132 et
2519 3078 2906 3149 immobilibus,
2947 3096 3010 3137 ac
3049 3082 3255 3153 seipsas
3287 3084 3662 3151 moventibus,
3703 3101 3824 3140 cum

2151 3155 2196 3219 C
2227 3168 2512 3239 mancipiis
2539 3177 2594 3224 et
2631 3171 2919 3228 accolabus
2957 3171 3157 3228 diversi
3203 3189 3368 3229 sexus
3410 3182 3468 3230 et
3508 3177 3719 3240 aetatis,
3759 3174 3824 3231 ad

2227 3271 2584 3319 memoratum
2606 3266 2996 3321 monasterium
3012 3267 3303 3324 venerandi
3317 3269 3665 3325 confessoris
3679 3269 3828 3327 Chri-

2227 3356 2297 3411 sti
2334 3358 2506 3412 sancti
2531 3356 2768 3426 Martini,
2797 3359 2940 3429 quod
2965 3368 3338 3417 constructum
3363 3376 3488 3418 esse
3527 3363 3588 3418 in
3626 3379 3824 3420 memo-

2227 3455 2347 3503 rato
2391 3464 2530 3520 pago
2570 3448 2840 3506 Turonico
2875 3466 3038 3521 super
3080 3452 3254 3522 ripam
3297 3451 3511 3524 Ligeris
3551 3453 3822 3522 diximus;

2227 3543 2320 3598 ubi
2348 3544 2600 3614 praesenti
2632 3553 2875 3616 tempore
2909 3545 3240 3602 venerabilis
3273 3545 3484 3602 Theoto
3515 3547 3694 3604 abbas
3718 3548 3825 3605 Deo

2229 3631 2586 3690 deservientis
2611 3635 3044 3707 congregationis
3069 3644 3260 3706 pastor
3291 3644 3347 3692 et
3369 3647 3556 3692 rector
3588 3652 3717 3695 esse
3745 3655 3827 3696 co-

2227 3722 2527 3793 gnoscitur,
2566 3740 2663 3794 per
2694 3725 2834 3781 hanc
2863 3735 3065 3782 nostra:
3095 3725 3400 3798 largitionis
3436 3732 3823 3787 auctoritatem

2229 3814 2492 3870 donamus
2517 3824 2680 3886 atque
2706 3817 2989 3884 tradimus,
3015 3833 3079 3874 ea
3106 3817 3359 3875 videlicet
3384 3821 3606 3879 ratione
3631 3833 3694 3879 ut
3715 3839 3826 3897 per-

2227 3915 2390 3978 petuo
2406 3905 2528 3976 iure
2557 3907 2726 3979 ipsius
2751 3910 3067 3966 monasterii
3094 3910 3357 3966 consistat
3380 3911 3450 3966 ad
3481 3915 3743 3980 emenda,
3770 3922 3828 3971 ut

2227 4000 2601 4071 praediximus,
2630 4002 2952 4057 vestimenta
2991 4001 3233 4062 fratrum.
3257 4002 3460 4060 ibidem
3502 4003 3621 4061 Deo
3649 4005 3822 4062 famu-

2227 4089 2454 4147 lantium
2486 4110 2498 4146 :
2533 4100 2590 4148 et
2628 4093 2804 4149 nullus
2848 4091 3086 4148 ﬁdelium
3129 4103 3462 4163 nostrorum,
3503 4096 3594 4151 vel
3634 4098 3816 4162 etiam,

2229 4181 2340 4237 Deo
2369 4183 2710 4254 disponente,
2753 4199 3130 4241 successorum
3159 4195 3470 4243 nostrorum
3513 4189 3690 4246 ullam
3727 4191 3820 4246 ha-

2228 4273 2357 4330 beat
2379 4283 2703 4346 potestatem
2733 4276 2980 4331 eamdem
3000 4276 3202 4345 villam,
3226 4278 3312 4333 vel
3340 4278 3430 4334 illa
3457 4295 3583 4351 qua:
3606 4280 3682 4336 ad
3707 4298 3823 4339 ean

2229 4365 2503 4436 pertinere
2551 4373 2871 4434 noscuntur,
2926 4367 2994 4422 de
3039 4365 3164 4437 iure
3212 4367 3454 4438 eiusdem
3501 4373 3822 4429 monasterii

2231 4455 2579 4512 abstrahendi
2604 4455 2688 4511 vel
2714 4456 3075 4512 diminorandi
3104 4476 3117 4513 :
3148 4458 3264 4526 sed,
3293 4459 3434 4515 sicut
3460 4477 3632 4532 supra
3657 4463 3825 4520 inser

2151 4523 2205 4583 D
2233 4560 2346 4608 tum
2373 4561 2483 4618 est,
2525 4562 2821 4609 memorata
2863 4552 3206 4626 congregatio
3245 4570 3706 4628 successoresque
3741 4571 3826 4614 eo-

2232 4665 2352 4703 rum
2381 4650 2448 4704 ad
2477 4649 2530 4704 id
2561 4649 2705 4719 quod
2733 4647 2946 4720 praefati
2975 4665 3187 4717 sumus,
3227 4649 3293 4705 de
3321 4649 3513 4706 eadem
3543 4650 3673 4706 villa
3702 4667 3820 4709 cum

2230 4742 2345 4798 suis
2375 4742 2730 4813 appendiciis,
2770 4743 3032 4814 quidquid
3066 4743 3193 4799 inde
3220 4743 3462 4816 quolibet
3485 4746 3657 4802 modo
3682 4745 3821 4819 exigi

2231 4842 2426 4904 potest,
2457 4835 2693 4890 habeant
2712 4843 3034 4906 potestatem
3062 4834 3326 4902 faciendi,
3356 4837 3674 4904 ordinandi,
3707 4840 3821 4896 exi-

2233 4926 2391 4997 gendi
2439 4933 2550 4980 tam
2596 4927 2952 4996 przesentihus
2996 4943 3161 4998 quam
3204 4927 3402 4985 futuris
3451 4932 3820 5002 temporibus,

2228 5018 2543 5090 disponendi
2571 5018 3016 5089 atque'faciendi.
3045 5018 3153 5076 Sed
3181 5027 3236 5075 et
3261 5020 3308 5076 si
3332 5021 3456 5091 quis
3477 5036 3545 5075 ex
3575 5021 3823 5081 fideth

2230 5108 2439 5179 imperii
2478 5109 2651 5166 nostri
2687 5109 2766 5164 eis
2803 5109 2872 5164 ad
2908 5109 3069 5180 huius
3095 5109 3175 5164 rei
3203 5111 3582 5167 necessitatem
3617 5112 3821 5184 aliquid

2230 5215 2428 5272 augere
2452 5199 2534 5255 vel
2562 5201 2784 5257 titulare
2818 5199 3104 5271 placuerit,
3129 5201 3377 5256 volumus
3412 5211 3474 5256 ut
3504 5219 3537 5257 a
3567 5205 3719 5260 nullo
3742 5206 3821 5262 eis

2231 5291 2434 5348 auferri
2467 5291 2658 5360 liceat;
2698 5300 2966 5363 quatenus
2988 5291 3068 5349 eis
3092 5291 3316 5348 liberius
3343 5309 3442 5365 pro
3468 5305 3661 5352 nostra
3702 5313 3822 5353 sue-

2231 5400 2616 5458 cessorumque
2664 5394 2978 5442 nostrorum
3022 5385 3201 5443 salute
3243 5383 3457 5443 Domini
3504 5387 3820 5446 misericor-

2233 5542 2413 5618 piebat
2443 5543 2666 5618 indictio
2695 5544 2939 5618 decima;
2973 5543 3294 5616 initiumque
3322 5545 3537 5618 imperii
3558 5546 3817 5607 Ludovici

2231 5614 2320 5698 hic
2346 5614 2544 5698 repetit
2570 5617 2638 5698 ab
2668 5631 2809 5698 anno
2837 5617 2962 5698 8ξὸ.

2231 5686 2331 5816 de:
2510 5685 2708 5762 legitur
2748 5687 2808 5750 in
2853 5686 3216 5761 chartulario;
3266 5687 3554 5762 legendum
3574 5731 3592 5762 ,
3641 5709 3818 5753 conce-

2326 5775 2352 5816 ε
2475 5797 2490 5815 .

2326 5775 2490 5816 εηηιε.

3715 5868 3839 5891 πόει
