4050 6340
203 302 380 362 1217

1342 300 1739 363 DlPLOMA'l‘A
1771 294 2329 364 ECCLESIASTICA.

3326 314 3495 394 ⁵ηιδ

204 424 383 481 diam
408 418 697 494 implorare
725 417 969 477 delectet.
1009 417 1078 475 Et
1104 424 1165 475 ut
1197 418 1313 476 haec
1339 429 1540 476 nostrae
1567 418 1813 476 donatio—
1837 423 1893 484 Α
1984 418 2119 473 Data
2158 433 2214 472 iv
2240 415 2361 470 Kal.
2401 412 2648 481 Januar.,
2671 426 2838 481 anno,
2868 413 3086 474 Christo
3114 414 3372 491 propitio,
3426 421 3497 479 18
3572 436 3577 443 ·

206 517 315 574 nis
347 525 512 586 atque
541 514 844 570 traditionis
878 513 1172 571 auctoritas
1208 520 1527 584 perpetuum
1558 520 1614 568 et
1648 512 1818 567 invio-

209 605 457 665 labilem
484 605 729 663 obtineat
750 606 1013 676 vigorem,
1046 620 1209 659 manu
1237 605 1456 675 propria
1485 604 1672 660 subter
1697 618 1820 660 eam

208 699 605 765 ﬁrmavimus,
656 706 713 754 et
762 698 947 754 annuli
991 698 1165 754 nostri
1214 697 1569 770 impressione
1617 698 1819 770 signari

240 809 513 850 ussnmus.

240 809 513 850 ussrmus.

203 790 232 864 j
299 883 533 956 Signum
558 882 819 939 Ludovici
846 881 1179 939 serenissimi
1207 880 1573 953 imperatoris.

296 976 690 1034 Hirminmai'is
740 978 985 1034 notarius
1041 976 1110 1032 ad
1158 975 1335 1034 vicem
1384 973 1680 1033 Theotonis
1724 990 1817 1033 re-

208 1068 505 1139 cognovit.

292 1158 437 1215 Data
460 1175 557 1216 xm
578 1158 696 1216 Kal.
734 1160 1010 1228 Deeemb.,
1038 1174 1201 1228 anno,
1221 1158 1440 1217 Christo
1464 1160 1719 1233 propitio,
1748 1160 1817 1219 l9

210 1248 444 1322 imperii
470 1252 652 1308 domni
676 1252 934 1309 Ludovici
961 1252 1191 1323 piissimi
1225 1252 1485 1324 Augusti,
1522 1254 1817 1312 indictione

214 1343 317 1400 10.
364 1344 561 1400 Actum
603 1342 855 1417 Caduppa
897 1342 1022 1399 villa
1068 1344 1125 1400 in
1172 1344 1268 1400 Dei
1306 1344 1521 1400 nomine
1559 1343 1810 1403 feliciter.

212 1436 419 1493 Amen.

883 1529 1157 1588 CLXXII].

404 1639 504 1682 PRO
538 1640 769 1682 ABBATIA
804 1637 1080 1681 “NCENTH
1119 1639 1255 1681 APUD
1293 1636 1629 1682 CENOXANOB.

839 1717 1011 1788 (Anno
1051 1716 1198 1790 esse

368 1808 548 1882 [Apud
590 1808 803 1875 Baluz.,
844 1808 1089 1875 Miscell.,
1122 1819 1253 1866 tom.
1295 1809 1345 1877 Ι,
1396 1826 1517 1883 pag.
1547 1809 1662 1884 84.]

228 1924 231 1925 ν
292 1899 355 1954 In
383 1901 600 1956 nomine
625 1900 838 1955 Domini
889 1901 985 1957 Dei
1015 1910 1071 1957 et
1119 1901 1419 1959 Salvatoris
1464 1904 1635 1959 nostri
1676 1901 1805 1960 Jesu

214 1988 448 2056 Christi,
465 1990 793 2060 Ludovicus,
812 1993 995 2049 divina
1013 1993 1299 2051 ordinante
1319 1994 1681 2067 providentia,
1706 1994 1805 2051 im-

216 2090 441 2151 perator
461 2083 773 2155 Augustus:

291 2172 556 2231 Omnibus
576 2174 823 2232 ﬁdelibus
861 2185 1065 2234 sancta
1096 2177 1192 2235 Dei
1216 2177 1471 2235 Ecclesia
1497 2186 1551 2235 et
1578 2177 1799 2245 nostris,

214 2265 576 2338 prasentibus
616 2266 826 2324 scilicet
863 2276 917 2322 et
944 2266 1163 2335 futuris,
1188 2276 1377 2324 notum
1409 2282 1529 2325 esse
1551 2268 1802 2325 volumus

215 2355 455 2427 qualiter
481 2356 547 2409 ad
569 2357 818 2413 notitiam
843 2366 1086 2413 nostram
1108 2358 1174 2413 de
1200 2358 1374 2414 tribus
1396 2358 1546 2415 cellis
1570 2374 1800 2428 perven-

215 2456 335 2505 tum
356 2457 458 2515 est,
483 2464 603 2520 qua
627 2466 731 2506 una
759 2466 947 2507 earum
972 2451 1115 2506 intra
1155 2466 1341 2507 muros
1365 2450 1691 2509 Cenomanis
1723 2452 1802 2507 ci-

214 2543 402 2598 vitatis
424 2543 526 2599 sita
549 2552 718 2599 estet
738 2544 916 2600 dicata
940 2546 994 2601 in
1017 2546 1225 2602 honore
1246 2547 1418 2601 sancti
1447 2546 1648 2612 Albini,
1675 2546 1801 2601 reli-

216 2650 340 2707 qua
363 2651 493 2692 vero
519 2638 638 2692 dua
664 2636 719 2691 in
748 2637 1007 2692 suburbio
1054 2646 1365 2693 memoratae
1395 2638 1633 2693 civitatis
1670 2652 1799 2693 con-

217 2735 461 2794 structae,
490 2736 547 2783 et
581 2729 752 2784 altera
775 2743 961 2785 earum
997 2730 1052 2785 in
1078 2730 1285 2786 honore
1308 2730 1482 2786 sancti
1506 2729 1797 2796 Vincentii,

217 2822 386 2879 altera
410 2840 543 2880 vero
563 2824 619 2880 in
643 2826 850 2881 honore
870 2825 1043 2882 sancti
1066 2824 1310 2882 Audoeni
1342 2827 1522 2882 dicata
1546 2826 1794 2892 habetur,

218 2930 353 2986 quas
377 2916 628 2986 prasenti
654 2924 898 2987 tempore
939 2917 1190 2973 Aldricus
1216 2918 1500 2989 episcopus
1539 2918 1640 2973 sub
1675 2916 1801 2986 jure

215 3008 540 3079 prascripta
563 3009 713 3065 urbis
738 3009 1070 3079 possidebat,
1090 3010 1235 3080 quod
1260 3025 1366 3065 non
1386 3007 1533 3077 juste
1561 3009 1629 3065 ad
1649 3023 1801 3064 eam-

221 3098 340 3155 dem
367 3102 580 3167 urbem,
610 3101 706 3157 sed
730 3100 799 3156 ad
826 3101 1101 3172 publicum
1132 3111 1374 3157 nostrum
1396 3102 1669 3172 pertinere
1700 3102 1798 3157 de-

216 3188 423 3248 berent.
461 3192 544 3249 Ad
565 3209 730 3263 quam
757 3208 976 3249 causam
1008 3194 1295 3266 diligenter
1331 3209 1430 3264 per
1467 3193 1720 3249 meliores
1743 3201 1799 3249 et

217 3284 524 3341 veraciores
547 3286 798 3341 homines
831 3285 1253 3355 circumquaque
1294 3293 1609 3340 memorata
1646 3284 1800 3341 urbis

219 3380 573 3435 consistentes
624 3378 1003 3449 inquirendam
1054 3378 1316 3448 nobisque
1380 3377 1799 3433 renuntiandam

220 3472 606 3528 destinavimus
652 3470 865 3527 ﬁdelem
919 3479 1166 3527 nostrum
1203 3470 1491 3527 Widonem
1536 3472 1795 3540 nomine;

220 3564 310 3635 qui
352 3579 473 3620 cum
502 3564 570 3619 ad
608 3578 707 3619 nos
739 3579 991 3619 reversus
1027 3572 1195 3627 esset,
1237 3562 1421 3619 retulit
1450 3562 1629 3631 nobis,
1658 3564 1800 3619 sicut

220 3653 480 3710 relatione
502 3655 770 3710 bonorum
803 3653 1082 3711 hominum
1125 3652 1271 3709 circa
1310 3651 1444 3709 ﬁnes
1483 3661 1799 3711 memorata

218 3748 445 3804 civitatis
492 3747 903 3804 consistentium
948 3765 1071 3803 cum
1118 3748 1445 3804 sacramenti
1494 3750 1798 3805 assertione

217 3838 512 3906 invenerat,
538 3838 685 3909 quod
726 3838 1059 3908 praescripta
1087 3838 1235 3893 cella
1263 3853 1372 3892 non
1414 3838 1483 3893 ad
1520 3838 1797 3908 publicum

217 3937 459 3986 nostrum
487 3928 852 4001 pertinebant,
876 3929 972 3985 sed
992 3927 1092 3984 sub
1108 3928 1233 3999 jure
1275 3936 1591 3985 memorata
1619 3928 1797 3986 Ceno-

214 4022 388 4077 manis
408 4020 650 4078 ecclesia
664 4021 811 4091 juste
832 4028 888 4075 et
911 4020 1149 4091 legitime
1178 4035 1299 4077 esse
1327 4021 1607 4076 deberent.
1639 4020 1797 4077 Cum-

217 4127 321 4183 que
346 4126 413 4168 ex
451 4111 735 4167 memorati
786 4111 958 4168 ﬁdelis
1008 4111 1181 4167 nostri
1235 4110 1487 4168 Widonis
1533 4112 1800 4170 relatione

214 4216 313 4273 per
343 4203 525 4257 omnia
572 4202 649 4257 ita
699 4217 887 4258 verum
934 4218 1053 4259 esse
1084 4203 1543 4275 cognovissemus,
1574 4214 1801 4276 propter

216 4295 420 4351 futuras
444 4295 762 4351 occasiones
801 4305 856 4351 et
879 4297 1261 4353 resultationes
1282 4298 1497 4368 penitus
1537 4299 1799 4369 repellen-

216 4389 314 4446 das
337 4399 390 4445 et
418 4387 769 4457 abjiciendas,
809 4388 1135 4459 complacuit
1160 4392 1316 4446 nobis
1342 4392 1443 4446 hoc
1470 4400 1669 4447 nostra
1697 4407 1795 4447 au-

215 4481 479 4537 ctoritatis
517 4490 678 4550 atque
705 4481 983 4536 memoria
1018 4483 1384 4552 conscriptum
1412 4498 1576 4553 super
1602 4482 1791 4552 hujus—
1818 4504 1872 4566 D

215 4571 419 4627 cemodi
456 4570 659 4626 factum
687 4570 1051 4635 conscribere,
1098 4584 1197 4640 per
1236 4585 1400 4641 quam
1445 4571 1792 4642 praeipimus

215 4670 370 4733 atque
390 4663 640 4734 jubemus
665 4671 726 4718 ut
752 4664 966 4735 repulsa
990 4663 1210 4718 omnino
1234 4664 1450 4734 publica
1486 4662 1791 4732 etjudicia-

215 4756 297 4811 ria
328 4763 592 4824 potestate
628 4754 866 4825 prafata
916 4756 1064 4811 celle
1097 4765 1359 4826 perpetuo
1398 4756 1455 4811 in
1497 4754 1622 4825 jure
1671 4772 1790 4814 ine-

213 4854 432 4905 morata
455 4845 777 4901 Cenomanis
801 4845 1045 4902 ecclesia
1070 4847 1393 4913 consistant,
1436 4862 1637 4918 easque
1674 4863 1790 4903 me-

213 4946 451 4996 moratus
492 4938 741 4993 Aldricus
792 4938 987 5009 prasul
1030 4940 1220 5008 suique
1275 4955 1623 4996 successores
1665 4940 1790 5013 jtre

213 5026 580 5083 ecclesiastico
607 5027 861 5094 habeant,
907 5037 1125 5084 teneant
1164 5038 1327 5101 atque
1352 5031 1688 5100 possideant,
1736 5036 1793 5088 et

214 5119 335 5176 inde
386 5118 589 5174 faciant
635 5119 896 5188 quidquid
945 5136 1044 5189 pro
1093 5122 1374 5177 commodo
1423 5122 1510 5179 vel
1561 5123 1793 5180 utilitate

211 5218 519 5268 memorata
544 5208 871 5266 Cenomanis
914 5211 1157 5266 ecclesiae
1200 5213 1506 5268 faciendum
1551 5229 1671 5269 esse
1699 5213 1792 5270 de-

212 5303 495 5358 creverint.
528 5302 595 5358 Et
629 5309 690 5357 ut
723 5302 840 5358 hac
863 5311 1063 5358 nostra
1090 5304 1431 5361 auctoritatis
1460 5306 1791 5376 conscriptio

212 5390 413 5448 ﬁrmior
438 5393 702 5450 habeatur
724 5402 780 5451 et
804 5410 834 5451 a
858 5394 1104 5451 ﬁdelibus
1131 5396 1333 5452 nostris
1372 5397 1566 5453 melius
1598 5399 1793 5457 creda-

210 5489 301 5538 tur
322 5491 376 5538 et
434 5486 745 5556 diligentius
810 5497 1177 5554 conservetur,
1231 5488 1297 5544 de
1357 5489 1559 5545 annulo
1605 5499 1792 5551 nostro

213 5572 396 5630 subtus
424 5591 545 5630 eam
573 5575 834 5645 jussimus
862 5570 1108 5653 sigillati.

281 5667 674 5728 ll-irminmarus
720 5678 965 5734 notarius
1013 5677 1080 5734 ad
1123 5678 1295 5736 vicem
1348 5678 1610 5738 Thetonis
1640 5697 1788 5740 reco-

213 5762 366 5833 gnovi
390 5771 443 5818 et
466 5765 782 5837 subscripsi.

1918 509 2135 582 imperii
2158 509 2415 566 Ludovici
2428 509 2655 581 piissimi
2673 508 2923 581 Augusti,
2946 511 3240 569 indictione
3254 514 3488 572 decima.

1915 602 2113 660 Actum
2154 602 2479 660 Cenomanis
2507 602 2727 659 civitate
2752 603 2810 661 in
2849 602 2946 659 Dei
2989 604 3210 663 nomine
3235 604 3493 664 feliciter.

1915 698 2111 757 Amen.

2565 791 2843 851 CLXXIV.

2211 901 2313 945 PRO
2348 901 2527 944 EADEI
2564 902 2798 944 ABBATIA
2835 899 2883 944 Β.
2919 901 3213 946 νικοειετιι.

2505 979 2681 1053 (Anno
2736 978 2885 1051 832.)

2378 1073 2557 1147 [Apud
2593 1072 2802 1139 Baluz.,
2841 1070 2999 1146 ibid.]

1982 1162 2044 1219 in
2081 1163 2303 1220 nomine
2328 1164 2543 1221 Domini
2596 1164 2692 1220 Dei
2720 1172 2777 1220 et
2805 1163 3104 1221 Salvatoris
3144 1166 3319 1223 nostri
3363 1164 3493 1225 Jesu

1913 1253 2141 1322 Christi,
2156 1255 2483 1323 Ludovicus,
2507 1255 2691 1311 divina
2705 1256 2991 1311 ordinante
3007 1257 3367 1327 providentia,
3393 1259 3493 1316 im-

1913 1355 2138 1418 perator
2176 1348 2472 1420 Augustus.

1982 1438 2042 1496 Si
2066 1441 2546 1512 supplicationibus
2587 1441 2955 1509 sacerdotum,
3003 1443 3219 1513 quando
3247 1458 3348 1514 pro
3379 1443 3494 1501 suis

1909 1533 1997 1588 vel
2042 1534 2391 1590 ecclesiarum
2452 1535 2553 1591 sibi
2610 1536 3017 1591 commissarum
3072 1535 3492 1592 necessitatibus

1911 1624 2115 1697 aliquid
2142 1626 2299 1683 nobis
2335 1627 2592 1685 intimare
2627 1626 2922 1697 voluerint,
2959 1624 3147 1684 aurein
3183 1628 3489 1700 benigniter

1916 1725 2083 1788 atque
2119 1717 2349 1774 libenter
2377 1721 2874 1786 accommodamus,
2923 1734 3218 1791 eorumque
3238 1718 3412 1790 justas
3436 1727 3493 1775 et

1832 1788 1881 1851 Β
1907 1808 2259 1865 rationabiles
2297 1811 2588 1880 petitiones
2631 1813 2701 1867 ad
2731 1819 2976 1883 optatum
3015 1788 3265 1866 effectum
3301 1825 3492 1881 perve-

1903 1898 2022 1953 nire
2052 1897 2301 1967 facimus,
2331 1917 2438 1958 non
2483 1902 2655 1958 solum
2704 1902 2911 1974 regiam
2956 1910 3117 1972 atque
3145 1900 3483 1973 imperialem

1904 1990 2349 2047 consuetudinem
2397 1993 2451 2049 in
2491 1995 2596 2049 hoc
2628 2009 2966 2061 exercemus,
3020 1995 3114 2050 sed
3155 1994 3319 2049 etiam
3365 2007 3489 2049 eos-

1901 2078 2025 2135 dem
2048 2083 2358 2138 sacerdotes
2387 2084 2455 2138 ad
2494 2083 2709 2139 Domini
2750 2084 3178 2140 misericordiam
3209 2098 3308 2154 pro
3329 2083 3488 2140 nobis

1902 2172 2233 2227 exorandam
2259 2174 2626 2244 promptiores
2666 2182 2828 2245 atque
2879 2176 3187 2231 devotiores
3230 2175 3482 2231 facimus.

1900 2258 2105 2318 Idcirco
2131 2273 2320 2319 notum
2368 2264 2486 2321 ﬁeri
2513 2266 2762 2322 volumus
2805 2267 3049 2323 omnium
3097 2266 3339 2323 ﬁdelium
3387 2280 3486 2323 no-

1899 2357 2158 2417 strorum,
2188 2362 2300 2409 tam
2337 2358 2687 2442 prasentium
2731 2374 2894 2428 quam
2948 2358 3279 2426 futurorum,
3326 2358 3486 2414 indu-
3578 2420 3593 2433 η

1899 2443 2047 2500 stria
2067 2445 2302 2515 qualiter
2323 2463 2448 2502 cum
2487 2464 2587 2504 nos
2611 2450 2677 2503 de
2703 2449 2990 2520 Aquitania
3014 2460 3412 2507 reverteremur
3428 2455 3486 2507 et

1898 2535 1955 2592 in
1984 2538 2176 2594 urbem
2206 2538 2531 2596 Cenomanis
2554 2542 3007 2613 pervenissemus,
3049 2543 3300 2599 Aldricus
3332 2543 3481 2614 ejus-

1899 2628 2020 2684 dem
2048 2629 2197 2685 urbis
2224 2632 2548 2687 venerabilis
2587 2633 2877 2703 episcopus
2921 2634 3187 2689 accedens
3218 2633 3288 2689 ad
3316 2649 3481 2691 aures

1868 2712 1874 2721 ’
1898 2726 2113 2775 nostras
2145 2720 2333 2776 retulit
2362 2723 2519 2779 nobis
2564 2723 2633 2779 de
2662 2724 2894 2794 quadam
2931 2725 3059 2780 villa
3086 2741 3209 2796 qua
3232 2725 3483 2798 Brogilus

1897 2822 2122 2869 vocatur
2141 2822 2197 2871 et
2218 2814 2497 2873 Novavilla
2520 2819 2856 2886 nominatur,
2888 2835 3008 2891 qua
3051 2828 3175 2876 ante
3202 2820 3304 2877 hos
3332 2835 3482 2877 com-

1895 2906 2080 2977 plures
2104 2923 2274 2964 annos
2314 2911 2381 2967 de
2401 2908 2526 2979 jure
2552 2912 2794 2982 ejusdem
2836 2913 3082 2970 ecclesia
3123 2928 3249 2969 cum
3283 2928 3482 2984 appen-

1884 2999 2054 3056 diciis
2073 3008 2127 3055 et
2148 3002 2398 3059 omnibus
2420 3004 2488 3059 ad
2512 3020 2571 3061 se
2591 3005 2987 3075 pertinentibus
3013 3007 3290 3061 subtracta
3316 3014 3481 3076 atque

1900 3090 1969 3144 ad
1996 3091 2270 3161 publicum
2326 3102 2573 3149 nostrum
2628 3096 2879 3161 redacta,
2931 3096 3192 3152 modemo
3238 3104 3482 3167 tempore

1900 3180 1968 3234 ab
1998 3178 2354 3238 Heremberto
2383 3185 2616 3240 vassallo
2658 3194 2847 3242 nostro
2892 3186 2949 3241 in
2990 3186 3314 3241 beneﬁcium
3356 3187 3489 3243 data‘

1897 3272 2284 3342 possideretur,
2320 3282 2376 3331 et
2403 3276 2484 3332 sic
2516 3278 2840 3348 pracedenti
2874 3286 3115 3349 tempore
3135 3279 3203 3335 de
3225 3280 3476 3334 manibus

1897 3373 2173 3420 rectorum
2216 3368 2490 3438 pradieta
2517 3370 2669 3426 urbis
2706 3371 2951 3426 eamdem
2978 3370 3164 3425 villam
3211 3387 3335 3427 eum
3381 3386 3479 3442 ap-

1896 3456 2162 3527 pendiciis
2191 3467 2247 3513 et
2273 3460 2525 3515 omnibus
2570 3460 2639 3516 ad
2688 3476 2748 3517 se
2792 3462 3190 3532 pertinentibus
3237 3462 3480 3534 elapsam

1898 3563 2038 3604 esse.
2071 3548 2180 3606 Sed
2216 3566 2340 3607 cum
2386 3568 2486 3609 nos
2526 3553 2594 3607 ad
2618 3555 2698 3610 rei
2727 3555 3016 3612 veritatem
3056 3556 3366 3627 diligentius
3395 3570 3484 3611 ve-

1898 3642 2202 3715 stigandam
2232 3644 2420 3701 ﬁdeles
2462 3654 2680 3702 nostros
2708 3646 2981 3703 Simonem
3019 3649 3483 3719 presbyterum'et

1897 3734 2262 3790 venerabilem
2313 3736 2561 3791 abbatem
2614 3745 2670 3792 et
2717 3738 3133 3794 Hildemannum
3188 3738 3479 3794 vassallum

1898 3834 2144 3883 nostrum
2175 3827 2536 3895 mitteremus,
2563 3830 3011 3887 renuntiaverunt
3040 3832 3199 3888 nobis
3243 3847 3342 3904 per
3369 3847 3481 3888 om-

1898 3919 1990 3975 nia
2011 3920 2093 3975 ita
2114 3936 2303 3977 verum
2323 3936 2464 3977 esse.
2496 3920 2739 3991 Cumque
2759 3936 2948 3979 eorum
2978 3924 3242 3981 relatione
3275 3937 3481 3980 memo-

1898 4011 2427 4067 ratum'beneﬁcium
2467 4011 2803 4067 Heremberti
2843 4029 2951 4069 non
2992 4015 3058 4070 ad
3086 4014 3359 4087 publicum
3383 4030 3481 4072 no-

1897 4109 2068 4159 strum
2097 4105 2191 4160 sed
2218 4105 2286 4160 ad
2313 4103 2405 4173 jus
2425 4106 2697 4176 pradicta
2718 4105 2961 4163 ecclesia
2993 4107 3317 4165 Cenomanis
3333 4107 3482 4179 juste

1896 4197 2168 4267 pertinere
2194 4199 2656 4270 cognovissemus,
2694 4200 3016 4271 complacuit
3053 4201 3353 4258 clementia
3379 4217 3477 4257 no-

1896 4296 2023 4344 stra
2049 4289 2333 4360 praefatum
2371 4290 2692 4347 beneﬁcium
2726 4291 3084 4360 Heremberti,
3115 4293 3168 4349 id
3200 4302 3303 4359 est,
3335 4292 3480 4349 fore-

1897 4390 2035 4437 stem
2062 4381 2209 4436 illam
2258 4398 2377 4452 qua
2427 4381 2798 4439 Gauciaeinsis
2840 4384 3054 4451 dicitur,
3102 4400 3226 4441 cum
3273 4386 3481 4441 duabus

1897 4472 2172 4530 forestulis
2206 4492 2327 4546 qua
2366 4475 2575 4532 Dovera
2607 4486 2665 4533 et
2694 4476 2981 4549 Tulpiacus
3025 4488 3308 4545 vocantur,
3355 4495 3479 4535 cum

1898 4567 2142 4624 adiﬁciis
2174 4570 2229 4624 in
2255 4567 2443 4625 eadem
2472 4572 2816 4636 constructis,
2846 4587 2964 4642 qua
2993 4571 3206 4627 Brolius
3233 4571 3481 4627 nomina-

1899 4666 2006 4727 tur,
2055 4675 2267 4716 necnon
2304 4668 2359 4716 et
2406 4660 2796 4718 Novamvillam
2841 4678 2964 4719 cum
3012 4664 3261 4719 omnibus
3302 4665 3371 4719 ad
3420 4679 3480 4720 se

1894 4749 2312 4820 pertinentibus,
2360 4750 2414 4807 id
2456 4762 2562 4819 est,
2610 4752 2932 4820 Salvariam,
2970 4754 3298 4820 Colonicam,
3333 4754 3479 4811 Cau-

1894 4841 2171 4910 queriolas
2232 4849 2443 4899 curtem
2499 4843 2808 4899 Herilavan.
2869 4844 3163 4912 Fetrarias,
3229 4846 3477 4902 villarem

1896 4930 2263 4999 Saviniaeum,
2296 4935 2575 5002 Buxarias,
2603 4936 2657 4990 in
2687 4935 3004 4994 Monticellis
3025 4937 3284 5010 capellam
3313 4953 3476 4994 unam

1895 5040 2019 5080 cum
2060 5027 2314 5082 omnibus
2334 5028 2401 5081 ad
2451 5041 2511 5082 se
2555 5029 2974 5099 pertinentibus,
3000 5038 3056 5085 et
3103 5030 3159 5084 in
3203 5028 3477 5086 Caliniaeo

1894 5117 2175 5173 dimidium
2205 5134 2475 5185 mansum,
2506 5128 2561 5173 et
2591 5120 2645 5176 in
2691 5122 2961 5178 Vincariis
3008 5137 3254 5177 mansum
3284 5139 3474 5191 unum,

1891 5220 1949 5268 et
1976 5213 2031 5268 in
2071 5211 2261 5283 Cipido
2292 5222 2454 5285 atque
2485 5214 2674 5272 Belino
2716 5231 2809 5273 eos
2839 5232 2975 5287 quos
3013 5218 3373 5288 jumentarios
3398 5218 3477 5273 di-

1892 5312 2044 5369 cunt,
2075 5319 2200 5359 cum
2246 5304 2550 5361 redditione
2595 5321 2789 5363 census
2843 5323 3003 5378 quem
3046 5308 3273 5379 singulis
3317 5309 3475 5366 annis

1894 5395 2108 5453 solvere
2132 5404 2452 5463 noscuntur,
2475 5396 2530 5451 id
2571 5405 2673 5466 est,
2713 5399 2819 5455 mel
2840 5408 2894 5455 et
2914 5416 3119 5468 ceram,
3141 5409 3197 5456 et
3219 5401 3275 5457 in
3302 5400 3473 5458 Caba-

1892 5486 2021 5543 nido
2049 5502 2146 5544 eos
2172 5503 2311 5559 quos
2333 5489 2612 5559 porearios
2647 5499 2865 5558 vocant,
2912 5500 2969 5548 et
3005 5507 3099 5549 eos
3143 5493 3237 5565 qui
3280 5494 3335 5548 in
3380 5491 3471 5546 illa

1888 5584 2021 5639 ruba
2052 5598 2172 5653 qua
2212 5593 2297 5639 est
2342 5592 2530 5640 contra
2570 5585 2833 5641 orientem
2879 5602 3102 5645 manere
3149 5593 3466 5651 noscuntur,

1887 5691 2097 5733 necnon
2125 5684 2180 5731 et
2206 5676 2327 5733 illos
2352 5677 2445 5748 qui
2486 5692 2648 5747 super
2671 5677 2891 5735 fluvium
2920 5681 3012 5752 qui
3038 5680 3236 5736 dicitur
3271 5677 3469 5733 Sartha

1885 5770 2185 5829 consistere
2211 5779 2531 5839 noscuntur,
2561 5772 2811 5833 similiter
2843 5782 2900 5830 et
2944 5774 3290 5833 medietatem
3328 5768 3472 5826 telo~
