4050 6340
711 351 850 409 1225

1856 343 2184 405 LUDOVICI
2219 344 2244 402 ι
2279 340 2752 402 COGNOMENTO
2788 337 2874 397 PII

3745 353 3824 414 ml

777 466 1178 523 Hirminmarus
1206 461 1462 523 notarius
1487 466 1557 523 ad
1580 463 1755 522 vicem
1799 464 2092 521 Theotonis
2137 478 2290 519 reco—
2316 462 2370 524 A
2392 459 2654 516 Vulvinus
2688 458 2927 525 nomine,
2969 469 3093 514 cum
3127 455 3378 528 episcopo
3412 452 3827 534 Brixiante

708 557 867 631 gnovi
893 565 948 612 et
974 557 1290 626 subscripsi.

780 647 913 700 Data
933 645 978 700 II
1001 645 1117 701 Kal.
1136 644 1383 710 Januar.,
1405 659 1568 710 anno,
1587 642 1804 700 Christo
1821 645 2075 716 propitio,
2105 643 2170 699 l9
2193 644 2292 698 im-

705 740 843 813 perii
867 739 1050 794 domni
1072 737 1326 796 Ludovici
1353 737 1580 809 piissimi
1602 736 1851 808 Augusti,
1876 737 2178 792 indictione
2200 733 2289 792 l0.

703 832 904 888 Actum
929 829 1257 887 Cenomanis
1303 827 1526 884 civitate
1563 829 1619 884 in
1649 829 1746 884 Dei
1786 828 2006 885 nomine
2039 827 2288 885 feliciter.

702 924 900 981 Amen.

1355 1013 1639 1072 CLXXVI.

813 1123 1044 1168 DIPLOIA
1070 1122 1326 1165 LOTHARII
1365 1121 1469 1163 PRO
1502 1119 1839 1162 MONASTERIO
1871 1118 2186 1161 VERONENSL

1313 1195 1490 1268 (Anno
1523 1195 1675 1267 855.)

872 1289 1132 1363 [Ughelli,
1159 1287 1324 1342 Italia
1359 1304 1536 1355 sacra,
1568 1295 1700 1342 tom.
1727 1288 1796 1352 γ,
1825 1302 1950 1358 pag.
1977 1284 2126 1358 717.]

774 1380 833 1437 In
871 1381 1088 1435 nomine
1128 1377 1342 1434 Domini
1382 1377 1554 1433 nostri
1588 1375 1718 1432 Jesu
1758 1376 1977 1442 Christi,
2005 1376 2298 1431 Lotharius

703 1476 974 1548 Augustus
995 1471 1334 1530 invictissimi
1357 1470 1560 1528 domini
1581 1470 1924 1542 imperatoris
1942 1469 2202 1525 Ludovici
2231 1467 2296 1524 fi-

703 1569 828 1624 lius.
1907 1549 1912 1555 ’

778 1659 1048 1732 Quidquid
1074 1659 1220 1714 enim
1250 1657 1305 1713 in
1334 1664 1520 1714 nostra
1548 1657 1635 1714 vel
1665 1673 1951 1729 procerum
1985 1665 2296 1714 nostrorum

701 1753 992 1828 praesentia
1027 1759 1178 1807 recto
1215 1750 1435 1805 tramite
1470 1751 1765 1806 secundum
1803 1750 1975 1822 legem
2015 1749 2298 1806 definitum

2395 553 2730 608 Chuniberto
2760 552 2977 606 nomine
3012 558 3452 616 commutaverat,
3485 562 3535 608 et
3565 570 3592 610 e
3619 567 3754 615 contra
3773 565 3828 620 sibi

2393 644 2652 716 placitam
2681 651 2968 716 acceperat
2998 643 3495 699 commutationem:
3515 662 3617 716 quae
3637 650 3730 705 dum
3742 655 3829 712 utilia

2393 744 2516 808 post
2562 736 2766 806 aliquot
2810 735 2926 790 dies
2972 735 3114 790 idem
3167 734 3420 790 Rataldus
3457 751 3616 793 vener.
3651 743 3828 814 episcopis

2393 828 2632 898 praefatae
2666 826 2724 882 S.
2765 826 3000 882 Zenonis
3033 826 3288 882 Ecclesiae
3324 840 3440 882 esse
3470 831 3749 899 cognovisset,
3779 837 3829 890 ὼ.

2393 920 2467 976 tis
2497 921 2550 974 in
2582 919 3085 990 recompensatione
3113 919 3256 991 pacti
3289 920 3538 992 pmdictz
3573 923 3767 981 Brixiana
3782 945 3828 984 ec-

2394 1011 2572 1068 clesiae
2615 1012 3036 1084 congruentibus
3083 1014 3270 1079 rebus,
3316 1028 3378 1068 ac
3417 1016 3658 1086 mancipiis
3689 1033 3713 1071 a
3738 1019 3829 1076 Petro

2393 1107 2668 1176 quondam
2715 1105 2956 1175 ejusdem
3011 1105 3256 1162 ecclesia:
3295 1107 3530 1177 episcopo
3575 1112 3826 1176 commutata,

2392 1197 2536 1267 pacti
2579 1197 2982 1268 praenominatae
3026 1196 3086 1252 S.
3114 1197 3345 1253 Zenonis
3381 1199 3595 1254 ecclesia:
3622 1204 3829 1270 conquisivit

2394 1289 2464 1344 ad
2485 1288 2790 1345 habendum
2815 1305 2830 1342 :
2853 1290 2946 1344 sed
2969 1289 3099 1360 quia
3124 1290 3288 1360 regiae
3307 1292 3566 1361 potestatis
3591 1291 3737 1347 missus
3753 1293 3828 1349 inter

2394 1383 2494 1439 has
2523 1382 2766 1437 defuerat
2797 1383 3250 1439 commutationes
3279 1397 3376 1452 pro
3410 1383 3669 1454 huiusmodi
3691 1386 3828 1438 occasio

2394 1474 2555 1530 nibus
2578 1474 2896 1540 adimendis,
2929 1490 2998 1529 ne
3029 1474 3153 1530 ideo
3178 1475 3244 1529 ab
3272 1474 3451 1529 eadem
3475 1474 3662 1531 ecclesia
3678 1475 3827 1530 auferam
3869 1471 3874 1482 ’

2396 1575 2506 1633 tur,
2535 1567 2790 1636 quoniam
2817 1566 3062 1639 legaliter
3091 1568 3297 1638 absque
3330 1567 3468 1636 regio
3495 1567 3633 1622 misso
3653 1582 3730 1622 non
3747 1575 3828 1636 pote-

2396 1668 2522 1714 rant
2562 1659 2918 1724 commutari,
2959 1660 3106 1714 hanc
3140 1665 3376 1714 nostram
3412 1657 3717 1713 auctoritatem
3739 1671 3828 1728 super

2394 1751 2651 1825 praefatas
2680 1751 3138 1809 commutationes
3179 1752 3369 1807 addere
3405 1750 3570 1814 libuit,
3594 1748 3828 1820 perquasju-

704 1849 888 1916 fuerit,
930 1854 1146 1923 oportet
1181 1846 1384 1902 nostris
1416 1844 1744 1902 confirmare
1780 1844 2036 1908 oraculis,
2076 1852 2137 1898 ut
2170 1843 2294 1914 jure
2321 1864 2369 1924 Β
2397 1844 2589 1900 bemus
2633 1858 2822 1898 sanum
2863 1857 3185 1897 mansurum
3210 1859 3223 1895 :
3247 1841 3501 1896 sancimus
3531 1850 3583 1894 ut
3611 1839 3827 1894 nulluslidt-

702 1942 1014 1998 firmissimo
1059 1947 1278 1995 maneat
1322 1939 1719 1995 inconvulsum.
1770 1940 1938 2012 Igitur
1980 1947 2170 1993 notum
2217 1937 2291 1994 sit

699 2033 941 2087 omnium
978 2031 1217 2087 fidelium
1254 2037 1588 2098 nostrorum,
1615 2032 1964 2103 praesentium
1997 2031 2204 2087 scilicet
2235 2037 2294 2086 et

701 2122 1025 2189 futurorum,
1063 2122 1370 2194 sagacitati,
1403 2125 1525 2194 quia
1553 2138 1676 2178 cum
1717 2122 1873 2176 missi
1906 2121 2078 2178 nostri
2119 2122 2174 2176 in
2207 2119 2294 2175 Pi-

700 2215 877 2270 scaria
920 2215 988 2269 ad
1029 2214 1410 2269 universorum
1453 2229 1647 2270 causas
1684 2212 2009 2278 audiendas,
2048 2220 2103 2267 et
2145 2219 2292 2267 recte

699 2302 901 2374 judicia
932 2303 1272 2358 terntinanda
1313 2303 1672 2369 resedissent,
1706 2303 1888 2373 ibique
1920 2302 2144 2357 veniens
2180 2301 2291 2359 Leo

705 2396 896 2461 abbas,
929 2402 984 2450 et
1012 2395 1304 2451 advocatus
1329 2395 1515 2452 Sancti
1541 2396 1772 2451 Zenonis
1794 2393 2174 2450 Garimbaldns
2203 2409 2292 2449 no-

699 2489 862 2554 mine,
894 2490 1034 2544 unde
1068 2488 1210 2544 idem
1243 2489 1354 2544 Leo
1383 2505 1480 2560 per
1507 2489 1905 2544 ordinationem
1948 2486 2166 2541 Rataldi
2201 2503 2293 2540 ve-

698 2581 958 2639 nerabilis
985 2582 1222 2654 episcopi
1247 2599 1369 2640 esse
1396 2583 1701 2648 videbatur,
1729 2581 2156 2652 interpellavisse
2192 2580 2294 2634 Ra-

701 2675 988 2746 gileusum,
1019 2682 1074 2730 et
1107 2675 1457 2748 Ragipertum
1491 2675 1783 2730 advocatos
1818 2673 2018 2730 Goradi
2056 2672 2290 2736 comitis,

611 2793 623 2801 -
701 2765 968 2833 dicentes,
995 2767 1138 2836 quod
1164 2782 1290 2837 pars
1325 2766 1533 2838 praefati
1563 2764 1763 2821 Goradi
1792 2764 1984 2820 silvam
2019 2777 2140 2833 qua:
2166 2761 2295 2818 dici-

701 2864 792 2912 tur
817 2857 1068 2924 Hostilia,
1100 2866 1156 2913 et
1180 2873 1380 2929 pascua
1410 2859 1797 2930 pertinentem,
1821 2857 2012 2928 etjure
2037 2855 2094 2911 S.
2115 2856 2291 2911 Zeno-

700 2949 786 3004 nis
833 2964 932 3004 suo
966 2949 1092 3020 jure
1146 2965 1444 3021 occupasse
1494 2950 1680 3006 illicite
1725 2957 1780 3004 et
1832 2957 2020 3004 contra
2083 2949 2288 3019 legem;

698 3133 925 3190 definire
955 3136 1277 3204 potuissent,
1305 3136 1360 3190 in
1384 3145 1626 3192 nostram
1660 3136 1800 3191 hanc
1827 3135 2059 3206 pleniter
2084 3135 2290 3191 delibe-

2395 1937 2528 1992 lium
2563 1945 2765 1992 sanctae
2794 1935 2891 1991 Dei
2919 1934 3178 1990 Ecclesia:
3205 1943 3604 2003 nostrorumque,
3627 1932 3678 1986 ab
3704 1931 3825 1986 hincin

2399 2038 2560 2084 antea
2603 2029 2728 2083 inde
2767 2027 3004 2098 aliquam
3041 2027 3189 2098 pacti
3233 2040 3372 2095 saepe
3405 2023 3520 2078 dicti
3554 2021 3774 2078 monasterii
3794 2018 3823 2074 S.

2394 2120 2631 2176 Zenonis
2665 2119 2866 2174 inferre
2899 2123 3193 2189 praesumat
3221 2115 3636 2177 contrarietatem,
3658 2111 3724 2167 sed
3742 2112 3825 2164 liceat

2395 2215 2480 2280 ei,
2524 2222 2584 2268 ut
2623 2212 2771 2283 justo
2817 2212 3035 2267 tramite
3096 2209 3408 2280 acquisivit,
3445 2206 3598 2278 quiete
3644 2203 3824 2259 rectorilns

2394 2307 2636 2364 ecclesiae
2683 2306 2938 2361 ordinare
2982 2314 3150 2376 atque
3185 2304 3456 2373 disponere
3487 2297 3691 2369 quidquid
3711 2295 3823 2348 utilitas

2393 2398 2666 2468 praedictae
2716 2396 3005 2451 dictaverit
3049 2395 3312 2451 ecclesiae.
3359 2393 3414 2448 Si
3452 2405 3589 2456 vero,
3625 2387 3726 2458 quod
3751 2385 3824 2438 futt-

2396 2503 2517 2541 rum
2537 2503 2642 2543 non
2661 2488 2954 2552 credimus,
2983 2485 3184 2556 aliquis
3205 2485 3333 2550 dux,
3351 2496 3531 2547 comes,
3556 2487 3629 2534 aut
3651 2474 3822 2545 cusjulilttt

2395 2581 2907 2647 administrationis,
2941 2588 3036 2636 aut
3074 2581 3285 2650 privata
3320 2592 3528 2648 persona
3562 2581 3702 2629 contra
3722 2569 3822 2625 omnia

2397 2672 2707 2744 supradicta
2750 2673 2929 2728 moliri
2972 2671 3177 2743 aliquid
3210 2667 3591 2742 praesumpserit,
3621 2678 3688 2717 seu
3713 2658 3820 2715 infrin-

2395 2781 2543 2838 gere,
2574 2767 2659 2821 vel
2686 2781 3039 2836 corrumpere
3068 2779 3137 2819 ex
3165 2772 3336 2834 parte,
3371 2769 3456 2815 aut
3487 2775 3545 2814 ex
3574 2763 3660 2812 toto
3681 2761 3820 2848 tentate:

2396 2859 2499 2924 rit,
2564 2859 2704 2914 sciat
2751 2874 2810 2914 se
2860 2857 3290 2928 compositurum
3341 2851 3474 2908 mille
3514 2859 3725 2904 mancusos
3755 2852 3818 2893 um

2396 2952 2605 3022 obryzi,
2648 2950 2996 3005 medietatem
3030 2963 3262 3004 camerae
3301 2953 3498 3007 nostrae,
3533 2948 3578 2995 et
3600 2936 3816 2993 medietatem

679 3051 866 3112 'quam
894 3057 1010 3096 rem
1046 3041 1174 3097 dum
1205 3041 1415 3112 praelati
1446 3041 1600 3097 missi
1627 3042 1799 3097 nostri
1841 3055 1937 3112 per
1975 3056 2034 3097 se
2069 3039 2294 3096 minime
2387 3044 2502 3115 jam
2530 3046 2675 3099 dicto
2707 3042 3040 3098 monasterio
3086 3042 3146 3098 S.
3190 3039 3426 3101 Zenonis,
3468 3035 3508 3090 si
3540 3031 3675 3100 aliqua
3699 3035 3816 3079 contn-

2396 3138 2608 3194 rietatis
2637 3136 2894 3192 violentia
2933 3135 3083 3190 illata
3116 3134 3297 3190 fuerit.
3343 3131 3406 3186 Et
3441 3135 3494 3182 ut
3526 3126 3607 3180 hoc
3632 3115 3816 3175 certissime

703 3228 877 3282 randa
900 3203 1163 3295 iussimus
1200 3227 1385 3284 venire
1416 3228 1784 3301 praesentiam.
1827 3203 1950 3295 Qua
1974 3226 2042 3282 de
2071 3243 2130 3283 re
2162 3229 2291 3284 dum
2319 3260 2364 3326 ρ
2399 3231 2680 3296 credatur,
2719 3235 2778 3284 et
2819 3227 3135 3299 diligentius
3182 3226 3496 3286 observetur,
3535 3203 3812 3326 ιξιλιιιιφξορζίέ

699 3318 940 3390 diligenti
969 3320 1208 3375 adhibita
1243 3321 1657 3392 investigatione
1682 3320 1762 3375 rei
1784 3319 2071 3375 veritatem
2113 3319 2292 3390 inqui-

699 3424 966 3474 reremus,
997 3410 1187 3465 detulit
1211 3411 1502 3481 praedictus
1534 3413 1700 3466 abbas
1734 3410 1932 3481 optatis
1967 3409 2291 3484 [obtutibus]

699 3500 907 3558 nostris
932 3509 1203 3572 prmeepta
1228 3503 1575 3572 antiquorum
1596 3519 1805 3575 regum,
1842 3519 1944 3559 nec
1977 3519 2084 3559 non
2113 3513 2167 3558 et
2197 3504 2296 3559 bo-

700 3610 787 3650 nae
809 3594 1084 3650 memoria:
1111 3595 1196 3650 avi
1221 3595 1392 3650 nostri
1421 3595 1624 3651 domini
1647 3595 1826 3651 Caroli
1855 3597 2295 3667 praestantissimi

699 3685 1073 3757 imperatoris,
1095 3700 1285 3742 verum
1319 3687 1483 3742 etiam
1518 3694 1574 3742 et
1607 3688 1855 3743 avunculi
1880 3689 2051 3744 nostri
2080 3689 2294 3762 Pippini

699 3779 973 3849 quondam
1012 3777 1231 3850 gloriosi
1266 3779 1432 3850 regis,
1465 3779 1777 3850 dominique
1817 3788 1873 3836 et
1904 3780 2165 3852 genitoris
2199 3797 2296 3838 no-

699 3869 801 3925 stri
841 3867 1098 3926 Ludovici
1137 3869 1469 3926 serenissimi
1509 3869 1762 3942 Augusti,
1802 3886 1923 3941 quae
1963 3871 2092 3926 dum
2129 3872 2295 3946 relegi

700 3958 1036 4027 fecissemus,
1071 3961 1438 4032 comperimus
1461 3959 1608 4030 juste
1635 3968 1691 4016 et
1718 3961 2117 4018 rationabiliter
2135 3972 2296 4034 pacta

699 4053 1019 4110 monasterii
1049 4051 1107 4108 S.
1135 4053 1368 4110 Zenonis
1395 4054 1450 4110 in
1477 4054 1729 4111 omnibus
1752 4071 2078 4126 pascuorum
2095 4098 2110 4123 ,
2134 4065 2190 4113 et
2211 4073 2298 4113 ca-

700 4146 833 4218 puli,
879 4160 974 4202 seu
1007 4146 1252 4213 decimae,
1291 4156 1346 4202 et
1385 4162 1601 4204 omnem
1638 4150 1979 4206 exactionem
2021 4152 2297 4223 pertinere

701 4245 907 4316 absque
933 4243 1174 4314 qualibet
1199 4244 1254 4300 in
1279 4252 1433 4315 parte
1473 4245 1691 4317 aliquod
1731 4245 2111 4302 redhibitionis
2148 4248 2296 4304 debi-

703 4349 838 4408 tum,
879 4341 1030 4398 salvo
1071 4357 1169 4398 suo
1203 4342 1328 4414 jure
1365 4343 1419 4398 in
1454 4343 1722 4416 integrum
1748 4344 2043 4409 territorio,
2076 4345 2166 4401 ubi
2195 4344 2299 4401 Ho-

701 4436 844 4492 stilia
870 4445 1232 4508 nuncupatur,
1265 4437 1420 4508 cujus
1451 4437 1584 4494 ﬁnes
1617 4445 1767 4503 sunt,
1807 4454 1838 4492 a
1869 4431 2020 4493 Pado
2049 4455 2219 4510 usque
2241 4439 2297 4493 in

701 4544 952 4614 campum
983 4528 1297 4596 Turmioni,
1329 4537 1385 4585 et
1409 4545 1440 4584 a
1466 4529 1611 4586 fossa
1650 4529 1822 4586 Lubia
1864 4546 2038 4601 usque
2082 4533 2148 4587 ad
2185 4531 2298 4587 fos-

702 4637 821 4679 sam
863 4622 1112 4696 Regiam,
1157 4631 1212 4679 et
1253 4623 1562 4694 pollicinem
1595 4623 1751 4695 juxta
1797 4632 2036 4680 castrum
2077 4625 2292 4680 Reveri.
2319 4617 2376 4678 D

701 4715 935 4787 ideoque
961 4715 1029 4771 ad
1060 4713 1345 4786 praefatum
1380 4724 1632 4772 sanctum
1678 4731 1743 4771 ac
1779 4716 2145 4772 venerabilem
2193 4717 2293 4772 hos

701 4814 905 4862 nostra:
934 4805 1276 4860 auctoritatis
1321 4805 1502 4875 apices
1540 4805 1656 4860 fieri
1693 4804 1976 4874 iussimus,
2018 4821 2114 4876 per
2156 4821 2293 4877 quos

705 4897 909 4966 absque
937 4896 1179 4966 qualibet
1209 4896 1580 4967 inquietudine
1615 4897 1815 4954 abhinc
1840 4897 1895 4952 in
1922 4897 2160 4952 futurum
2189 4914 2290 4954 no-

704 4992 822 5042 stra
847 4986 1174 5042 auctoritate
1209 4995 1421 5053 teneat,
1455 4987 1707 5058 justeque
1740 4987 1965 5045 fruendo
1993 4991 2288 5059 possideat.

703 5074 925 5148 Insuper
957 5076 1145 5133 retulit
1173 5078 1329 5133 nobis
1357 5078 1618 5134 Rataldus
1648 5080 1948 5151 episcopus,
1986 5081 2073 5136 cui
2099 5080 2293 5152 praefa-

705 5177 820 5225 tum
858 5173 1245 5229 monasterium
1284 5180 1475 5228 nostra
1519 5175 1842 5229 auctoritate
1890 5174 1957 5227 ad
2000 5175 2290 5244 regendum

687 5263 1058 5335 commissum
1089 5272 1231 5330 erat,
1256 5277 1322 5319 eo
1351 5264 1496 5334 quod
1523 5263 1770 5320 Goradus
1794 5279 1976 5319 comes
2003 5263 2212 5334 aliquas
2242 5265 2291 5321 ei

706 5351 906 5409 inferat
945 5364 1134 5412 contra
1172 5356 1515 5413 causationes
1555 5356 1620 5412 de
1657 5356 1977 5425 quibusdam
2020 5357 2203 5422 rebus,
2239 5366 2294 5413 et

705 5448 1011 5520 mancipiis,
1056 5465 1177 5520 quae
1222 5449 1353 5507 olim
1397 5449 1762 5524 praedecessor
1806 5448 2018 5521 praefati
2067 5448 2288 5520 Goradi,

777 5619 808 5648 ι
843 5605 972 5663 Haec
1004 5606 1228 5662 donatio
1253 5605 1395 5661 facta
1424 5614 1508 5662 est
1552 5623 1584 5661 a
1628 5605 1902 5662 Ludovico
1951 5605 2196 5676 Augusto
2235 5607 2290 5664 in

708 5679 939 5749 gratiam
965 5677 1190 5732 oratorii
1220 5677 1394 5732 beatas
1422 5677 1631 5742 Mariae,
1662 5678 1808 5749 quod
1857 5676 2141 5749 Hilduinus
2169 5689 2294 5733 ante

710 5747 864 5816 pedes
904 5747 1188 5800 beatorum
1215 5753 1511 5816 martyrum
1539 5747 1924 5812 aedifiCaverat,
1953 5748 2210 5802 nimirum
2235 5749 2290 5804 in

713 5815 901 5886 capta
926 5817 1301 5882 subterranea,
1333 5815 1429 5870 ubi
1456 5816 1621 5871 etiam
1649 5833 1792 5873 nunc
1809 5819 2111 5874 oratorium
2142 5819 2290 5874 istud

2397 3322 2795 3388 roboravimus,
2825 3329 2880 3376 et
2915 3319 3104 3376 annuli
3147 3317 3315 3374 nostri
3354 3309 3648 3384 impressione
3671 3295 3813 3368 insignit1

2391 3411 2677 3483 iussimus.
3673 3486 3684 3492 _
3739 3481 3746 3492 .

2468 3505 2864 3563 Dructemirius
2908 3503 3273 3561 subdiaconus
3317 3507 3466 3571 atque
3505 3498 3597 3549 not.
3637 3486 3685 3542 ad
3716 3486 3811 3536 actm

2398 3599 2778 3657 Hermenfredi
2821 3599 3034 3669 scripsi.
3673 3668 3681 3677 .
3702 3666 3710 3677 ,
3759 3661 3766 3670 ,

2468 3693 2605 3748 Data
2636 3707 2772 3747 xvnt
2798 3690 2918 3746 Kal.
2936 3668 3144 3756 iFebr.,
3170 3702 3329 3753 anno,
3351 3682 3542 3741 Christo
3573 3668 3810 3756 propitiata-

2397 3784 2535 3856 perii
2561 3784 2707 3839 dom.
2739 3780 2995 3838 Ludovici
3041 3750 3366 3836 serenissimi
3401 3773 3605 3842 imperat
3629 3759 3690 3856 ἔθ’
3705 3750 3810 3856 “.110:

2401 3843 2568 3930 illam
2600 3875 2688 3940 tt,
2730 3874 2916 3930 indict.
2945 3873 3006 3928 Μ
3045 3873 3181 3947 [is].
3230 3871 3411 3928 Actum
3444 3853 3682 3918 Mantuaein
3698 3843 3809 3918 palatio

2396 3969 2544 4040 regis
2574 3968 2630 4023 in
2658 3967 2756 4024 Dei
2787 3968 3008 4025 nomine
3029 3967 3276 4024 feliciter.
3299 3963 3474 4018 Amen.

2905 4147 2916 4154 ,
3041 4078 3339 4140 CLXXVII.

2715 4192 2816 4232 PRO
2851 4191 3192 4233 IONASTERIO
3229 4169 3607 4229 SANDIONYSIANO.

3011 4269 3186 4342 (Anno
3219 4260 3363 4330 εδδ.)

2785 4376 3034 4418 LUDOVICI
3082 4377 3193 4416 ιιι).
3233 4359 3546 4412 PBECEPTUI-

2398 4451 2715 4508 Mintriacus
2754 4409 3558 4525 iavpavgo-f’a-rwisiensi.Hilduino
3588 4409 3800 4482 abbaliDif'

2762 4542 2773 4555 '
2839 4518 2850 4525 ⁷
2875 4518 3098 4596 ηῇεὶαηο
3125 4518 3413 4578 conceditur
3438 4525 3479 4563 ιι.

2781 4615 2960 4650 nam"
3036 4615 3100 4650 Α.
3132 4614 3198 4650 ρο
3223 4609 3443 4650 Αεηιηηι..
3475 4610 3573 4650 naa.
3597 4577 3702 4650 51”

2571 4615 2752 4714 [Ανξιά
2781 4615 3100 4714 Mam-ad:
3123 4614 3198 4714 ηε
3223 4609 3702 4714 ἀίξίοῖνέςῖξίῗξιίἒίᾴέ
3730 4658 3799 4714 ta

2471 4709 2530 4765 In
2560 4681 2777 4765 nomine
2820 4681 3034 4763 Domini
3063 4706 3162 4760 Dei
3191 4711 3243 4760 et
3287 4689 3546 4754 Salvatoris
3581 4681 3754 4785 δὲ

2401 4803 2602 4860 Christi
2631 4802 2956 4868 Ludovicus,
2977 4799 3160 4857 divina
3189 4793 3448 4854 ordinante
3469 4762 3797 4854 providentia,”

2400 4905 2622 4967 perator
2647 4896 2942 4966 Augustus.
3597 4956 3620 4967 η
3650 4942 3718 4967 ,ῃε

2473 4946 2850 5043 Sollicitudine
2872 4986 3137 5058 imperiali
3166 4992 3220 5041 et
3245 4972 3528 5038 Christian!!!
3549 4946 3795 5081 τείίίῗζθξέυῗ

2403 5081 2532 5136 dore
2563 5096 2627 5136 ac
2654 5080 2835 5136 cultus
2864 5081 3032 5136 divini
3061 5079 3237 5136 studio
3281 5048 3794 5166 ρεπιιοηθφυξ

2402 5171 2652 5227 rabilium
2681 5171 2920 5228 locorum
2949 5172 3186 5244 cogitare
3209 5167 3470 5238 augmento
3485 5157 3531 5206 et

2401 5266 2718 5332 bilimento,
2777 5265 3033 5336 quoniam
3086 5256 3418 5336 spiritualium
3461 5231 3791 5358 liminggmm:

2400 5363 2788 5429 munificentia,
2822 5377 2945 5418 cum
2969 5362 3064 5417 Dei
3091 5362 3144 5415 in
3175 5349 3393 5413 Ecclesia
3416 5339 3514 5412 'Piis
3536 5336 3578 5385 θί

2401 5400 2788 5429 .ι.υ.ιι..υω.....,
2822 5400 2945 5418 νυ...
2973 5400 3064 5417 νυ.
3175 5400 3361 5413 ,ην-μ-
3407 5400 3444 5446 ’.
3613 5413 3687 5466 me
3705 5400 3790 5449 com,

2400 5456 2739 5513 rendissimis
2775 5470 2803 5511 a
2840 5456 2998 5512 nobis
3044 5453 3256 5512 Christo
3282 5447 3474 5508 ausplce
3494 5429 3611 5498 Ροιθδ

2397 5614 2606 5690 visitur.
2632 5611 2712 5690 De
2735 5611 3053 5690 Mintria_c9_,_
3069 5590 3455 5690 ἱινυηῐηξεέιξίξ)

2399 5655 3290 5746 {QSKEI'stiBBE'éZHéﬁVv'iuTinitis.
3317 5665 3376 5723 ιθ
3401 5662 3448 5716 in
3467 5655 3578 5709 saecu

2400 5756 2589 5813 dictini
2609 5762 2766 5825 parte
2795 5769 2846 5819 ι,
2876 5768 2980 5824 pag
3008 5752 3131 5809 555.
