4050 6340
254 292 399 350 ωε

1396 278 1794 370 DlPLOMATA
1831 275 2387 334 ECCLESIASTICA.

3374 275 3517 336 1226

250 408 421 462 missa
448 402 698 476 largitate
715 403 1116 475 promptissima
1144 400 1428 457 festinatur
1456 413 1780 455 concurrere
1814 412 1829 449 :
1860 399 1911 458 Α
1935 394 2204 463 quondam
2243 407 2363 446 eam
2404 405 2501 461 per
2538 398 2785 446 nostrum
2814 392 3136 457 beneficium
3157 394 3368 459 habuit,
3398 394 3516 452 sive

251 482 557 567 praesertim
589 510 713 549 cum
738 494 871 573 nihil
906 494 1188 549 credamus
1214 492 1384 546 minui
1416 492 1483 545 ab
1524 488 1832 559 reipublicae

248 587 403 659 jure,
435 588 653 657 quoties
682 587 841 643 donis
870 586 1241 657 imperialibus
1265 584 1468 655 aliquid
1494 584 1699 639 sanctis
1732 583 1836 637 Do-

251 679 389 735 mini
448 677 713 750 (quorum
759 680 960 734 virtute
1015 686 1137 749 post
1178 678 1514 732 Dominicam
1574 677 1836 746 pietatem

230 764 433 839 jmater
484 778 630 826 terra
670 771 883 826 videtur
935 769 1202 826 contineri
1247 778 1302 824 et
1355 769 1504 824 orbis
1545 768 1835 823 universus

252 861 684 917 misericorditer
703 862 837 933 regi,
869 863 1104 917 humana
1133 877 1348 932 quoque
1371 860 1635 932 fragilitas
1661 860 1838 915 suble-

253 953 403 1017 vari,
433 961 489 1008 et
521 938 770 1008 nostrum
814 952 925 1007 Deo
962 952 1176 1007 favente
1207 952 1490 1023 imperium
1520 950 1835 1022 gubernari)

251 1059 419 1099 manu
447 1043 724 1114 locupleti,
755 1053 815 1098 ut
835 1044 1170 1114 imperialem
1195 1042 1835 1111 condecetmajestatem,

252 1135 520 1191 fuerimus
558 1135 767 1207 largiti,
809 1137 927 1207 ejus
976 1138 1248 1207 praecipue
1276 1135 1614 1207 providentia
1654 1134 1839 1203 illique

249 1226 436 1297 potius
462 1226 630 1280 alacri
661 1226 841 1282 animo
869 1235 925 1281 et
943 1226 1228 1282 devotione
1263 1226 1445 1282 debita
1476 1224 1835 1290 conferentes,

254 1320 351 1391 qui
392 1320 624 1374 Sanctus
651 1327 963 1374 sanctorum
981 1334 1325 1375 communem
1354 1319 1717 1389 captivitatem
1748 1332 1841 1372 no-

250 1416 426 1465 stram
452 1408 707 1475 redemit,
737 1418 792 1464 et
813 1424 908 1465 eos
935 1410 1305 1465 sanctificatos
1332 1411 1507 1481 gratia
1534 1409 1834 1476 coronavit,

250 1506 418 1569 atque
445 1507 691 1556 nostrum
722 1500 840 1571 ipso
866 1508 1089 1557 auctore
1117 1516 1376 1573 regnum,
1414 1502 1461 1556 si
1504 1499 1674 1571 jussis
1700 1501 1836 1555 insi-

249 1599 463 1646 stamus
493 1590 746 1661 operibus
766 1632 782 1659 ,
816 1593 884 1648 ad
910 1601 1229 1664 perpetuum
1258 1593 1510 1662 promisit
1539 1593 1839 1648 secundum

245 1683 549 1764 potentiam
586 1697 743 1737 suam
801 1683 1095 1739 transferre
1144 1684 1453 1754 imperium.
1489 1683 1664 1739 Tanto
1692 1683 1839 1740 enim

248 1772 374 1844 plus
400 1773 541 1844 regis
589 1774 935 1845 amplitudini
984 1791 1073 1831 res
1111 1776 1453 1846 propensiori
1500 1777 1840 1831 incremento
1866 1791 1916 1852 Β

246 1862 541 1934 proﬁciunt
562 1903 577 1927 ,
617 1871 822 1947 quanto
850 1879 919 1919 ex
948 1865 1029 1920 eis
1058 1866 1238 1920 studio
1262 1866 1481 1936 pietatis
1507 1866 1644 1921 locis
1669 1881 1836 1921 vene—

250 1954 516 2010 rabilibus
536 1953 698 2029 fuerit
727 1957 1127 2012 commodatum
1152 1972 1167 2011 :
1190 1959 1318 2028 quia
1344 1959 1466 2015 ideo
1502 1960 1707 2015 credita
1738 1959 1843 2014 Do-

250 2043 403 2097 mino
428 2044 724 2099 miserante
753 2046 1107 2117 suscepimus,
1135 2055 1195 2101 ut
1211 2048 1416 2117 optima
1437 2049 1842 2119 dispensatione

249 2125 371 2196 ejus
398 2129 802 2199 omnipotentiae
843 2148 952 2189 non
977 2133 1316 2194 ~dubitentur
1363 2135 1619 2203 restitui,
1659 2143 1715 2189 et
1741 2149 1842 2189 nos

250 2236 355 2292 pro
394 2221 602 2277 collatis
647 2223 917 2293 possimus
972 2225 1226 2281 ﬁduciam
1256 2227 1481 2298 adipisci
1529 2229 1582 2281 in
1626 2227 1841 2283 Steculis

255 2314 764 2383 supervenientibus
791 2317 1016 2386 praemia
1045 2325 1249 2372 :nterna
1274 2319 1511 2373 tenendi.
1546 2318 1591 2373 A
1618 2326 1843 2388 paterna

254 2405 509 2475 equidem
529 2408 980 2477 praevaricatione
1009 2417 1196 2464 notum
1224 2419 1307 2466 est
1334 2412 1632 2465 humanum
1672 2426 1843 2481 genus

254 2512 536 2567 corporeae
584 2500 778 2555 mortis
827 2500 1033 2556 ultione
1062 2500 1302 2556 multari.
1357 2501 1697 2574 Quapropter
1751 2504 1843 2573 qui

257 2596 447 2642 certus
471 2596 555 2643 est
580 2590 905 2660 quandoque
931 2599 1196 2647 venturus
1234 2592 1501 2647 terminus
1522 2602 1575 2647 et
1603 2595 1844 2649 incertus

256 2676 582 2734 formidatur
605 2689 864 2747 eventus,
906 2683 962 2737 in
998 2684 1160 2755 hujus
1200 2700 1524 2741 arumnosas
1572 2689 1843 2745 caecitatis

256 2767 563 2838 ignorantia
603 2771 981 2827 redimendum
1016 2782 1102 2829 est
1140 2781 1353 2846 tempus
1378 2778 1562 2833 multis
1599 2778 1844 2851 largitio-

257 2862 419 2917 nibus
438 2902 453 2927 ,
483 2862 778 2933 placandus
805 2873 890 2920 est
920 2866 1181 2924 Dominus
1213 2870 1415 2924 nostris
1451 2871 1841 2939 oblationibus,

255 2959 316 3006 et
349 2954 525 3009 sancti
563 2953 681 3023 ejus
717 2957 1044 3013 conciliandi
1081 2968 1206 3014 sunt
1232 2961 1390 3016 nobis
1419 2961 1629 3017 devotis
1677 2964 1845 3020 dona-

257 3044 496 3102 tionibus
539 3064 553 3101 :
594 3049 791 3119 quippe
842 3052 1117 3122 quoniam,
1157 3054 1262 3109 etsi
1316 3056 1512 3125 saepius
1572 3056 1837 3113 beneﬁcia

1936 486 1991 539 in
2012 484 2201 539 eadem
2229 483 2346 553 ipsa
2372 482 2519 547 villa,
2550 498 2646 537 seu
2665 482 2839 537 'aliubi
2864 484 2932 537 ad
2953 482 3065 551 jam
3090 484 3289 541 dictam
3312 486 3518 556 portio-

1936 591 2059 630 nem
2123 589 2348 643 quzeque
2405 572 2732 641 pertinentia
2784 570 3025 637 fuerint,
3080 582 3190 628 tam
3248 576 3517 647 mancipia

1936 679 2099 734 quam
2145 674 2338 719 cuncta
2391 678 2509 731 quae
2539 663 2714 716 eidem
2743 662 2975 717 attinere
3009 663 3246 734 legitime
3274 665 3519 737 dignosci

1936 754 2240 819 valuerint,
2300 768 2422 807 cum
2452 753 2602 807 omni
2652 752 2962 823 integritate
2988 768 3088 823 per
3116 755 3219 810 hoc
3270 763 3516 827 augustae

1938 846 2279 901 auctoritatis
2306 853 2507 899 nostra:
2550 853 2881 914 praeceptum
2927 842 3055 899 Jesu
3083 842 3298 900 Christo
3330 847 3521 902 trium-

1936 939 2154 1010 phatori
2199 946 2387 992 nostro
2438 948 2600 1008 atque
2654 938 2899 1009 genitrici
2955 938 3124 1008 ipsius
3170 940 3385 996 Domini
3421 942 3520 999 Dei

1938 1027 2165 1092 aeterni,
2199 1032 2411 1081 sancto'
2441 1027 2671 1096 denique
2721 1026 2884 1081 Petro
2936 1027 3190 1099 clavigeri
3227 1044 3290 1084 ac
3320 1032 3525 1086 sanctis

1936 1117 2451 1187 pretiosissimisque
2479 1115 2681 1172 Christi
2714 1117 3043 1187 martyribus
3072 1117 3357 1191 Dionysio,
3409 1119 3522 1175 Ru-

1940 1208 2078 1263 stico
2101 1218 2155 1263 et
2185 1207 2531 1273 Eleutherio,
2563 1223 2665 1263 nec
2715 1224 2824 1264 non
2877 1210 3127 1265 omnibus
3155 1212 3358 1267 sanctis
3397 1211 3520 1278 Dei,

1939 1313 2170 1369 quorum
2193 1298 2248 1352 in
2278 1298 2468 1352 eodem
2497 1298 2867 1353 sacratissimo
2890 1299 3091 1369 templo
3118 1301 3417 1370 patrocinia
3446 1296 3528 1356 te-'

1939 1398 2137 1445 nentur
2159 1372 2283 1445 cum
2307 1374 2510 1445 honore
2534 1390 2831 1453 recondita,
2862 1407 2960 1461 pro
2976 1392 3230 1460 praesenti
3253 1400 3309 1447 et
3330 1408 3526 1465 perpe-

1945 1489 2035 1536 tua
2065 1490 2252 1536 nostra
2280 1482 2477 1547 salute,
2510 1480 2757 1551 conjugis
2786 1488 2946 1551 atque
2969 1482 3153 1551 prolis,
3180 1483 3294 1537 sive
3316 1484 3530 1555 imperii

1941 1582 2085 1631 statu
2115 1575 2311 1629 tradidi
2340 1560 2807 1645 praesentaliterin
2828 1575 3225 1643 possessionem
3243 1584 3526 1643 aeternam,

1942 1673 2170 1736 excepto
2217 1679 2281 1719 ea
2306 1680 2427 1735 quae
2467 1664 2535 1719 ad
2577 1663 2861 1734 praefatam
2890 1665 3110 1720 domum
3142 1667 3528 1722 reverendissi-

1942 1771 2087 1811 mam
2117 1756 2183 1810 de
2213 1755 2375 1810 rebus
2406 1755 2576 1824 ipsius
2602 1756 2797 1810 matris
2842 1755 3099 1811 Ecclesiae
3129 1773 3235 1811 una
3262 1774 3387 1813 cum
3421 1758 3533 1828 pri-

1943 1845 2141 1917 vilegio
2156 1845 2270 1915 jam
2295 1846 2425 1900 dicti
2440 1846 2768 1902 venerabilis
2790 1847 2893 1901 viri
2914 1846 3154 1903 Hilduini
3182 1850 3386 1905 nostris
3407 1864 3534 1905 ora-

1945 1938 2085 1992 culis
2118 1936 2445 1993 conilrmare
2502 1937 2846 1993 studuimus:
2889 1939 3126 2009 qualiter
3161 1956 3229 1995 ex
3271 1940 3376 1995 ista
3400 1957 3532 2012 pro-

1943 2031 2191 2102 prietatis
2231 2039 2433 2086 nostra:
2468 2031 2685 2086 datione
2736 2038 2793 2086 et
2841 2032 3023 2098 rebus,
3060 2033 3492 2102 utprtediximus
3516 2073 3533 2101 ,

1944 2126 2283 2182 conﬁrmatis
2319 2128 2617 2181 secundum
2653 2126 3054 2181 ordinationem
3083 2142 3246 2196 quam
3275 2127 3420 2183 idem
3449 2128 3536 2183 vir

1943 2215 2160 2271 Domini
2215 2232 2484 2272 consensu
2531 2204 2803 2272 nostroin
2844 2232 2943 2271 sua
2989 2215 3398 2272 conﬁrmatione
3425 2217 3539 2274 dis-

1942 2316 2231 2377 posuerat,
2269 2308 2505 2377 pleniter
2526 2308 2778 2364 videatur
2800 2308 3085 2378 adimpleri
3106 2348 3121 2374 ,
3152 2307 3220 2363 ad
3250 2308 3538 2366 luminaria

1945 2399 2153 2454 scilicet
2177 2400 2372 2454 exinde
2398 2399 2470 2453 ibi
2496 2387 2833 2469 providenda
2851 2439 2866 2463 ,
2893 2406 2948 2454 et
2970 2405 3225 2471 ornatum
3246 2399 3302 2453 in
3324 2413 3390 2454 ea
3411 2413 3539 2454 con-

1944 2504 2138 2559 gruum
2168 2497 2224 2543 et
2252 2489 2475 2560 dignum
2501 2482 2927 2558 procurandum,
2958 2489 3045 2544 vel
3066 2489 3329 2560 quidquid
3359 2489 3416 2543 in
3445 2504 3535 2545 re-

1943 2582 2226 2651 paratione
2243 2589 2298 2636 et
2318 2582 2696 2637 emendatione
2722 2582 2803 2636 sui
2832 2582 3203 2637 necessarium
3223 2580 3391 2637 fuerit
3409 2597 3533 2652 per-

1946 2671 2243 2742 agendum;
2272 2680 2328 2727 et
2362 2680 2424 2726 ut
2464 2674 2519 2727 in
2557 2672 2945 2730 festivitatibus
2974 2714 2989 2739 ,
3026 2672 3413 2729 Puriﬁcatione
3449 2672 3532 2729 vi-

1944 2763 2139 2818 delicet
2170 2772 2372 2820 sanctae
2422 2764 2637 2832 Mariaa,
2668 2781 2734 2821 ac
2764 2766 2851 2821 die
2891 2764 3141 2837 martyrii
3184 2765 3534 2822 beatissimo-

1945 2868 2068 2908 rum
2092 2853 2238 2909 Petri
2270 2863 2324 2910 et
2358 2855 2511 2910 Pauli
2536 2899 2551 2924 ,
2583 2864 2637 2912 et
2662 2871 2763 2929 pro
2790 2858 2999 2912 honore
3037 2855 3282 2911 omnium
3303 2856 3538 2926 Aposto-

1944 2944 2122 2999 lorum
2152 2954 2206 3001 et
2234 2948 2578 3004 solemnitate
2598 2948 2978 3019 gloriosissimi
3017 2946 3223 3002 Christi
3274 2947 3535 3020 martyris

1948 3034 2276 3102 Sebastiani,
2318 3046 2485 3108 atque
2516 3039 2572 3092 in
2601 3037 2978 3093 anniversario
3005 3044 3226 3104 nostro,
3251 3045 3308 3092 et
3334 3036 3542 3094 dilecte

256 3139 609 3196 saecularibus
648 3142 892 3213 impensa
926 3146 1159 3216 negotiis
1182 3147 1342 3218 digna
1369 3148 1608 3204 minimis
1635 3150 1843 3207 vicissi—
1869 3159 1916 3222 ο
1948 3128 2194 3222 conjugis
2222 3138 2423 3186 "osum
2472 3129 2691 3198 “diu”
2724 3131 2940 3202 quando
2970 3131 3073 3185 hoc
3095 3129 3239 3185 Deus
3268 3130 3538 3222 vomer“)

259 3232 447 3287 tudine
483 3231 902 3302 defraudantur,
944 3237 1124 3293 nullus
1161 3253 1261 3307 pro
1296 3248 1449 3294 certo
1487 3247 1571 3294 est
1609 3241 1701 3311 qui
1747 3243 1843 3297 du-

255 3320 429 3388 bitet,
494 3324 639 3393 quod
697 3340 762 3380 ea
819 3341 939 3396 qua:
978 3342 1211 3396 superno
1250 3328 1450 3383 intuitu
1487 3339 1843 3400 peraguntur,

258 3418 476 3467 aeternae
503 3413 627 3468 vitae
672 3416 1114 3473 remuneratione
1157 3420 1561 3489 rependantur;
1602 3421 1768 3476 etiam
1791 3430 1848 3478 et

186 3514 197 3521 ‘
257 3505 403 3574 apud
466 3508 721 3562 saeculum
778 3510 1129 3579 imperatoria
1170 3512 1360 3582 religio
1397 3513 1556 3569 elatis
1594 3515 1845 3572 laudibus

257 3592 568 3649 nullatenus
606 3596 818 3662 deﬁcit,
860 3614 983 3654 cum
1024 3601 1119 3655 Dei
1158 3601 1402 3658 Ecclesia
1454 3606 1844 3675 augmentatio-

259 3682 422 3738 nibus
457 3701 559 3755 pro
596 3686 799 3743 Christi
839 3705 1023 3746 amore
1062 3708 1325 3748 novorum
1364 3709 1591 3765 operum
1643 3712 1708 3751 ac
1753 3697 1848 3751 do-

258 3773 347 3829 nis
376 3775 665 3831 uberrimis
694 3779 926 3848 proiicit.
968 3780 1177 3838 Idcirco
1216 3793 1403 3840 notum
1439 3801 1560 3841 esse
1598 3786 1847 3841 volumus

260 3864 513 3919 omnibus
537 3875 738 3921 sancta:
776 3867 1031 3924 Ecclesize
1069 3872 1165 3926 Dei
1204 3872 1456 3928 fidelibus
1505 3890 1571 3927 ac
1604 3877 1844 3942 nostris,

259 3957 619 4025 praesentibus
656 3958 862 4014 scilicet
899 3970 954 4014 et
993 3960 1212 4029 futuris,
1281 3965 1408 4032 quia
1446 3965 1533 4018 vir
1564 3965 1849 4021 venerabi-

260 4045 333 4102 lis
362 4047 648 4105 Hilduiuus
704 4051 871 4106 abbas
933 4052 1218 4124 religiosus
1283 4042 1601 4111 monasterii
1672 4058 1847 4113 sancti

263 4138 632 4207 apostolorum
666 4139 951 4211 Principis,
980 4143 1668 4216 excellentissimorumque
1696 4146 1851 4203 Chri-

212 4277 227 4286 ,
252 4230 336 4287 8ιί
378 4242 677 4304 martyrum
708 4234 987 4307 Dionysii,
1040 4235 1251 4292 Rustici
1298 4248 1355 4294 et
1403 4237 1701 4294 Eleutherii
1731 4255 1852 4310 spe-

266 4323 485 4379 cialium
542 4333 911 4394 protectorum
961 4338 1273 4384 nostrorum
1302 4371 1318 4395 ,
1387 4330 1672 4386 ecclesiam
1727 4339 1852 4388 ante

264 4414 434 4484 pedes
463 4416 777 4471 eorumdem
816 4418 1258 4474 beatissimorum
1284 4430 1607 4494 martyrum,
1638 4424 1707 4479 ad
1738 4424 1854 4479 lau-

1950 3237 2019 3277 ex
2039 3219 2154 3289 jam
2194 3222 2355 3278 dictis
2390 3224 2554 3281 rebus
2584 3223 2838 3279 monachi
2873 3222 3043 3292 ipsius
3084 3222 3259 3277 sancti
3303 3221 3542 3279 cmnobii

1948 3314 2005 3368 in
2031 3330 2217 3369 amore
2247 3314 2344 3370 Dei
2373 3316 2765 3387 omnipotentis
2801 3323 2859 3372 et
2898 3315 3103 3370 honore
3127 3321 3444 3369 sanctorum
3476 3328 3543 3370 ac

1949 3412 2137 3459 nostra
2163 3405 2441 3469 memoria
2470 3404 2824 3461 refectionem
2850 3405 3107 3469 habeant,
3146 3404 3369 3459 semotis
3396 3402 3542 3457 sola-

1950 3496 2043 3551 tiis
2086 3498 2372 3553 charitatis
2400 3539 2415 3563 ,
2456 3513 2576 3567 quae
2604 3498 2670 3553 de
2694 3500 2859 3553 rebus
2899 3497 3153 3552 Ecclesia:
3187 3497 3242 3551 in
3288 3495 3544 3552 solemni-

1952 3591 2154 3646 tatibus
2180 3592 2454 3662 deputatis
2492 3592 2562 3647 ad
2604 3591 2708 3647 hoc
2756 3600 2941 3647 nostra
2984 3591 3310 3647 auctoritate
3337 3592 3541 3646 contir-

1950 3683 2112 3737 matis
2142 3683 2436 3738 habebunt.
2490 3684 2558 3738 Et
2588 3684 2641 3737 in
2672 3684 2864 3738 iisdem
2908 3683 3096 3736 diebus
3115 3683 3270 3751 juxta
3310 3683 3565 3751 possibi-.

1947 3772 2157 3829 litatem
2194 3790 2262 3829 ex
2313 3777 2399 3830 his
2446 3788 2744 3845 pauperum
2800 3773 3025 3828 refectio
3066 3773 3163 3827 ﬁat
3216 3792 3230 3826 :
3273 3782 3544 3843 quatenus

1950 3865 2111 3919 sicuti
2158 3881 2258 3935 pro
2305 3865 2800 3935 przedecessoribus
2849 3865 3053 3920 nostris
3080 3865 3298 3936 regibus
3340 3865 3541 3924 fratres

1953 3956 2100 4011 illius
2141 3959 2583 4028 congregationis
2608 3959 2947 4029 privatorum
2975 3958 3364 4031 beneﬁciorum
3392 3974 3544 4015 com-

1952 4046 2217 4102 nioditate
2258 4048 2522 4117 speciales
2551 4049 2826 4104 orationes
2857 4063 3007 4104 more
3036 4047 3294 4103 laudabili
3314 4058 3380 4117 et
3404 4065 3542 4120 quo-

1955 4137 2159 4194 tidiano
2210 4139 2491 4194 celebrare
2528 4148 2655 4195 sunt
2704 4140 2846 4195 soliti
2876 4181 2889 4205 ,
2948 4140 3160 4214 sic‘pro
3199 4142 3303 4197 hac
3342 4150 3573 4217 nostra.

1954 4230 2173 4301 speciali
2212 4231 2591 4286 benedictione
2616 4273 2630 4298 ,
2661 4232 2786 4287 dum
2816 4232 2868 4287 in
2895 4247 3123 4302 corpore
3152 4233 3420 4299 vivimus,
3448 4248 3542 4307 sa-

1954 4319 2143 4385 lutem,
2171 4329 2222 4376 et
2243 4330 2364 4392 post
2392 4323 2601 4376 obitum
2630 4331 2893 4378 aitet-nam
2918 4325 3075 4379 nobis
3105 4325 3540 4382 benedictionem

1955 4416 2209 4486 precibus
2239 4425 2485 4488 satagunt
2506 4417 2821 4488 impetrare.
2872 4418 3225 4474 Decernimus
3242 4415 3416 4475 etiam
3444 4434 3543 4490 per

267 4505 394 4562 dem
414 4506 513 4563 Dei
540 4522 604 4564 ac
626 4507 843 4564 Domini
868 4520 923 4566 et
947 4512 1324 4584 Redemptoris
1349 4517 1523 4593 nostri
1545 4515 1672 4572 Jesu
1701 4517 1861 4573 Chri-
1883 4518 1938 4579 D
1962 4518 2287 4581 potestatem
2315 4511 2481 4583 Regis
2506 4528 2716 4585 regum,
2748 4513 2842 4584 qui
2894 4512 3049 4569 nobis
3085 4521 3344 4585 quantam
3374 4511 3548 4567 voluit

269 4602 381 4669 sti,
421 4602 476 4656 in
511 4602 721 4659 honore
741 4613 945 4661 sancta:
973 4613 1029 4662 et
1070 4607 1341 4663 inviolatae
1370 4624 1588 4681 semper
1616 4610 1857 4683 Virginis

268 4696 397 4751 caeli
426 4698 700 4768 totiusque
735 4700 922 4756 mundi
974 4701 1205 4773 reginae,
1255 4702 1671 4774 gloriosissimae'
1708 4704 1861 4775 geni-

270 4790 424 4846 tricis
450 4791 693 4862 ejusdem
719 4791 935 4847 Domini
957 4784 1346 4864 omnipotentis
1373 4794 1575 4859 Marite,
1599 4808 1663 4850 ac
1686 4795 1861 4851 sancti

269 4882 637 4940 Praecursoris
659 4884 885 4953 Christi,
926 4896 1088 4957 atque
1111 4896 1424 4944 sanctorum
1453 4888 1859 4960 Apostolorum,

273 4972 573 5047 Martyrum
604 4992 820 5048 quoque
842 4986 899 5033 et
919 4977 1307 5036 Confessorum
1325 5022 1340 5047 ,
1380 4980 1662 5052 Virginum
1692 5022 1706 5047 ,
1734 4997 1856 5036 om-

271 5066 532 5136 niumque
552 5067 766 5123 Domini
793 5071 1089 5126 electorum
1113 5072 1297 5128 divino
1331 5080 1579 5144 respectu
1602 5081 1860 5143 etsuper—

273 5173 469 5213 norum
518 5158 718 5212 civium
772 5163 1124 5218 veneratione
1172 5180 1272 5234 pro
1319 5172 1545 5227 nostra,
1579 5164 1857 5233 conjugis,

276 5249 443 5304 etiam
470 5248 671 5319 prolis,
705 5264 770 5302 ac
794 5250 967 5304 salute
1000 5267 1096 5305 sua
1142 5260 1404 5322 perpetua
1431 5252 1754 5318 mdiiicavit;
1805 5253 1859 5306 in

277 5353 386 5409 qua
413 5338 709 5411 auxiliante
737 5338 965 5393 Domino
988 5356 1193 5411 suoque
1223 5341 1475 5397 laudabili
1517 5344 1694 5399 studio
1717 5342 1861 5398 labo—

279 5439 438 5486 rante
465 5431 734 5501 permulta
758 5442 817 5500 et
845 5433 1241 5502 pretiosissima
1288 5444 1603 5491 sanctorum
1630 5436 1858 5508 pignora

281 5521 604 5588 collocavit,
652 5524 721 5578 ad
772 5540 936 5594 quam
974 5525 1259 5580 ecclesiam
1326 5528 1501 5598 gratia
1565 5527 1864 5584 Salvatoris

284 5611 460 5669 nostri
507 5611 807 5682 inspirante
856 5614 1172 5685 plenissima
1217 5617 1605 5674 deliberatione
1656 5627 1865 5690 partem

282 5705 423 5764 villa:
475 5721 599 5778 quae
648 5705 963 5765 Mintriacus
991 5710 1214 5776 dicitur
1236 5754 1250 5779 ,
1311 5713 1452 5770 sicut
1502 5711 1869 5770 Fredebaldus

609 5822 886 5887 Pauor.
914 5893 927 5898 ο
949 5821 1107 5887 CIV.

1962 4611 2287 4673 potestatem
2314 4606 2743 4661 misericorditer
2769 4608 3036 4672 contulit,
3087 4608 3142 4661 in
3174 4606 3325 4676 cujus
3377 4619 3546 4662 manu

1961 4695 2127 4750 corda
2156 4704 2281 4750 sunt
2308 4712 2529 4769 regum,
2561 4713 2659 4767 per
2696 4699 3196 4754 interminationem
3224 4707 3278 4754 et
3306 4699 3549 4756 obtesta-

1960 4785 2164 4840 tionem
2185 4785 2303 4856 ejus
2328 4787 2493 4843 futuri
2523 4789 2745 4859 judicii,
2800 4774 2931 4842 nulli
2978 4788 3140 4843 licere
3170 4802 3545 4846 successorum

1964 4885 2276 4932 nostrorum
2312 4889 2405 4933 aut
2435 4880 2749 4934 monasterii
2795 4880 2965 4950 ipsius
2994 4888 3290 4945 rectorum,
3338 4880 3421 4934 vel
3450 4879 3546 4936 alii

1963 4968 2186 5023 cuilibet
2222 4983 2429 5039 magna:
2478 4969 2563 5022 vel
2617 4984 2797 5039 parva:
2856 4986 3140 5040 personae,
3207 4973 3323 5027 haec
3360 4989 3479 5042 quae
3513 4989 3543 5028 a

1963 5060 2122 5113 nobis
2157 5060 2245 5127 pia
2278 5059 2579 5114 intentione
2622 5060 2821 5114 tradita
2847 5060 3067 5117 decreta
3106 5068 3160 5117 et
3205 5062 3544 5134 promulgata

1962 5158 2119 5215 sunt,
2146 5150 2199 5204 in
2222 5164 2493 5220 quoquam
2515 5151 2817 5222 convellere
2839 5193 2853 5218 ,
2892 5162 2983 5207 aut
3013 5169 3099 5208 res
3127 5152 3273 5223 ipsas
3299 5152 3351 5207 in
3375 5155 3514 5210 bene
3534 5182 3547 5194 -

1964 5239 2144 5296 ﬁcium
2177 5243 2308 5297 dare
2334 5283 2347 5307 ,
2390 5243 2474 5296 vel
2512 5244 2601 5298 ubi
2633 5253 2687 5298 et
2715 5244 2804 5298 ubi
2834 5245 3140 5301 distrahere
3162 5228 3201 5312 ,’
3236 5246 3350 5317 sive
3404 5263 3541 5317 pen-

1966 5335 2146 5391 siones
2176 5343 2267 5390 aut
2300 5337 2490 5390 exenia
2532 5336 2959 5392 vel‘cxactiones
2984 5380 2997 5400 ,
3053 5337 3294 5394 redditus
3328 5353 3548 5409 quoque

1966 5443 2061 5483 seu
2092 5426 2395 5483 functiones
2430 5444 2616 5483 earum
2645 5430 2696 5483 in
2737 5446 2861 5484 suos
2891 5445 3217 5500 suorumque
3249 5422 3379 5485 usus
3399 5471 3411 5495 ,
3444 5442 3547 5485 nec

1966 5536 2071 5574 non
2119 5536 2441 5590 quocunque
2473 5521 2709 5591 ingenio,
2750 5521 3045 5576 calliditate
3073 5522 3157 5577 vel
3208 5530 3328 5576 arte
3362 5520 3545 5591 aliqua

1967 5621 2130 5684 atque
2165 5614 2452 5667 occasione
2484 5614 2537 5668 in
2568 5612 2861 5682 quamlibet
2904 5614 3064 5668 aliam
3108 5622 3318 5684 partem
3344 5650 3358 5675 ,
3390 5609 3496 5671 nisi
3522 5650 3539 5676 ,

1922 5732 1925 5739 ν
1968 5716 2029 5763 ut
2053 5705 2265 5779 pra-fati
2291 5723 2509 5773 sumus,
2532 5706 2587 5761 in
2616 5705 2845 5763 utilitate
2867 5696 3035 5779 ipsius
3065 5712 3266 5761 sanctae
3289 5701 3544 5765 Ecclesia:

2961 5814 3039 5874 39
