4050 6340
672 276 817 353 1227'

1794 286 2117 345 Luuowm
2153 292 2174 345 1
2213 288 2684 351 cocuonnnro
2717 288 2806 352 ru
3708 313 3795 375 ηε,

668 422 724 468 et
750 409 1106 480 cieemosynze
1119 412 1321 465 nostrae.
1349 413 1638 480 augmento
1667 405 2010 477 dispendere,
2028 415 2083 461 et
2106 409 2247 462 sicut
2274 410 2326 473 Α
2350 409 2732 466 auctoritatem
2758 452 2772 475 ,
2828 417 3050 483 propter
3093 408 3443 471 reverentiam
3485 432 3796 491 memoratum

666 518 808 574 saepe
847 500 1036 571 scripti
1071 499 1245 555 ﬁdelis
1273 501 1447 556 nostri
1475 500 1733 570 obsequio
1784 500 2091 555 rationabili
2120 518 2245 573 pro-

669 589 841 650 videri
868 590 1157 647 annuimus
1191 608 1204 644 :
1246 589 1341 647 sed
1394 591 1493 645 sub
1519 591 1770 662 specialis
1804 592 2047 648 custodis
2072 634 2088 660 ,
2149 593 2245 664 qui

664 680 840 741 ﬁdelis
861 722 877 749 ,
922 680 1239 752 religiosus,
1270 688 1326 736 et
1351 679 1612 752 regularis
1640 681 1815 736 eidem
1844 680 2028 738 divino
2069 681 2246 737 domi-

662 777 788 834 cilio
813 790 1030 845 semper
1050 770 1261 831 abbatis
1280 782 1335 828 et
1351 771 1578 828 fratrum
1598 773 1860 830 electione
1874 774 2242 847 deputabitur,

661 868 1065 941 dispensatione
1085 872 1140 920 et
1168 862 1509 921 ordinatione
1538 866 1654 920 haec
1682 864 1901 921 donatio
1930 875 2118 922 nostra
2158 883 2245 925 so-

662 965 789 1024 lerti
828 962 1193 1021 sollicitudine
1216 969 1506 1033 procurata
1528 976 1628 1032 pro
1655 959 1937 1021 destinatis
1958 970 2015 1018 et
2046 961 2242 1019 debitis

662 1067 880 1114 aeternas
934 1054 1306 1111 retributionis
1356 1053 1581 1108 obtentu
1631 1051 1861 1109 ﬁdeliter
1907 1048 2238 1109 conferatur.

661 1146 1023 1205 Successores
1047 1143 1397 1200 nihilominus
1417 1152 1633 1198 nostros
1656 1141 1855 1198 obnixe
1877 1141 2238 1214 deposcimus,

659 1247 722 1295 ut
747 1238 905 1295 sicuti
928 1253 993 1294 ea
1020 1232 1141 1308 qua:
1162 1236 1263 1308 ipsi
1288 1251 1386 1307 pro
1407 1250 1505 1291 sua
1533 1234 1706 1291 salute
1731 1236 2045 1302 statuerint,
2071 1252 2101 1291 a
2128 1237 2242 1294 suis

661 1328 1037 1386 decessoribus
1063 1324 1335 1382 voluerint
1358 1324 1672 1391 observari,
1702 1324 1779 1381 ita
1803 1325 1945 1380 hanc
1974 1323 2240 1381 constitu-

662 1420 863 1477 tionem
891 1428 1156 1484 nostram,
1180 1432 1343 1489 quam
1363 1433 1463 1488 pro
1489 1416 1848 1489 prosperitate
1869 1424 2075 1483 nostra,
2106 1432 2237 1471 con-

653 1509 828 1584 jugis,
862 1519 917 1567 et
947 1511 1134 1581 prolis,
1155 1518 1212 1566 et
1242 1517 1386 1566 statu
1408 1509 1623 1582 imperii
1647 1506 2054 1578 conﬁrmamus,
2080 1504 2239 1566 ﬁrma

659 1602 955 1661 stabilitate
992 1600 1367 1659 inconvulsam
1394 1616 1616 1658 manere
1641 1642 1657 1669 ,
1698 1610 1754 1658 et
1798 1592 1906 1657 ﬁne
1935 1607 2093 1657 tenus
2117 1616 2240 1673 per-

657 1698 837 1769 petuis
866 1697 1202 1770 temporibus
1228 1696 1542 1752 inviolatam
1574 1708 1898 1751 conservare
1920 1701 2234 1764 procurent.

2346 511 2660 557 sanctorum
2676 545 2690 569 ,
2724 509 2778 558 et
2804 512 3019 558 aeterna:
3047 506 3407 562 retributionis
3433 506 3653 579 fructum,
3677 531 3796 578 nostra

2346 595 2794 653 conﬁrmarcmus
2830 598 3169 654 auctoritate.
3218 598 3377 671 Cuius
3409 605 3617 673 petitioni
3642 609 3797 670 libenter

2346 696 2681 754 annuentes,
2718 690 2992 759 postulata
3021 693 3411 761 concessimus,
3450 702 3498 751 et
3531 712 3584 751 ea
3617 714 3689 770 per
3708 705 3795 762 hanc

2345 787 2590 833 nostram
2613 781 2993 836 auctoritatem
3014 782 3407 841 confirmamus.
3423 785 3793 863 Quapropterpm

2345 867 2608 939 cipientes
2628 870 2883 940 iubemus
2913 880 2973 926 ut
3000 870 3176 927 nullus
3198 873 3359 943 iudex
3381 876 3620 946 publicus,
3651 883 3711 937 vel
3732 885 3795 941 alia

2345 958 2596 1029 quaelibet
2630 961 2933 1031 iudiciariae
2975 965 3257 1034 potestatis
3294 967 3499 1038 praedita
3526 984 3730 1040 persona,
3760 977 3793 1032 in

2343 1048 2632 1117 ecclesias,
2666 1058 2759 1106 aut
2785 1050 2935 1118 loca,
2965 1053 3049 1109 vel
3076 1068 3263 1127 agros,
3307 1070 3395 1111 seu
3429 1058 3631 1129 reliquas
3652 1078 3794 1133 posses.

2343 1134 2524 1197 siones
2552 1144 2837 1197 memorati
2866 1142 3202 1212 monasterii,
3234 1160 3363 1216 quas
3389 1149 3615 1206 moderno
3635 1160 3792 1223 tempore

2342 1231 2399 1288 in
2425 1228 2752 1302 quibuslibet
2781 1236 2936 1306 pagis
2964 1242 3019 1291 et
3046 1237 3331 1293 territoriis
3358 1238 3485 1293 infra
3513 1242 3713 1298 ditionem
3733 1247 3794 1300 im-

2340 1324 2477 1394 perii
2509 1324 2681 1379 nostri
2707 1326 2853 1396 iuste
2879 1333 2934 1381 et
2960 1322 3205 1397 iegaliter
3229 1326 3475 1397 possidet,
3499 1329 3571 1384 vel
3592 1346 3683 1401 quae
3701 1334 3791 1390 dein-

2341 1424 2469 1485 ceps
2502 1416 2557 1470 in
2587 1412 2711 1487 jure
2740 1416 2912 1488 ipsius
2939 1419 3111 1474 sancti
3143 1418 3247 1474 ioci
3273 1419 3487 1476 voluerit
3516 1414 3661 1479 divina
3684 1426 3793 1495 pietas

2340 1507 2565 1577 augeri,
2615 1506 2683 1562 ad
2722 1520 2919 1565 causas
2956 1506 3247 1579 iudiciaria
3281 1522 3424 1567 more
3453 1512 3713 1580 audiendas,
3742 1516 3792 1571 rei

2338 1588 2492 1651 {reda
2515 1596 2805 1670 exigenda,
2834 1607 2930 1655 aut
2949 1600 3258 1655 mansiones
3277 1600 3359 1656 vel
3382 1610 3572 1671 paratas
3591 1598 3790 1671 faciams,

2341 1693 2437 1741 aut
2466 1682 2811 1758 ﬁdeiussores
2842 1686 3144 1756 tollendos,
3184 1698 3275 1746 aut
3302 1690 3529 1748 homines
3566 1674 3695 1763 ipsius
3719 1710 3793 1750 ωο-

661 1767 733 1846 Ut
760 1804 892 1844 vero
922 1767 1222 1861 pleniorem
1244 1788 1488 1845 obtineat
1512 1786 1789 1843 firmitatis
1812 1788 2053 1860 vigorem
2070 1826 2087 1854 ,
2113 1802 2233 1843 eam

2192 1803 2233 1843 ω
2262 1767 2319 1830 Ι
2338 1778 2585 1847 nasterii,
2612 1786 2720 1836 tam
2744 1780 3009 1853 ingenuos
3033 1796 3197 1852 quam
3226 1790 3280 1838 et
3303 1798 3489 1849 servos,
3515 1798 3647 1855 super
3664 1795 3791 1841 ternm

656 1896 820 1936 manu
843 1888 1030 1936 nostra
1056 1881 1244 1938 subter
1262 1879 1620 1947 ﬁrmavimus,
1643 1886 1699 1935 et
1736 1878 1803 1937 de
1823 1878 2026 1935 annulo
2046 1886 2236 1936 nostro

658 1971 897 2045 sigillare
913 1970 1200 2043 iussimus.

732 2065 956 2137 Signum
983 2063 1240 2120 Ludovici
1263 2062 1595 2120 serenissimi
1621 2061 1985 2134 imperatoris.

730 2152 1114 2210 Hirminmaris
1146 2154 1393 2213 notarius
1432 2154 1500 2210 ad
1526 2155 1701 2212 vicem
1749 2150 2045 2213 Theotonis
2084 2170 2240 2214 reco-

655 2247 819 2321 gnovi
850 2255 905 2303 et
930 2247 1246 2317 subscripsi.

728 2338 863 2392 Data
915 2337 1123 2394 decimo
1172 2338 1333 2395 tertio
1384 2337 1653 2395 Kalendas
1680 2338 2010 2409 Februarii,
2068 2357 2237 2412 anno,

658 2431 873 2488 Christo
898 2432 1152 2503 propitio,
1182 2433 1394 2489 decimo
1428 2448 1571 2490 nono
1598 2434 1812 2505 imperii
1840 2435 2023 2492 domni
2053 2436 2237 2494 Ludo-

659 2525 763 2580 vici
788 2525 1019 2597 piissimi
1038 2524 1291 2599 Augusti,
1319 2526 1614 2583 indictione
1638 2527 1725 2582 ii.
1749 2528 1947 2584 Actum
1972 2527 2119 2587 Vern
2142 2544 2237 2603 pa-

654 2614 785 2673 latio
808 2618 955 2693 regio
984 2618 1042 2675 in
1070 2616 1167 2675 Dei
1202 2618 1418 2676 nomine
1446 2617 1699 2676 feliciter.
1727 2617 1924 2676 Amen.

1280 2733 1604 2792 CLXXVIII.

848 2860 951 2908 rae
986 2842 1271 2910 διεσκεκεὶ
1306 2862 1352 2909 s.
1389 2868 1649 2910 cornuum
1686 2866 2048 2911 IONLS‘I'ERIO.

1273 2940 1448 3015 (Anno
1474 2942 1626 3015 855.)

656 3031 693 3060 ⁵
761 3020 864 3109 [Ex
893 3028 1245 3107 autographa,
1285 3034 1426 3104 apud
1451 3033 1515 3088 D.
1542 3032 1829 3104 Bouquet.,
1855 3039 1990 3090 tom.
2014 3030 2131 3108 VL]

2340 1865 2512 1943 ipsius
2540 1880 2948 1930 commanentes
2976 1875 3177 1946 injuste
3202 1874 3581 1949 distringendos.
3604 1885 3686 1942 aut,
3704 1879 3791 1933 sicut

2338 1964 2395 2021 in
2409 1963 2666 2034 praedicta
2688 1965 3013 2021 auctoritate
3028 1964 3211 2022 domui
3235 1967 3547 2038 imperatoris
3565 1970 3790 2034 continetur,

2338 2057 2846 2115 consuetudinarios
2872 2050 3293 2132 distringendcs,
3320 2068 3408 2116 aut
3433 2060 3655 2117 teionenm
3674 2060 3790 2116 tollen-

2338 2142 2468 2203 dum
2485 2190 2501 2215 ,
2541 2157 2635 2204 aut
2660 2148 2800 2206 ullas
2825 2142 3217 2208 redhibitiones
3247 2158 3337 2208 aut
3363 2152 3556 2207 illicitas
3577 2152 3790 2207 occasiones

2337 2236 2716 2308 requirendas,
2763 2236 2870 2295 ullo
2898 2250 3139 2312 unquam
3170 2248 3405 2312 tempore
3438 2236 3614 2311 ingredi
3637 2238 3788 2303 audeat,

2336 2330 2424 2385 vel
2473 2340 2536 2386 ea
2579 2346 2701 2402 qua!
2743 2344 2904 2402 supra
2946 2342 3246 2388 memorata
3286 2342 3405 2389 sunt
3444 2333 3622 2404 penitus
3651 2332 3789 2401 exigere

2337 2428 2651 2493 praesumat.
2692 2421 2798 2479 Sed
2828 2422 2990 2479 liceat
3018 2434 3318 2479 memorato
3342 2423 3503 2479 abbati
3530 2424 3697 2493 suisque
3715 2434 3787 2475 suc-

2339 2514 2647 2570 cessoribus
2680 2528 2769 2570 res
2795 2515 3035 2585 praedicti
3078 2516 3384 2571 monasterii
3427 2510 3514 2570 sub
3538 2510 3784 2569 immanitatis

2338 2614 2542 2663 nostra:
2572 2607 2883 2664 defensione
2909 2609 3097 2680 quieto
3125 2609 3311 2664 ordine
3337 2608 3595 2679 possidere.
3625 2606 3673 2661 Et
3692 2603 3787 2675 quiti-

2339 2700 2470 2772 quid
2500 2701 2695 2757 exinde
2732 2699 2893 2757 ﬁscus
2928 2715 3153 2772 sperare
3183 2702 3405 2773 poterit,
3453 2708 3595 2755 totum
3631 2712 3699 2751 nos
3727 2708 3785 2764 pro

2338 2800 2541 2851 aeterna
2573 2794 3013 2851 remuneratione
3052 2794 3276 2865 praelato
3305 2794 3594 2849 monasterio
3616 2787 3782 2845 concedi-

2339 2894 2494 2950 mus,
2537 2891 2596 2939 ut
2632 2885 2687 2939 in
2728 2884 2982 2939 alimonia
3012 2896 3309 2956 pauperum
3339 2894 3389 2939 et
3424 2882 3641 2953 stipendia
3664 2894 3782 2934 mona-

2339 2977 2563 3034 chorum
2588 2976 2787 3031 ibidem
2812 2976 2921 3031 Deo
2945 2977 3318 3032 famulantium
3345 2975 3612 3046 perenniter
3626 2969 3784 3040 proﬁciat

2338 3067 2395 3122 in
2424 3067 2747 3138 augmentis.
2786 3064 2863 3121 De
2891 3067 3034 3123 villis
3063 3080 3195 3124 vero
3222 3067 3457 3137 superius
3482 3062 3715 3123 nominatis,
3736 3059 3782 3113 rei

724 3138 781 3201 in
825 3144 1045 3202 nomine
1083 3144 1295 3202 Domini
1338 3142 1435 3203 Dei
1476 3148 1531 3202 et
1572 3143 1872 3202 Salvatoris
1912 3147 2083 3202 nostri
2110 3140 2240 3202 Iesu
2266 3138 2313 3210 Ε
2344 3156 2410 3215 de
2433 3156 2685 3214 omnibus
2716 3159 2878 3214 rebus
2903 3159 3160 3229 prmsenii
3193 3169 3421 3228 tempore
3447 3159 3570 3228 iuste
3592 3150 3779 3223 possessis,

653 3228 882 3304 Christi,
898 3232 1219 3305 Ludovicus,
1240 3236 1421 3293 divina
1441 3230 1728 3294 ordinante
1752 3238 2113 3311 providentia,
2134 3239 2235 3294 im-

653 3340 874 3401 perator
900 3329 1195 3401 Augustus.

728 3419 786 3476 Si
817 3418 1169 3492 petitionibus
1205 3436 1487 3478 servorum
1514 3414 1610 3477 Dei
1638 3420 1804 3492 iustis
1838 3426 1894 3478 et
1931 3420 2233 3478 rationabi-

653 3508 795 3567 libus
822 3509 989 3567 divini
1019 3511 1193 3567 cultus
1218 3525 1403 3566 amore
1428 3510 1695 3579 favemus,
1725 3513 1900 3585 dignae
1926 3513 2237 3568 retributio-

654 3603 739 3659 nis
772 3602 995 3674 prazmio
1023 3620 1124 3659 nos
1160 3619 1191 3658 a
1223 3602 1453 3659 Domino
1484 3605 1825 3659 remunerari
1860 3603 2091 3660 ﬁdeliter
2118 3619 2238 3660 cre-

653 3694 853 3752 dimus.
889 3696 1094 3753 Idcirco
1118 3698 1329 3753 noverit
1358 3697 1600 3755 omnium
1627 3696 1865 3754 ﬁdelium
1895 3706 2235 3766 nostrorum,

653 3795 765 3844 tam
799 3791 1145 3860 praasentium
1171 3807 1333 3862 quam
1376 3799 1431 3847 et
1474 3788 1780 3846 futurorum
1812 3790 2063 3857 solertia,
2109 3792 2236 3863 quia

652 3878 739 3935 vir
782 3881 1107 3937 venerabilis
1153 3880 1423 3953 Sulpicius
1468 3881 1639 3939 abbas
1681 3883 1997 3940 monasterii
2046 3882 2104 3940 S.
2134 3882 2237 3940 Co-

652 3962 850 4027 lumbae
886 3970 1143 4044 martyris
1179 3970 1380 4028 Christi
1410 4013 1425 4039 ,
1474 3974 1530 4027 in
1574 3987 1683 4044 quo
1711 3973 1882 4045 ipsius
1918 3981 1974 4029 et
2008 3971 2065 4029 S.
2099 3973 2237 4044 Lupi

652 4064 985 4120 confessoris
1009 4064 1211 4121 Christi
1250 4080 1477 4136 corpora
1516 4066 1739 4121 humata
1768 4070 2114 4132 venerantur,
2144 4067 2237 4123 de-

652 4156 776 4213 tulit
803 4158 1083 4214 obtutibus
1128 4156 1327 4213 nostris
1371 4158 1662 4228 quamdam
1708 4158 2086 4215 auctoritatem
2129 4158 2234 4212 im-

652 4249 933 4305 munitatis
980 4246 1162 4305 domui
1216 4255 1271 4304 et
1325 4248 1588 4320 genitoris
1637 4249 1810 4303 nostri
1858 4247 2034 4305 Caroli
2082 4249 2237 4304 home

650 4341 931 4396 memoriae
977 4340 1204 4413 piissimi
1250 4338 1518 4411 Augusti,
1568 4339 1623 4395 in
1667 4356 1774 4411 qua
1814 4344 1933 4395 erat
1973 4340 2236 4395 insertum

652 4431 887 4502 qualiter
913 4424 1054 4486 idem
1084 4430 1199 4500 ipse
1235 4436 1290 4484 et
1323 4438 1698 4486 antecessores
1733 4429 1869 4501 eius,
1901 4444 2055 4501 reges
2086 4430 2237 4486 vide-

2342 3249 2422 3305 sic
2444 3250 2501 3305 in
2521 3244 2722 3305 ditione
2743 3248 2912 3319 ipsius
2933 3250 3247 3305 monasterii
3271 3252 3506 3321 perpetuo
3524 3244 3780 3317 permaneant

2341 3340 2484 3398 sicut
2529 3340 2584 3395 in
2634 3340 2959 3395 auctoritate
3004 3340 3188 3396 domui
3236 3349 3289 3396 et
3331 3339 3559 3409 genitoris
3590 3332 3710 3390 nostri
3733 3326 3780 3382 vel

2340 3433 2799 3505 praedecessorum
2842 3446 3029 3505 regum
3077 3434 3411 3489 continetur:
3455 3434 3667 3501 quatenus
3694 3425 3779 3491 ipsos

2341 3524 2660 3589 monachus,
2688 3523 2778 3595 qui
2813 3524 3009 3580 ibidem
3041 3518 3154 3581 Deo
3182 3518 3509 3585 famulantur,
3534 3530 3611 3590 pro
3634 3512 3779 3569 nobiset

2343 3614 2572 3687 conjuge
2599 3615 2857 3685 proieque
2882 3624 3092 3683 nostra,
3122 3627 3280 3687 atque
3306 3612 3567 3669 stabilitate
3590 3606 3705 3661 totius
3721 3600 3779 3660 im.-

2341 3705 2478 3776 perii
2509 3704 2680 3759 nostri
2712 3720 2741 3759 a
2769 3700 2879 3760 Deo
2907 3705 3065 3761 nobis
3095 3704 3333 3762 concessi
3352 3745 3365 3769 ,
3408 3700 3597 3771 eiusque
3627 3693 3777 3749 demen-

2342 3797 2554 3851 tissima
2614 3796 2961 3852 miseratione
3010 3808 3111 3868 per
3166 3799 3469 3852 immensum
3510 3778 3775 3845 conservandi.

2335 3886 2539 3959 iugiter
2563 3888 2774 3943 Domini
2803 3889 3228 3945 misericordiam
3250 3901 3459 3944 exorare
3477 3884 3667 3940 delectet.
3686 3872 3775 3927 lianc

2344 3985 2528 4053 itaque
2562 3985 2941 4039 auctoritatem
2966 4025 2982 4051 ,
3033 3993 3094 4040 ut
3133 3984 3416 4054 pleniorem
3460 3981 3503 4034 in
3541 3975 3614 4030 Dei
3643 3966 3776 4066 ηοξηίξκ

2341 4077 2585 4132 obtineat
2606 4076 2870 4147 vigorem,
2899 4085 2953 4132 et
2980 4091 3008 4131 a
3039 4076 3284 4132 ﬁdelibus
3312 4081 3492 4130 sanctae
3516 4068 3589 4124 Dci
3612 4059 3775 4118 Ecclesia!

2342 4175 2399 4223 et
2421 4167 2622 4225 nostris
2642 4166 2824 4223 verius
2848 4167 3123 4233 credatur,
3146 4177 3200 4223 et
3223 4162 3505 4237 diligentius
3520 4157 3771 4242 conservetur,

2343 4274 2505 4315 manu
2552 4259 2768 4330 propria
2816 4260 3003 4314 subter
3030 4259 3383 4323 ﬁrmavimus,
3408 4262 3456 4310 et
3495 4243 3637 4306 annuli
3669 4244 3769 4294 ηοςω

2344 4350 2695 4421 impressione
2722 4349 2919 4421 signari
2944 4348 3225 4419 iussimus.

2412 4440 2635 4512 Sigmtm
2661 4438 2916 4497 Ludovici
2946 4440 3277 4496 serenissimi
3302 4429 3608 4507 imperatoris.

652 4501 779 4576 licet
806 4518 1162 4585 Francorum,
1188 4519 1504 4589 praedictum
1534 4521 1925 4576 monasterium
1944 4562 1959 4587 ,
1990 4520 2060 4576 ob
2084 4536 2233 4576 amo—
2256 4501 2317 4570 Β
2407 4501 2734 4603 Μπνείηθι-ίυς
2782 4531 3029 4588 “Marius
3080 4528 3148 4589 ad
3191 4501 3638 4587 vicem-TheotOuis
3672 4512 3768 4561 reto-

653 4622 767 4670 rem
810 4614 901 4669 Dei
952 4613 1504 4685 tranquillitatemque
1542 4613 1773 4669 fratrum
1812 4614 2010 4671 ibidem
2053 4614 2230 4670 consi-

652 4707 904 4765 stentium
932 4749 949 4774 ,
1001 4709 1101 4765 sub
1137 4708 1449 4778 plenissima
1497 4709 1725 4765 tuitione‘
1771 4718 1828 4765 et
1873 4709 2231 4765 immunitatis

651 4796 959 4855 defensioue
986 4798 1316 4854 habuissent.
1348 4797 1737 4855 Continebatur
1763 4797 1928 4853 etiam
1959 4799 2013 4853 in
2039 4798 2229 4853 eadem

650 4891 975 4947 auctoritate
1002 4889 1146 4962 quod
1174 4888 1466 4945 Lotharius
1498 4898 1554 4946 et
1586 4890 1921 4962 Dagobertus
1955 4889 2228 4960 quondam

651 4994 805 5052 reges
847 4982 1023 5037 eidem
1063 4980 1396 5035 monasterio
1436 4979 1696 5050 quasdam
1722 4980 1879 5035 villas
1917 4979 2222 5036 concessis-

651 5077 804 5136 sent,
833 5082 1064 5141 quarum
1088 5069 1348 5125 vocabula
1377 5076 1531 5135 sunt,
1572 5068 1858 5124 Cersiacus
1885 5076 1941 5124 et
1967 5067 2227 5125 Grandis-

652 5156 927 5232 Campus:
961 5162 1289 5232 easdemque
1311 5160 1469 5217 villas
1498 5158 1580 5215 vel
1606 5160 1865 5230 quidquid
1894 5175 1958 5215 eo
1986 5169 2229 5229 tempore

646 5252 794 5326 iuste
834 5260 891 5309 et
932 5252 1327 5310 rationabiliter
1351 5251 1666 5325 praedictum
1696 5251 2003 5321 possidebat
2042 5265 2229 5305 mona-

652 5344 910 5410 sterium,
942 5343 1084 5399 idem
1112 5344 1340 5400 domnus
1372 5343 1669 5413 imperator
1694 5355 1792 5409 per
1818 5338 2062 5394 eamdem
2091 5353 2225 5394 con-

651 5435 886 5493 ﬁrmavit
910 5434 1301 5500 auctoritatem,
1332 5442 1392 5490 ut
1417 5448 1516 5489 suo
1540 5440 1598 5488 et
1621 5446 1994 5487 successorum
2023 5440 2229 5502 tempo-

650 5528 802 5585 ribus
840 5525 965 5598 iure
1006 5532 1266 5598 perpetuo
1296 5539 1325 5580 a
1353 5522 1593 5596 prmiatis
1641 5530 1697 5577 et
1742 5520 2023 5593 agentibus
2062 5522 2230 5593 ipsius

654 5618 966 5676 monasterii
1007 5617 1432 5692 possiderentur.
1484 5615 1566 5673 Ob
1591 5615 1900 5671 ﬁrmitatem
1938 5622 2116 5670 tamen
2149 5615 2231 5671 rei

655 5709 939 5781 postulavit
960 5725 1059 5767 nos
1079 5710 1371 5782 praedictus
1391 5709 1662 5779 Sulpicius
1682 5706 1849 5765 abbas
1866 5714 1928 5763 ut
1950 5714 2231 5777 paternam

2335 4631 2543 4769 sum:
2562 4729 2617 4767 rv
2635 4706 2756 4767 idus
2777 4708 2942 4776 Junii,
2962 4725 3127 4774 anno,
3148 4698 3355 4765 Christo
3372 4699 3583 4777 propitio,

2332 4802 2400 4859 rii
2417 4796 2596 4859 domui
2613 4800 2867 4857 Ludovici
2889 4801 3218 4856 serenissimi
3240 4791 3561 4868 imperatoris,
3573 4782 3765 4868 indicunt8

2335 4892 2361 4946 1
2374 4892 2395 4946 l
2409 4931 2423 4945 .
2460 4891 2654 4946 Actum
2672 4891 2973 4947 Wormatia
2996 4891 3211 4946 civitate
3232 4891 3289 4943 in
3306 4866 3392 4943 Dei
3408 4880 3589 4940 nomine
3601 4866 3760 4928 {didici-

2330 4981 2522 5039 Amen.

2980 5048 3257 5107 CLXXIX.

2631 5156 2737 5200 PIU
2769 5158 3109 5200 IONAS'I'ENO
3143 5150 3371 5197 οοηιιε
3404 5142 3555 5190 που.

2934 5235 3108 5308 (Anno
3150 5230 3297 5301 sas.)

2395 5338 2573 5415 [Ᾱρυᾶ
2601 5337 2860 5404 Schaten,
2890 5297 3118 5393 Annales
3147 5297 3568 5391 Pudermmel.

2394 5395 2715 5488 ἰηήᾆπίίηε
2746 5395 2957 5487 Domini
2993 5432 3087 5488 Dei
3129 5439 3185 5486 et
3226 5418 3492 5482 Salvatoris
3525 5403 3652 5497 nostri
3677 5395 3756 5497 λῇ

2325 5523 2548 5589 Christi,
2569 5524 2896 5590 Ludovicus,
2916 5524 3095 5580 divina
3117 5520 3382 5576 ordinante
3399 5493 3678 5583 providentia»
3694 5490 3750 5539 i"

2324 5627 2547 5692 perator
2571 5618 2867 5689 Augustus.

2397 5661 2890 5767 mitigat.
2925 5708 3021 5765 Dei
3051 5703 3329 5768 Ecclesia,
3364 5690 3613 5756 muriqu
3640 5661 3752 5729 ⁸⁸⁸⁵⁸

3870 5208 3871 5279 ι

3866 5444 3869 5585 i
