4050 6340
343 381 484 440 ιω

1479 366 1874 427 DIPLOMATA
1911 348 2471 423 EGCLESIASTICA.

3472 368 3612 428 £230

341 499 477 559 bus,
525 488 884 565 praesentibus
932 488 1137 546 srilicet
1182 492 1239 543 et
1283 485 1516 552 futuris,
1565 493 1751 540 notum
1794 497 1914 539 esse
1940 483 1995 544 Α
2017 486 2492 550 quantumcunque
2528 477 2581 533 in
2631 479 2820 534 eodem
2856 479 2968 535 sale
3012 480 3214 539 habere
3242 481 3346 539 visi
3396 496 3605 550 sumus,

341 590 594 645 volumus
621 585 888 656 quomodo
910 583 1235 639 Corbeiense
1260 580 1645 634 monasterium
1675 579 1727 633 in
1754 576 1924 631 Saxo-

342 684 471 747 nia,
518 679 845 750 propitiante
893 675 1150 738 Domino,
1205 684 1327 726 cum
1374 684 1641 725 consensu
1689 668 1925 735 ﬁdelium

345 787 697 840 nostrorum,
746 775 800 828 in
849 773 1056 828 honore
1102 769 1161 826 S.
1204 766 1462 840 Stephani
1513 760 1927 834 protomartyris

341 870 547 926 Christi
587 866 933 923 devotissima
981 861 1277 919 intentione
1321 857 1700 920 fundavimns,
1750 860 1806 908 et
1852 851 1925 907 ibi

343 963 706 1035 competentia
737 958 973 1017 Subsidia
992 999 1007 1024 ,
1038 970 1269 1028 quaeque
1296 968 1409 1024 pra:
1434 950 1684 1005 manibus
1719 944 1928 1002 inveni-

341 1070 486 1121 mus,
532 1055 711 1111 debita
751 1054 999 1125 largitate
1041 1050 1298 1123 praedicto
1324 1041 1770 1103 sanctiﬁcationis
1808 1039 1928 1094 loco

344 1157 533 1205 nostra
581 1149 636 1201 in
682 1145 1023 1217 eleemosyna
1071 1142 1437 1199 contulimus:
1474 1139 1696 1208 insuper
1720 1134 1923 1199 etiam,

342 1241 474 1313 quia
504 1238 680 1295 locum
710 1236 1063 1292 mercationis
1091 1234 1207 1305 ipsa
1237 1232 1387 1303 regio
1411 1228 1711 1299 indigebat,
1742 1237 1928 1279 mone-

345 1341 458 1389 tam
499 1341 700 1387 nostrae
730 1327 1073 1384 auctoritatis
1104 1325 1372 1396 publicam
1403 1322 1544 1377 ultra
1592 1319 1664 1375 ibi
1712 1328 1928 1386 semper

342 1422 524 1478 inesse
571 1418 789 1475 Christo
835 1416 1194 1472 militantibus
1245 1412 1544 1484 proﬁcuam
1598 1408 1924 1471 statuimus,

342 1522 611 1586 quatenus
645 1524 768 1568 cum
811 1506 956 1566 omni
1004 1507 1335 1579 integritate,
1377 1506 1583 1574 absque
1608 1501 1770 1556 ullius
1799 1513 1928 1555 cou-

345 1604 669 1661 tradictione
702 1601 790 1655 vel
835 1599 1205 1671 impedimenti
1251 1598 1565 1662 occasione,
1613 1595 1765 1650 locus
1811 1592 1928 1662 ipse

341 1695 649 1753 sanctitatis
675 1704 889 1749 omnem
929 1692 1056 1748 inde
1084 1691 1317 1746 reditum
1363 1695 1563 1744 nostra:
1588 1684 1927 1740 auctoritatis

340 1786 617 1859 publicum
644 1785 921 1855 possideat
943 1825 959 1851 ,
1006 1790 1061 1838 et
1099 1781 1422 1836 utilitatibus
1452 1776 1769 1833 monasterii
1803 1788 1928 1845 per—

2025 580 2285 640 perpetuo
2329 571 2613 636 consistat,
2660 570 2805 625 sicut
2843 570 3099 636 diximus,
3148 572 3217 627 ad
3259 574 3615 633 necessitates

2025 676 2307 717 setvorum
2349 660 2445 717 Dei
2494 662 2547 716 in
2595 671 2894 717 memorato
2929 665 3261 741 monasterio
3306 667 3613 739 degentium

2024 751 2340 808 fulciendas.
2390 752 2460 807 Et
2484 761 2544 806 ut
2589 753 2705 808 haec
2746 760 2946 808 nostra:
2973 752 3277 824 largitionis
3320 759 3618 816 auctoritas

2025 845 2233 901 ﬁrmior
2273 846 2557 912 habeatur,
2585 845 2652 900 de
2679 845 2883 901 annulo
2921 854 3108 903 nostro
3136 849 3323 904 subter
3352 864 3474 906 eam
3494 850 3615 922 jusa

2024 939 2197 996 simus
2218 936 2475 1010 sigillare.

2099 1033 2429 1106 Maginsrius
2476 1032 2727 1087 notarius
2773 1032 2842 1087 ad
2891 1032 3063 1089 vicem
3114 1032 3419 1106 Theogenis
3466 1050 3621 1093 reco-

2027 1142 2209 1199 gnovr.

2099 1221 2235 1275 Data
2258 1235 2312 1274 vr
2339 1218 2466 1274 ldus
2510 1216 2653 1274 Junii
2699 1217 2807 1292 [ΑΙ.
2837 1236 2940 1275 ms.
2979 1229 3142 1286 uetus,
3173 1236 3228 1277 vi
3264 1219 3383 1277 Kal.
3425 1221 3618 1299 Junii],

2028 1324 2188 1375 anno,
2232 1310 2448 1366 Christo
2484 1310 2737 1382 propitio,
2763 1310 2836 1366 20
2880 1313 3093 1383 imperii
3135 1314 3318 1370 domui
3360 1314 3622 1375 Ludovici

2028 1403 2366 1460 serenissimi
2394 1403 2759 1475 imperatoris,
2790 1405 2983 1463 indict.
3029 1406 3118 1473 li,
3149 1406 3203 1461 in
3247 1407 3618 1465 Deinomine.

2028 1494 2226 1552 Amen.
2971 1514 2975 1519 ν

2688 1587 2970 1646 CLXXXI.

2086 1694 2380 1740 CGNOBIUI
2409 1697 2871 1741 GLAINAl-‘OLIENSE
2898 1694 3209 1740 POSSA‘PBNSI
3241 1694 3567 1741 ευωιοιτιηι.

2636 1775 2812 1847 (Anno
2840 1774 2990 1846 855.)

342 1843 523 1954 petuis
556 1843 888 1949 temporibus
915 1843 1327 1948 multiplicatum
1358 1881 1604 1929 nostrum
1632 1872 1736 1926 hoc
1764 1843 1926 1940 largi-
1952 1843 2002 1907 ι
2030 1864 2262 1941 [Baluz.,
2291 1863 2549 1939 Capitul.,
2579 1843 2714 1954 tom.
2734 1868 2838 1954 ll,"
2858 1843 2985 1954 pag.
3010 1866 3264 1954 Mellae:
3288 1868 3621 1926 chartulario

341 1973 507 2027 tionis
532 1970 732 2026 donum
768 1968 1034 2041 proﬁciat.
1084 1966 1152 2023 Et
1191 1975 1253 2022 ut
1292 1964 1528 2021 ﬁduciaii
1566 1962 1926 2035 perpetuitate

341 2064 460 2118 haec
488 2063 669 2118 omnia
699 2061 1038 2117 auctoritatis
1072 2067 1274 2115 nostra:
1302 2056 1443 2112 dona
1477 2055 1579 2112 sibi
1614 2054 1851 2123 potiatur
1873 2057 1928 2107 et

345 2163 556 2221 teneat,
599 2154 779 2209 annuli
812 2154 985 2209 nostri
1016 2150 1372 2223 impressione
1403 2149 1592 2206 subter
1619 2143 1928 2203 roborando

344 2245 564 2302 ﬁrmare
591 2246 947 2301 decrevimus.
1688 2300 1691 2301 ν

417 2339 643 2409 Signum
670 2337 928 2392 Ludovici
959 2332 1291 2391 serenissimi
1319 2330 1683 2402 imperatoris.

414 2432 827 2487 Hirmiumarus‘
857 2430 1103 2485 notarius
1140 2429 1209 2483 ad
1234 2426 1406 2483 vicem
1434 2423 1740 2496 Theogonis
1775 2434 1931 2478 reco-

345 2523 504 2595 gnovi
532 2531 585 2578 et
612 2521 930 2591 subscripsi.

416 2612 551 2668 Data
581 2613 805 2668 Kalend.
836 2610 1184 2675 Junii,anno,
1213 2605 1431 2664 Christo
1450 2605 1703 2676 propitio,
1728 2604 1807 2659 ‘20‘
1828 2603 1932 2658 im-

341 2703 482 2776 perii
524 2703 705 2757 domui
750 2700 1006 2756 Ludovici
1051 2699 1279 2770 piissimi
1317 2696 1580 2768 Augusti,
1621 2694 1807 2749 indict.
1840 2694 1927 2748 il.

343 2794 539 2851 Actum
578 2792 880 2852 Wormatia
926 2793 1145 2848 civitate
1181 2792 1238 2846 in
1284 2791 1381 2846 Dei
1415 2789 1635 2845 nomine
1681 2786 1928 2844 feliciter.

343 2883 538 2944 Amen.

987 2972 1246 3031 CLXXX.

799 3085 902 3126 PRO
925 3084 1103 3125 EODEI
1132 3077 1490 3122 κοκλετιῑιιιο.

796 3214 803 3215 ,
945 3160 1120 3234 (Anno
1150 3158 1300 3230 851.)

696 3252 872 3329 [Apud
902 3252 1159 3317 Schaten,
1190 3250 1339 3313 ibid.,
1370 3266 1423 3320 p.
1450 3245 1565 3320 92.]

412 3343 472 3401 in
501 3342 718 3400 nomine
770 3343 982 3397 Domini
1028 3338 1124 3397 Dei
1159 3348 1214 3395 et
1262 3338 1566 3395 Salvatoris
1595 3335 1770 3392 nostri
1802 3333 1932 3392 Iesu

344 3431 567 3498 Christi,
593 3432 913 3499 Ludovicus,
936 3432 1116 3488 divina
1144 3432 1428 3487 ordinante
1447 3430 1803 3501 providentia,
1826 3429 1932 3484 im-

344 3535 566 3600 perator
588 3527 879 3598 Augustus.
1168 3538 1175 3545 ί

416 3618 476 3675 Si
506 3617 844 3674 liberalitatis
870 3620 1071 3671 nostrae
1105 3628 1333 3669 munere
1358 3613 1424 3669 de
1446 3611 1727 3669 beneficiis
1758 3630 1788 3668 a
1823 3614 1936 3670 Deo

343 3711 503 3768 nobis
529 3709 740 3765 collatis
771 3708 902 3763 locis
938 3707 1049 3763 Deo
1095 3707 1286 3762 dicatis
1333 3706 1535 3776 aliquid
1580 3704 1932 3775 conferimus,

345 3800 402 3856 id
446 3800 603 3855 nobis
639 3808 695 3854 et
739 3800 805 3855 ad
853 3806 1095 3853 nostram
1150 3796 1433 3852 mortalem
1484 3798 1654 3852 vitam
1706 3798 1936 3853 feliciter

344 3890 769 3964 trausigendam,
800 3898 857 3945 et
882 3889 951 3943 ad
976 3898 1233 3943 atternam
1278 3884 1665 3958 perpetualiter
1690 3889 1937 3943 obtinen-

346 3984 486 4048 dam,
534 3981 874 4053 profuturum
918 3979 1124 4050 liquido
1156 3980 1450 4035 credimus.
1497 3977 1705 4033 ldcirco
1749 3988 1937 4034 notum

346 4077 465 4131 ﬁeri
510 4073 757 4129 volumus
797 4073 1038 4128 omnium
1082 4070 1319 4126 ﬁdelium
1364 4078 1697 4135 nostrorum,
1748 4076 1937 4126 tamet

343 4168 692 4241 praesentium
717 4181 879 4237 quam
914 4174 970 4219 et
999 4163 1324 4228 futurorum,
1356 4163 1611 4229 solertiae,
1654 4163 1781 4233 quia
1811 4179 1935 4219 cum

345 4277 445 4316 nos
473 4258 858 4314 monasterium
886 4257 942 4311 in
964 4255 1199 4311 Saxonia
1221 4254 1545 4325 propitiante
1572 4254 1799 4311 Domino
1813 4266 1936 4312 cum

347 4367 613 4408 consensu
640 4350 875 4406 ﬁdelium
905 4357 1211 4405 nostrorum
1241 4348 1297 4403 in
1340 4348 1543 4403 honore
1584 4347 1642 4403 S.
1674 4348 1937 4420 Stephani

343 4442 759 4516 protomartyris
816 4440 1016 4497 Christi
1064 4438 1411 4495 devotissima
1464 4441 1762 4495 intentione
1807 4441 1935 4496 fun-

2452 1939 2770 1995 monasterii
2799 1937 3192 2012 Fussalensis.]

2097 2048 2157 2123 In
2183 2049 2405 2105 nomine
2433 2050 2529 2105 Dei
2558 2058 2614 2107 et
2653 2049 2956 2107 Salvatoris
2989 2051 3163 2107 nostri
3218 2050 3347 2108 Iesu
3395 2051 3622 2120 Christi,

2028 2139 2360 2207 Ludovicus,
2389 2140 2572 2197 divina
2597 2141 2885 2197 ordinante
2919 2143 3279 2213 providentia,
3327 2144 3628 2216 imperator

2026 2230 2327 2304 Augustus.
3022 2248 3033 2253 ’

2101 2326 2159 2382 Si
2207 2326 2559 2397 petitionibus
2604 2336 2887 2386 servorum
2930 2329 3027 2387 Dei
3080 2329 3245 2401 justis
3290 2337 3347 2387 et
3389 2332 3630 2389 rationa-

2027 2416 2229 2474 bilibus
2265 2420 2431 2474 divini
2477 2420 2654 2476 cultus
2696 2437 2883 2477 amore
2926 2422 3194 2487 favemus,
3243 2438 3477 2494 superna
3528 2434 3629 2481 nos

2030 2512 2204 2581 gratia
2234 2512 2434 2567 muniri
2464 2527 2571 2567 non
2598 2512 2911 2570 dilﬁllimus.
2944 2512 3170 2571 Noverit
3210 2530 3341 2586 ergo
3380 2516 3620 2572 omnium

2031 2600 2269 2656 ﬁdelium
2309 2609 2419 2657 tam
2467 2605 2820 2674 praesentium
2865 2605 3073 2662 scilicet
3116 2622 3278 2677 quam
3312 2606 3620 2664 futurorum

2032 2693 2250 2748 solertia
2277 2695 2423 2764 quod
2450 2698 2777 2754 venerabilis
2815 2714 2997 2754 comes
3037 2700 3238 2772 Rorigo
3282 2702 3504 2757 nomine
3543 2718 3631 2760 re-

2031 2783 2159 2839 tulit
2203 2786 2482 2840 serenitati
2520 2797 2722 2843 uostrre
2756 2789 2990 2859 qualiter
3018 2793 3287 2861 quoddam
3312 2794 3624 2851 emnobium

2032 2873 2088 2928 in
2127 2888 2268 2946 pago
2293 2874 2583 2949 Andegavo
2611 2878 2663 2932 in
2689 2878 2810 2934 loco
2835 2881 2928 2950 qui
2953 2880 3151 2937 dicitur
3197 2882 3622 2953 Gianuafoiium,

2028 2965 2196 3021 situm
2224 2981 2386 3036 super
2412 2967 2632 3022 ﬂuvium
2661 2968 2918 3040 Ligerim,
2952 2987 3061 3041 quo
3089 2973 3397 3029 venerabile
3422 2989 3626 3046 corpus

2027 3057 2213 3111 sancti
2242 3056 2434 3122 Mauri,
2458 3060 2631 3128 patris
2660 3060 2939 3115 Benedicti
2966 3061 3231 3132 discipuli,
3256 3063 3403 3132 jacet
3431 3066 3623 3120 huma-

2035 3155 2175 3215 tum,
2199 3150 2289 3204 ubi
2318 3150 2448 3205 olim
2483 3152 2599 3221 ipse
2644 3153 2757 3208 Deo
2801 3154 3031 3211 dilectus
3068 3163 3180 3209 tum
3208 3157 3310 3211 sibi
3367 3157 3628 3229 subjectis

2033 3242 2221 3297 multis
2237 3242 2499 3298 fratribus
2519 3244 2619 3299 sub
2633 3253 2819 3299 sancta
2842 3245 3045 3318 Regula
3068 3248 3273 3318 deguit,
3293 3258 3628 3307 destructum

2032 3336 2329 3400 inveniens,
2360 3337 2728 3391 admonitione
2758 3338 2940 3393 divina
2970 3349 3294 3408 commotus,
3326 3343 3396 3398 ob
3417 3344 3601 3399 redem

2031 3429 2272 3499 ptiouem
2313 3443 2425 3484 suae
2469 3428 2687 3495 animai,
2723 3431 2975 3485 eumdem
3005 3430 3182 3486 locum
3209 3448 3334 3487 cum
3363 3448 3459 3489 sua
3488 3449 3623 3490 con-

2026 3521 2158 3596 juge
2208 3518 2469 3576 Bilebilde
2507 3530 2786 3592 assumpto
2845 3521 3035 3579 labore
3090 3535 3409 3583 restaurare
3456 3535 3512 3581 et
3566 3528 3635 3585 ad

2033 3612 2324 3683 pristinum
2360 3619 2559 3667 statum
2586 3626 2687 3682 pro
2713 3627 2873 3682 posse
2904 3615 3193 3672 restituere
3217 3627 3451 3674 curaret.
3476 3617 3633 3676 Post:-

2035 3704 2254 3758 modutn
2286 3718 2416 3759 vero
2443 3704 2807 3759 venerabilem
2845 3705 3095 3760 abbatem
3118 3707 3491 3779 Engilbertum
3518 3722 3633 3768 cm-

2034 3797 2182 3850 nobii
2210 3796 2551 3851 Fossatensis
2574 3796 2838 3862 evocavit,
2856 3798 3140 3868 eidemque
3162 3809 3217 3856 et
3238 3802 3337 3856 sibi
3370 3802 3632 3880 subjectis

2035 3888 2298 3942 fratribus
2347 3888 2622 3943 commisit
2664 3898 2725 3943 ut
2774 3890 2967 3959 religio
3010 3891 3276 3962 regularis
3304 3895 3371 3950 de
3404 3895 3625 3967 divinis,

2034 3978 2172 4034 sicut
2200 3977 2420 4043 dudum,
2452 3988 2714 4049 perpetuo
2761 3988 3197 4037 conservaretur.
3252 3982 3347 4041 His
3397 3999 3527 4058 ergo
3553 3989 3630 4047 ita

2034 4072 2191 4126 nobis
2216 4070 2520 4140 patefactis,
2558 4071 2877 4126 exhortatus
2903 4078 2987 4127 est
3017 4075 3404 4144 magnitudinis
3422 4086 3627 4136 nostra

2035 4164 2416 4219 excellentiam
2446 4171 2507 4217 ut
2554 4164 2732 4233 ipsum
2769 4164 2948 4221 locum
2977 4167 3078 4222 sub
3120 4174 3306 4223 nostra
3353 4170 3631 4242 suscipere

2035 4256 2383 4328 dignaremur
2424 4254 2736 4311 defensione
2781 4264 2835 4312 et
2881 4258 3238 4316 immanitatis
3287 4261 3537 4329 tuitione,
3576 4271 3632 4322 et

2036 4348 2486 4419 quemadmodum
2516 4349 2698 4403 caeteri
2745 4349 2969 4406 abbales
2995 4353 3383 4410 monachorum
3406 4372 3504 4427 per
3528 4358 3632 4415 im-

2034 4440 2245 4510 perium
2276 4439 2432 4494 nobis
2458 4438 2718 4494 divinitus
2759 4454 3076 4499 concessum
3120 4445 3441 4513 consistunt,
3473 4449 3547 4504 ita
3576 4458 3632 4509 et

348 4536 532 4591 datum
558 4535 949 4596 habuissemus,
979 4546 1280 4600 nomenque
1306 4529 1464 4585 Nova:
1492 4530 1732 4587 Corbeize
1751 4541 1931 4602 aptas-
1954 4559 2009 4623 D
2036 4532 2183 4595 illum
2210 4547 2332 4586 cum
2360 4530 2553 4586 abbate
2575 4539 2630 4587 et
2655 4534 2935 4589 monachis
2960 4541 3015 4589 et
3035 4534 3195 4591 rebus
3214 4538 3298 4592 vel
3321 4539 3630 4599 hominibus

349 4639 551 4692 scmus,
594 4635 758 4696 atque
786 4625 859 4678 ibi
899 4623 1260 4694 competentia
1290 4620 1526 4677 subsidia
1559 4637 1786 4691 quaeque
1818 4638 1931 4694 prae
1958 4620 1989 4623 ”
2037 4626 2213 4682 eidem
2258 4624 2589 4679 monasterio
2635 4624 2783 4694 juste
2829 4625 3091 4696 subjectis
3134 4629 3437 4687 consistere
3486 4628 3631 4690 face-

348 4719 602 4775 manihus
627 4718 1005 4771 inveneramus
1026 4715 1205 4770 debita
1244 4714 1495 4784 largitate
1524 4713 1783 4783 praedicto
1810 4729 1935 4769 san-

350 4810 695 4867 ctificationis
716 4807 836 4863 loco
856 4807 911 4861 in
931 4815 1114 4860 nostra
1134 4805 1473 4875 eieemosyna
1498 4803 1934 4873 contulissemus,

352 4904 609 4961 Warinus
651 4916 809 4973 quem
850 4900 907 4956 in
948 4900 1138 4956 eodem
1168 4900 1499 4955 monasterio
1524 4899 1771 4955 abbatem
1801 4914 1938 4972 prte-

351 4998 602 5063 fecimus,
632 4994 970 5068 suggerendo
1016 4993 1173 5064 petiit
1206 4991 1512 5049 celsitudini
1553 5001 1770 5060 nostrae,
1800 5000 1861 5049 ut
1882 4994 1937 5050 in

352 5095 651 5144 memorato
681 5085 878 5141 ducatu
932 5082 1182 5139 Samnite
1217 5081 1392 5140 locum
1420 5083 1821 5155 provideremus
1845 5085 1939 5142 ubi

355 5178 438 5233 sal
466 5175 583 5232 ﬁeri
611 5176 679 5232 ad
704 5176 857 5233 cibos
879 5175 1269 5230 monachorum
1302 5176 1360 5230 in
1388 5175 1578 5231 eodem
1606 5176 1937 5233 monasterio

355 5285 457 5342 per
488 5278 728 5340 tempora
756 5267 1064 5340 degentium
1110 5264 1381 5323 saliendos
1413 5274 1577 5337 atque
1608 5268 1939 5325 condiendus

355 5362 661 5434 potuisset;
700 5361 841 5433 quod
869 5368 925 5417 et
954 5368 1057 5432 per
1083 5360 1186 5415 hoc
1215 5367 1414 5416 nostra:
1437 5359 1778 5416 auctoritatis
1801 5368 1941 5431 pra-

355 5464 573 5527 ceptum
617 5456 674 5511 in
730 5456 928 5511 ducatu
1004 5452 1334 5510 Budinisvelt
1374 5493 1389 5520 ,
1462 5461 1943 5525 quantumcunque

349 5544 492 5622 juris
518 5549 690 5605 nostri
718 5548 772 5603 in
799 5546 890 5604 illo
928 5547 1057 5612 sale,
1091 5542 1233 5618 quod
1270 5555 1354 5603 est
1393 5561 1555 5617 super
1582 5544 1801 5602 ﬂuvium
1828 5546 1936 5621 [AL

357 5652 456 5701 πω.
486 5653 666 5700 vetus:
713 5641 881 5698 nostri
922 5641 979 5697 in
1007 5634 1099 5697 illo
1124 5647 1178 5696 et
1204 5636 1349 5695 fonte
1395 5639 1486 5709 qui
1529 5646 1613 5695 est
1653 5650 1817 5711 super
1841 5639 1942 5696 lla-

355 5735 527 5809 Vium]
578 5733 812 5800 Wisera,
862 5743 979 5790 erat
1014 5735 1069 5790 in
1116 5749 1254 5807 pago
1299 5733 1449 5806 Logi.
1498 5733 1605 5790 Per
1653 5733 1796 5804 quod
1829 5740 1939 5791 sta.

357 5832 577 5887 tuentes
623 5826 962 5886 decernimus
1000 5834 1061 5885 ut
1103 5825 1202 5887 sub
1243 5826 1364 5907 jure
1410 5825 1569 5887 istius
1602 5826 1936 5898 monasterii,

2040 4730 2245 4782 remus,
2275 4725 2331 4770 et
2350 4730 2447 4786 per
2486 4724 2703 4772 nostros
2726 4716 3035 4787 imperiam
3062 4719 3246 4789 apices
3277 4722 3458 4779 abbati
3486 4722 3630 4793 jam-

2040 4807 2188 4879 dicto
2214 4807 2559 4863 Fossatensis
2588 4808 2821 4863 emnobii
2850 4810 3168 4880 cunctisque
3190 4811 3311 4883 ejus
3347 4824 3631 4873 successo-

2041 4900 2195 4956 ribus
2240 4900 2635 4970 providentiam
2680 4907 2738 4956 et
2779 4900 3201 4959 dominationem
3245 4910 3406 4976 atque
3449 4907 3631 4980 Subjo.

2041 4993 2296 5056 ctionem,
2324 5006 2394 5048 ne
2414 5004 2446 5046 a
2483 4991 2747 5063 regularis
2790 4992 2998 5049 ordinis
3033 4995 3247 5051 tramite
3272 4998 3501 5068 amplius
3535 4999 3630 5057 de-

2042 5085 2205 5148 cidat,
2230 5084 2432 5140 habere
2464 5085 2903 5141 concederemus.
2948 5084 3111 5157 Cujus
3139 5089 3475 5159 petitionem,
3500 5092 3627 5163 quia

2042 5174 2419 5232 rationabilem
2459 5176 2566 5231 imo
2607 5175 2717 5233 Deo
2759 5176 3046 5233 amabilem
3087 5190 3210 5235 esse
3251 5182 3624 5252 cognovimus,

2041 5266 2272 5325 libenter
2320 5267 2676 5340 suscepimus,
2719 5270 2776 5325 et
2818 5268 2961 5324 sient
3007 5270 3181 5341 petiit,
3228 5271 3303 5329 ita
3327 5280 3383 5329 et
3406 5288 3629 5332 conces-

2042 5360 2232 5415 simus.
2269 5359 2533 5417 Volumtts
2571 5366 2698 5433 ergo
2742 5367 2801 5417 ut
2844 5363 3136 5433 pﬂétlidttts
3183 5362 3349 5421 abbas
3388 5367 3505 5423 sive
3542 5380 3628 5425 ro-

2045 5458 2227 5511 ctores
2244 5454 2542 5524 supradicti
2566 5444 2882 5512 monasterii
2906 5460 3070 5527 atque
3090 5455 3291 5516 fratres
3311 5455 3422 5517 Deo
3448 5459 3628 5518 devoti

2041 5548 2209 5616 ipsius
2238 5546 2341 5603 loci
2366 5548 2540 5617 ipsum
2565 5544 2759 5613 locum,
2803 5548 2871 5604 de
2894 5552 3003 5619 quo
3042 5551 3181 5606 ratio
3208 5551 3411 5624 agitur,
3438 5546 3628 5607 videli-
3732 5616 3740 5628 ι

2041 5642 2127 5695 cet
2165 5638 2398 5702 Glanna,
2422 5642 2686 5711 perpetuo
2717 5637 2986 5706 habeant,-
3006 5640 3228 5698 tenuant
3266 5644 3426 5712 atque
3451 5640 3626 5713 possi-

2041 5728 2202 5788 deant
2233 5741 2288 5788 et
2316 5732 2635 5805 gubernant,
2668 5742 3031 5806 magnamque
3059 5731 3454 5807 providentiam
3482 5747 3625 5791 sem-

2037 5842 2136 5902 per
2157 5827 2223 5886 de
2252 5828 2441 5886 eodem
2468 5827 2584 5887 loco
2605 5829 2858 5901 habeant,
2891 5829 3206 5893 instantiam
3229 5840 3340 5891 suae
3367 5825 3626 5894 sollicitu-
