4050 6340
638 333 773 393 ηδε

1777 339 2098 397 LUDOV'ICI
2136 341 2157 397 1
2195 339 2667 398 COGNOMENTO
2702 340 2786 397 ΡΠ

3689 354 3779 413 1252

637 451 781 509 diuis
815 458 924 506 tam
953 451 1073 506 loco
1114 467 1278 522 quam
1314 455 1713 525 congregationi
1761 455 2008 526 vigilanti
2039 468 2225 509 curam
2251 458 2305 518 Α
2328 456 2657 512 membrana:
2702 473 2810 527 uno
2857 463 3064 523 tenore,
3115 465 3179 511 ut
3218 473 3321 513 una
3365 461 3456 516 sub
3499 463 3628 521 theca
3664 473 3777 528 saucii

627 544 888 600 omnibus
928 544 1239 601 adhibeant.
1291 546 1450 603 Tales
1495 561 1710 618 quoque
1758 547 1957 603 ibidem
2008 560 2219 617 praepo-

627 644 768 691 nant
810 637 1119 707 provisores
1155 647 1319 708 atque
1362 648 1623 705 rectores,
1667 640 1956 710 magistros
1989 649 2045 694 et
2078 648 2234 710 prae-‘

627 718 857 799 poSitos,
888 743 1119 799 quorum
1163 739 1299 786 nutu
1347 738 1509 802 atque
1538 733 1887 802 dispositione
1913 738 2105 787 cuncta
2136 744 2222 787 se-

627 821 868 891 cundum
898 821 994 876 Dei
1031 823 1371 880 voluntatem
1420 834 1583 896 atque
1632 826 1928 882 secundum
1976 826 2217 898 regulam

628 913 810 970 sancti
839 914 1115 970 Benedicti
1160 916 1388 973 interius
1411 926 1465 973 et
1490 920 1734 975 exterius
1761 919 2135 989 perﬁciantur,
2164 918 2219 976 et

630 1005 703 1061 ad
730 1004 950 1061 modum
977 1016 1033 1062 et
1080 1008 1488 1067 similitudinem
1532 1011 1873 1068 Fossatensis
1902 1012 2218 1068 monasterii

627 1096 848 1153 Christo
892 1098 1003 1154 Deo
1032 1099 1221 1155 devote
1249 1099 1594 1167 famulentur,
1623 1112 1678 1159 et
1720 1104 1774 1158 in
1820 1103 2071 1159 omnibus
2096 1119 2216 1160 eam

628 1187 918 1247 sectentur'
934 1190 1165 1247 formam
1188 1202 1250 1249 ut
1269 1195 1480 1251 cunctis
1508 1195 1865 1266 peculiaribus
1906 1196 2218 1268 postpositis

622 1279 781 1349 iuxta
841 1281 1187 1338 traditionem
1244 1285 1593 1354 apostolicam
1654 1295 1850 1342 cuncta
1907 1287 2218 1358 possideant

626 1374 965 1438 communia,
1016 1382 1085 1429 ut'
1111 1375 1214 1431 sibi
1258 1376 1489 1434 salutem
1541 1387 1853 1446 mereantur
1900 1388 2215 1451 perpetuam

631 1465 939 1536 acquirere,
972 1474 1136 1537 atque
1166 1483 1380 1539 semper
1422 1470 1797 1537 dominationi,
1839 1470 2216 1542 gubernationi

627 1564 684 1611 et
716 1556 970 1626 potestati
1000 1557 1161 1612 unius
1184 1559 1395 1615 abbatis
1432 1559 1788 1629 subiiciantur
1811 1575 1874 1616 ac
1905 1560 2216 1615 obedientes

625 1645 881 1703 existant.
927 1647 997 1702 Et
1034 1648 1292 1719 quoniam
1318 1650 1376 1704 in
1418 1649 1533 1718 iam
1574 1650 1719 1706 dicto
1762 1649 1881 1706 loco
1908 1649 2215 1708 Fossatensi

627 1752 789 1793 nemo
822 1738 1151 1801 mortalium,
1175 1740 1381 1811 absque
1414 1742 1493 1797 eis
1518 1744 1611 1812 qui
1637 1742 1709 1797 ibi
1736 1742 1788 1797 in
1826 1741 2042 1798 Christo
2070 1741 2213 1796 mili-

2322 546 2494 602 Mauri
2534 548 2817 615 habeatur,
2846 557 2901 604 et
2937 548 3108 604 altera
3136 564 3168 603 a
3207 550 3451 619 pracdicto
3481 553 3640 614 abbate
3661 560 3780 632 Exigi].

2320 637 2477 693 berto
2505 638 2561 692 in
2605 638 2914 695 Fossatensi
2959 639 3208 695 coenobio
3249 652 3582 699 conservetur.
3625 648 3668 704 Si
3701 656 3779 722 quis

2320 736 2499 785 autem
2529 729 2751 786 insanus
2775 738 2829 786 et
2854 729 2966 785 Deo
2992 734 3298 788 contrarius
3317 732 3488 802 fuerit,
3509 739 3586 808 qui
3618 740 3693 798 hoc
3719 762 3779 801 no.

2318 827 2445 875 strze
2469 820 2807 877 auctoritatis
2852 828 3184 893 praeceptum
3226 824 3423 881 violare
3458 836 3776 902 praesumpserit,

2320 925 2352 993 a
2396 910 2672 968 liminibus
2716 921 2917 969 sancta:
2962 914 3058 970 Dei
3100 914 3351 972 Ecclesia:
3393 919 3631 989 expulsus,
3669 928 3779 983 etab

2319 1003 2568 1060 omnibus
2597 1004 2863 1075 episcopis
2908 1005 3072 1061 totius
3100 1004 3288 1062 Galliae
3315 1014 3741 1081 excommunicatus,
3760 1033 3779 1071 a

2318 1105 2462 1152 coetu
2486 1095 2689 1153 Christi
2718 1097 2956 1154 ﬁdelium
3001 1099 3073 1155 sit
3097 1109 3423 1172 segregatus,
3460 1113 3511 1158 et
3531 1120 3631 1160 cum
3647 1106 3779 1178 Caiplu

2317 1200 2372 1245 et
2410 1190 2606 1257 Pilato,
2647 1189 2788 1248 Juda
2835 1208 3051 1263 quoque
3096 1194 3358 1251 traditore
3399 1195 3618 1261 Domini,
3656 1216 3779 1269 penu

2317 1288 2549 1337 aeternas
2576 1282 2859 1349 sustineat,
2894 1292 3057 1354 atque
3091 1299 3215 1340 cum
3244 1285 3474 1357 principe
3496 1288 3778 1348 dmmonionltn

2317 1375 2500 1430 sedem
2553 1374 2906 1445 gehennalem
2936 1417 2952 1443 ,
3011 1392 3137 1432 cum
3183 1393 3216 1434 a
3276 1393 3487 1449 corpore
3528 1378 3624 1448 eius
3662 1383 3778 1436 anima

2317 1465 2534 1531 exierit,
2563 1465 2667 1521 sibi
2704 1473 2949 1536 paratam
2978 1466 3238 1523 inveniat.
3284 1467 3353 1524 Ut
3378 1483 3496 1541 ergo
3534 1470 3628 1525 haec
3656 1480 3779 1527 aucto-

2317 1558 2451 1613 ritas
2474 1559 2717 1615 obtineat
2739 1559 3050 1616 ﬁrmitatem
3070 1576 3171 1630 per
3190 1560 3380 1617 saecula
3398 1563 3625 1619 industria
3642 1563 3780 1636 [Foru,

2317 1645 2710 1721 inconvulsam]
2761 1649 3071 1721 huiusmodi
3123 1667 3287 1706 manu
3320 1644 3587 1709 ﬁrmantes
3617 1656 3780 1725 propria,

2316 1753 2434 1795 eam
2463 1740 2662 1795 annulo
2690 1750 2876 1796 nostro
2894 1739 3160 1810 iussimus
3196 1741 3430 1814 sigillari.

622 1838 760 1891 tant,
794 1829 994 1884 nullam
1034 1832 1482 1889 consuetudinem
1526 1842 1619 1889 aut
1664 1833 2080 1897 redhibitionem
2127 1848 2211 1888 re-
2236 1822 2287 1884 B
2320 1858 2327 1875 -
2386 1828 2612 1901 Signum
2633 1830 2891 1887 Ludovici
2918 1831 3284 1902 imperatoris.

620 1921 845 1992 quirere
875 1921 980 1978 nisi
1012 1922 1212 1994 injuste
1250 1923 1416 1991 valet,
1454 1924 1509 1978 in
1532 1924 1698 1980 simili
1727 1925 1936 1980 ratione
1961 1923 2212 1979 eumdem

622 2014 805 2072 locum
830 2017 1276 2074 commandamus
1300 2018 1614 2090 persistere.
1646 2017 1856 2074 Cuncta
1884 2025 2065 2071 autem
2093 2030 2214 2085 qua:

624 2123 772 2163 nunc
802 2108 1004 2164 habere
1032 2115 1348 2176 noscuntur,
1376 2109 1461 2171 vel
1482 2109 1737 2180 deinceps
1755 2107 1899 2179 iuste
1929 2106 2214 2177 acquirere

626 2199 886 2267 poterint,
919 2199 1020 2254 sub
1070 2207 1258 2254 nostra
1288 2197 1602 2255 defensione
1632 2209 1687 2253 et
1729 2196 2087 2253 immunitatis
2117 2195 2217 2250 tui-

623 2287 771 2343 tione
814 2288 1236 2357 persistant.'Et
1270 2287 1525 2357 iubemus
1562 2297 1724 2358 atque
1762 2287 1936 2343 modis
1961 2286 2215 2342 omnibus

619 2378 967 2433 decernimus
993 2385 1053 2431 ut
1088 2378 1267 2433 nullus
1292 2378 1449 2434 nobis
1482 2392 1789 2443 successor,
1816 2392 1925 2433 non
1958 2391 2076 2442 rex,
2104 2390 2214 2430 non

619 2469 929 2539 episcopus,
958 2486 1066 2525 non
1088 2470 1523 2538 archidiaconus,
1548 2488 1657 2527 non
1678 2486 1881 2536 comes,
1910 2486 2019 2526 non
2040 2468 2213 2539 iudex

619 2561 896 2630 publicus,
928 2562 1010 2616 vel
1041 2563 1269 2633 quilibet
1295 2580 1362 2620 ex
1404 2564 1690 2635 judiciaria
1736 2572 2023 2635 potestate,
2058 2562 2190 2633 quid

621 2650 751 2720 quid
786 2668 855 2706 ex
898 2653 982 2707 his
1009 2668 1131 2724 qua:
1160 2654 1343 2725 ipsius
1368 2654 1472 2711 loci
1498 2663 1624 2711 sunt
1652 2655 1739 2712 vel
1781 2655 1982 2712 fuerint
2018 2655 2071 2710 in
2115 2669 2212 2710 sua

623 2739 994 2796 dominatione
1041 2742 1286 2814 redigere
1335 2755 1647 2815 praesumat,
1699 2760 1800 2802 nec
1849 2746 1905 2801 in
1956 2745 2213 2802 ecclesias

620 2841 717 2886 aut
762 2833 879 2889 loca
915 2835 1000 2889 vel
1032 2851 1193 2906 agros
1240 2852 1334 2892 seu
1381 2838 1620 2910 reliquas
1663 2840 2034 2910 possessiones
2067 2853 2212 2910 prae-

618 2924 755 2979 dicti
809 2928 1143 2993 monasterii,
1201 2945 1337 2999 quas
1372 2932 1632 2987 moderno
1681 2916 1941 3004 tempore?
1966 2933 2114 3003 iuste
2157 2938 2215 2987 et

622 3017 1023 3073 rationabiliter
1050 3021 1329 3098 possidere
1369 3022 1582 3077 videtur
1624 3024 1679 3077 in
1706 3024 2038 3094 quibuslibet
2062 3025 2215 3098 pagis

617 3117 675 3162 et
704 3109 1014 3175 territoriis,
1038 3096 1302 3183 quidquid
1335 3114 1533 3169 ibidem
1557 3124 1782 3185 propter
1807 3115 2047 3171 divinum
2069 3096 2214 3173 amo-

619 3216 738 3257 rem
774 3202 1030 3257 collatum
1066 3204 1183 3269 fuit,
1228 3221 1456 3277 quaeque
1499 3207 1662 3261 etiam
1705 3206 1964 3280 deinceps
1991 3209 2044 3263 in
2091 3208 2215 3279 iure

618 3291 787 3364 ipsius
832 3295 1008 3349 sancti
1047 3294 1149 3351 loci
1195 3297 1429 3353 voluerit
1460 3298 1641 3353 divina
1671 3299 1845 3370 pietas
1896 3300 2099 3371 augeri,
2144 3300 2214 3356 ad

618 3400 812 3440 causas
841 3387 1158 3452 audiendas,
1187 3390 1271 3444 vel
1295 3390 1445 3445 freda
1470 3392 1757 3463 exigenda,
1781 3402 1874 3448 aut
1901 3393 2213 3450 mansiones

618 3475 704 3529 vel
753 3486 972 3547 paratas
1027 3478 1323 3546 faciendas,
1382 3489 1477 3536 aut
1525 3482 1872 3552 ﬁdeiussores
1925 3485 2210 3553 tollendos,

617 3583 723 3624 nec
740 3569 990 3643 homines
1011 3569 1182 3641 ipsius
1210 3571 1312 3627 loci
1333 3581 1442 3627 tam
1467 3574 1727 3645 ingenuos
1745 3593 1907 3647 quam
1928 3585 1984 3632 et
2004 3592 2211 3645 servos,

605 3661 715 3732 ,ιιιιί
748 3676 913 3732 super
943 3669 1143 3718 terram
1190 3662 1359 3734 ipsius
1403 3664 1643 3720 residere
1693 3666 1969 3733 videntur,
2015 3667 2215 3739 iniuste

618 3753 1051 3825 distringendos,
1099 3742 1200 3809 nec
1245 3755 1384 3810 ullas
1432 3756 1820 3824 redhibitiones
1866 3766 1959 3813 aut
1996 3757 2214 3815 illicitas

618 3846 938 3913 occasiones
983 3846 1356 3917 requirendas,
1405 3848 1513 3903 ullo
1559 3864 1799 3920 unquam
1848 3858 2087 3921 tempore
2132 3852 2215 3906 in-

615 3936 770 4005 gredi
811 3936 1026 4001 audeat,
1058 3937 1144 3993 vel
1174 3953 1237 3993 ea
1275 3954 1396 4008 quae
1425 3954 1587 4008 supra
1628 3950 1925 3997 memorata
1969 3949 2098 3998 sunt
2126 3957 2217 4013 pe-

617 4028 768 4085 nitus
809 4029 1029 4100 exigere
1056 4038 1367 4101 praasumat.
1418 4030 1690 4101 Quidquid
1718 4043 1901 4089 autem
1944 4033 2012 4088 de
2051 4034 2213 4090 rebus

621 4123 833 4195 przefati
862 4124 1180 4179 monasterii
1214 4124 1378 4180 ﬁscus
1400 4121 1620 4194 sperare
1646 4133 1879 4195 poterat,
1911 4134 2083 4182 totum
2113 4142 2214 4183 nos

616 4230 719 4286 pro
759 4224 965 4271 aeterna
999 4216 1434 4271 remuneratione
1463 4216 1564 4286 ipsi
1610 4216 1729 4272 loco
1757 4217 2127 4284 concedimus,
2155 4226 2216 4273 ut

617 4308 876 4377 perennis
905 4307 1234 4379 temporibus
1283 4308 1340 4361 in
1376 4306 1686 4362 alimoniam
1716 4324 2011 4379 pauperum
2040 4318 2095 4365 et
2119 4310 2217 4364 sti-

615 4393 873 4470 pendium
904 4401 1290 4455 monachorum
1321 4400 1517 4457 ibidem
1544 4402 1656 4456 Dco
1693 4401 2067 4458 famulandum
2091 4418 2218 4473 pro-

617 4492 767 4548 ﬁciat
811 4494 867 4547 in
913 4500 1283 4563 augmentum,
1314 4500 1369 4547 et
1404 4509 1617 4563 semper
1660 4496 1856 4550 habeat
1884 4495 2213 4551 defensionis

619 4579 1066 4656 nostrze’regalis
1094 4585 1402 4642 libertatem
1451 4586 1657 4657 absque
1700 4587 1922 4643 militari
1962 4588 2207 4654 servitio,

620 4694 651 4754 a
690 4693 799 4748 quo
851 4677 1103 4734 eumdem
1149 4676 1328 4733 locum
1381 4676 1711 4733 absolvimus
1761 4693 1857 4748 per
1898 4679 2099 4734 omnia.
2146 4678 2213 4733 Et

607 4770 1059 4842 quandoquidem
1105 4769 1285 4825 divina
1327 4772 1613 4826 vocatione
1655 4771 1995 4841 supradictus
2042 4772 2212 4827 abbas

488 4858 505 4866 ’
604 4859 967 4932 Engilbertus
990 4859 1076 4915 vel
1102 4875 1448 4916 successores
1475 4860 1592 4930 eius
1619 4862 1687 4917 ab
1728 4862 1830 4918 hac
1866 4862 1984 4916 luce
2015 4863 2213 4934 migra-

621 4954 819 5018 verint,
852 4952 944 5008 ille
984 4951 1077 5023 qui
1113 4952 1434 5008 substitutus
1482 4952 1646 5009 fuerit
1680 4954 1730 5009 ei
1773 4953 2019 5009 eamdem
2062 4962 2213 5025 pote-

621 5051 818 5097 statem
863 5051 920 5098 et
952 5042 1376 5098 dominationem
1418 5043 1694 5113 possideat
1733 5059 1894 5115 quam
1924 5052 1978 5099 et
2008 5046 2213 5115 [)de-

610 5146 810 5207 cessor
838 5147 989 5199 suus,
1038 5132 1164 5188 dum
1208 5132 1364 5197 vixit,
1412 5132 1620 5187 habuit.
1669 5132 2052 5205 Praecipientes
2084 5150 2214 5207 ergo

624 5222 1017 5280 auctoritamus
1060 5233 1223 5295 atque
1269 5223 1656 5279 conﬁrmamus
1695 5232 1756 5279 ut
1800 5225 1980 5281 nullus
2021 5225 2212 5297 iudex,

624 5330 735 5372 non
764 5315 1079 5386 imperator,
1108 5334 1217 5374 non
1257 5333 1378 5386 rex,
1406 5333 1513 5374 non
1543 5318 1846 5391 episcopus,
1877 5334 1983 5375 non
2006 5334 2211 5388 comes,

604 5417 721 5490 aut
744 5406 1033 5477 judiciaria
1066 5418 1310 5481 potestas
1349 5409 1453 5466 hoc
1480 5418 1681 5466 nostrae
1709 5410 2044 5468 excellentiae
2070 5426 2211 5482 prae-

606 5511 843 5575 ,ceptum
867 5499 1067 5556 audeat
1108 5502 1351 5570 violare;
1402 5502 1517 5567 sed,
1564 5503 1668 5559 hac
1705 5503 1819 5559 visa
1863 5505 2205 5573 auctoritate,

606 5592 768 5655 sicut
808 5605 906 5647 sua
934 5590 1167 5665 voluerit
1204 5601 1324 5667 acta
1347 5606 1469 5650 esse
1501 5593 1657 5649 ﬁrma
1686 5600 1743 5649 et
1783 5593 2022 5661 stabilia,
2052 5595 2126 5650 ita
2154 5605 2210 5653 et

605 5684 728 5747 ,hoc
766 5693 1015 5740 nostrum
1047 5682 1233 5739 sinant
1255 5682 1457 5739 factum
1485 5698 1706 5740 manere
1731 5684 2088 5754 inviolatum;
2131 5689 2206 5744 ita

628 5774 877 5836 videlicet
935 5784 996 5832 ut
1028 5777 1147 5852 _sub
1199 5775 1300 5832 hac
1351 5775 1558 5831 ratione
1618 5776 1736 5831 duae
1795 5779 2208 5837 conscribantur

2386 1917 2604 1975 Clorius
2628 1921 2873 1977 notarius
2897 1922 2967 1976 ad
2994 1922 3172 1978 vicem
3195 1920 3428 1995 Hugonis
3447 1921 3712 1994 recognovit

2316 2075 2320 2078 g
2384 2011 2520 2066 Data
2542 2027 2637 2066 vui
2672 2011 2790 2066 Kal.
2828 2011 3163 2084 Septembr.,
3193 2028 3352 2080 anno,
3391 2011 3584 2067 Christo
3603 2012 3777 2081 propitio.

2314 2101 2529 2173 imperii
2549 2101 2752 2158 domini
2782 2102 3044 2159 Ludovici
3074 2103 3404 2160 serenissimi
3428 2102 3705 2174 imperatoris
3720 2101 3776 2165 20.

2313 2193 2608 2249 indictione
2636 2193 2721 2248 11.
2750 2192 2946 2250 Actum
2970 2193 3301 2266 Aquisgrani
3325 2194 3508 2265 palatio
3529 2194 3650 2265 regio
3666 2191 3778 2248 inDei

2313 2285 2531 2342 nomine
2555 2284 2802 2341 feliciter.
2833 2284 3025 2341 Amen.

2954 2377 3261 2435 CLXXXII.

2435 2484 2690 2525 LOTBARH
2729 2482 3060 2525 PBECEPTUI
3100 2484 3204 2524 PRO
3239 2480 3475 2525 εοειεειΑ
3504 2480 3704 2523 ΔΙΒἸΊΜ.

2928 2560 3103 2633 (Anno
3133 2560 3298 2634 8331.)]

2493 2651 2726 2725 [Ughelli
2743 2692 2758 2718 ,
2786 2650 2951 2706 Italia
2978 2667 3158 2717 sacra,
3188 2661 3319 2705 tom.
3346 2648 3386 2715 l,
3410 2665 3520 2721 pag.
3547 2645 3663 2719 H3.]

2388 2746 2448 2801 In
2476 2745 2695 2799 nomine
2726 2743 2939 2798 Domini
2966 2743 3145 2798 nostri
3173 2741 3301 2799 Jesu
3328 2741 3513 2799 Christi
3537 2741 3615 2796 Dei
3636 2736 3779 2801 sterni,

2312 2831 2632 2900 Lotharius,
2662 2832 2844 2889 divina
2876 2832 3165 2889 ordinante
3206 2831 3542 2904 providentia,
3578 2830 3780 2899 imperator

2311 2926 2607 3000 Augustus.

2315 3046 2321 3069 :
2386 3021 2657 3092 Quidquid
2678 3021 2845 3091 divini
2868 3023 3069 3078 amoris
3090 3024 3259 3079 ductu
3282 3022 3410 3078 locis
3427 3019 3694 3077 conferimus
3710 3014 3779 3069 Deo

2320 3113 2550 3178 devotis,
2574 3114 2626 3169 id
2646 3115 2791 3169 veris
2808 3123 2862 3170 et
2882 3115 3100 3170 aeternis
3128 3114 3495 3170 muniﬁcentiis
3512 3106 3780 3181 respondendo

2236 3180 2291 3251 ε
2319 3205 2541 3260 minime
2565 3204 2946 3261 dubitavimus.
2981 3206 3156 3279 igitur
3185 3213 3369 3262 notum
3393 3204 3458 3261 sit
3480 3180 3678 3258 omnibus
3695 3197 3779 3252 tide-

2316 3293 2457 3349 libus
2482 3304 2683 3351 saucta:
2702 3295 2798 3351 Dei
2819 3295 3074 3353 Ecclesia:
3092 3306 3154 3353 et
3175 3297 3390 3364 nostris,
3412 3292 3701 3366 praesentibus
3714 3287 3781 3342 sci-

2313 3389 2441 3445 licet
2473 3397 2530 3444 et
2563 3389 2791 3456 futuris,
2823 3391 2951 3461 quia
2980 3405 3081 3447 nos
3111 3390 3183 3446 ad
3209 3390 3550 3461 precationem
3573 3383 3682 3440 Petri
3700 3394 3777 3434 ven.

2313 3468 2653 3538 Aretinensis
2672 3482 2929 3549 Ecclesia:
2953 3483 3218 3555 episcopi,
3243 3484 3578 3540 concessimus
3599 3478 3651 3533 ad
3669 3472 3780 3531 eccle-

2317 3575 2452 3630 siam
2495 3574 2553 3630 S.
2598 3573 2811 3641 Donati,
2855 3574 2950 3630 ubi
2994 3576 3111 3645 ipse
3153 3577 3207 3631 in
3245 3590 3461 3646 corpore
3497 3569 3780 3641 requiescit.ei

2316 3665 2472 3723 sedes
2517 3667 2756 3737 episcopi
2805 3680 2927 3723 esse
2970 3665 3336 3740 dignoscitur,
3385 3680 3477 3737 pro
3521 3660 3778 3719 emolumento

2314 3756 2509 3811 animae
2551 3764 2779 3821 nostrae,
2818 3758 3107 3828 quamdam
3148 3757 3425 3814 ecclesiam
3450 3757 3501 3812 in
3527 3744 3776 3810 honorcmS.

2312 3845 2460 3901 Petri
2500 3846 2879 3911 constitutam,
2917 3862 3042 3902 cum
3070 3848 3324 3904 omnibus
3349 3842 3643 3917 pertinentiis
3660 3846 3700 3892 et
3721 3833 3779 3889 ad-

2314 3937 2590 3993 harrcntiis
2618 3936 2752 4000 suis,
2785 3936 2944 3992 sitam
2972 3936 3029 3991 in
3054 3936 3177 3993 loco
3205 3937 3298 4008 qui
3322 3937 3504 3993 dicitur
3523 3928 3724 3988 Castellus
3744 3922 3777 3975 in

2314 4029 2594 4084 territorio
2617 4029 2941 4084 Aretinense
2973 4047 2986 4082 :
3020 4044 3146 4084 eam
3175 4029 3448 4094 videlicet,
3479 4039 3612 4097 quam
3640 4016 3778 4090 pridem

2316 4120 2583 4176 avunculo
2614 4129 2799 4175 nostro
2828 4119 3053 4191 Pippino
3081 4121 3320 4193 glorioso
3358 4119 3489 4191 regi,
3526 4110 3779 4170 Barbalianus

2315 4212 2586 4282 quondam
2630 4213 2932 4283 presbyter,
2976 4227 3044 4268 ex
3090 4228 3188 4269 sua
3227 4212 3535 4283 proprietate
3571 4200 3779 4260 contulerat

2302 4304 2386 4381 ad
2410 4303 2709 4358 habendam
2726 4344 2741 4367 ,
2770 4312 2826 4358 et
2852 4304 3105 4374 prtesenti
3143 4314 3377 4375 tempore
3396 4296 3667 4370 Aliprandus
3683 4299 3778 4358 PM“

2316 4396 2473 4467 byter
2502 4398 2602 4453 sub
2625 4396 2871 4451 annalem
2900 4396 3279 4461 redditionem,
3301 4404 3356 4450 et
3374 4401 3538 4449 nostra
3558 4381 3779 4467 munitiora:

2322 4461 2393 4542 tia
2435 4488 2633 4542 habere
2664 4488 3017 4557 dignoscitur,
3056 4488 3151 4544 sed
3176 4504 3275 4559 pro
3302 4481 3553 4541 ﬁrmitatis
3574 4473 3717 4547 gratia.
3736 4461 3778 4519 Id

2316 4577 2565 4632 eumdem
2592 4586 2842 4633 sanctum
2867 4586 2925 4633 et
2951 4593 3135 4634 vener.
3165 4578 3360 4641 locum,
3391 4575 3517 4630 hanc
3543 4569 3780 4655 nosme

2316 4669 2535 4725 toritate
2563 4670 2680 4725 ﬁeri
2702 4669 2984 4739 iussimus,
3032 4677 3095 4723 ut
3122 4668 3300 4725 nullus
3328 4664 3535 4737 quilibet
3566 4646 3778 4749 vel

2316 4761 2408 4817 bet
2443 4759 2651 4831 publica
2700 4775 2951 4829 persona,
2997 4759 3235 4830 praefata:
3276 4757 3404 4813 eccl.
3452 4752 3525 4809 vel
3566 4739 3778 4803 rectoribns

2316 4851 2453 4922 eius,
2478 4852 2588 4907 ullo
2614 4868 2849 4922 unquam
2873 4862 3132 4923 tempore,
3157 4852 3224 4908 de
3251 4850 3463 4923 praefata
3481 4839 3776 4934 «δαιδάλῳ

2315 4946 2461 5000 omni
2488 4945 2843 5016 pertinentia,
2877 4944 2960 4999 vel
2989 4944 3332 4999 adbaarcntiis
3357 4940 3486 5003 suis,
3511 4949 3567 4989 ac
3587 4933 3777 5016 perm

2314 5035 2428 5101 tiis,
2466 5014 2771 5105 quamlibet
2816 5044 3106 5106 praesumat
3160 5033 3359 5090 inferre
3402 5024 3684 5086 molestiam.
3718 5014 3777 5063 Nl

2314 5130 2761 5195 controversiam,
2795 5131 2892 5185 sed
2921 5131 3102 5201 quiete
3127 5139 3183 5186 et
3218 5143 3401 5186 secure
3440 5126 3575 5179 liueat
3605 5107 3774 5201 θεωροίη

2313 5222 2618 5288 ecclesiam,
2662 5237 2787 5277 cum
2822 5197 3075 5278 omnibus
3110 5222 3225 5277 suis
3250 5213 3565 5291 pertinentiis
3586 5216 3629 5261 et
3658 5197 3777 5255 πᾶν·

2296 5316 2527 5382 .rentiis,
2555 5316 2858 5372 rectoribus
2886 5315 3127 5387 eiusdem
3164 5311 3449 5384 possidere,
3486 5312 3622 5370 atque

2315 5408 2443 5463 dum
2474 5380 2617 5462 illius
2658 5406 2762 5462 loci
2788 5380 3095 5472 utilitatem,
3137 5380 3296 5474 prout
3325 5396 3539 5457 libuerit.
3565 5380 3777 5487 Merci?

2298 5517 2421 5577 ,ειυθ
2450 5501 2754 5571 disponere.
2795 5499 2863 5554 Et
2898 5508 2957 5553 ut
2996 5499 3111 5555 hazc
3145 5495 3427 5553 auctoritas
3459 5480 3776 5583 largitionis-t1?

2290 5571 2443 5657 istrae
2488 5593 2785 5666 pleniorem
2834 5593 2889 5647 in
2930 5592 3027 5648 Dei
3073 5590 3286 5646 nomine
3329 5585 3547 5642 obtineat

2292 5658 2736 5758 mauu-propria
2782 5686 2987 5761 subter“
3017 5682 3346 5754 scripsimus,
3389 5685 3441 5733 et
3475 5664 3626 5729 annuli
3660 5658 3774 5713 009‘"

2316 5779 2668 5851 impressione
2695 5777 2959 5849 assignari
2983 5775 3255 5847 iussimus.
