4050 6340
306 324 448 394 i235

1436 328 1829 389 DIPLOMATA
1868 322 2422 389 ECCLESIASTICA.

3424 326 3560 387 1954

377 455 603 524 Signum
627 449 873 508 Lotharii
898 447 1239 521 imperatoris
1263 448 1599 505 invictissimi
1626 448 1872 520 Augusti.
1903 449 1953 509 Α
1978 447 2137 520 gilius
2163 446 2331 503 abbas
2351 460 2459 502 una
2483 460 2606 502 cum
2632 432 2829 511 Furvo,
2859 456 2914 502 et
2936 446 3075 503 Urso
3101 446 3377 502 advocatis
3401 461 3563 504 suos:

374 544 663 600 Protomus
685 543 1047 613 subdiaconus
1073 549 1236 612 atque
1260 542 1505 597 notarius
1528 541 1741 611 scripsi.

375 636 511 691 Data
535 650 575 689 ιι
600 633 780 689 Nonas
792 632 1062 700 Octobris,
1090 646 1251 697 anno,
1277 630 1477 686 Christi
1493 629 1880 701 propitio,855,

304 728 520 800 imperii
538 727 603 783 D.
625 727 866 784 Lotharii
889 725 1230 798 imperatoris
1241 724 1336 792 J5,
1362 723 1547 780 indici.
1571 722 1624 793 4,
1650 724 1881 795 apud....

304 820 365 879 In
391 820 489 877 Dei
515 820 732 877 nomine
757 819 1007 877 feliciter.

933 909 1255 968 CLXXXIII.

755 1020 856 1063 PRO
890 1020 1139 1061 EPISCOPO
1177 1019 1431 1060 ARETINO.

852 1132 885 1165 ,
926 1096 1098 1169 (Anno
1129 1094 1278 1168 855.)

310 1190 443 1247 Acta
473 1191 1004 1271 continuet-simitu”
1040 1188 1252 1244 Petrum
1286 1186 1888 1271 cpisgopquArctinum

376 1272 425 1316 et
473 1254 722 1331 Vigilium
763 1261 1001 1315 abbatem
1042 1254 1343 1314 monasterii
1388 1254 1466 1313 SI
1490 1257 1750 1312 Anthemii
1764 1272 1889 1380 ’pro

376 1333 693 1380 monasteria
722 1329 780 1380 S.
813 1327 958 1380 Petri
986 1331 1050 1380 de
1077 1330 1211 1380 Ara.
1238 1347 1414 1380 coram
1437 1329 1738 1380 Aainrando
1811 1326 1889 1380 Ιο-

375 1326 703 1409 monttsterie
722 1329 780 1386 S.
813 1327 958 1409 Petri
986 1331 1050 1385 de
1071 1330 1211 1409 fixo,
1238 1329 1746 1409 ceram-Agiprendo.
1764 1326 1891 1380 Flo-

378 1403 580 1456 rentino
609 1401 831 1472 aliisque
857 1402 1109 1472 episcopis
1133 1410 1182 1454 et
1206 1400 1380 1455 missis
1408 1398 1645 1472 Lothairii
1672 1398 1700 1452 Ι
1728 1399 1890 1468 impe-

372 1473 587 1536 ratoris,
618 1468 1139 1541 cum’sententia'pro
1172 1472 1411 1541 episcopo
1440 1468 1677 1524 Aretino.

303 1561 482 1635 [Apud
514 1560 804 1627 Muratori,
859 1561 1117 1631 Antiquit.
1150 1559 1329 1615 Italic.
1372 1569 1504 1615 tom.
1536 1560 1603 1625 ν,
1646 1574 1701 1628 p.
1736 1556 1886 1630 923.]

370 1653 428 1708 ln
459 1652 554 1708 Dei
590 1652 811 1708 nomine
848 1667 946 1722 per
968 1652 1424 1709 excellentissimo
1459 1652 1638 1709 donno
1670 1660 1726 1707 et
1761 1652 1891 1722 piis-

301 1742 424 1797 simi
452 1748 507 1796 et
535 1757 566 1797 a
596 1741 707 1797 Deo
742 1750 1001 1798 coronato
1025 1742 1267 1798 Hlotario
1291 1743 1536 1815 Augusto
1564 1757 1759 1815 magno
1788 1743 1890 1797 im—

1990 557 2011 590 ‹
2056 538 2269 594 Veritas
2308 548 2427 606 cst,
2470 539 2594 610 quia
2640 538 2902 595 habemus
2939 548 3007 595 et.
3034 549 3280 597 tenemus
3326 542 3567 611 predicto

1986 631 2315 687 monasterio
2366 631 2536 687 sancti
2577 631 2720 686 Petri
2769 631 2834 686 de
2882 631 3029 687 Axso
3073 635 3569 704 cum-pertinentia
3644 675 3650 680 .

1986 739 2106 789 sua,
2138 724 2231 779 sed
2262 739 2367 780 non
2399 731 2585 780 contra
2626 723 2763 796 lege,
2794 740 2895 781 nec
2931 724 3072 780 malo
3098 725 3347 794 hordine,
3372 743 3476 805 pro
3500 743 3569 785 eo

1985 814 2127 886 quod
2175 832 2302 871 ecce
2347 826 2673 888 preceptum,
2711 824 2898 871 sancte
2943 817 3336 872 recordationis
3382 818 3569 875 domni

1986 905 2168 964 Caroli
2208 908 2321 978 regi
2364 923 2461 979 pre
2494 908 2743 963 manibus
2769 907 3049 974 habemus,
3092 909 3324 979 qualiter
3346 926 3444 981 pro
3471 925 3570 966 sua

1985 1001 2186 1056 mercis
2208 1016 2305 1070 per
2326 1000 2475 1057 locas
2500 1002 2811 1072 designatas
2844 1001 3112 1057 concessit
3133 1000 3301 1076 Cugio
3326 1004 3440 1069 illo,
3475 1005 3571 1075 qui

1986 1101 2211 1148 vocatur
2237 1092 2516 1159 Ciciliano,
2560 1094 2629 1148 ad
2654 1101 2809 1164 parte
2838 1094 3009 1150 sancti
3048 1093 3295 1161 Antemi,
3340 1102 3395 1149 et
3429 1096 3572 1153 infra

1987 1183 2133 1254 ipsas
2170 1184 2316 1241 locas
2356 1184 2665 1255 designatas
2699 1185 2816 1255 ipso
2856 1176 3185 1242 monasterio
3213 1194 3297 1242 est
3324 1196 3573 1244 constru—

1988 1285 2154 1332 ctum.
2192 1296 2211 1329 ι
2248 1276 2316 1331 Ει
2343 1276 2470 1332 dum
2513 1276 2669 1332 nobis
2713 1264 3061 1348 suprascripti
3097 1278 3247 1334 missi
3291 1279 3408 1349 ipso
3444 1294 3573 1349 pre-

1987 1376 2145 1439 cepto
2173 1368 2340 1438 relegi
2383 1367 2809 1425 fecissemus.....
2839 1370 2893 1425 in
2917 1383 3060 1436 eum,
3089 1370 3321 1440 qualiter
3345 1372 3576 1429 domnus

1990 1457 2217 1517 Carolus
2239 1475 2332 1515 rex
2365 1468 2708 1517 concesserat
2735 1461 3104 1531 suprascripto
3128 1459 3299 1531 Cugio
3327 1462 3393 1517 ad
3419 1472 3576 1533 parte

1990 1559 2165 1615 sancti
2191 1557 2427 1625 Antemi,
2451 1574 2550 1629 per
2575 1557 2721 1615 locas
2746 1559 3142 1615 deuominative
3167 1559 3494 1631 designatas,
3519 1567 3578 1614 et

1990 1650 2128 1705 infra
2159 1650 2306 1706 locas
2350 1651 2660 1723 designatas
2689 1653 2977 1724 quodquod
3017 1660 3360 1710 concesserat
3403 1653 3573 1709 deno-

1991 1743 2239 1798 minatim
2263 1752 2625 1799 concesserat.
2655 1743 2762 1800 Sed
2790 1745 3012 1800 minime
3041 1745 3239 1801 ibidem
3265 1745 3576 1802 continebat

299 1841 574 1903 peratore,
603 1833 796 1888 directi
820 1833 1110 1890 fuissemus
1136 1850 1235 1891 nos
1263 1834 1600 1906 Agiprandus
1626 1848 1651 1876 α
1687 1841 1889 1890 sanctae
1917 1824 1963 1884 Β
1991 1836 2058 1893 de
2079 1837 2389 1907 supradicto
2416 1838 2745 1894 monasterio
2767 1838 2939 1894 sancti
2963 1837 3117 1895 Petri
3140 1839 3206 1893 ad
3236 1839 3404 1903 Axso,
3430 1840 3575 1908 quod

298 1924 612 1983 Florentiae
633 1925 876 1985 Ecclesie
900 1929 1200 2000 episcOpus,
1234 1944 1327 1986 seo
1348 1928 1543 1985 Petrus
1570 1937 1755 1986 sancte
1779 1929 1889 2002 \f0-

300 2016 616 2078 loterrensis
649 2021 890 2079 Ecclesie
931 2024 1235 2094 episcopus,
1275 2040 1375 2096 pro
1412 2039 1577 2079 causa
1614 2023 1761 2079 beati
1789 2023 1889 2078 Do-

301 2112 414 2167 uati
452 2112 673 2170 Aretine
709 2115 979 2181 Ecclesie,
1023 2125 1078 2171 et
1117 2115 1335 2171 Petroni
1376 2117 1612 2188 episcopi
1646 2114 1886 2185 ejusdem

301 2202 964 2276 eeclesie,'inquirendum
995 2206 1136 2260 inter
1165 2205 1339 2277 ipsum
1364 2205 1655 2263 Petronem
1682 2207 1888 2278 episco-

301 2311 451 2368 pum,
482 2315 583 2356 nec
610 2316 716 2355 non
739 2308 795 2355 et
814 2299 1043 2373 Vigilius
1069 2302 1235 2357 abbas
1260 2316 1327 2357 ex
1356 2301 1687 2356 monasterio
1714 2300 1885 2357 sancti

300 2391 516 2448 Antemi
558 2395 833 2451 territorio
872 2395 1110 2452 Clusino.
1158 2396 1229 2452 Et
1266 2397 1391 2451 dum
1421 2396 1887 2467 conjunxissemus

304 2479 446 2537 Sena
484 2484 720 2549 civitate,
754 2494 810 2541 et
840 2488 1216 2544 resederemus
1241 2503 1341 2544 nos
1376 2489 1430 2543 in
1462 2487 1667 2557 judicio
1694 2489 1885 2545 Domni

304 2574 445 2631 Sena
487 2587 542 2633 et
570 2579 840 2647 Ecclesia,
893 2598 998 2636 una
1045 2598 1169 2638 cum
1205 2580 1528 2638 venerabilis
1567 2582 1886 2641 Anastasius

301 2668 587 2741 episcopus
619 2671 858 2741 ejusdem
886 2673 1113 2740 civitati,
1146 2688 1238 2729 sco
1262 2673 1543 2730 Adelricus
1563 2689 1882 2731 comes......

303 2757 578 2816 Walchari
628 2770 795 2819 et.....
848 2763 1099 2820 scavinus
1139 2766 1382 2836 predicte
1422 2766 1674 2831 civitatis,
1725 2776 1887 2839 atque

254 2848 261 2857 '
302 2847 459 2916 Dato,
492 2851 780 2920 Cristiano,
816 2854 1146 2922 Alexandro,
1185 2855 1458 2913 Odelfrido
1488 2859 1722 2915 scavinis
1744 2859 1883 2917 Are-

302 2939 414 2995 tine
440 2941 697 3008 civitatis,
726 2943 993 3015 simulque
1023 2946 1217 3017 Ringo,
1249 2946 1475 3004 Rodolfo
1503 2950 1736 3006 scavinis
1762 2951 1887 3007 Vul-

302 3034 638 3091 terrunensis
670 3054 683 3090 :
718 3037 848 3093 hubi
876 3046 931 3094 et
967 3024 1249 3096 nobiscum
1283 3042 1508 3098 aderant
1544 3042 1800 3110 Wilerus,
1831 3051 1887 3101 et

299 3125 568 3183 Anserum
620 3129 688 3185 de
741 3128 920 3199 Sena,
973 3133 1322 3205 Anseprand,
1372 3134 1691 3204 Camarino,
1739 3138 1885 3194 vassi

299 3217 480 3275 domui
511 3220 875 3292 imperatoris,
896 3222 1201 3296 Ansiprand
1226 3235 1280 3282 et
1303 3225 1560 3284 Theudici
1590 3230 1880 3301 germanis,

300 3307 599 3376 Perisindo,
627 3321 682 3367 et
701 3313 1013 3371 Lundifredi
1035 3319 1326 3389 germanis,
1345 3318 1572 3392 Angelo,
1595 3322 1885 3380 Francico-

300 3414 423 3489 nus,
449 3399 629 3457 Al.....
677 3403 822 3460 cives
862 3405 1079 3474 Aritini,
1119 3408 1480 3480 Guiprandus,
1520 3413 1605 3469 vel
1649 3415 1885 3489 reliquos

301 3488 484 3559 plures
505 3492 755 3550 homines
780 3495 988 3553 habiles
1010 3506 1118 3554 tam
1144 3499 1462 3560 Franciscos
1483 3521 1645 3576 quam
1670 3516 1725 3563 et
1749 3507 1888 3564 Lan-

301 3582 621 3652 gobardicos
660 3585 727 3643 de
775 3589 1001 3661 singulis
1046 3594 1301 3662 predicte‘
1328 3596 1655 3655 civitatibus.
1699 3601 1887 3672 Ibique

301 3684 427 3727 ante
465 3689 564 3731 nos
601 3691 788 3733 omnes
816 3681 1039 3736 veniens
1078 3681 1365 3755 Petronem
1402 3688 1714 3761 episcopum
1751 3690 1887 3748 Are-

300 3762 339 3817 ti
347 3778 413 3818 ne
435 3763 673 3823 Ecclesie
685 3785 789 3825 una
805 3786 926 3826 cum
941 3772 1224 3841 Wileriud,
1240 3785 1296 3832 et
1307 3779 1611 3849 Agimundo
1625 3781 1734 3839 ﬁlio
1747 3784 1887 3855 bone

304 3857 565 3913 memorie
595 3858 956 3931 Tachiprandi
983 3865 1049 3919 de
1092 3863 1256 3932 Sena,
1304 3884 1397 3924 sco
1428 3870 1733 3942 Agimundo
1775 3873 1887 3931 ﬁlio

302 3941 444 4001 bone
481 3947 744 4002 memorie
789 3948 1078 4021 Ariprandi
1120 3954 1186 4009 de
1227 3954 1441 4023 Aritio,
1490 3941 1735 4015 advocati
1780 3963 1884 4031 sui,

303 4036 673 4092 causationem
703 4039 963 4097 habentes
992 4052 1180 4099 contra
1208 4047 1511 4116 predictum
1539 4048 1768 4122 Vigilius
1794 4054 1887 4109 ab—

303 4124 403 4182 bas
445 4143 513 4183 ex
552 4133 882 4188 monasterio
910 4136 1081 4192 sancti
1109 4138 1323 4194 Antemi
1344 4180 1359 4206 ,
1406 4141 1510 4196 sito
1532 4142 1682 4200 Valle
1711 4144 1884 4202 St.....

306 4219 595 4278 terretorio
632 4220 885 4290 Clusino;
928 4241 1022 4283 seo
1048 4226 1342 4285 Furvo.....
1373 4229 1633 4303 Seneuse,
1663 4244 1720 4292 et
1753 4236 1889 4293 Urso

305 4306 373 4363 de
401 4304 599 4376 Clusio,
648 4313 893 4370 advocati
936 4318 1162 4387 predicti
1209 4323 1527 4378 monasterii
1556 4332 1612 4380 et
1656 4327 1883 4384 abbati:

306 4412 565 4472 ceperunt
584 4405 670 4461 his
688 4406 789 4477 ipsi
804 4407 1087 4467 Willeriud
1103 4420 1157 4467 et
1172 4414 1476 4485 Agimundo
1497 4418 1678 4476 dicere
1699 4431 1887 4480 contra

305 4493 532 4564 predicti
556 4496 801 4555 advocati
835 4502 1006 4558 sancti
1041 4502 1294 4560 Antemi:
1332 4524 1351 4558 ι
1387 4506 1546 4565 Parte
1574 4514 1889 4570 monasterii

306 4585 481 4639 sancti
505 4584 836 4646 Antemi.....
866 4591 1070 4658 abbati,
1103 4601 1294 4651 contra
1335 4595 1453 4669 lege
1495 4608 1551 4656 et
1591 4601 1734 4658 malo
1765 4604 1893 4660 hor-

308 4672 436 4731 dine
480 4675 816 4747 invaserunt,
856 4689 911 4739 et
955 4684 1307 4744 dctinuerunt
1345 4692 1679 4749 monasterio
1721 4698 1894 4754 sancti

310 4761 454 4820 Petri
485 4768 551 4822 de
581 4770 727 4827 Axso
752 4788 874 4829 cum
902 4777 1226 4845 pertinentia
1250 4796 1347 4837 sua
1380 4800 1395 4838 ;
1425 4785 1568 4842 unde
1592 4789 1891 4859 querimus,

309 4862 371 4909 ut
398 4855 545 4912 inter
569 4874 668 4915 nos
693 4862 890 4919 exinde
916 4864 1177 4934 judicium
1206 4869 1364 4937 detis,
1396 4879 1451 4926 et
1469 4855 1741 4941 justitiam
1774 4855 1893 4935 ﬁeri

313 4945 526 5005 faciatis
552 4952 620 5006 ad
644 4961 800 5024 parte
837 4958 1009 5014 sancti
1038 4959 1253 5029 Donati,
1295 4964 1421 5035 quia
1464 4965 1674 5039 legibus
1717 4972 1893 5029 sancti

313 5040 508 5097 Donati
534 5046 812 5113 pertinuit.
845 5068 865 5103 ι
899 5049 980 5107 Ad
1008 5060 1199 5109 contra
1236 5058 1631 5128 responderunt
1658 5060 1773 5132 ipse
1802 5063 1894 5120 Vi-

341 5289 353 5302 .
386 5231 413 5259 ι
455 5217 732 5303 Ughellius
762 5224 848 5303 ad
870 5264 873 5267 λ
894 5225 1012 5303 haec
1041 5235 1284 5303 tempora
1311 5231 1623 5303 episcopum
1665 5234 1892 5293 Floren-

314 5290 490 5345 tinum
513 5290 719 5361 profert
746 5293 1121 5363 Aliprandum,
1153 5290 1283 5355 'sive
1328 5290 1706 5361 Ramb'aldum.
1741 5290 1890 5363 Cer-

316 5375 535 5440 manum
563 5379 767 5440 nomen
786 5364 1021 5440 illius_ex
1044 5368 1147 5423 ista
1175 5371 1363 5426 charta
1392 5373 1706 5440 ediscimus,
1739 5378 1890 5435 vide-

318 5430 444 5505 licet
496 5432 882 5505 Agiprandum.
933 5436 1229 5498 Praaterea,
1258 5442 1578 5499 Anastasius
1631 5430 1890 5505 senensis

317 5502 1108 5599 SP‘ﬁE??2§EfW§3¥.P§P§ﬂ¥9_
1136 5511 1375 5599 ίβηοιεεειρ
1395 5502 1893 5599 εάίυηεθηάυεςίνίὶ

320 5578 374 5656 in
405 5584 679 5656 posterum
707 5578 955 5651 catalogo
978 5578 1437 5656 prtesqumjllius
1460 5578 1642 5651 'urbis,
1676 5598 1733 5644 et
1782 5591 1892 5645 for—

319 5647 482 5728 tassis
520 5647 644 5728 inde
684 5647 1215 5728 expungenduserit
1260 5654 1517 5728 Thomas,
1575 5647 1644 5715 ad
1690 5675 1890 5716 annum

319 5713 427 5770 850
452 5713 804 5796 episcopus'ei
827 5713 1033 5779 civitati
1061 5724 1238 5780 datus.
1284 5713 1516 5796 Itaque:
1540 5738 1602 5784 ut
1621 5713 1888 5795 vidimus,

322 5790 693 5846 controversia
724 5790 831 5859 illa,
854 5807 1161 5867 quanquam
1184 5797 1326 5853 inter
1351 5790 1485 5855 duas
1498 5790 1892 5860 ecclesiasticas

1992 1945 2117 1986 eum
2147 1931 2541 1999 concessisset,
2578 1931 2720 1987 sicut
2747 1939 2802 1986 et
2834 1930 3094 2002 reliquas,
3128 1931 3270 2002 quod
3302 1932 3355 1987 in
3384 1932 3575 1987 eodem

1990 2018 2270 2092 legebatur
2292 2031 2567 2093 precepto.
2611 2022 2677 2077 Et
2720 2022 2846 2078 dum
2886 2031 3201 2094 preceptum
3230 2024 3403 2093 ipsum
3432 2023 3575 2080 rele-

1991 2118 2139 2167 ctum
2166 2111 2375 2177 fuisset,
2405 2124 2533 2169 tunc
2560 2113 2674 2183 ipse
2700 2111 2965 2168 Wileriud
2991 2121 3047 2170 et
3085 2114 3387 2185 Agimundo
3409 2114 3576 2170 advo-

1991 2203 2097 2259 cati
2126 2204 2400 2260 dixerunt.
2435 2223 2453 2256 ε
2490 2204 2651 2260 Certe
2679 2215 2935 2276 preeepto
2973 2207 3078 2262 isto
3100 2222 3201 2263 nec
3228 2206 3404 2273 nobis,
3448 2224 3576 2264 nec-

1990 2307 2096 2362 que
2121 2294 2187 2349 ad
2213 2301 2368 2364 parte
2397 2296 2568 2350 sancti
2603 2294 2796 2350 Donati
2839 2295 2986 2351 nulla
3013 2297 3255 2367 impedit,
3283 2300 3409 2369 quia
3435 2300 3578 2370 quod

1990 2383 2291 2452 concessit,
2321 2384 2654 2439 nominative
2680 2386 2970 2442 concessit.
2997 2386 3066 2441 Et
3090 2387 3135 2442 si
3163 2395 3291 2443 tunc
3322 2389 3436 2458 ipso
3463 2404 3576 2444 mo-

1989 2477 2235 2532 nasterio
2278 2477 2507 2532 domnus
2549 2477 2778 2534 Carolus
2822 2493 2916 2534 rex
2956 2480 3259 2543 concedere
3296 2466 3575 2539 voluisset.

1990 2569 2326 2626 nominative
2364 2584 2488 2625 eum
2519 2570 2898 2637 concessisset,
2947 2571 3104 2627 sicuti
3131 2579 3188 2626 et
3229 2571 3462 2641 reliquas
3489 2587 3578 2626 res

1988 2652 2046 2717 et
2072 2676 2264 2718 causas
2291 2661 2579 2718 concessit.
2614 2683 2632 2715 ι
2664 2662 2875 2718 Dictum
2898 2671 2981 2719 est
3008 2664 3128 2721 hoc.
3154 2662 3305 2722 Tunc
3346 2679 3444 2721 nos
3489 2680 3578 2721 su-

1987 2754 2278 2826 prascripti
2306 2755 2457 2810 missi
2484 2764 2539 2810 et
2554 2753 2768 2824 judices
2808 2755 3261 2827 interrogavimus
3288 2757 3403 2826 ipso
3430 2755 3572 2826 Vigi-

1990 2849 2063 2904 lio
2092 2849 2283 2915 abbas,
2330 2856 2387 2905 et
2432 2849 2800 2920 suprascripto
2842 2846 3119 2905 Advocato
3145 2847 3280 2919 ejus,
3332 2857 3387 2904 et
3420 2835 3577 2907 dixe-
3654 2847 3658 2850 ’

1988 2930 2116 2997 runt
2143 2959 2157 2996 :
2193 2960 2213 2993 ι
2418 2957 2607 2998 eorum
2636 2957 2764 2998 ecce
2785 2933 3071 3014 postquam
3095 2953 3350 3014 preeepto
3378 2944 3483 2999 isto
3509 2944 3578 3001 ad

1986 3033 2094 3089 ista
2132 3033 2273 3089 ratio
2303 3032 2448 3088 nulla
2480 3033 2841 3103 inpedit.......
2870 3033 3039 3101 tione,
3063 3049 3163 3106 pro
3187 3051 3292 3105 qua
3317 3034 3457 3091 ratio
3481 3044 3578 3091 aut

1991 3124 2057 3180 ad
2094 3134 2249 3195 parte
2284 3125 2460 3181 sancti
2496 3125 2712 3181 Antemi
2753 3134 2951 3193 teneat,
2994 3134 3088 3181 aut
3118 3126 3277 3182 istius
3311 3127 3515 3201 abbati.
3552 3146 3574 3180 ι

1986 3217 2143 3273 Tunc
2174 3218 2290 3288 ipse
2318 3218 2488 3274 abbas
2523 3219 2886 3291 interrogatus
2911 3219 3045 3276 dixit
3070 3239 3084 3275 :
3115 3238 3135 3272 σ
3162 3219 3321 3276 Certe
3348 3220 3578 3277 domnus

1988 3310 2213 3368 Carolus
2259 3327 2356 3367 rex
2393 3327 2517 3367 eum
2562 3314 2831 3368 concessit
2874 3314 2931 3368 in
2971 3312 3235 3371 beneﬁcio
3277 3330 3376 3386 per
3416 3329 3577 3371 suum

1986 3413 2302 3475 preceptum
2333 3404 2659 3463 Tauimundi
2689 3406 2962 3477 quondam
3000 3407 3204 3472 abbati,
3237 3407 3501 3480 simulque
3523 3417 3577 3465 et

1987 3488 2128 3557 bone
2154 3502 2414 3558 memorie
2440 3502 2783 3573 Apollenaris
2809 3503 3013 3559 abbati.
3042 3503 3247 3559 Deinde
3271 3520 3395 3560 eum
3430 3513 3576 3575 post-

1988 3595 2208 3651 modum
2231 3596 2364 3651 mihi
2408 3597 2679 3653 concessit
2717 3597 2772 3652 in
2817 3583 3083 3652 beneﬁcio
3110 3598 3343 3667 domnus
3375 3596 3596 3663 Hludo-,

1987 3685 2217 3751 wichus,
2252 3695 2309 3742 et
2344 3686 2620 3743 Hlotarius
2647 3688 3006 3757 imperatores
3035 3702 3136 3744 nec
3162 3703 3269 3743 non
3297 3704 3396 3759 pro
3420 3698 3593 3759 parte

1989 3778 2162 3831 sancti
2188 3775 2425 3832 Antemi.
2458 3797 2477 3831 ι
2506 3777 2573 3832 Et
2601 3778 2727 3833 dum
2754 3777 2936 3834 taliter
2956 3777 3202 3843 dixisset,
3226 3778 3558 3850 interrogavi
3592 3844 3595 3847 Α

1990 3858 2112 3923 mus
2134 3882 2278 3932 eum,
2317 3884 2377 3932 se
2398 3870 2661 3940 ‘precepta
2692 3869 2931 3941 ipsorum
2969 3869 3352 3941 imperaton
3385 3870 3597 3933 fuisset.

1989 3967 2083 4012 aut
2104 3958 2157 4012 in
2179 3972 2527 4016 successores
2547 3976 2732 4017 eorum
2756 3968 2851 4017 aut
2876 3962 2929 4017 in
2953 3971 3108 4032 parte
3132 3963 3305 4019 sancti
3327 3962 3576 4030 Antemi;

1989 4058 2043 4104 et
2076 4068 2096 4101 ι
2131 4058 2277 4105 certe
2298 4051 2523 4107 minime
2547 4052 2601 4108 in
2631 4067 2973 4109 successores
3000 4068 3186 4109 eorum
3218 4053 3576 4110 fuerunt......

1990 4141 2093 4197 nisi
2121 4141 2266 4198 solus
2296 4144 2350 4198 in
2379 4144 2642 4200 ambobus
2669 4160 2856 4201 eorum
2883 4147 3151 4217 personis,
3181 4155 3236 4202 et
3267 4147 3397 4203 mihi
3431 4146 3575 4202 solus

1989 4250 2085 4307 per
2105 4234 2372 4291 beneﬁcio
2398 4242 2482 4292 est
2503 4250 2839 4302 concessum,
2867 4245 2925 4292 et
2950 4235 3157 4293 nullum
3182 4237 3287 4293 alio
3322 4245 3601 4309 precepto.

1989 4327 2184 4385 exinde
2211 4344 2316 4383 non
2344 4328 2634 4384 babeo.....
2664 4330 2731 4385 de
2758 4330 2874 4402 ipso
2898 4328 3088 4403 Cugio.
3124 4351 3144 4383 ι

2059 4419 2173 4475 Hoc
2201 4419 2346 4476 dicto
2369 4427 2425 4474 et
2448 4418 2713 4487 refutato,
2744 4428 2873 4477 tunc
2904 4421 3018 4492 ipse
3049 4420 3243 4478 Petrus
3290 4422 3576 4495 episcopus

1994 4526 2119 4581 sepe
2141 4510 2283 4566 dicte
2310 4509 2568 4568 Ecclesiae
2593 4512 3131 4570 ostenditindiculum
3151 4515 3379 4586 piissimi
3414 4515 3572 4571 dom-
3630 4565 3637 4571 .

1994 4607 2051 4661 ni
2072 4604 2337 4661 Hlotharii
2358 4605 2721 4677 imperatoris.
2761 4604 2866 4675 Qui
2918 4608 3045 4664 dum
3100 4608 3257 4664 nobis
3313 4608 3574 4665 relectum

1996 4697 2210 4763 fuisset,
2236 4697 2550 4753 continebat
2573 4697 2627 4753 in
2655 4713 2740 4764 ea,
2781 4698 3015 4769 qualiter
3034 4699 3153 4770 ipse
3185 4700 3417 4757 domnus
3457 4700 3574 4756 Au-

1994 4797 2151 4862 gusto
2177 4789 2335 4845 nobis
2356 4789 2650 4862 Agiprandi
2683 4797 2740 4845 et
2765 4789 2985 4847 Petroni
3016 4791 3251 4862 episcopi
3268 4791 3577 4861 injunxerat

1995 4883 2173 4955 adque
2197 4883 2527 4948 innotuerat,
2556 4882 2697 4953 quod
2741 4881 2937 4939 Petrus
2967 4884 3251 4955 episcopus
3297 4884 3363 4941 de
3398 4885 3575 4940 Aritio

1993 4975 2168 5031 cidem
2206 4975 2531 5038 innotuerat,
2587 4973 2821 5045 qualiter
2862 4975 3090 5047 Vigilius
3142 4978 3333 5042 abbas,
3357 4977 3575 5050 quando

1995 5067 2260 5136 cellulam,
2292 5083 2413 5138 quae
2445 5076 2530 5125 est
2553 5076 2867 5125 constructa
2896 5069 2952 5125 in
2998 5084 3168 5125 onore
3200 5072 3375 5126 sancti
3420 5069 3569 5128 Petri

2031 5244 2497 5320 ersonasagitata,
2522 5244 2759 5320 judices
2782 5247 2971 5320 habuit
3000 5247 3197 5304 missos
3232 5248 3343 5304 sive
3367 5249 3570 5320 legatos

2036 5316 2281 5372 othariil
2312 5317 2555 5387 Augusti.
2590 5315 2775 5387 Neque
2802 5318 2945 5372 enim
2976 5334 3225 5387 reponas,
3262 5315 3450 5375 ambos
3473 5335 3569 5376 eos

1985 5385 2197 5470 judices
2217 5385 2507 5468 episcopali
2530 5385 2791 5470 dignitate
2812 5385 3065 5470 ornatos}
3110 5388 3568 5470 judiciutn__et_tim

1989 5457 2123 5513 illud
2156 5474 2264 5513 nou
2294 5457 2532 5530 propria,
2558 5457 2921 5530 scddelegata
2959 5457 3126 5529 ipsius
3175 5460 3419 5517 Lotharii
3465 5460 3569 5515 im-

1988 5530 2256 5599 peratoris
2276 5528 2606 5599 auctoritate
2634 5529 2679 5583 ii‘
2730 5528 3100 5596 instituerunt,
3150 5542 3205 5587 et
3241 5530 3567 5587 sententiam

1991 5596 2332 5672 i_ulerupt._l_d
2353 5599 2552 5668 quippe
2573 5607 2761 5672 aperte
2794 5608 3095 5656 constatex
3144 5618 3285 5672 saepe
3338 5599 3563 5672 repetita

1990 5667 2219 5742 formula
2262 5668 2352 5742 illa
2375 5667 2404 5722 ’:
2436 5667 2929 5742 juxta'jussionem
2971 5681 3020 5729 et
3066 5667 3357 5727 indicit/um
3385 5667 3566 5728 donmt'

1988 5739 2338 5809 imperatoris.
