4050 6340
561 302 701 358 I259

1683 289 2005 349 LUDOVICI
2041 290 2063 345 Ι
2102 287 2576 348 COGNOMENTO
2614 288 2702 346 PII

3670 295 3769 354 mo

559 412 762 469 dicitur
784 407 1030 472 Hostilia,
1060 415 1117 463 et
1143 422 1361 478 pascua,
1393 404 1720 475 pertinentia
1746 420 1813 459 ex
1831 404 1955 475 jure
1999 402 2136 458 Sarr-
2162 406 2217 468 Α
2310 405 2681 460 Dructemirus
2706 403 3082 473 subdiaconus
3106 411 3279 476 atque
3304 405 3543 461 notarius
3568 407 3628 463 ad
3646 411 3770 471 vicem

559 504 632 560 cti
661 502 892 558 Zenonis
921 515 1020 555 suo
1052 498 1176 568 jure
1203 504 1523 568 occupasset
1550 494 1734 550 illicite
1756 504 1810 550 et
1846 503 2036 550 contra
2062 494 2139 550 le—

558 609 701 665 gem.
735 591 905 659 Quam
935 606 1051 646 rem
1095 591 1222 645 dum
1266 585 1463 659 prefati
1519 585 1669 641 missi
1714 586 1909 665 nostri
1939 601 2036 657 per
2083 602 2144 641 se

559 662 782 739 minime
811 670 1043 739 diilinire
1076 681 1395 752 potuissent,
1436 680 1491 734 in
1516 689 1758 737 nostram
1780 682 1882 736 hoc
1904 662 2144 751 ipleuiter

559 772 907 829 deliberanda
936 770 1197 840 jussimus
1223 770 1409 825 venire
1436 771 1797 841 praesentiam.
1826 768 1942 836 Qua
1972 770 2038 825 de
2084 784 2145 824 re

560 866 689 923 dum
727 863 971 935 diligenti
1003 862 1243 919 adhibita
1275 862 1689 933 investigatione
1732 863 1811 917 rei
1858 862 2146 917 veritatem

517 1014 523 1029 \
556 957 1016 1027 perquireremus.
1049 995 1062 1009 .
1092 996 1106 1009 .
1142 995 1157 1009 .
1189 994 1203 1008 .
1236 994 1251 1009 .
1282 994 1295 1009 .
1320 955 1631 1032 praedictus
1652 953 1821 1009 abbas
1869 954 2146 1009 obtutibus

559 1048 763 1103 nostris
803 1055 1075 1118 praecepta
1123 1046 1469 1117 antiquorum
1525 1061 1736 1115 regum,
1793 1060 1891 1100 nec
1937 1060 2043 1098 non
2092 1052 2150 1099 et

558 1141 715 1195 bona;
745 1138 1022 1194 memoria:
1046 1138 1133 1192 avi
1156 1138 1331 1193 nostri
1357 1137 1541 1192 domui
1570 1135 1748 1191 Caroli
1801 1135 2144 1205 praestantis-

559 1232 684 1286 simi
723 1230 1082 1301 imperatoris,
1122 1243 1312 1284 verum
1357 1228 1525 1283 etiam
1567 1237 1622 1283 et
1669 1226 1920 1281 avunculi
1974 1226 2148 1282 nostri

463 1338 467 1342 '
558 1324 771 1397 Pippini
799 1323 1069 1393 quondam
1096 1322 1315 1395 gloriosi
1340 1321 1505 1393 regis,
1534 1321 1829 1390 domuique
1857 1327 1913 1375 ct
1937 1319 2149 1390 genito-

559 1420 637 1475 ris
674 1417 848 1473 nostri
886 1414 1143 1471 Ludovici
1181 1413 1517 1470 serenissimi
1546 1412 1798 1483 Augusti.
1836 1410 1968 1477 Quae
2019 1411 2149 1466 dum

560 1512 724 1583 relegi
750 1509 1091 1575 fecissemus,
1122 1507 1486 1579 comperimus
1502 1505 1649 1575 juste
1674 1513 1728 1558 et
1754 1502 2151 1558 rationabiliter

557 1582 698 1673 parti
727 1599 1040 1657 monasterii
1059 1598 1232 1655 sancti
1268 1598 1501 1653 Zenonis
1550 1596 1606 1650 in
1647 1582 1897 1650 Omnibus
1920 1607 2150 1664 pascua-

562 1709 678 1748 rum
722 1700 778 1749 et
804 1691 981 1763 capuli
1027 1707 1124 1747 seu
1172 1674 1418 1757 deeimae,
1448 1699 1505 1743 et
1543 1686 2147 1767 omncm'exactionem

558 1786 836 1854 pertinere
863 1785 1066 1853 absque
1104 1782 1342 1852 qualibet
1356 1782 1408 1836 in
1430 1789 1585 1851 parte
1608 1780 1810 1850 aliquid
1831 1779 2147 1833 redhibitio-

559 1880 644 1933 nis
681 1879 921 1935 debitum
960 1878 1106 1933 salvo
1146 1892 1245 1932 suo
1270 1875 1393 1945 jure
1435 1875 1491 1929 in
1539 1875 1809 1945 integrum
1852 1872 2146 1938 territorio,

558 1972 651 2026 ubi
678 1972 907 2027 Hostilia
954 1979 1335 2047 nuncupatur,
1369 1968 1523 2039 cujus
1568 1968 1703 2022 ﬁnes
1749 1976 1876 2023 sunt
1928 1982 1959 2021 a
2001 1966 2150 2023 Pado

558 2079 731 2136 usque
751 2066 806 2121 in
833 2064 1007 2135 Caput
1042 2064 1328 2129 Turnioui,
1356 2071 1411 2117 et
1450 2078 1482 2117 a
1526 2061 1693 2116 Fossa
1765 2061 1935 2115 Lubia
1980 2075 2150 2129 usque

560 2161 629 2215 ad
656 2159 882 2215 Fossam
909 2157 1134 2229 Regiam
1159 2166 1215 2212 et
1242 2156 1554 2211 Pollicinem
1570 2154 1724 2223 juxta
1760 2153 2008 2208 Castrum
2038 2153 2148 2207 Re-

557 2250 694 2304 veri.
719 2250 951 2320 Ideoque
978 2249 1045 2303 ad
1066 2247 1351 2318 priefatum
1383 2255 1631 2302 sanctum
1670 2261 1735 2301 ac
1778 2243 2150 2299 venerabilem

561 2343 661 2397 hos
699 2348 900 2397 nostrte
937 2342 1274 2396 auctoritatis
1323 2340 1502 2411 apices
1560 2339 1677 2395 fieri
1716 2338 1999 2409 jussimus,
2054 2352 2151 2406 per

559 2449 696 2504 quos
723 2434 927 2502 absque
956 2432 1196 2503 qualibet
1226 2431 1600 2503 inquietudine
1636 2431 1704 2485 ab
1738 2430 1866 2485 hinc
1909 2428 1963 2483 in
2006 2426 2151 2482 futu-

560 2542 683 2583 rum
712 2534 901 2581 nostra
932 2526 1258 2581 auctoritate
1281 2532 1482 2589 teneat,
1500 2524 1753 2594 justeque
1779 2519 2005 2575 fruendo
2023 2534 2162 2591 p085

561 2619 758 2674 sideat.
786 2619 1013 2691 Insuper
1039 2618 1223 2674 retulit
1248 2618 1404 2674 nobis
1438 2617 1699 2672 Rataldus
1731 2615 2036 2685 episcopus,
2063 2612 2150 2668 cui

560 2709 844 2781 praefatum
867 2711 1256 2768 monasterium
1284 2718 1471 2765 nostra
1500 2708 1823 2763 auctoritate
1864 2705 1929 2759 ad
1969 2719 2153 2775 regen-

563 2804 691 2860 dum
722 2806 1075 2860 commissum
1101 2796 1253 2870 erat,
1270 2818 1335 2859 eo
1361 2804 1504 2874 quod
1549 2801 1795 2857 Goradus
1836 2813 2018 2854 comes
2054 2797 2151 2851 ali-

570 2914 708 2969 quas
745 2899 794 2953 ei
834 2897 1029 2954 inferat
1081 2906 1272 2953 contra
1324 2896 1666 2953 causationes
1716 2895 1783 2949 de
1828 2892 2152 2962 quibusdam

563 2992 728 3047 rebus
757 2999 813 3047 et
840 2990 1142 3060 mancipiis,
1184 3004 1303 3059 qum
1353 2988 1481 3045 olim
1524 2986 1893 3058 przedecessor
1936 2980 2152 3053 praefati

562 3082 762 3140 Goradi
815 3082 1078 3138 Vulvinus
1123 3081 1342 3137 nomine
1396 3094 1521 3135 cum
1579 3078 1832 3150 episcopo
1881 3074 2151 3129 Brixianie

564 3177 819 3234 Ecclesiae
839 3176 1171 3232 Chuuibcrto
1196 3175 1414 3231 nomine
1440 3179 1886 3241 commutaverat,
1913 3178 1969 3226 et
1985 3186 2015 3225 e
2030 3184 2159 3224 con-

566 3278 651 3325 tra
691 3269 794 3325 sibi
841 3269 1097 3338 placitam
1152 3252 1976 3336 acceperatcommutationem.
2025 3260 2157 3329 Quae

566 3364 694 3417 dum
722 3361 876 3414 utilia
910 3369 1034 3429 post
1056 3359 1261 3429 aliquot
1287 3359 1404 3414 dies
1440 3359 1581 3414 idem
1625 3357 1886 3412 Rataldus
1931 3371 2158 3411 venera-

565 3452 693 3508 bilis
729 3451 1017 3522 episcopus
1037 3450 1275 3520 praefatae
1314 3452 1484 3504 sancti
1511 3451 1744 3505 Zenonis
1764 3450 2019 3504 Ecclesiae
2039 3463 2158 3504 esse

567 3543 930 3615 cognovisset,
958 3542 1101 3596 datis
1128 3541 1181 3596 in
1212 3541 1713 3610 recompensatione
1734 3541 1876 3610 parti
1904 3540 2158 3609 predictze

568 3636 830 3691 Brexanm
856 3634 1115 3691 Ecclesia:
1138 3632 1562 3703 congruentibus
1588 3633 1747 3687 rebus
1779 3640 1834 3686 et
1875 3632 2160 3702 mancipiis

569 3745 599 3783 a
626 3729 788 3785 Petro
826 3728 1101 3800 quondam
1137 3724 1379 3796 ejusdem
1418 3724 1676 3781 Ecclesia:
1725 3725 1977 3796 episcopo
2014 3740 2161 3780 com-

570 3826 887 3881 mutationis
922 3827 1112 3882 ordine
1137 3826 1278 3897 parti
1321 3824 1725 3896 przenomiuatie
1774 3824 1949 3880 sancti
1995 3824 2161 3879 Zeno-

569 3919 655 3973 nis
682 3918 937 3973 Ecclesize
964 3906 1291 3987 conquisivit
1314 3916 1381 3971 ad
1410 3915 1739 3970 habendum.
1766 3912 1873 3969 Sed
1908 3913 2035 3983 quia
2076 3928 2161 3968 re-

570 4009 671 4079 gize
701 4008 987 4079 potestatis
1024 4007 1221 4062 missus
1242 4007 1382 4061 inter
1403 4007 1504 4061 has
1553 4004 1801 4060 defuerat
1855 4014 2159 4060 commuta-

572 4102 769 4165 tiones,
822 4115 923 4171 pro
968 4099 1275 4169 hujusmodi
1316 4097 1694 4154 occasionibus
1734 4096 2053 4163 adimendis,
2094 4112 2163 4152 ne

570 4191 691 4246 ideo
717 4192 784 4245 ab
810 4190 998 4246 eadem
1024 4189 1263 4244 Ecclesia
1286 4188 1623 4254 auferantur,
1647 4188 2165 4260 quoniamlegaliter

571 4288 777 4357 absque
811 4285 963 4357 regio
986 4284 1156 4340 misso
1192 4299 1300 4338 non
1336 4291 1588 4354 poterant
1633 4283 1978 4347 commutari,
2022 4283 2163 4338 hanc

570 4390 811 4435 nostram
837 4378 1211 4433 auctoritatem
1242 4390 1405 4445 super
1423 4373 1675 4444 praefatas
1713 4374 2163 4431 commutationes

572 4471 772 4526 addere
803 4460 982 4534 libuit,
1009 4484 1107 4538 per
1136 4484 1271 4538 quas
1291 4466 1562 4535 jubemus,
1586 4476 1639 4521 et
1666 4484 1981 4523 mansurum
2036 4484 2159 4523 san-

572 4564 769 4627 cimus,
796 4569 856 4615 ut
884 4560 1062 4615 nullus
1092 4560 1328 4615 fidelium
1355 4568 1553 4613 sanctae
1601 4559 1695 4613 Dei
1743 4560 2019 4627 Ecclesiae,
2066 4576 2164 4615 uo-

572 4660 916 4725 strorumque
940 4650 1008 4703 ab
1046 4649 1173 4703 hinc
1217 4648 1273 4703 in
1327 4656 1485 4702 antea
1537 4646 1661 4702 inde
1721 4649 1959 4718 aliquam
2021 4654 2165 4719 parti

575 4759 717 4814 saepe
739 4742 871 4798 dicti
894 4740 1079 4796 Sancti
1098 4739 1331 4795 Zenonis
1376 4738 1580 4794 inferre
1605 4750 1898 4810 praesumat
1948 4751 2166 4797 contra-

576 4835 823 4891 rietatem
874 4835 968 4891 sed
1020 4833 1183 4889 liceat
1206 4833 1276 4898 ei,
1306 4840 1368 4887 ut
1397 4832 1545 4902 justo
1591 4834 1808 4888 tramite
1855 4834 2162 4904 acquisivit,

576 4929 757 4997 quiete
803 4926 1110 4984 rectoribus
1151 4924 1320 4996 ipsius
1378 4924 1637 4979 Ecclesia:
1694 4925 1949 4981 ordinare
2003 4935 2166 4996 atque

577 5020 861 5089 disponere
888 5019 1148 5091 quidquid
1176 5018 1381 5073 utilitas
1423 5019 1696 5087 praedicta:
1733 5019 2019 5074 dictaverit
2066 5019 2168 5075 Ec-

576 5109 776 5166 clesiae.
805 5108 863 5164 Si
900 5126 1052 5175 vero,
1080 5107 1224 5180 quod
1268 5106 1508 5162 futurum
1557 5124 1665 5163 non
1719 5109 2011 5173 credimus,
2069 5108 2167 5163 ali-

578 5200 699 5272 quis
725 5198 855 5266 dux,
878 5216 1080 5267 comes,
1107 5209 1200 5255 aut
1230 5200 1520 5271 cujuslibet
1548 5200 2052 5265 administrationis,
2072 5209 2167 5255 aut

577 5290 787 5363 privata
820 5306 1049 5360 persona
1097 5302 1286 5349 contra
1330 5294 1510 5348 omnia
1574 5292 1942 5363 suprascripta
1990 5292 2167 5346 moliri

580 5384 786 5456 aliquid
825 5386 1246 5454 praesumpserit,
1298 5400 1392 5440 seu
1431 5384 1737 5455 infrangere
1784 5384 1869 5438 vel
1922 5398 2166 5437 corrum-

578 5491 710 5549 pere
759 5492 827 5532 ex
872 5483 1045 5545 parte,
1102 5485 1195 5529 aut
1248 5491 1313 5531 ex
1374 5483 1487 5530 toto
1542 5475 1855 5540 tentaverit,
1911 5474 2046 5530 sciat
2109 5488 2167 5529 se

583 5568 1006 5637 compositurum
1040 5567 1185 5620 mille
1217 5583 1499 5622 mancosos
1547 5567 1664 5621 auri
1717 5566 1925 5637 oiiryzi,
1973 5566 2168 5619 medie-

585 5667 752 5713 tatem
794 5662 1035 5714 'camcrie
1096 5671 1317 5722 nostrae,
1369 5671 1424 5714 ct
1478 5659 1823 5714 medietatem
1866 5657 1982 5728 jam
2021 5657 2165 5713 dicto

590 5752 944 5820 monasterio,
969 5754 1078 5807 etc.
1196 5736 1209 5746 ’

2239 494 2504 550 Hermenf
2502 496 2613 551 redi
2651 496 2866 567 scripsi.

2311 586 2444 641 Data
2471 602 2603 641 xvm
2628 586 2896 642 Kalendas
2917 587 3249 654 Februarii,
3283 603 3446 653 anno,
3477 590 3665 647 Christo
3684 610 3789 665 pro»

2240 678 2396 749 pitio,
2423 677 2634 748 imperii
2658 678 2841 733 domui
2881 678 3159 734 Ludovici
3191 681 3523 737 serenissimi
3553 683 3770 755 imperato-

2243 768 2320 822 ris
2343 767 2413 822 20
2437 776 2492 823 et
2515 767 2759 823 Lotharii
2811 769 2899 836 li,
2924 770 3239 826 indictione
3276 772 3365 826 Il.
3412 773 3594 828 Actum
3613 776 3769 834 Mantua

2242 860 2443 933 palatio
2464 862 2613 932 regio
2641 862 2697 917 in
2726 861 2824 918 Dei
2849 864 3077 919 nomine
3101 862 3363 922 feliciter.
3396 865 3579 923 Amen.

2884 955 3210 1012 CLXXXV.

2246 1062 2347 1105 PRO
2375 1062 2714 1105 IONAS’I‘ERIO
2735 1063 3245 1107 SANCTIIONIALIUI
3268 1067 3592 1110 TICINENSIUI
3617 1072 3765 1115 DOMSI.

2520 1185 2525 1190 .
2820 1180 2823 1185 μ
2857 1139 3037 1214 (Anno
3080 1142 3242 1217 855.)

2481 1230 2657 1303 [Apud
2685 1231 2965 1298 Muratori,
2998 1233 3168 1300 ibid.,
3209 1243 3249 1291 t.
3278 1237 3343 1303 ν,
3369 1253 3423 1309 p.
3454 1237 3593 1311 551.]

2317 1321 2376 1376 In
2402 1324 2622 1378 nomine
2643 1324 2857 1379 Domini
2900 1326 3083 1381 nostri
3114 1324 3248 1381 Iesu
3284 1326 3482 1384 Christi
3507 1331 3590 1384 Dei
3613 1335 3766 1400 etei-ni,

2247 1412 2536 1469 Lotbarius
2562 1414 2837 1487 Augustus
2887 1416 3247 1472 invictissimi
3285 1418 3464 1474 domui
3495 1420 3764 1492 imperatore

2249 1503 2508 1560 Ludovici
2530 1504 2691 1561 (ilius.

2320 1594 2455 1649 Cum
2480 1596 2833 1666 petitionibus
2856 1612 3151 1679 servorum
3168 1608 3226 1655 et
3240 1601 3546 1657 ancillarum
3566 1603 3764 1673 Deijustis

2251 1693 2306 1742 et
2344 1686 2701 1743 rationalibus
2729 1689 2896 1745 divini
2935 1691 3127 1748 cultus
3154 1708 3346 1749 amore
3374 1693 3611 1762 favemus,
3637 1713 3766 1767 super-

2174 1770 2222 1829 B
2250 1778 2306 1832 ni
2332 1780 2573 1834 muneris
2617 1779 2818 1834 donum
2864 1781 3023 1857 nobis
3051 1799 3085 1836 a
3128 1783 3621 1856 Domino'impertiri
3644 1787 3763 1842 mdi-

2251 1885 2391 1925 mus.
2424 1870 2630 1927 Idcirco
2656 1880 2844 1927 notum
2870 1875 2943 1928 sit
2961 1876 3217 1930 omnium
3242 1876 3442 1932 sancta:
3472 1878 3558 1932 Dei
3578 1878 3762 1933 Ecclesia

2249 1964 2597 2033 praesentium
2641 1973 2695 2019 et
2738 1964 3051 2022 futurorum
3109 1969 3370 2035 solertiae,
3430 1969 3637 2040 qualiter
3674 1972 3760 2025 Asia

2251 2056 2579 2112 venerabilis
2617 2058 2891 2115 abbatissa
2938 2076 3009 2116 ex
3046 2065 3372 2135 monasterii
3426 2062 3620 2125 Dodosi,
3662 2064 3760 2132 quod

2252 2158 2337 2205 est
2356 2151 2521 2204 situm
2548 2150 2692 2205 intra
2715 2166 2899 2208 muros
2922 2154 3171 2210 civitatis
3190 2154 3391 2225 Papia),
3421 2164 3632 2210 nostram
3652 2155 3759 2224 petiit

2252 2242 2597 2298 clementiam
2632 2244 2850 2308 obnixe,
2890 2254 2949 2299 ut
2994 2247 3254 2302 eumdem
3304 2249 3649 2302 monasterium
3688 2261 3759 2299 una

2253 2349 2376 2388 cum
2415 2333 2598 2388 omnia
2628 2335 2729 2389 sibi
2780 2337 3120 2405 pertinentia
3150 2338 3257 2393 sub
3303 2348 3482 2394 nostra
3528 2338 3757 2394 emunitatis

2253 2428 2480 2484 tuitione
2524 2444 2587 2484 ac
2625 2429 2939 2485 defensione
2982 2433 3055 2487 ob
3112 2448 3356 2488 amorem
3391 2433 3479 2487 Dei
3502 2440 3551 2487 et
3576 2445 3756 2485 reverea-

2255 2519 2387 2574 tiain
2411 2522 2582 2575 sancti
2598 2520 2699 2577 loci
2717 2521 2862 2578 illius
2878 2525 3330 2595 praeciperemus.
3346 2525 3501 2595 Cujus
3516 2524 3753 2595 petitionem

2255 2611 2485 2667 libenter
2527 2614 2921 2685 acquievimus,
2952 2624 3008 2671 et
3052 2617 3129 2671 ita
3163 2627 3222 2671 ut
3266 2618 3419 2688 petiit
3450 2617 3751 2679 concessimus,

2256 2713 2420 2774 atque
2442 2719 2540 2774 per
2566 2706 2671 2760 hoc
2699 2715 2944 2761 nostrum
2989 2708 3274 2779 imperiale
3302 2719 3598 2779 praeceptum
3618 2706 3753 2762 conﬁr-

2255 2800 2545 2855 mavimus.
2582 2800 2924 2871 Quapropter
2958 2803 3329 2873 praecipimus,
3380 2812 3435 2856 ut
3478 2801 3643 2865 nullus,
3678 2807 3748 2853 etc.

2258 2891 2365 2947 Sed
2431 2892 2591 2948 liceat
2630 2902 2945 2949 memoratae
2994 2896 3315 2961 abbatissae,
3375 2893 3749 2951 successoribusre

2257 2987 2370 3042 suis
2398 3003 2487 3043 res
2511 2989 2754 3059 praedicti
2785 2991 3105 3046 monasterii
3139 2990 3240 3047 sub
3267 2989 3590 3045 immunitatis
3623 2984 3747 3040 defea-

2260 3080 2428 3136 siouis
2450 3088 2649 3136 nostris
2669 3083 2851 3151 quiete
2876 3092 2930 3137 et
2956 3084 3156 3139 ordine
3180 3084 3469 3155 possidere,
3494 3091 3543 3136 et
3564 3073 3748 3149 quidquid

2184 3149 2228 3212 Ο
2259 3174 2455 3228 exinde
2486 3172 2647 3229 ﬁscus
2677 3149 2865 3230 noster
2905 3192 3131 3246 sperare
3176 3149 3404 3249 poterat,
3428 3184 3575 3230 totum
3592 3183 3744 3239 uospm

2258 3274 2462 3323 teter-na
2510 3270 2946 3325 remuneratione
2975 3271 3206 3341 praefato
3235 3267 3543 3326 monasterio
3571 3260 3745 3320 concedi-

2258 3374 2398 3423 mus,
2447 3368 2507 3414 ut
2546 3360 2601 3414 in
2629 3359 2882 3417 alimonia
2921 3363 3243 3418 ancillarum
3287 3362 3378 3417 Dei
3405 3359 3577 3415 ibidem
3600 3354 3741 3409 subre-

2259 3451 2381 3521 gula
2414 3453 2586 3507 sancti
2612 3451 2887 3509 Benedicti
2913 3454 3025 3509 Deo
3050 3454 3439 3517 famulantium,
3466 3458 3556 3505 etc.
3584 3446 3741 3502 Menni-

2261 3562 2391 3601 num
2442 3563 2656 3618 quoque
2691 3549 3064 3604 venerabilem
3111 3550 3357 3605 abbatem
3400 3547 3449 3600 iu
3475 3542 3628 3599 eodem
3662 3537 3737 3590 Ιοοο

2260 3638 2643 3695 constituimus
2708 3639 3096 3711 inspectorem,
3150 3648 3410 3710 quatenus
3464 3632 3619 3688 diebus
3660 3625 3739 3678 vita

2262 3744 2371 3785 sum
2402 3729 2581 3785 studio
2607 3729 2662 3783 in
2683 3730 2935 3786 omnibus
2978 3730 3166 3802 regula
3195 3728 3270 3785 ibi
3298 3730 3590 3794 exsequatur
3620 3712 3735 3771 sancti

2261 3829 2560 3894 Benedicti,
2589 3837 2695 3885 etc.

2333 3921 2557 3990 Signum
2580 3919 2822 3975 Lotharii
2846 3919 3222 3990 gloriosissimi
3245 3914 3472 3989 Augusti.

2330 4012 2655 4069 Luithcasus
2683 4013 2752 4068 ad
2776 4012 2952 4069 vicem
2979 4011 3321 4069 Ermeufredi
3351 3998 3614 4077 recognovi.

2335 4108 2468 4162 Data
2512 4123 2580 4161 xv
2610 4106 2879 4163 Kalendas
2910 4106 3100 4174 Maias,
3133 4121 3294 4171 anno,
3324 4100 3518 4159 Christo
3549 4084 3727 4163 propin

2262 4201 2326 4256 21
2356 4201 2566 4272 imperii
2614 4201 2798 4257 domui
2825 4201 3082 4258 Ludovici
3121 4195 3437 4258 serenissimi
3464 4179 3728 4272 imperantis

2264 4271 2521 4365 regnique
2549 4294 2794 4350 Lotharii
2824 4296 3201 4368 gloriosissimi
3242 4288 3452 4364 Augusti
3476 4286 3522 4341 in
3541 4271 3727 4336 Italia“,

2265 4385 2564 4440 indictione
2594 4386 2680 4440 11.

2331 4479 2528 4534 Actum
2550 4478 2715 4550 Papia
2749 4481 2988 4547 civitate,
3027 4479 3226 4553 palatio
3251 4473 3463 4549 publico.

2893 4571 3222 4628 CLXXXVI.

2485 4681 2585 4721 PRO
2614 4682 2889 4722 MAXENTIO
2918 4682 3251 4723 PATRIARCHA
3278 4666 3580 4727 AQWLEIENSI-

2883 4757 3056 4829 (Anno
3085 4756 3229 4830 835.)

2523 4847 2698 4920 [Apud
2726 4828 3004 4914 Muratori,
3031 4849 3181 4914 ibid.,
3211 4828 3253 4901 t.
3280 4844 3339 4908 ν,
3364 4857 3412 4911 p-
3446 4828 3568 4901 977-]
3692 4904 3701 4917 ,

2338 4941 2397 4995 1η
2422 4942 2641 4995 nomine
2670 4940 2884 4996 Domini
2923 4942 3090 4995 nostri
3116 4937 3236 4994 Iesu
3268 4928 3449 4990 Christi
3474 4921 3551 4995 Dei
3573 4921 3716 5007 aeterni.

2269 5033 2559 5088 Lotbarius
2583 5032 2859 5105 Augustus
2892 5030 3227 5088 invictissimi
3260 5021 3441 5082 domini
3472 5009 3718 5105 impera")?

2270 5123 2530 5178 Ludovici
2576 5100 2737 5178 mitis.
2770 5121 2827 5178 Si
2854 5138 2981 5193 erga
3007 5122 3122 5178 loca
3145 5117 3329 5175 divinis
3366 5107 3558 5167 cultibus
3576 5100 3713 5193 magno:

2269 5222 2396 5286 In“a
2426 5225 2649 5286 ῐινοριθι·
2692 5182 2947 5270 amorem"
2962 5214 3078 5281 Dei,
3116 5211 3327 5282 ejusque
3356 5205 3402 5258 in
3429 5195 3591 5253 eisdem
3627 5182 3714 5286 101:“

2271 5279 2660 5362 famulantibus
2707 5307 2969 5362 beneﬁcia
3042 5279 3325 5377 opportuna
3366 5279 3709 5377 largimur.l"':

2272 5400 2439 5453 mium
2468 5401 2625 5454 nobis
2664 5401 2803 5470 apud
2832 5368 3126 5454 Dominum.
3146 5404 3341 5451 internae
3372 5368 3711 5470 remuneratur:s

2273 5490 2493 5560 rependi
2546 5508 2653 5546 non
2689 5454 2996 5547 difﬁdimus.
3041 5492 3208 5563 Igitur
3232 5491 3417 5541 notum
3439 5473 3497 5527 sit
3533 5454 3706 5563 οηπξξῗξξ

2274 5542 2522 5637 fidelibus
2542 5592 2742 5637 sanctae
2761 5584 2852 5637 Dei
2878 5542 3127 5639 Ecclesia:
3152 5588 3201 5634 et
3226 5570 3426 5631 nostris,
3451 5542 3708 5631 Primnum?

2273 5674 2481 5731 scilicet
2501 5685 2554 5729 et
2574 5674 2805 5753 futuris,
2835 5676 2960 5744 quia
3003 5678 3185 5731 adiens
3210 5638 3701 5753 serenitatfmIH‘f-ﬂ

2273 5721 2481 5731 ---ηυν-
2504 5721 2553 5729 --
2591 5721 2805 5741 -ν-.----,
2838 5721 2960 5744 νη-
3003 5721 3184 5731 μη-.--
3211 5721 3256 5725 _-
3579 5733 3588 5744 ,

2194 5764 2199 5771 ’
2272 5764 2363 5827 vir
2392 5748 2715 5824 venerabilis
2754 5767 3054 5827 Maxentius
3076 5755 3404 5839 Aquileiensis
3431 5721 3703 5806 ΕεεΙθειεΡθ

2185 4524 2238 4583 1)
