4050 6340
185 369 324 428 12H

1293 350 1689 414 DIPLOMATA
1730 350 2287 410 ECCLESIASTICA.
2342 324 2347 329 ’

3321 356 3466 414 1242

186 487 432 549 triercha
455 496 503 548 α,
533 497 654 551 quae
684 485 994 537 estsanctae
1040 477 1134 532 Dei
1162 476 1443 548 genitricis
1486 475 1689 539 Marize,
1723 481 1776 527 ct
1805 475 1857 531 Α
1884 480 1994 527 tam
2026 475 2290 544 ingenuos
2328 487 2492 544 quam
2529 485 2715 528 εει-νος,
2761 486 2925 542 super
2968 482 3169 529 “nam
3223 473 3465 545 ejusdem

185 580 363 637 sancti
414 576 573 653 Petri
619 573 879 646 principis
935 570 1319 641 apostolorum,
1376 583 1471 623 seu
1518 576 1573 623 et
1601 564 1775 621 sancti

185 670 354 730 Marci
382 675 715 730 constructa,
735 664 1089 721 detulitnobis
1104 661 1363 732 quasdam
1386 660 1776 729 prmceptiones

186 762 577 820 auctoritatum
634 757 819 813 domni
866 764 917 811 et
975 754 1235 826 genitoris
1290 752 1464 807 nostri
1514 748 1774 805 Ludovici

183 850 623 926 praestantissimi
652 845 1015 918 imperatoris,
1063 845 1118 898 in
1161 843 1358 914 quibus
1395 842 1777 897 continebatur

184 960 254 1001 eo
280 944 424 1015 quod
447 943 602 997 bona:
623 937 899 994 memoriae
923 935 1151 991 Carolus
1177 935 1456 1005 piissimus
1480 932 1773 1003 Augustus,

186 1037 440 1105 idemque
463 1034 693 1088 domnus
714 1037 769 1084 et
809 1029 1023 1100 genitor
1049 1036 1256 1090 noster,
1278 1026 1559 1098 praefatam
1589 1023 1777 1079 Eccle-

186 1131 323 1186 siam
358 1143 481 1183 cum
529 1123 755 1185 cellulis,
802 1130 855 1176 et
902 1120 1062 1175 rebus
1098 1120 1199 1174 sibi
1250 1117 1527 1187 subjectis,
1568 1117 1667 1172 sub
1697 1116 1778 1169 in-

186 1220 471 1277 munitatis
518 1233 628 1273 sua:
679 1214 997 1272 defensione
1047 1197 1348 1267 consistere
1402 1208 1680 1273 fecissent,
1723 1214 1779 1262 et

186 1314 332 1385 quod
360 1312 631 1368 licentiam
680 1309 956 1363 dedissent
997 1303 1238 1376 ejusdem
1276 1302 1512 1358 civitatis
1539 1301 1686 1356 clero
1724 1308 1778 1355 et

184 1406 383 1480 populo
415 1405 710 1459 secundum
740 1398 1062 1455 canonicam
1091 1394 1490 1451 institutionem
1515 1392 1581 1447 de
1602 1391 1778 1461 ponti-

188 1499 293 1554 ﬁce
328 1497 431 1553 sibi
474 1494 723 1566 eligendo
749 1502 805 1547 et
834 1493 888 1546 in
931 1489 1156 1561 praefata
1198 1487 1324 1543 sede
1370 1485 1772 1541 substituendo.

187 1590 582 1648 Continebatur
628 1588 793 1643 etiam
840 1586 894 1639 in
936 1584 1139 1639 eisdem
1185 1584 1251 1663 ab
1287 1583 1367 1637 eis
1396 1582 1684 1643 sancitum,
1717 1586 1779 1633 ut

187 1700 291 1741 nec
316 1683 563 1739 homines
586 1678 828 1749 ejusdem
862 1676 1121 1732 Ecclesiae
1160 1676 1226 1730 de
1249 1689 1462 1728 annona
1485 1680 1540 1728 et
1562 1670 1777 1743 peculio

187 1764 289 1836 suo
327 1776 591 1832 decimam
632 1772 689 1826 in
710 1780 920 1842 partem
944 1769 1062 1824 ﬁsci
1098 1768 1312 1831 darent,
1339 1781 1442 1820 nec
1467 1765 1534 1820 de
1560 1762 1772 1835 peculio

188 1872 356 1942 ipsius
383 1866 659 1931 Ecclesiae,
692 1865 836 1935 quod
861 1864 928 1918 ad
968 1871 1155 1933 partes
1177 1860 1460 1916 lstrienses
1482 1859 1535 1912 in
1556 1857 1771 1927 pascuis

186 1964 565 2025 mittebantur,
592 1959 759 2014 ullum
796 1957 1068 2013 solverent
1095 1956 1462 2018 herbaticum;
1496 1961 1551 2008 et
1575 1951 1720 2021 quod
1740 1968 1773 2005 a

186 2055 421 2128 pmfatze
450 2054 708 2110 Ecclesiae
751 2052 1064 2107 hominibus
1117 2049 1543 2105 mansionaticus
1573 2047 1655 2102 vel
1686 2046 1772 2102 fo-

188 2152 351 2207 dorus
401 2148 710 2224 nullatenus
756 2148 1095 2216 acciperetur
1147 2145 1232 2200 vel
1274 2145 1607 2215 exigeretur,
1667 2142 1772 2197 nisi

187 2241 402 2313 quando
455 2256 668 2306 eorum,
711 2247 805 2295 aut
830 2238 926 2293 ﬁlii
971 2239 1078 2304 sui,
1124 2240 1389 2294 adventus
1429 2236 1495 2290 ad
1527 2234 1772 2290 eamdem

188 2334 345 2390 ﬁeret
368 2334 664 2399 civitatem,
691 2333 777 2388 vel
806 2332 1023 2402 quando
1050 2330 1363 2402 praesidium
1409 2328 1520 2383 illic
1550 2335 1774 2397 propter

187 2426 531 2483 inimicorum
552 2424 776 2480 insidias
791 2424 1053 2478 arcendas
1074 2428 1388 2492 poneretur.
1413 2419 1518 2474 Pro
1542 2418 1772 2473 ﬁrmita-

189 2521 263 2575 tis
299 2534 531 2589 namque
562 2519 740 2574 studio
767 2517 1059 2588 postulavit
1083 2516 1240 2571 nobis
1270 2516 1410 2570 idem
1444 2512 1774 2569 venerabilis

189 2613 523 2686 patriarcha,
571 2619 630 2667 ut
678 2627 883 2667 morem
927 2609 1390 2680 praedecessorum
1459 2613 1771 2676 sequentes,

190 2716 430 2764 nostram
481 2706 646 2761 etiam
691 2703 1073 2759 auctoritatem
1121 2702 1265 2757 circa
1297 2701 1474 2771 ipsum
1526 2705 1774 2753 sanctum

190 2800 365 2856 locum
387 2798 504 2853 ﬁeri
526 2798 963 2853 decerneremus.
989 2793 1157 2863 Cujus
1178 2792 1419 2864 petitioni
1442 2791 1512 2847 ob
1532 2805 1773 2845 amorem

191 2894 286 2948 Dei
307 2901 362 2949 et
392 2894 588 2947 animae
624 2898 824 2946 nostrae
859 2889 1088 2944 salutem
1132 2887 1366 2942 libenter
1388 2885 1698 2949 annuimus,
1721 2890 1776 2938 et

189 2985 292 3041 hoc
332 2992 533 3040 nostrze
581 2980 923 3037 auctoritatis
981 2986 1309 3049 praeceptum
1373 2977 1516 3031 circa
1596 2976 1773 3046 ipsum

191 3087 437 3147 sanctum
466 3076 646 3131 locum
685 3072 805 3128 ﬁeri
831 3073 1161 3128 censuimus.
1194 3070 1299 3125 Per
1324 3070 1468 3140 quod
1496 3068 1776 3124 constitui—

190 3184 310 3225 mus
338 3176 501 3238 atque
529 3166 843 3236 perenniter
868 3164 1082 3219 ﬁrmum
1128 3162 1243 3218 fore
1272 3163 1539 3226 volumus,
1577 3168 1638 3215 ut
1665 3175 1772 3214 me-
1800 3196 1845 3259 C

191 3270 413 3318 moratae
434 3259 673 3316 civitatis
700 3258 877 3313 clerus
899 3266 954 3311 et
974 3256 1203 3327 populus
1233 3254 1507 3310 licentiam
1536 3252 1775 3307 habeant

192 3353 483 3411 secundum
510 3351 906 3407 institutionem
927 3348 1243 3402 canonicam
1266 3344 1501 3416 eligendi
1525 3344 1627 3399 sibi
1648 3358 1776 3412 pon-

194 3447 410 3502 tiﬁcem.
440 3443 792 3512 Przecipimus
821 3440 985 3496 etiam
1029 3446 1191 3509 atque
1221 3439 1495 3509 jubemus,
1522 3446 1581 3490 ut
1616 3451 1775 3490 nemo

191 3540 430 3596 ﬁdelium
454 3547 789 3601 nostrorum,
812 3535 899 3590 vel
919 3533 1176 3606 quislibet
1198 3542 1441 3598 exactor,
1468 3542 1561 3586 aut
1581 3531 1777 3601 aliquis

190 3650 256 3691 ex
287 3632 575 3702 judiciaria
600 3636 890 3701 potestate,
921 3642 1022 3682 nec
1050 3627 1115 3683 de
1149 3625 1364 3696 peculio
1399 3623 1640 3693 prmfatze
1675 3623 1777 3677 Ec-

191 3724 368 3782 clesiae
399 3723 760 3786 herbaticum,
789 3735 888 3774 nec
918 3719 984 3774 de
1016 3732 1246 3773 annona
1282 3724 1335 3771 et
1362 3715 1573 3785 peculio
1601 3714 1776 3770 homi-

191 3832 321 3872 num
348 3814 520 3886 ipsius
543 3812 795 3867 Ecclesiaa
823 3811 1110 3874 decimam,
1144 3822 1245 3862 nec
1266 3807 1334 3861 ab
1354 3806 1435 3861 eis
1466 3805 1776 3859 mansiona-

195 3914 333 3968 ticus
384 3919 479 3965 aut
532 3908 753 3964 fodorus
810 3907 1025 3978 penitus
1078 3905 1347 3974 accipere,
1412 3902 1497 3958 vel
1561 3902 1777 3971 exigere

188 4004 539 4077 praesumant,
597 4000 701 4054 nisi
732 3997 872 4053 forte
912 3996 1129 4067 quando
1171 4002 1377 4058 noster,
1419 3999 1513 4045 aut
1548 3991 1776 4062 alicujus

192 4099 289 4155 ﬁlii
338 4096 532 4161 nostri,
586 4094 695 4149 illic
743 4092 908 4147 fuerit
956 4090 1243 4153 adventus,
1296 4086 1378 4140 vel
1409 4085 1627 4155 quando
1666 4082 1778 4138 illic

189 4191 500 4265 praesidium
539 4186 774 4259 positum
803 4184 970 4238 fuerit
1004 4183 1070 4238 ad
1097 4180 1441 4237 inimicorum
1475 4176 1778 4233 infestatio—

194 4301 319 4341 nem
342 4282 765 4354 pr0pel|endam.
801 4277 907 4333 Sed
937 4284 993 4333 et
1034 4275 1215 4331 nullus
1243 4272 1471 4344 quilibet
1498 4286 1565 4326 ex
1608 4268 1782 4325 ﬁdeli-

192 4376 296 4433 bus
336 4375 556 4439 nostris,
589 4372 675 4428 vel
708 4370 875 4441 judex
901 4368 1152 4439 publicus
1182 4367 1236 4421 in
1280 4362 1613 4421 monasteria
1642 4375 1783 4431 prae—

190 4470 321 4525 fatae
350 4466 602 4523 Ecclesia:
642 4463 904 4533 subjecta,
952 4475 1007 4517 et
1051 4460 1386 4517 xenodochia
1427 4466 1482 4513 et
1522 4456 1781 4512 ecclesias

156 4560 555 4634 ,parochiales,
587 4574 652 4613 ac
696 4558 879 4613 titulos
924 4571 1133 4620 earum,
1184 4553 1269 4609 vel
1300 4562 1620 4608 caeterorum
1650 4564 1779 4618 pos-
1804 4553 1857 4613 Ι)
1885 4539 2053 4596 abbas
2075 4552 2140 4590 ex
2173 4528 2505 4587 monasterio
2530 4524 2718 4634 sancti

191 4655 485 4718 sessiones,
525 4666 661 4722 quas
693 4648 955 4705 moderno
989 4646 1134 4715 juste
1178 4652 1234 4699 et
1280 4640 1678 4697 rationabiliter
1720 4639 1775 4692 in

152 4738 524 4821 'quibuslibet
556 4744 709 4815 pagis
748 4750 803 4797 et
844 4738 1135 4796 territoriis
1176 4736 1314 4790 infra
1371 4734 1631 4788 ditionem
1673 4730 1777 4784 lm-

188 4844 335 4917 perii
369 4841 541 4897 nostri
587 4844 884 4893 memorata
933 4839 1080 4887 tenet
1109 4830 1193 4884 vel
1235 4827 1479 4899 possidet
1507 4822 1773 4888 Ecclesia,

192 4915 307 4992 tam
337 4951 406 4990 ex
434 4946 658 4987 munere
682 4942 866 4998 regum
893 4924 977 4980 vel
998 4924 1192 4978 ducum
1219 4934 1494 4990 quamque
1521 4933 1588 4972 ex
1614 4915 1780 4971 colla-

188 5010 344 5091 tione
374 5038 694 5087 caeterorum
740 5020 998 5084 ﬁdelium,
1031 5032 1133 5073 nec
1160 5032 1264 5070 non
1304 5025 1359 5068 et
1396 5029 1463 5068 ex
1492 5011 1780 5067 oblationi-

188 5132 319 5194 bus,
368 5120 751 5193 emptionibus,
786 5124 839 5171 et
883 5109 1415 5174 commutationibus,
1452 5107 1537 5163 vel
1582 5107 1635 5161 in
1685 5121 1778 5161 eas

189 5237 286 5280 res
308 5234 445 5291 quas
485 5214 737 5279 deinceps
765 5224 817 5279 ac
837 5205 1121 5263 catholicis
1151 5204 1284 5258 viris
1314 5201 1521 5256 collata:
1575 5200 1778 5254 fuerint

188 5312 475 5374 Ecclesiae,
504 5304 572 5360 ad
607 5316 799 5359 causas
825 5298 1140 5359 audiendas,
1168 5295 1250 5348 vel
1281 5292 1430 5349 frcda
1460 5299 1555 5346 aut
1576 5292 1778 5344 tributa

190 5407 484 5479 exigenda,
534 5406 629 5455 aut
661 5394 968 5452 mansiones
998 5390 1080 5444 vel
1110 5396 1328 5459 paratas
1358 5384 1651 5447 faciendas,
1686 5390 1780 5436 aut

188 5476 544 5575 ﬁdejussores
571 5491 853 5556 tollendos,
887 5501 986 5541 nec
1029 5483 1278 5539 homines
1314 5479 1485 5551 ipsius
1518 5476 1778 5533 Ecclesia:

269 5684 298 5713 ι
328 5667 602 5726 Habemus
625 5661 715 5716 hic
731 5652 1059 5726 Maxentium
1083 5646 1450 5719 patriarcbam
1471 5643 1779 5726 Aquileien:

189 5713 931 5805 semleniret—Sgiivprivilcgio
955 5713 1211 5805 donatum
1237 5738 1247 5773 :
1274 5733 1442 5805 quare
1470 5713 1588 5805 usn‘i
1613 5713 1776 5768 alicui

191 5786 737 5875 monumentarii
762 5786 883 5853 abch
906 5797 993 5875 ad
1016 5786 1402 5875 restituendam
1436 5797 1529 5872 aut
1559 5786 1805 5875 ﬁrj‘na‘nr

196 5855 768 5951 Ea'éxmc‘iiiéiikdbgiam
793 5868 1082 5946 praesulatu
1127 5862 1571 5937 Aquileiensium.
1622 5855 1771 5914 Sole.

1878 574 2283 621 commanentcs
2321 560 2744 636 distringendos,
2769 578 2872 620 nec
2892 564 3027 621 ullas
3049 566 3465 635 redhibitiones,

1878 664 1973 710 aut
2022 656 2241 711 illicitas
2283 658 2601 712 occasiones
2653 657 3181 726 requirendaspullo
3225 674 3468 729 unquam

1877 749 2347 819 temporeingredi
2380 749 2598 813 audeat,
2621 748 2706 803 vel
2730 764 2791 803 ea
2823 764 2945 819 quae
2973 764 3134 819 supra
3163 759 3466 807 memorata

1878 848 2022 903 sunt,
2054 840 2271 909 penitus
2302 840 2520 911 exigere
2563 848 2876 910 prmsumat.
2919 838 3025 895 Sed
3057 840 3220 896 liceat
3238 843 3467 913 pr:efato

1876 931 2141 1003 pontiﬁci,
2168 933 2389 1002 suisque
2428 931 2839 987 successoribus
2868 946 2957 987 res
2983 918 3257 1001 praedictae
3282 933 3469 991 Eccle-

1878 1026 1973 1081 siae
2016 1025 2116 1079 sub
2160 1024 2517 1080 immunitatis
2558 1033 2759 1080 nostrae
2804 1024 3038 1079 tuitione
3064 1024 3250 1095 quieto
3278 1026 3470 1083 ordine

1877 1110 2177 1189 possidere,
2211 1126 2265 1172 et
2290 1112 2478 1172 nostro
2522 1116 2756 1173 ﬁdeliter
2795 1131 2990 1186 parere
3026 1116 3277 1186 imperio,
3307 1124 3470 1187 atque

1876 1224 1975 1280 pro
2005 1208 2376 1263 incolumitate
2405 1215 2616 1271 nostra,
2644 1204 2910 1277 conjugis,
2934 1220 2999 1259 ac
3038 1204 3228 1274 prolis,
3266 1204 3350 1259 vel
3390 1214 3469 1260 to-

1880 1301 1986 1357 tius
2021 1301 2234 1371 imperii
2278 1317 2309 1355 a
2352 1300 2462 1355 Deo
2497 1300 2656 1354 nobis
2682 1297 2884 1363 collati,
2917 1306 3080 1368 atque
3110 1313 3208 1367 per
3243 1299 3472 1353 immen-

1878 1409 1995 1448 sum
2019 1393 2374 1448 conservandi
2403 1391 2697 1448 stabilitate
2728 1407 2834 1445 una
2858 1407 2981 1447 cum
3012 1390 3160 1445 clero
3190 1398 3244 1445 et
3267 1390 3468 1461 populo

1878 1484 1978 1540 sibi
2016 1485 2279 1556 subjecto,
2309 1485 2403 1540 Dei
2441 1483 2874 1539 misericordiam
2906 1481 3111 1551 iugiter
3136 1498 3383 1544 exorare,
3415 1490 3472 1539 et

1878 1576 2139 1645 quidquid
2166 1577 2232 1630 de
2278 1577 2442 1631 rebus
2475 1574 2715 1646 pratfatae
2756 1574 3014 1629 Ecclesiae
3043 1573 3209 1630 ﬁscus
3251 1576 3471 1645 exigere

1875 1676 2111 1738 poterat,
2157 1667 2209 1721 in
2255 1667 2524 1739 integrum
2552 1667 2827 1737 praedictae
2878 1666 3247 1721 concessimus
3284 1665 3472 1720 Eccle-

1879 1760 1972 1815 siae
1999 1778 2013 1826 ;
2060 1768 2121 1815 ut
2150 1760 2354 1816 nostris
2389 1758 2695 1828 futurisque
2728 1758 3063 1828 temporibus
3089 1758 3143 1812 in
3174 1757 3365 1812 eodem
3392 1757 3473 1811 lo-

1876 1867 1940 1907 co
1964 1852 2165 1906 ibidem
2200 1850 2310 1910 Deo
2354 1848 2767 1925 famulantibus,
2808 1849 2876 1903 ad
2902 1846 2999 1902 Dei
3028 1846 3309 1901 servitium
3340 1861 3470 1915 per-

1876 1947 2165 2019 agendum,
2211 1955 2559 2016 augmentum
2599 1951 2654 1997 et
2696 1941 3130 2012 supplementum
3175 1940 3287 1993 ﬁat.
3319 1938 3470 1994 llanc

1874 2056 2005 2095 vero
2032 2039 2434 2103 auctoritatem,
2462 2044 2517 2089 ut
2548 2036 2847 2107 pleniorem
2873 2032 2925 2087 in
2957 2032 3054 2087 Dei
3084 2031 3300 2086 nomine
3330 2030 3471 2084 obti-

1875 2142 2002 2189 neat
2023 2135 2286 2204 vigorem,
2318 2140 2373 2185 et
2401 2146 2432 2184 a
2473 2129 2723 2184 ﬁdelibus
2765 2136 2969 2182 sanctae
2998 2123 3096 2179 Dei
3123 2122 3384 2178 Ecclesiae
3412 2128 3470 2175 et

1874 2226 2077 2281 nostris
2122 2225 2310 2279 verius
2360 2222 2671 2291 certiusque
2705 2218 2990 2282 credatur,
3040 2230 3203 2270 manu
3247 2212 3468 2285 propria

1875 2319 2060 2372 subter
2121 2315 2476 2379 ﬁrmavimus,
2534 2319 2592 2367 et
2638 2309 2823 2365 annuli
2871 2307 3045 2363 nostri
3108 2305 3469 2378 impressione

1875 2409 2079 2479 signari
2110 2408 2396 2478 jussimus.
3202 2452 3203 2455 η

1948 2476 2174 2572 Signum
2203 2497 2445 2553 Lotbarii
2486 2493 2860 2567 gloriosissimi
2895 2492 3148 2562 Augusti.
3177 2476 3183 2481 ’

1944 2592 2273 2650 Liutbardus
2302 2591 2371 2644 ad
2399 2588 2575 2643 vicem
2605 2584 2947 2640 Ermenfredi
2971 2582 3282 2653 recognovi.

1945 2687 2080 2755 Data
2108 2700 2146 2739 ιι
2180 2680 2449 2737 Kalendas
2474 2675 2811 2741 Decembris,
2843 2689 3004 2738 anno,
3042 2671 3259 2745 Christo
3287 2669 3470 2740 propi-

1877 2779 1974 2844 tio,
2009 2775 2219 2847 imperii
2250 2772 2431 2827 domni
2467 2768 2723 2824 Ludovici
2759 2765 3095 2821 serenissimi
3122 2764 3469 2834 imperatoris

1875 2868 1967 2933 20,
2000 2867 2259 2937 regnique
2290 2862 2533 2917 Lotharii
2564 2856 2943 2931 gloriosissimi
2973 2855 3204 2927 Augusti
3229 2854 3281 2908 in
3310 2853 3467 2907 Italia

1878 2965 1965 3027 15,
1990 2961 2285 3015 indictione
2314 2958 2401 3011 Η.
3182 3006 3185 3009 ,

1945 3054 2139 3108 Actum
2174 3050 2338 3120 Papia
2367 3048 2612 3112 civitate,
2648 3042 2850 3116 palatio
2892 3039 3133 3114 publico,
3165 3038 3221 3095 in
3251 3037 3346 3093 Dei
3373 3051 3471 3092 no-

1877 3148 2024 3203 mine
2050 3145 2299 3200 feliciter.
2339 3143 2534 3197 Amen.
2626 3192 2631 3195 .

1902 3312 1907 3319 ,
2454 3231 2851 3292 λοιχχχγη.
3472 3288 3475 3293 ι

1878 3348 2210 3391 ΡΒΛΕΩΕΡΤυΜ
2238 3345 2484 3387 LUDOVICI
2514 3339 2802 3383 GERMANICI
2831 3338 2933 3377 PRO
2960 3332 3236 3378 GOSBERTO
3263 3329 3469 3373 ΛΒΒΑΤΒ

2541 3435 2586 3475 8.
2626 3432 2805 3472 GALLI.

2318 3514 2491 3586 (Anno
2518 3510 2622 3566 833
2643 3550 2657 3575 ,
2690 3509 2757 3563 l9
2793 3504 3030 3574 Octobr.)

1949 3608 2127 3682 [Apud
2150 3562 3060 3677 Neugar—t’.’,vCodex'Alamannicus,
3088 3608 3213 3664 pag.
3247 3587 3399 3682 ﬁli]
3476 3562 3481 3567 Δ

1945 3680 2003 3754 in
2041 3699 2259 3754 nomine
2291 3705 2493 3753 sanctae
2525 3702 2581 3747 et
2608 3689 2900 3745 individuze
2935 3683 3218 3741 Trinitatis
3238 3723 3253 3748 ,
3290 3680 3472 3735 Ludo-

1875 3791 2050 3857 vicus,
2075 3791 2255 3844 divina
2280 3789 2493 3841 favente
2514 3782 2707 3854 gratia,
2740 3793 2854 3833 rex.

1958 3880 2014 3936 Si
2057 3898 2182 3955 erga
2228 3880 2348 3935 loca
2391 3874 2588 3931 divinis
2634 3870 2872 3927 cultibus
2909 3866 3217 3937 mancipata
3251 3870 3472 3934 propter

1879 3996 2119 4042 amorem
2156 3976 2253 4032 Dei
2291 3986 2586 4041 eorumque
2635 3967 2688 4020 in
2734 3965 2936 4019 eisdem
2984 3960 3122 4016 locis
3161 3959 3263 4015 sibi
3295 3958 3467 4013 famu-

1878 4075 2114 4131 lantibus
2157 4065 2425 4125 beneﬁcia
2480 4065 2784 4133 opportuna
2834 4055 3136 4126 largimur,
3187 4050 3472 4123 praemium

1876 4165 2036 4223 nobis
2071 4161 2211 4234 apud
2235 4158 2523 4213 Dominum
2553 4153 2609 4207 in
2631 4158 2834 4207 aeterna
2860 4145 3196 4203 beatitudine
3226 4142 3473 4213 recipere

1879 4256 2223 4315 conﬁdimus.
2283 4251 2622 4320 Quapmpter
2686 4241 2985 4313 comperiat
3038 4237 3247 4293 utilitas
3309 4246 3472 4305 atque

1881 4334 2145 4407 industria
2187 4344 2431 4401 omnium
2471 4338 2709 4393 ﬁdelium
2745 4342 3075 4397 nostrorum,
3117 4327 3472 4402 praesentium

1883 4444 2092 4500 scilicet
2113 4449 2170 4496 et
2192 4439 2516 4499 futurorum,
2547 4431 2675 4502 quia
2712 4429 2797 4483 vir
2817 4425 3143 4482 venerabilis
3168 4423 3473 4480 Gozbertus

2744 4520 2904 4587 Galli,
2932 4521 3075 4591 quod
3101 4527 3186 4575 est
3211 4505 3376 4574 situm
3412 4515 3469 4573 in

1876 4646 2015 4702 pago
2044 4628 2348 4696 Turgange,
2390 4634 2552 4691 super
2580 4616 2799 4672 ﬂuvium
2830 4612 2973 4682 quod
3001 4611 3199 4667 dicitur
3219 4609 3470 4672 Petrosa,

1876 4696 2067 4779 detulit
2092 4717 2424 4775 excellentiae
2454 4720 2653 4769 nostrae
2681 4707 2926 4779 quaedam
2948 4696 3217 4775 praecepta
3251 4702 3337 4758 avi
3367 4717 3468 4757 no-

1880 4802 1979 4871 stri
2005 4812 2185 4869 Caroli
2223 4806 2596 4880 imperatoris,
2627 4817 2726 4857 nec
2752 4814 2861 4854 non
2894 4795 3098 4851 domini
3128 4802 3183 4850 et
3211 4791 3474 4865 genitoris

1880 4907 2051 4964 nostri
2076 4903 2335 4961 Ludovici
2362 4897 2623 4971 Augusti;
2663 4895 2717 4950 in
2746 4890 2944 4963 quibus
2977 4887 3360 4947 continebatur
3389 4885 3473 4939 in-

1882 5008 2111 5071 sertum,
2145 4996 2378 5066 qualiter
2419 4990 2676 5047 Sidonius
2714 4985 3044 5044 Constantia:
3080 4982 3233 5037 urbis
3263 4979 3472 5049 episco-

1884 5109 2013 5163 pus,
2043 5106 2143 5145 nec
2177 5103 2282 5141 non
2310 5094 2365 5142 et
2389 5085 2625 5141 Joannes
2653 5079 2895 5153 praedicti
2932 5071 3247 5132 monasterii
3279 5070 3468 5137 abbas,

1883 5161 2105 5255 propter
2134 5180 2367 5234 futuram
2398 5174 2787 5233 dissensionem
2809 5170 2893 5224 vel
2919 5167 3157 5239 quietem
3183 5161 3493 5237 monacho-~

1884 5253 2005 5329 rum
2029 5331 2035 5337 _
2055 5274 2196 5327 inter
2238 5286 2297 5325 se
2337 5268 2655 5324 statuissent
2687 5272 2748 5319 ut
2780 5261 2938 5317 annis
2970 5255 3195 5328 singulis
3224 5253 3470 5325 partibus

1884 5366 2125 5436 ejusdem
2154 5363 2299 5418 sedis
2329 5360 2552 5415 abbates
2581 5358 2746 5425 ipsius
2770 5349 3084 5408 monasterii
3117 5346 3299 5402 Sancti
3326 5341 3468 5399 Galli

1884 5455 2098 5510 unciam
2144 5452 2283 5517 auri,
2328 5458 2384 5504 et
2428 5446 2696 5504 caballum
2730 5457 2919 5509 unum,
2965 5439 3233 5495 valentem
3270 5436 3495 5499 libram.

1885 5642 2036 5703 bant,
2075 5641 2315 5710 inquam,
2371 5645 2429 5691 et
2483 5634 2598 5710 loca
2650 5645 2802 5687 sacra
2855 5627 3069 5708 fodrum
3108 5629 3164 5710 et
3214 5624 3462 5710 paratam

1883 5695 2605 5783 praestaretimperatoribus
2648 5714 2947 5771 eorumque
2995 5695 3175 5752 missis
3221 5695 3463 5762 quoties-

1883 5776 2097 5855 cunque
2112 5784 2239 5839 illuc
2256 5776 2762 5853 proﬁciscebantur.
2958 5812 2971 5824 .
3218 5822 3223 5827 .
3302 5782 3331 5813 τ’
