4050 6340
197 348 343 411 1245

1323 348 1718 407 DIPLOMATA
1756 343 2308 409 ECCLESIASTICA.

3307 353 3447 412 I246

196 465 431 522 Corbeia
475 471 662 519 nostra
689 464 1038 519 concessione
1065 463 1120 519 in
1148 463 1408 535 regimine
1445 462 1649 518 habere
1688 462 1769 517 di-
1796 466 1849 531 Α
1872 466 2071 522 dicitur
2094 467 2239 521 Nova
2261 464 2507 530 Corbeia,
2531 462 2622 521 ubi
2648 467 2901 536 praesenti
2927 472 3169 540 tempore
3190 467 3450 531 Warinus

196 558 489 631 gnoscitur
511 598 527 625 ,
564 557 885 628 complacuit
927 557 1231 612 celsitudini
1263 565 1461 612 nostra:
1489 556 1773 627 quamdam

192 652 393 709 cellam
416 650 559 721 juris
590 652 762 707 nostri
785 662 1034 707 vocatam
1062 650 1324 721 Meppiam
1350 692 1365 717 ,
1394 667 1513 720 quze
1537 659 1620 707 est
1646 666 1775 704 con-

193 753 408 800 structa
450 744 502 797 in
550 758 688 813 pago
728 742 1055 814 Adegrindo,
1109 751 1407 797 memorato
1446 742 1775 797 monasterio

194 850 300 893 per
328 834 467 888 hanc
497 843 736 888 nostram
765 833 1139 888 auctoritatem
1164 834 1396 899 tradere,
1425 841 1483 887 ut
1515 842 1774 903 perpetuo

190 925 301 981 sub
339 924 456 994 ejus
503 923 705 979 ditione
743 939 864 979 cum
903 924 1154 980 omnibus
1182 923 1249 977 ad
1289 938 1346 978 se
1382 923 1775 992 pertinentibus

192 1017 465 1073 consistat
497 1034 510 1069 :
550 1014 723 1080 Hanc,
749 1023 810 1069 ut
839 1014 1091 1078 diximus,
1137 1014 1385 1071 cellulam
1420 1014 1523 1070 sub
1553 1012 1777 1083 integri-

193 1119 310 1165 tate
344 1125 465 1165 cum
510 1110 761 1165 omnibus
790 1111 951 1164 rebus
989 1108 1055 1163 ad
1083 1125 1142 1165 se
1178 1107 1571 1180 pertinentibus
1602 1114 1656 1161 et
1689 1121 1776 1161 as-
1810 1132 1817 1139 ~

189 1200 543 1274 picientibus,
593 1199 651 1256 id
698 1208 801 1263 est,
850 1200 1119 1265 basilicis,
1166 1198 1415 1254 domibus
1456 1194 1775 1263 cteterisque

190 1292 460 1358 aediﬁciis,
490 1292 672 1355 terris,
693 1292 885 1361 pratis,
909 1291 1080 1354 silvis,
1108 1290 1268 1345 cultis
1291 1289 1425 1344 locis
1453 1296 1507 1343 et
1536 1286 1769 1349 incultis,

189 1384 485 1439 mobilibus
527 1384 688 1438 rebus
727 1392 781 1437 et
828 1383 1210 1445 immobilibus,
1254 1381 1536 1451 mancipiis
1575 1380 1774 1434 diversi

191 1488 359 1527 sexus
383 1475 652 1538 etaetatis,
679 1482 974 1527 memorato
1003 1471 1329 1526 monasterio
1354 1470 1622 1524 subditam
1652 1483 1774 1522 esse

191 1565 430 1622 facimus
452 1606 465 1629 ,
512 1575 674 1636 atque
707 1579 802 1635 per
846 1566 983 1621 banc
1012 1574 1252 1623 nostram
1293 1563 1672 1619 auctoritamm
1700 1560 1771 1619 ita

191 1658 561 1712 condonamus
588 1666 642 1712 et
669 1657 949 1721 tradimus,
974 1665 1037 1710 ut
1062 1657 1114 1710 in
1149 1656 1271 1725 jure
1300 1655 1540 1725 ejusdem
1571 1670 1635 1708 ac
1665 1668 1775 1707 mo-

191 1750 493 1804 nachorum
542 1749 741 1803 ibidem
776 1762 875 1819 per
916 1756 1157 1823 tempora
1194 1746 1304 1800 Deo
1339 1744 1689 1801 servientium
1718 1744 1772 1797 in

1874 557 2201 614 venerabilis
2224 558 2390 612 abbas
2425 564 2611 627 pastor
2635 565 2689 612 et
2721 565 2899 612 rector
2936 573 3055 614 esse
3088 557 3448 628 dignoscitur,

1874 649 1973 703 sub
2002 648 2311 720 integritate
2352 664 2449 719 per
2483 650 2619 703 hanc
2651 658 2892 704 nostram
2937 652 3312 707 auctoritatem
3361 651 3454 707 de-

1873 735 2072 809 legare,
2100 748 2160 792 ut
2193 738 2395 793 nostris
2422 748 2476 795 et
2506 755 2879 795 successorum
2911 748 3221 796 nostrorum
3247 750 3453 812 tempo-

1874 831 2026 885 ribus
2072 831 2126 884 in
2177 831 2382 887 ditione
2425 830 2663 900 ejusdem
2706 834 3019 888 monasterii
3068 834 3455 905 perpetualiter

1874 923 2191 988 consistant,
2216 923 2281 977 ad
2317 923 2581 995 stipendia
2612 926 2998 981 monachorum
3022 926 3154 981 inibi
3194 928 3453 982 constitu-

1874 1021 2070 1077 torum,
2094 1023 2149 1069 et
2179 1016 2527 1070 necessitates
2549 1017 2788 1086 ejusdem
2815 1019 3126 1077 monasterii
3146 1032 3441 1093 procuran-

1876 1102 1971 1160 das
2002 1114 2161 1179 atque
2189 1105 2563 1162 sublevandas.
2609 1107 2737 1173 llas,
2774 1117 2834 1165 ut
2858 1109 3111 1177 diximus,
3148 1109 3300 1165 villas
3330 1125 3453 1165 cum

1874 1196 2123 1250 omnibus
2156 1198 2337 1262 rebus,
2367 1198 2699 1268 appendiciis
2727 1206 2782 1253 et
2808 1200 3055 1255 terminis
3077 1201 3210 1267 suis,
3245 1208 3300 1257 et
3326 1218 3450 1261 cum

1873 1288 2123 1342 omnibus
2149 1289 2215 1343 ad
2238 1304 2296 1343 se
2319 1290 2729 1360 pertinentibus,
2755 1292 2810 1347 id
2826 1300 2926 1358 est,
2955 1293 3202 1348 domibus
3224 1295 3458 1349 caeteris-

1874 1396 1978 1451 que
2002 1382 2265 1449 :ediliciis,
2300 1385 2480 1451 terris,
2513 1385 2709 1457 pratis,
2743 1386 2915 1453 silvis,
2953 1388 3182 1457 campis,
3216 1389 3452 1461 pascuis,

1873 1473 2050 1542 aquis,
2092 1488 2425 1543 aquarumve
2469 1475 2783 1531 decursibus
2805 1517 2819 1540 ,
2853 1476 3012 1531 cultis
3040 1476 3172 1532 locis
3198 1486 3251 1532 et
3280 1478 3454 1539 incul-

1875 1564 1962 1627 tis,
1994 1565 2281 1619 mobilibus
2308 1564 2467 1621 rebus
2496 1581 2560 1620 ac
2589 1582 2647 1621 se
2676 1568 2818 1637 ipsas
2845 1569 3202 1635 moventibus,
3243 1569 3453 1622 manci-

1872 1653 1976 1723 piis
2020 1653 2219 1707 divcrsi
2268 1670 2428 1709 sexus
2479 1671 2544 1710 ac
2590 1657 2794 1722 aetatis,
2831 1658 3089 1727 praedicto
3131 1658 3459 1713 monasterio

1873 1744 2225 1800 concedimus
2255 1753 2415 1817 atque
2445 1746 2853 1815 conﬁrmamus,
2880 1756 2939 1803 ut
2962 1750 3029 1804 ab
3059 1749 3161 1803 hac
3182 1749 3267 1804 die
3289 1749 3341 1802 in
3370 1748 3457 1803 fu—

191 1843 423 1898 diversis
466 1842 884 1898 necessitatibus
925 1840 994 1896 ad
1035 1841 1278 1896 divinum
1312 1840 1513 1894 cultum
1544 1853 1775 1909 propen—
1801 1823 1851 1893 Β
1881 1843 2083 1900 turum,
2109 1836 2264 1891 sicuti
2289 1836 2492 1891 dictum
2523 1847 2627 1903 est,
2666 1837 2720 1892 in
2755 1836 2878 1908 jure
2919 1845 2975 1895 et
2996 1847 3265 1910 potestate
3291 1838 3460 1910 ipsius

190 1936 308 1991 sius
353 1936 753 2004 exsequendum
779 1938 981 2004 absque
1011 1934 1297 2005 cujuslibet
1323 1932 1680 1988 diminutione
1710 1944 1774 1985 ac

193 2027 578 2082 retractatione
608 2036 953 2097 permaneat,
1002 2035 1057 2082 et
1093 2026 1270 2081 nullus
1296 2025 1533 2080 ﬁdelium
1561 2012 1789 2078 nostro!

193 2116 412 2171 rum-ab
451 2133 638 2172 eorum
673 2120 1040 2174 dominatione
1086 2129 1141 2174 et
1178 2126 1445 2189 potestate
1484 2133 1603 2173 eam
1633 2131 1773 2186 quo-

192 2222 301 2279 quo
338 2210 498 2265 modo
540 2210 773 2277 auferre,
813 2220 906 2266 aut
948 2211 1003 2266 in
1043 2211 1202 2265 aliam
1242 2210 1537 2280 quamlibet
1564 2216 1774 2278 partem

192 2319 510 2375 quacunque
535 2306 819 2361 occasione
840 2303 1136 2361 transferre
1157 2313 1470 2375 praesumat,
1497 2303 1590 2358 sed
1614 2302 1775 2356 liceat

193 2405 492 2452 memorato
520 2397 724 2464 abbati,
771 2396 994 2468 ejusque
1028 2396 1452 2459 successoribus,
1493 2409 1556 2448 ac
1596 2407 1775 2447 mona-

193 2487 311 2542 cltis
339 2487 394 2542 in
416 2497 713 2544 memorato
754 2488 1082 2543 monasterio
1114 2501 1210 2558 per
1240 2497 1484 2556 tempora
1533 2484 1774 2554 degenti-

194 2578 294 2632 bus
308 2575 422 2646 jam
445 2578 589 2633 dicta
623 2578 755 2633 cella
782 2593 905 2634 cum
930 2578 1181 2633 omnibus
1209 2576 1277 2631 ad
1301 2591 1419 2630 eam
1451 2573 1772 2644 pertinenti-

194 2666 295 2721 bus
314 2667 382 2721 ad
406 2666 501 2722 Dei
533 2683 597 2723 ac
624 2668 832 2723 Domini
862 2669 1034 2723 nostri
1064 2666 1191 2723 Jesu
1224 2668 1424 2723 Christi
1453 2665 1773 2721 famulatum

193 2759 504 2831 diligentius
549 2762 909 2832 peragendum
945 2762 1023 2815 uti
1068 2760 1271 2830 absque
1294 2759 1611 2828 cujusquam
1640 2773 1772 2812 eon-

195 2853 499 2920 trarietate,
530 2861 585 2911 et
620 2868 951 2924 quaacunque
978 2852 1047 2909 ad
1087 2867 1214 2908 suos
1246 2852 1299 2906 in
1341 2850 1557 2907 Domini
1599 2848 1772 2904 nostri

194 2943 321 3001 Jesu
359 2944 559 3001 Christi
602 2945 792 3001 militia
833 2962 962 3002 usus
1007 2955 1060 3001 et
1106 2945 1458 3000 necessitates
1499 2942 1775 3015 pertinent

196 3035 463 3091 adornare
482 3076 497 3102 ,
532 3036 813 3107 disponere
835 3037 1086 3107 justeque
1110 3035 1320 3092 efﬁcere
1337 3077 1351 3103 ,
1383 3043 1650 3107 quatenus
1674 3049 1774 3105 pro

196 3127 373 3194 nobis,
414 3127 640 3200 conjuge
666 3129 924 3199 proleque
953 3138 1160 3197 nostra,
1200 3137 1256 3185 et
1286 3145 1421 3201 pace
1462 3145 1525 3184 ac
1566 3126 1775 3184 stabili-

197 3228 308 3276 tate
328 3223 494 3276 totius
515 3221 726 3293 imperii
751 3238 782 3276 a
809 3222 919 3276 Deo
945 3222 1101 3277 nobis
1129 3221 1403 3277 commissi
1426 3220 1657 3275 alacrius
1681 3233 1776 3273 eos

198 3310 563 3369 indesinenter
585 3312 796 3369 Domini
821 3313 1248 3368 misericordiam
1270 3326 1499 3367 exorare
1523 3310 1780 3365 delectet.

199 3401 269 3457 Et
292 3411 353 3458 ut
372 3404 487 3459 haec
509 3411 693 3458 nostra
716 3404 1009 3461 auctoritas
1032 3402 1394 3460 inviolabilem
1416 3413 1470 3457 et
1497 3401 1781 3457 inconvul-

201 3509 318 3550 sam
346 3494 586 3551 obtineat
616 3494 949 3561 ﬁrmitatem,
978 3510 1138 3550 manu
1168 3495 1383 3567 pr0pria
1410 3493 1781 3564 ascripsimus,

200 3595 258 3643 et
290 3585 470 3651 annuli
501 3587 674 3642 nostri
698 3587 1053 3658 impressione
1074 3588 1336 3660 assignari
1354 3587 1636 3659 jussiinus.

273 3677 500 3751 Signum
535 3679 789 3736 Ludovici
814 3681 1144 3738 serenissimi
1180 3679 1542 3754 imperatoris.

274 3770 671 3831 Birminmarus
714 3775 956 3830 notarius
1002 3776 1070 3830 ad
1119 3775 1295 3833 vicem
1339 3773 1580 3847 Hugonis
1628 3787 1783 3829 reco-

204 3865 365 3938 gnovi
393 3873 448 3920 et
472 3865 789 3935 subscripsi.
1633 3927 1649 3939 ‘

277 3958 413 4013 Data
437 3973 511 4012 vn
532 3956 656 4014 Idus
683 3957 988 4025 Decembr.,
1009 3972 1170 4023 anno,
1192 3955 1410 4012 Christo
1432 3955 1689 4035 propitio,
1713 3952 1781 4009 21

205 4052 419 4124 imperii
448 4052 629 4107 domui
664 4052 920 4107 Ludovici
956 4051 1184 4125 piissimi
1211 4050 1457 4123 Augusti,
1493 4048 1789 4104 indictione

208 4130 309 4197 12.
342 4141 537 4199 Actum
590 4143 878 4201 Blanciaco
918 4145 972 4199 in
1014 4144 1231 4200 nomine
1269 4141 1485 4201 Domini
1533 4139 1786 4198 feliciter.

207 4235 403 4292 Amen.

842 4327 1173 4385 CLXXXIX.

632 4436 734 4477 PRO
770 4436 947 4475 EODEI
967 4437 1341 4484 ,IONASTERIO.

813 4511 985 4588 (Anno
1025 4512 1172 4586 854.)

568 4607 746 4683 [Apud
773 4607 1031 4677 Scbaten,
1055 4609 1203 4675 ibid.,
1233 4625 1287 4680 p.
1315 4609 1430 4683 97.]

283 4700 343 4757 In
376 4701 593 4757 nomine
630 4703 840 4758 Domini
886 4704 978 4758 Dei
1014 4713 1069 4759 et
1114 4703 1412 4758 Salvatoris
1450 4702 1622 4758 nostri
1662 4701 1792 4757 Jesu

209 4795 437 4861 Christi,
483 4794 789 4852 Ludovicus
837 4797 1019 4852 divina
1073 4798 1477 4871 repropitiante‘
1501 4797 1791 4854 clementia

211 4891 510 4969 imperator
529 4889 821 4961 Augustus.

286 4982 345 5038 Si
393 4982 733 5039 liberalitatis
781 4992 980 5038 nostrae
1032 4998 1257 5039 munere
1306 4984 1372 5039 de
1428 4982 1705 5039 beneﬁciis
1757 4997 1791 5039 a

211 5075 326 5130 Deo
362 5074 516 5130 nobis
557 5075 787 5140 collatis,
836 5075 969 5131 locis
1014 5075 1124 5131 Deo
1154 5074 1346 5130 dicatis
1370 5075 1622 5145 quiddam
1666 5089 1795 5129 con-

211 5166 475 5235 ferimus,
527 5167 581 5222 id
612 5167 768 5225 nobis
804 5174 860 5222 et
899 5168 965 5225 ad
1011 5166 1301 5223 mortalem
1345 5168 1514 5221 vitam
1566 5166 1795 5223 feliciter

212 5260 646 5331 transigendam,
704 5267 760 5313 et
807 5259 875 5314 ad
921 5268 1178 5315 aeternam
1227 5258 1612 5329 perpetualiter
1647 5257 1792 5314 obti~

211 5353 448 5409 nendam
493 5351 834 5423 profuturum
878 5350 1083 5420 liquido
1124 5351 1414 5405 credimus.
1451 5349 1658 5405 Idcirco
1696 5365 1794 5406 no-

208 5455 328 5505 tum
389 5444 506 5500 ﬁeri
561 5445 806 5500 volumus
856 5443 1096 5499 omnium
1157 5442 1396 5497 ﬁdelium
1445 5448 1787 5508 nostrorum,

210 5546 325 5594 tam
351 5538 694 5608 praesentium
722 5526 960 5607 quam'et
987 5533 1322 5599 futurorum,
1359 5534 1593 5589 solertiae
1612 5574 1627 5599 ,
1663 5533 1792 5605 quia

210 5629 540 5698 complacuit
586 5630 860 5684 serenitati
895 5637 1120 5693 nostrae,
1169 5626 1431 5697 quasdam
1468 5626 1620 5680 villas
1652 5628 1794 5698 juris

210 5720 421 5791 nostri,
468 5724 600 5777 sitas
657 5724 712 5779 in
759 5720 1043 5792 Angariis,
1087 5720 1143 5775 in
1181 5718 1377 5791 Logni,
1424 5734 1653 5790 quarum
1699 5734 1794 5775 vo-

209 5816 408 5880 cabula
444 5827 570 5879 sunt
613 5817 853 5878 Sulbichi
880 5824 938 5876 et
973 5815 1252 5885 Hemlion,
1289 5817 1623 5874 monasterio
1647 5815 1795 5901 quod

1874 1928 2136 1995 perpetuo
2169 1936 2541 1995 permaneant,
2567 1927 2769 1999 absque
2794 1927 3082 1998 eujuslibet
3104 1927 3340 1992 comitis,
3375 1925 3460 1985 vel

1871 2014 2071 2085 publici
2087 2012 2305 2082 jndicis,
2340 2023 2432 2069 aut
2458 2015 2747 2088 cujUslibet
2768 2031 3014 2087 personm
3034 2016 3463 2077 contradictione

1873 2104 1957 2159 vel
1987 2104 2366 2176 refragalione.
2399 2107 2467 2161 Et
2493 2115 2552 2161 ut
2578 2107 2692 2163 haec
2733 2116 2932 2163 nostra:
2954 2108 3261 2167 donationis
3298 2119 3461 2183 atque

1872 2198 2239 2252 concessionis
2265 2200 2566 2254 auctoritas
2599 2199 2964 2255 inviolabilem
3002 2209 3057 2255 et
3084 2201 3455 2257 inconvulsam

1872 2288 2115 2344 obtineat
2157 2290 2494 2356 ﬁrmitatem,
2533 2306 2696 2347 manu
2737 2292 2956 2364 propria
2992 2291 3178 2351 subter
3212 2308 3343 2357 eam,
3370 2294 3460 2351 Iit-

1873 2380 2160 2447 mavimus,
2190 2390 2246 2437 et
2270 2382 2459 2441 annuli
2482 2382 2656 2439 nostri
2679 2383 3035 2461 impressione
3058 2384 3327 2463 assignari
3344 2384 3461 2459 jus-

1872 2489 2061 2529 SIIllIlS.

1946 2562 2172 2637 Signum
2197 2564 2456 2623 Ludovici
2485 2565 2820 2625 serenissimi
2851 2566 3217 2638 imperatoris.

1941 2658 2340 2715 Hirminmarus
2371 2660 2614 2716 notarius
2659 2661 2729 2718 ad
2755 2661 2930 2718 vicem
2960 2661 3268 2735 Theogenis
3299 2676 3456 2718 reco-

1871 2744 2049 2824 gnovi'
2061 2760 2115 2805 et
2141 2752 2456 2829 subscripsi.
2490 2786 2493 2789 λ

1892 2832 1897 2835 ⁷
1945 2844 2080 2899 Data
2119 2843 2243 2899 ldus
2274 2844 2601 2915 Maii,anno,
2624 2844 2839 2905 Christo
2871 2847 3124 2920 propitio,
3146 2847 3209 2902 21
3245 2847 3459 2920 imperii

1873 2937 2054 2993 domni
2095 2936 2351 2993 Ludovici
2404 2937 2634 3009 piissimi
2697 2938 2972 3013 Augusti,
3023 2939 3319 3001 indictione
3363 2938 3451 3001 12.

1870 3027 2063 3083 Actum
2091 3027 2417 3102 Aquisgrani
2437 3029 2640 3105 palatio
2671 3030 2821 3107 regio
2857 3031 2910 3086 in
2952 3029 3048 3087 Dei
3092 3031 3312 3097 nomine
3350 3028 3463 3085 feli.

1878 3122 2034 3178 citer.
2063 3121 2257 3178 Amen.

2597 3214 2754 3273 CXC.

2284 3320 2387 3367 PRO
2422 3321 2672 3364 ECCLESIA
2710 3322 3063 3367 GERUNDENSI.

2495 3397 2671 3472 (Anno
2706 3399 2857 3473 854.)

1884 3487 2118 3564 [Florez,
2151 3489 2373 3563 Εεραῆα
2410 3492 2663 3563 sagrada,
2693 3499 2825 3547 tom.
2856 3490 3038 3559 XLIII,
3062 3506 3185 3569 pag.
3222 3490 3345 3560 575,
3396 3506 3467 3551 ex

2199 3586 2406 3641 arcbiv.
2444 3586 2703 3658 episcopii
2730 3584 3149 3662 Gerundensis.]

1952 3675 2012 3731 In
2040 3676 2259 3733 nomine
2306 3676 2517 3733 Domini
2549 3678 2645 3735 Dei
2691 3685 2745 3739 et
2788 3677 3087 3739 Salvatoris
3134 3679 3308 3739 nostri
3337 3676 3469 3743 Jesu

1881 3765 2106 3831 Christi,
2124 3768 2450 3835 Ludovicus,
2477 3769 2658 3829 divina
2674 3770 3002 3843 propitiante
3025 3769 3337 3839 clementia,
3365 3771 3468 3835 im-

1882 3868 2103 3928 perator
2128 3857 2422 3932 Augustus.

1958 3946 2017 4019 Si
2046 3964 2174 4020 erga
2218 3949 2336 4005 loca
2366 3950 2564 4007 divinis
2612 3950 2845 4011 cultibus
2893 3954 3202 4023 mancipata
3247 3962 3471 4029 propter

1887 4056 2127 4096 amorem
2156 4042 2251 4099 Dei
2281 4043 2505 4116 ejusque
2546 4046 2599 4099 in
2640 4046 2841 4102 eisdem
2887 4047 3022 4103 locis
3061 4047 3193 4103 inibi
3234 4048 3344 4109 Deo
3389 4046 3471 4107 fa-

1886 4132 2215 4189 mulantibus
2245 4134 2507 4193 beneﬁcia
2537 4146 2839 4208 opportuna
2867 4138 3154 4212 largimur,
3185 4141 3467 4217 praemium

1889 4225 2029 4296 apud
2043 4226 2327 4281 Dominum
2348 4235 2566 4284 aeternae
2591 4232 3042 4287 remunerationis
3067 4231 3221 4287 nobis
3248 4230 3469 4305 rependi

1889 4335 1996 4375 non
2036 4319 2345 4375 diﬁidimus.
2385 4321 2554 4393 Igitur
2579 4330 2765 4377 notum
2796 4339 2916 4380 esse
2950 4324 3198 4379 volumus
3226 4324 3470 4386 omnium

1892 4412 2128 4467 ﬁdelium
2164 4394 2496 4481 nostrorum,
2528 4423 2637 4470 tam
2672 4417 3022 4487 praesentium
3045 4432 3205 4486 quam
3238 4424 3293 4471 et
3322 4414 3469 4470 futu-

1813 4543 1870 4606 D
1896 4521 2100 4572 rorum,
2150 4505 2447 4572 industriae,
2498 4508 2624 4577 quia
2670 4507 2997 4565 venerabilis
3020 4508 3230 4567 Winter
3269 4515 3472 4567 sanctae

1896 4595 2261 4655 Gerundensis
2304 4598 2561 4656 Ecclesiae
2623 4603 2911 4673 episcopus
2973 4610 3217 4660 nostram
3250 4616 3255 4621 '
3283 4603 3473 4661 adiens

1895 4688 2271 4745 celsitudinem
2314 4689 2469 4760 petiit
2499 4698 2560 4746 ut
2585 4702 2939 4751 memoratam
2968 4695 3152 4749 sedem
3180 4709 3305 4748 cum
3330 4694 3473 4749 villis

1896 4788 1952 4835 et
1995 4781 2303 4837 hominibus
2350 4798 2380 4837 a
2424 4782 2625 4842 domno
2670 4793 2726 4841 et
2769 4787 3016 4858 genitore
3050 4794 3241 4844 nostro
3277 4786 3474 4843 Carolo

1894 4875 2123 4945 aliisque
2151 4876 2358 4931 devotis
2386 4876 2697 4932 hominibus
2723 4876 2900 4933 cidem
2927 4877 3042 4934 sedi
3072 4877 3301 4945 collatis,
3338 4893 3474 4948 quas

1896 4982 2041 5023 nunc
2084 4968 2363 5037 possidere
2411 4968 2768 5038 dignoscitur,
2804 4967 2859 5024 id
2892 4978 2996 5034 est,
3024 4969 3079 5024 in
3108 4984 3248 5040 pago
3272 4970 3475 5039 Empu-

1896 5058 2073 5112 ritano
2109 5057 2291 5110 villam
2330 5066 2697 5128 nuncupatam
2726 5058 2951 5114 Olianus
2977 5074 3101 5115 cum
3146 5059 3259 5115 suis
3289 5058 3474 5114 termi-

1894 5149 2002 5215 nis,
2029 5156 2084 5203 et
2114 5148 2291 5203 villam
2324 5158 2605 5205 vocantem
2632 5150 2989 5217 Cacavianus,
3014 5166 3080 5208 ac
3103 5150 3347 5206 villarem
3378 5166 3475 5205 an-

1893 5242 2103 5311 tiquum
2128 5239 2459 5307 Celsianum,
2493 5257 2618 5297 cum
2664 5240 2848 5298 villula
2878 5258 3039 5308 nova,
3089 5258 3252 5313 quam
3280 5251 3475 5298 vocant

1895 5330 2157 5397 Velloscs,
2198 5346 2319 5385 cum
2360 5330 2583 5386 castello
2623 5346 2828 5402 suoque
2869 5332 3121 5398 termino,
3160 5340 3217 5390 et
3254 5333 3308 5389 in
3339 5348 3476 5407 pago
3527 5330 3539 5339 ⁸

1894 5421 2247 5478 Gerundense
2286 5421 2633 5477 medietatem
2664 5423 2731 5480 de
2766 5422 2891 5480 villa
2925 5423 3165 5493 Mollero,
3202 5433 3258 5483 et
3285 5425 3475 5481 Millia-

1898 5533 2015 5573 sam
2044 5516 2246 5581 villam,
2293 5523 2624 5585 ceterasque
2669 5532 2757 5573 res
2802 5532 2941 5587 quas
2982 5534 3014 5574 a
3042 5518 3200 5590 longo
3234 5526 3477 5586 tempore

1898 5614 2030 5669 inibi
2057 5611 2337 5681 possidere
2378 5611 2735 5682 dignoscitur,
2779 5613 2939 5668 simul
2977 5629 3098 5669 cum
3131 5614 3288 5668 tertia
3321 5617 3475 5681 parte

1898 5705 1964 5759 de
2012 5701 2319 5775 pascuario,
2375 5710 2432 5757 et
2475 5701 2684 5758 teloneo
2732 5703 2799 5759 de
2850 5704 2968 5775 ipso
3021 5718 3179 5775 pago,
3232 5701 3472 5770 aliasque

1900 5796 2075 5866 villas,
2121 5808 2356 5868 quarum
2400 5792 2663 5857 vocabula
2703 5802 2832 5857 sunt
2871 5793 3165 5854 Castellum
3216 5790 3469 5863 fractum,
