4050 6340
728 318 873 406 ωλι-ι’

1863 347 2190 411 LUDOVICI
2227 346 2251 409 Ι
2288 351 2761 413 COGNOMENTO
2799 352 2888 413 PII

3748 378 3827 443 ιειο

721 476 779 524 et
802 433 1043 521 Parietes
1074 462 1294 532 Ruﬁini,
1340 480 1463 522 cum
1507 465 1664 523 tertia
1708 473 1864 537 parte
1905 469 1971 525 de
2009 471 2304 541 pasquario
2327 471 2382 532 Α
2478 470 2611 526 Data
2639 478 2834 541 quarto
2858 470 3039 526 Nonas
3063 471 3398 541 Decembris,
3421 492 3562 548 anno,
3586 484 3828 566 Christopm.

721 569 775 615 et
810 561 1024 617 teloneo
1067 560 1135 615 de
1176 561 1485 632 ipso‘pago,
1526 569 1581 615 et
1615 559 1741 614 villa
1780 578 1899 632 qua:
1934 570 2019 618 est
2064 563 2119 618 in
2167 579 2303 636 pago

720 653 1133 733 Bisuldunense,
1163 663 1219 709 et
1256 664 1481 710 vocatur
1510 654 1764 719 Bascara,
1794 671 1917 711 cum
1962 656 2078 711 suis
2104 656 2305 711 villari-

718 746 823 802 bus
861 750 916 801 et
953 761 1051 802 suo
1086 747 1342 812 termino,
1383 762 1484 803 nec
1514 762 1620 802 non
1651 755 1704 803 et
1739 746 1928 816 Arcas,
1971 757 2027 803 et
2057 749 2303 806 villarem

719 845 1005 893 vocantem
1035 837 1340 909 Spedulias,
1377 846 1434 894 et
1467 840 1630 893 alium
1655 839 1845 895 villare
1873 840 2020 911 quod
2046 848 2130 896 est
2158 840 2301 897 infra

720 937 1143 985 memoratarum
1173 929 1422 985 villarum
1463 931 1739 986 terminos.
1777 930 1941 987 Villas
1968 932 2132 987 etiam
2168 932 2302 989 alias

719 1035 839 1090 quae
882 1030 1149 1077 vocantur
1187 1021 1502 1091 Crispianus
1547 1029 1604 1076 et
1646 1021 1925 1087 Miliarias,
1973 1038 2096 1079 cum
2140 1022 2302 1078 tertia

717 1121 872 1185 parte
902 1113 969 1169 de
998 1113 1284 1183 pascuario
1319 1121 1376 1168 et
1412 1112 1623 1168 teloneo
1651 1113 1718 1168 de
1752 1113 1869 1184 ipso
1904 1128 2044 1185 pago
2079 1122 2303 1186 propter

720 1204 1123 1259 infestationem
1189 1203 1578 1259 malevolorum
1630 1203 1911 1258 hominum
1963 1204 2064 1260 sub
2116 1212 2302 1260 nostra

718 1296 949 1352 tuitione
976 1306 1030 1351 ct
1058 1296 1418 1351 immunitatis
1455 1293 1771 1352 defensione
1807 1296 2297 1354 constituissemus.

718 1386 883 1457 Cujus
916 1388 1163 1458 petitioni
1205 1396 1507 1444 annnentes
1541 1398 1762 1460 propter
1795 1405 2036 1446 amorem
2062 1390 2158 1446 Dei
2188 1407 2302 1447 me-

715 1487 981 1535 moratam
1050 1481 1236 1536 sedem
1305 1495 1427 1536 cum
1477 1482 1805 1553 supradictis
1852 1483 1995 1538 villis
2043 1484 2300 1553 praesenti

714 1577 958 1641 tempore
987 1571 1041 1626 in
1070 1571 1195 1641 jure
1228 1573 1346 1643 ejus
1372 1573 1798 1630 consistentibus
1834 1574 1937 1630 sub
1964 1583 2153 1631 nostra
2192 1577 2297 1632 tui-

712 1662 861 1718 tione
904 1662 1307 1728 constituimus,
1356 1673 1412 1719 et
1436 1664 1577 1722 hanc
1625 1674 1869 1721 nostram
1914 1669 2298 1724 auctoritatem

711 1750 858 1807 circa
905 1751 1153 1808 eamdem
1200 1753 1382 1809 sedem
1431 1751 1551 1810 ﬁeri
1602 1755 1958 1821 decrevimus,
2000 1772 2098 1827 per
2135 1773 2298 1827 quam

712 1841 1057 1898 decernimus
1096 1851 1155 1897 ut
1176 1842 1355 1899 nullus
1373 1840 1542 1912 judex
1570 1846 1834 1916 publicus,
1868 1847 1953 1901 vel
1983 1849 2210 1918 quilibet
2230 1865 2296 1905 ex
2324 1852 2373 1912 B

702 1934 993 2003 judiciaria
1030 1946 1298 2008 potestate
1336 1936 1510 2007 major
1550 1939 1834 2009 minorque
1871 1940 2129 2010 praedicta
2174 1957 2299 2011 per-

710 2042 842 2082 sona
881 2028 936 2083 in
965 2028 1223 2085 ecclesias
1263 2038 1357 2085 aut
1392 2030 1533 2096 loca,
1585 2030 1672 2086 vel
1716 2046 1876 2102 agros
1922 2047 2017 2087 seu
2065 2032 2298 2103 reliquas

710 2121 1084 2189 possessiones
1128 2129 1441 2178 memorata:
1489 2121 1657 2187 sedis,
1704 2137 1840 2191 quas
1870 2123 2130 2178 moderno
2161 2132 2298 2179 tem-

706 2225 837 2281 pore
864 2211 1003 2267 infra
1026 2214 1286 2268 ditionem
1316 2214 1530 2285 imperii
1558 2215 1730 2270 nostri
1759 2211 2007 2286 regaliter
2032 2218 2291 2287 possidet,

708 2301 789 2355 vel
829 2315 951 2371 quae
993 2303 1246 2374 deinceps
1284 2305 1340 2359 in
1370 2304 1498 2374 jure
1535 2305 1705 2376 ipsius
1745 2305 1847 2362 loci
1890 2306 2072 2363 divina
2119 2309 2296 2379 pietas

707 2394 892 2463 augeri
922 2394 1174 2463 voluerit,
1221 2396 1289 2451 ad
1328 2412 1522 2453 causas
1544 2396 1837 2466 judiciario
1874 2414 2025 2455 more
2069 2402 2295 2458 audien-

709 2484 828 2551 das,
859 2485 944 2541 vel
979 2486 1362 2554 discutiendas,
1393 2496 1487 2543 aut
1520 2487 1670 2545 fre-da
1706 2490 1994 2562 exigenda,
2021 2500 2116 2549 aut
2141 2509 2294 2549 man-

706 2576 889 2634 siones
915 2578 1001 2633 vel
1024 2588 1246 2650 paratas
1272 2579 1571 2647 faciendas,
1598 2579 1693 2637 aut
1723 2580 2067 2653 ﬁdeiussores
2102 2585 2294 2643 tollen-

704 2667 827 2734 dos,
871 2678 965 2723 aut
1013 2670 1263 2727 homines
1308 2671 1480 2742 ipsius
1519 2671 1779 2729 Ecclesiae
1825 2684 2016 2731 contra
2067 2676 2293 2733 rationis

700 2759 949 2816 ordinem
977 2761 1408 2833 distringendos',
1442 2778 1545 2819 nec
1590 2762 1727 2818 ullas
1772 2764 2167 2823 redhibitiones
2207 2767 2292 2825 vel

700 2850 935 2909 illicitas
967 2856 1282 2912 occasiones
1328 2856 1438 2912 ullo
1495 2873 1735 2928 unquam
1785 2864 2032 2929 tempore
2079 2860 2289 2932 ingredi

701 2941 916 3008 audeat,
948 2943 1034 2999 vel
1072 2959 1136 3000 ea
1161 2960 1282 3015 quae
1326 2961 1491 3017 supra
1541 2955 1845 3003 memorata
1897 2958 2026 3006 sunt
2070 2952 2289 3022 penitus

700 3034 939 3106 exigere,
968 3044 1063 3091 aut
1090 3038 1447 3109 undecunque
1488 3039 1648 3095 modo
1689 3039 1935 3112 legaliter
1966 3045 2285 3099 vestituram

699 3125 864 3183 habet
909 3128 1226 3186 abstrahere
1272 3140 1598 3202 praesumat;
1629 3133 1726 3188 sed
1769 3132 1931 3189 liceat
1979 3146 2284 3192 memorato

2403 562 2558 634 pitio,
2590 564 2849 621 vicesimo
2878 566 3055 635 primo
3085 566 3303 640 imperii
3331 568 3501 629 domui
3527 572 3724 639 Ludovici
3747 562 3829 646 sere.

2402 655 2617 713 nissimi
2661 658 3030 729 imperatoris.

3105 754 3284 812 CXCI.

2743 864 2846 907 PRO
2874 866 3211 908 IONASTERIO
3239 867 3608 912 CAIPIDONENSI.

3009 941 3183 1014 (Anno
3213 942 3361 1017 854.)

2563 1030 2870 1107 [Neugart.,
2896 1030 3073 1090 Codex
3100 1034 3483 1105 Alemannicus,
3506 1056 3611 1113 pag.
3633 1039 3740 1118 217.]

2403 1133 2430 1163 ³
2453 1120 2966 1193 DiplomoLudovici
2994 1123 3083 1181 Pii
3104 1143 3230 1198 qua“
3246 1146 3265 1178 ι
3294 1132 3639 1187 monasterium
3663 1135 3828 1204 cuiusm-

2474 1194 2722 1251 cabulum
2770 1205 2855 1251 est
2885 1195 3161 1253 Canidona
3188 1197 3243 1253 δ.
3298 1200 3386 1253 ubi
3429 1212 3655 1253 Dmsente
3685 1215 3828 1253 lemnm

2474 1205 2722 1251 cabulum
2770 1205 2855 1251 est
2885 1205 3161 1322 Capidona
3189 1205 3243 1263 δ,
3298 1205 3386 1254 ubi
3429 1212 3655 1269 praesente
3685 1215 3828 1278 tempore

2470 1265 2557 1339 vir
2599 1266 2927 1339 venerabilis
3003 1275 3116 1339 atto
3155 1269 3323 1324 abbas
3355 1280 3526 1339 pastor
3547 1282 3594 1328 et
3619 1284 3828 1334 rectores:

2471 1335 2833 1413 dignoscitur,
2886 1338 3026 1407 quod
3079 1339 3242 1413 rebus
3292 1335 3725 1413 pauperrimumest
3749 1359 3828 1413 an

2469 1421 2579 1461 non
2599 1477 2607 1479 Α
2627 1409 2839 1463 modica
2864 1424 2992 1479 pars
3018 1409 3409 1465 monachorum
3444 1412 3494 1467 in
3517 1429 3573 1469 eo
3594 1416 3647 1470 ad
3679 1415 3752 1470 Dm
3770 1409 3828 1472 de-

2470 1477 2815 1534 serviendum
2857 1477 3116 1534 collocata
3170 1481 3424 1547 habetur,
3460 1482 3550 1538 sub
3586 1500 3664 1540 suo
3701 1490 3827 1542 mund-

2469 1547 2662 1603 burdio
2706 1558 2761 1604 et
2808 1547 3123 1606 defensione
3150 1568 3172 1602 ι
3211 1552 3493 1617 constituit,
3527 1564 3569 1608 et
3604 1556 3654 1609 ob
3687 1561 3828 1612 omniin

2468 1618 2691 1742 plublictn's
2719 1620 3075 1690 [unctionibus
3116 1621 3337 1693 aliisque
3364 1625 3581 1679 oneribus
3602 1626 3829 1681 immutuit-

2470 1704 2498 1742 c
2521 1707 2616 1742 ara
2646 1729 2661 1742 .

2470 1698 2661 1744 σιω-αι.

2472 1778 2699 1851 Signum
2728 1782 2930 1841 domini
2955 1781 3218 1840 Ludovici
3243 1784 3461 1855 piissimi
3486 1785 3759 1855 imperatoris.

2471 1875 2889 1932 Hirminhardus
2913 1876 2940 1917 ά
2966 1878 3216 1934 notarius
3259 1878 3325 1933 ad
3350 1879 3510 1934 vicem
3549 1877 3728 1950 Hugonis
3746 1894 3827 1936 meo

2400 1970 2559 2042 gnovi
2584 1978 2639 2024 et
2671 1970 2986 2042 subscripsi.

2466 2062 2603 2117 Data
2630 2076 2663 2115 v
2688 2060 2826 2117 Non.
2864 2060 2993 2117 Julii
3015 2104 3030 2129 ,
3060 2078 3229 2128 anno,
3267 2063 3474 2120 Christo
3496 2063 3695 2135 propitio,
3718 2063 3828 2118 iliu-

2395 2150 2533 2221 perii
2576 2151 2779 2206 domini
2820 2152 3081 2209 Ludovici
3131 2154 3357 2225 piissimi
3399 2153 3624 2225 Augusti,
3648 2154 3827 2209 indictione

2398 2243 2467 2297 12
2495 2255 2539 2297 ο.
2577 2243 2771 2300 Actum
2814 2245 3145 2317 Aquisgrani
3176 2246 3196 2286 ε’
3236 2247 3429 2318 palatio
3470 2248 3597 2320 regio
3632 2247 3672 2302 in
3694 2245 3755 2301 Dei
3776 2259 3826 2299 no-

2370 2338 2543 2394 mine
2572 2337 2821 2394 feliciter.
2851 2338 3045 2396 Amen.

3082 2431 3289 2490 CXCII.

2773 2539 2875 2581 ιιιιο
2912 2537 3257 2582 ιιοΝΑθτειιιο
3297 2541 3572 2583 PRUIIENSI.

3010 2614 3190 2688 (Anno
3229 2615 3375 2690 854.)

2395 2700 2572 2775 [Apud
2599 2702 2855 2772 Martem,
2877 2705 3325 2834 Αωρίὶἓιᾝῗὲἑέἰ
3340 2722 3456 2851 ἵης.
3484 2707 3561 2775 90,
3588 2720 3641 2762 ex
3655 2703 3823 2761 chartario

2462 2866 2521 2922 In
2554 2868 2775 2924 nomine
2806 2868 2903 2925 Dei
2943 2877 2998 2925 et
3031 2869 3333 2930 Salvatoris
3382 2870 3535 2927 nostri
3571 2868 3671 2925 Iesu
3687 2866 3819 2930 Christi.

2390 2955 2725 3025 Ludovicus,
2765 2960 2949 3015 divina
2986 2962 3012 3003 δ
3050 2962 3438 3032 repropitiante
3490 2960 3731 3022 clementia,
3771 2958 3822 3010 in

2387 3059 2606 3122 perator
2634 3050 2927 3122 Augustus.

2461 3140 2519 3197 Si
2565 3157 2847 3199 servorum
2874 3143 2971 3199 Dei
3010 3145 3361 3202 rationabiles
3398 3145 3643 3217 petitiones
3669 3142 3819 3207 adopt?

700 3220 952 3290 episcopo
981 3221 1202 3293 suisque
1246 3223 1657 3281 successoribus
1683 3240 1773 3281 res
1798 3226 2070 3297 praedictae
2101 3228 2287 3285 Eccle-
2313 3220 2358 3284 C
2393 3244 2508 3291 tum
2548 3234 2800 3291 effectum
2832 3237 3123 3307 pervenire
3163 3239 3406 3306 facimus,
3434 3254 3529 3294 non
3553 3236 3685 3294 solum
3705 3231 3748 3288 ad
3765 3228 3817 3284 Dei

701 3311 797 3366 sia:
823 3327 948 3367 cum
973 3313 1227 3369 omnibus
1254 3329 1375 3384 quae
1402 3316 1645 3386 possidet
1671 3317 1857 3388 quieto
1891 3318 2082 3373 ordine
2110 3320 2289 3389 possi-

704 3401 863 3467 dere,
912 3410 969 3456 et
1015 3411 1202 3458 nostro
1253 3404 1484 3459 ﬁdeliter
1534 3421 1727 3477 parere
1778 3409 2027 3479 imperio,
2082 3419 2139 3465 et
2189 3428 2288 3483 pro

698 3491 878 3558 nobis,
934 3507 1001 3548 ac
1046 3493 1298 3564 conjuge,
1346 3495 1580 3566 ﬁliisque
1632 3514 1697 3554 ac
1745 3507 1858 3555 toto
1904 3501 2103 3570 populo
2132 3501 2288 3558 Chri-

693 3584 871 3640 stiano
901 3584 1055 3641 nobis
1085 3586 1376 3642 commisso
1389 3586 1603 3643 Domini
1632 3589 2059 3647 misericordiam
2081 3592 2287 3664 jugiter

693 3690 944 3733 exorare.
976 3677 1044 3732 Et
1071 3686 1133 3733 ut
1156 3677 1269 3734 haec
1297 3680 1593 3736 auctoritas
1628 3680 2058 3740 conﬁrmationis
2084 3695 2283 3743 nostra:

688 3782 790 3838 per
838 3768 1107 3825 curricula
1170 3784 1439 3825 annorum
1484 3771 1849 3829 inviolabilem
1899 3782 2064 3845 atque
2093 3776 2281 3832 incon-

694 3861 904 3917 vulsam
952 3862 1196 3918 obtineat
1230 3862 1569 3931 ﬁrmitatem,
1616 3880 1779 3919 manu
1826 3868 2046 3937 propria
2094 3869 2283 3926 subter

693 3951 1065 4020 ﬁrmavimus,
1115 3961 1172 4008 et
1223 3952 1407 4009 annuli
1448 3954 1624 4009 nostri
1670 3954 2028 4025 impressione
2075 3957 2279 4030 signari

685 4061 972 4116 Jussmus.

764 4137 991 4209 Signum
1021 4139 1355 4195 serenissimi
1388 4140 1733 4209 imperatoris
1761 4140 2040 4197 Ludovici.

760 4231 1089 4305 Maginarius
1128 4234 1197 4289 ad
1224 4234 1399 4290 vicem
1430 4232 1669 4303 Hugonis
1700 4235 2012 4306 recognovit
2051 4243 2105 4291 et
2149 4237 2277 4292 sub-

688 4326 925 4396 scripsit.

759 4512 797 4573 a_
821 4498 1041 4573 Editum
1084 4513 1151 4554 ex
1181 4508 1466 4573 prototypo
1509 4518 1540 4558 a
1568 4502 1634 4558 Β.
1664 4502 1725 4559 Ρ.
1765 4503 1985 4560 Maxim.
2016 4504 2272 4564 Rasslero

684 4570 741 4627 S.
768 4568 1554 4661 1.,minnAppendA._adiVind';
1582 4584 1772 4661 eontra
1816 4577 2264 4661 vindicias,'.etc.,

682 4658 806 4725 pag.
835 4641 922 4724 29.
954 4640 1147 4724 Exstat
1191 4657 1404 4726 quoque
1433 4645 1486 4727 in
1515 4645 1861 4728 Refutationc
1890 4640 2265 4719 gravaminum

680 4712 1404 4791 cjvttatIsCamptdonensis,
1438 4726 1712 4791 inscripta
1738 4737 1767 4791 _:
1810 4718 1914 4772 Des
1956 4718 2264 4791 Hoc/trum.

684 4782 839 4860 {lifts
878 4782 1135 4860 genzptén
1182 4782 1490 4860 grundlicﬁe
1542 4782 1947 4860 Widerlegung,
1996 4782 2129 4855 etcf,
2172 4808 2262 4847 an.

680 4851 836 4944 "es
878 4851 1125 4944 ενριέειξη
1148 4851 1274 4944 2a-
1310 4851 1807 4944 s-sresmenoni
1844 4851 2268 4944 τέτεεεΡ-ἰἒριι-

679 4934 853 4995 quet.,
896 4924 1097 4995 Script.
1148 4924 1274 4980 Rei.
1322 4925 1458 5007 Call.
1505 4924 1634 5010 tom.
1678 4928 1771 4994 Vl,
1807 4946 1932 5012 pag.
1963 4931 2087 4986 595.
2138 4932 2268 5003 Ejus

679 4996 956 5078 exordium
992 5012 1018 5078 τ’
1047 4996 1420 5078 «dumo-mine
1442 4998 1677 5078 “Donnni
1725 5002 1832 5078 Det
1864 5011 1919 5078 et
1966 5001 2264 5078 Salvatoris

675 5063 1047 5142 Jesu‘Christi,
1072 5067 1397 5133 Ludovicus,
1426 5068 1608 5124 divina
1622 5072 2010 5142 repropitiante
2036 5073 2268 5131 clemen-

682 5136 774 5209 tia,
805 5137 996 5209 imper.
1023 5138 1315 5209 Augustus.
1356 5159 1376 5190 ι

748 5207 1074 5288 εκωηριεη,
1106 5207 1313 5265 ducalis
1340 5210 1556 5265 abbatia
1602 5211 1670 5267 ad
1698 5211 1936 5269 Hilaram
1970 5214 2024 5269 ll.
2068 5216 2123 5271 in
2167 5216 2262 5271 AI-

637 5288 649 5297 '
678 5292 855 5335 Rovla.
1598 5334 1601 5335 ν

678 5292 924 5423 goguiies
969 5344 1477 5423 Campidonensium
1511 5334 1636 5409 inde
1663 5355 1731 5409 ab
1771 5370 1913 5410 anno
1947 5356 2050 5411 8l7
2095 5356 2265 5415 fuisse

673 5420 909 5481 accisas,
969 5420 1119 5491 path
1177 5439 1243 5478 ex
1293 5424 1588 5479 constituto
1634 5424 1891 5482 Ludovici
1942 5426 2020 5483 Pii
2070 5430 2260 5486 eodem

671 5506 816 5571 anno
840 5491 1163 5571 Aquisgrani
1193 5495 1362 5571 edito,
1389 5495 1479 5549 ubi
1507 5499 1894 5552 monasterium
1922 5500 2164 5571 Campita
2206 5502 2261 5557 in

670 5563 990 5642 Alemannia
1018 5563 1194 5642 adhuc
1224 5566 1276 5618 hu
1299 5580 1489 5642 eorum
1516 5582 1741 5642 numero
1773 5563 2104 5642 recensetur,
2136 5588 2259 5642 qua:

673 5641 883 5688 tantum
932 5633 1072 5688 dona
1121 5635 1249 5688 dare
1296 5636 1494 5691 debent
1542 5638 1660 5693 sine
1718 5639 1928 5694 militia.
1975 5633 2259 5698 Constitu-

672 5712 787 5786 tu‘m
822 5704 1105 5786 ediderunt
1149 5702 1490 5786 S‘i‘rmpndus,
1518 5707 2107 5786 Co_r_ic.'Gall.'tom.__lI,
2133 5730 2255 5786 pag.

856 5775 1148 5855 Duchean
1181 5773 1378 5855 Script.
1425 5775 1552 5830 Rer.
1579 5778 1804 5855 grana,
1846 5791 1976 5836 tom.
2008 5781 2050 5855 I_I
2071 5773 2102 5847 ,γ
2132 5773 2255 5855 pag.

673 5839 809 5910 325;
862 5844 1146 5913 Baluzius,
1190 5839 1363 5917 Capit.
1413 5861 1526 5918 reg.
1579 5839 1802 5920 Franc.,
1848 5859 1975 5908 tom.
2026 5839 2084 5921 Ι,’

2393 3327 2826 3403 misericordiam
2853 3346 2954 3400 pro
2984 3330 3148 3387 nobis
3182 3331 3497 3388 exorandum
3520 3329 3689 3385 eosdem
3710 3334 3816 3381 sertos

2392 3420 2486 3477 Dei
2514 3423 2878 3493 promptiores
2911 3431 2966 3479 et
2993 3424 3301 3482 devotiores
3327 3424 3548 3487 facimus,
3578 3421 3649 3477 sed
3670 3414 3815 3488 eiusde!

2390 3513 2602 3569 Domini
2627 3530 2727 3585 pro
2752 3514 2857 3570 hoc
2886 3514 3030 3572 facto
3057 3516 3516 3574 clementissimum
3537 3516 3815 3586 pietatempm-

2390 3605 2706 3662 merendam
2752 3621 2873 3663 esse
2896 3608 3249 3667 conﬁdimus.
3298 3611 3456 3683 Igitur
3479 3607 3652 3666 noverit
3668 3601 3813 3659 omnia!

2390 3694 2623 3751 ﬁdelium
2646 3706 2980 3768 nostrorum,
3000 3708 3114 3756 tam
3135 3703 3471 3773 praesentium
3492 3714 3624 3772 quam
3639 3705 3679 3751 et
3692 3694 3815 3748 ΐυωιῡ·

2387 3804 2528 3856 rum,
2564 3790 2849 3858 industria,
2882 3792 3010 3865 quia
3042 3793 3393 3869 Marcoardus
3429 3789 3694 3850 venerabilis
3716 3783 3814 3839 abbas

2383 3882 2700 3938 monasterii
2730 3884 2873 3953 quod
2903 3884 2957 3939 in
2987 3884 3200 3943 honore
3226 3886 3509 3945 Salvatoris
3530 3881 3691 3939 Domini
3712 3872 3813 3931 nostri

2381 3971 2512 4028 Jesu
2549 3974 2755 4031 Christi
2801 3991 2831 4030 a
2868 3974 3043 4033 beata:
3085 3967 3371 4036 memoria;
3393 3993 3486 4034 avo
3508 3982 3656 4031 nostro
3675 3965 3813 4036 Pippin0

2381 4063 2773 4135 gloriosissimo
2820 4083 2948 4141 rege
2990 4070 3049 4126 iu
3072 4070 3363 4131 Arduenna
3410 4085 3535 4127 novo
3572 4079 3694 4136 oi)ere
3717 4068 3813 4125 ⁵⁸³9⁸³

2380 4153 2600 4211 ﬂuvium
2624 4157 2846 4215 Prumia
2885 4159 3171 4220 fundatum
3201 4167 3443 4231 habetur,
3477 4178 3580 4220 cum
3600 4150 3811 4231 quibam.

2377 4249 2660 4306 monachis
2685 4265 2752 4307 ex
2781 4250 3025 4322 ejusdem
3052 4258 3366 4314 monasterii
3410 4250 3737 4327 conng
3754 4254 3810 4296 ω’

2377 4346 2549 4393 stram
2600 4340 2734 4396 adiit
2768 4342 3182 4416 celsitudinem,
3222 4356 3379 4420 atque
3415 4343 3662 4403 clementiae
3688 4340 3810 4391 υσθυε

2375 4517 2511 4593 sse;
2549 4519 2920 4593 Mabillonius,
2962 4524 3161 4583 Annal.
3201 4526 3418 4593 Bened...
3458 4523 3541 4580 lib.
3565 4520 3807 4593 ιιγέξινμξ·

2295 4618 2347 4679 D
2548 4592 2835 4664 Bouquet.,
2878 4585 3082 4668 Script.
3123 4598 3252 4655 Rer.
3292 4585 3455 4666 Gall.,
3495 4604 3603 4650 tom.
3639 4585 3708 4648 Vl,
3733 4591 3806 4650 Μ’

2440 4731 2466 4770 ἀ
2507 4733 2637 4806 Leg.
2667 4734 3068 4805 Hirminmaris,
3097 4749 3191 4796 aut
3217 4739 3593 4795 Himinmam.

2446 4813 2469 4883 ξ
2505 4804 2729 4883 Indictio
2758 4818 2813 4863 et
2837 4824 3011 4883 annus
3039 4804 3167 4883 imp.
3192 4811 3486 4867 conciuunt.
3644 4870 3654 4883 ,

2446 4873 2467 4912 ί
2498 4859 3514 4952 ⁸ξιιι(ιὸεέἰοιὶίιιιᾞίιῖιιῖι’ἐπὶἸιὶίῑῐῖεῖιῆιῖῧῶἱέο
3532 4859 3804 4952 mannuli:

2370 4945 2532 5018 tharii
2582 4957 2851 5018 ereptum,
2901 4966 2965 5007 ac
3011 4953 3146 5008 solio
3195 4940 3504 5013 restitutum,
3530 4948 3614 5001 hoc
3650 4940 3803 5018 ιεωροςε

2367 5012 2694 5096 Αίιμίεενειρῑ
2732 5012 2942 5096 egisse.
2962 5023 3106 5096 haud
3133 5024 3361 5096 obscure
3397 5012 3626 5096 comatur
3660 5012 3802 5096 clm}:

2369 5066 2603 5161 Euan?
2629 5066 3493 5161 Thevggtnivde-“(acstng-u‘dovici
3507 5066 3625 5161 0Pii.
3650 5066 3801 5161 εξριηξδ

2367 5173 2519 5241 seqq.
2543 5158 2633 5241 Ait
2655 5142 3559 5241 enimutrumque—ibide-Insanctuni
3576 5142 3723 5241 Pasti?

2366 5223 2501 5284 mihi
2544 5230 2866 5308 celebrasse,
2890 5249 2972 5308 _ac
3006 5223 3395 5308 imperatorem
3412 5233 3573 5308 eodem
3604 5223 3797 5308 gusti“

2366 5312 2448 5357 est
2473 5316 2647 5357 annus
2677 5304 2827 5373 rcgni
2854 5291 2970 5373 ejus
2996 5291 3359 5373 ﬂlfomnibus
3385 5294 3694 5372 indulgentiam
3714 5291 3798 5355 pl?

2365 5373 2568 5444 stitisse
2595 5375 2686 5444 qui
2712 5389 2836 5429 cum
2861 5379 3030 5432 coacti
3056 5377 3394 5444 reliquerunt.

2394 5460 2397 5463 -
2440 5447 2465 5484 ε
2489 5430 2752 5499 Obsérvat
2777 5430 3115 5503 Mabillonius
3140 5430 3325 5503 sane
3352 5442 3567 5514 diploma
3605 5430 3791 5514 ιιι»,φῇ

2364 5514 2416 5578 5,
2454 5493 2525 5569 ηῖ

2362 5600 2514 5681 sugg-1]
2556 5586 2609 5681 in
2647 5578 3789 5681 thnonuiit_‘restituti‘onetudﬁﬁiﬂ‘ﬂ‘nﬂgﬁ

2360 5655 2639 5752 οςτιειιιεηιε
2665 5656 2746 5739 vel
2765 5644 3191 5752 ιζνορίιίαῖτέὲνέη
3215 5644 3788 5752 διιιθὶὲῗὲέέῗὲἷῖ⁰ξῖᾚὲἐ

2360 5675 2639 5711 oramame
2665 5675 2746 5711 vel
2810 5675 3105 5729 ropmante,
3132 5675 3191 5714 ut
3215 5675 3363 5723 ante;
3400 5675 3482 5734 seu
3501 5675 3748 5733 Ῑεμιυγιιηιυπ

2357 5736 2420 5851 ἔῃ
2463 5737 2585 5851 ικῖιθ
2632 5728 2722 5799 qui
2764 5675 2930 5785 Betim
2969 5731 3070 5790 sibi
3106 5732 3295 5804 iterum
3339 5732 3586 5799 propitium
3619 5710 3748 5778 ειρθτι

2383 5812 2511 5851 uera
2540 5837 2556 5851 .
3240 5828 3249 5833 .

2383 5804 2556 5856 uerat.
3240 5828 3249 5833 -
