4050 6340
261 244 408 301 1219

1407 229 1805 290 DlPLOMATA
1841 225 2400 286 ECCLESIASTICA.

3400 235 3538 292 1250

252 355 526 416 indicavit
574 352 806 424 qualiter
846 350 1129 407 Batericus
1172 346 1438 404 vassallus
1487 355 1690 407 uoster,
1724 347 1853 400 dum
1878 345 1934 407 Α
1957 342 2225 413 suggessit
2253 340 2653 397 mansuetudini
2683 349 2882 397 nostrae
2923 343 2990 400 de
3031 346 3283 418 episcopo
3329 363 3538 406 memoo

251 450 316 508 in
363 454 665 506 memorato
701 445 1032 500 monasterio
1073 441 1373 498 monastice
1409 439 1608 510 degere
1644 438 1848 494 delibe-

248 549 458 604 rasset,
491 535 780 608 quamdam
808 535 992 590 villam
1029 535 1111 590 sui
1142 533 1301 602 juris,
1336 548 1500 603 quam
1539 533 1848 603 nuperrime

253 649 290 691 ι
341 642 530 690 nostra
583 630 867 702 largitione
916 628 972 682 in
1012 627 1289 698 proprium
1337 633 1672 696 perceperat,
1725 639 1848 695 quae

250 734 490 784 vocatur
516 720 1133 791 Madalbodi-Sperarius
1175 718 1401 774 solemni
1439 733 1588 775 more
1634 731 1733 787 per
1768 727 1848 773 te-

251 822 592 874 stamentum
643 812 948 869 donationis
997 827 1162 867 manu
1211 827 1306 866 sua
1351 819 1406 866 et
1435 811 1677 866 virorum
1727 810 1846 865 illu-

251 909 459 964 strium
496 905 746 962 manibus
785 906 1101 960 roboratum
1130 904 1305 960 eidem
1345 902 1680 959 monasterio
1709 902 1849 959 dele-

250 1008 462 1070 gasset.
507 995 643 1052 Nam
680 1004 739 1050 ut
768 997 925 1052 nobis
954 996 1030 1051 ita
1063 995 1266 1051 factum
1304 996 1574 1052 exstitisse
1602 1004 1848 1067 patesce-

253 1096 368 1154 ret,
406 1087 720 1144 obtulerunt
755 1087 1055 1158 praesentiae
1093 1098 1295 1143 nostrae
1321 1087 1623 1158 largitionis
1659 1095 1848 1142 aucto-

252 1181 498 1247 ritatem,
545 1195 644 1251 per
684 1194 847 1250 quam
891 1178 1079 1233 eadem
1104 1178 1232 1233 villa
1271 1187 1572 1234 memorato
1599 1179 1847 1235 Baterico

251 1275 317 1332 in
357 1273 634 1346 proprium
672 1287 704 1326 a
737 1271 890 1326 nobis
930 1286 1187 1327 concessa
1224 1270 1423 1337 fuerat,
1456 1279 1510 1325 et
1552 1277 1846 1326 testamen-

252 1375 380 1422 tum
429 1364 739 1421 donationis
791 1373 954 1433 atque
1005 1363 1332 1429 traditionis,
1375 1380 1474 1434 per
1517 1365 1660 1434 quod
1705 1366 1847 1421 hanc

253 1458 509 1515 eamdem
555 1457 737 1512 villam
781 1457 908 1511 dum
955 1458 1310 1513 monasticam
1345 1467 1624 1529 expeteret
1651 1460 1844 1528 vitam,

250 1549 578 1620 praescripto
615 1548 945 1604 monasterio
983 1557 1039 1604 et
1063 1549 1346 1610 monachis
1379 1551 1512 1608 inibi
1543 1553 1846 1609 consisten-

252 1639 405 1694 tibus
452 1639 759 1710 delegavit,
811 1640 1078 1709 simulque
1129 1642 1405 1710 petierunt
1452 1658 1518 1698 ac
1566 1643 1844 1715 deprecati

1948 443 2082 490 ratae
2111 434 2262 490 urbis
2283 433 2394 504 jam
2424 434 2551 489 olim
2577 435 2680 490 sibi
2706 450 2736 488 a
2779 436 2936 491 nobis
2963 439 3030 493 ad
3074 438 3296 509 plebem‘
3321 443 3535 500 Domini

1949 526 2122 579 nostri
2148 523 2275 580 Jesu
2304 524 2507 580 Christi
2541 526 2831 596 regendam
2857 529 3166 592 commisso,
3207 534 3350 602 quod
3381 535 3536 592 valde

1948 630 2072 670 eum
2104 616 2430 671 intrinsecus
2469 625 2524 670 et
2545 617 2884 673 extrinsecus
2922 626 3030 673 tam
3067 620 3120 674 in
3156 623 3350 679 divinis
3378 627 3537 682 obse-

1949 708 2092 780 quiis
2111 723 2273 778 quam
2304 709 2358 763 in
2383 711 2634 764 humanis
2656 709 2843 766 olliciis
2870 719 2924 766 et
2956 712 3295 782 ministeriis,
3331 726 3440 774 tam
3474 720 3531 776 in

1948 800 2333 855 canonicorum
2365 801 2793 856 institutionibus
2823 813 3133 875 sanctaaque
3169 808 3292 863 vitae
3334 811 3535 882 regulis

1947 908 2111 964 quam
2142 894 2196 948 in
2220 894 2465 950 aediﬁciis
2491 895 2721 966 aliisque
2762 898 2926 954 rebus
2955 900 3300 967 necessariis,
3336 905 3534 973 partim

1949 995 2223 1042 rectorum
2255 988 2482 1051 incuria,
2529 990 2729 1060 partim
2757 1006 2889 1047 vero
2935 994 3346 1062 praepositorum
3379 996 3533 1068 igna-

1948 1079 2056 1145 via,
2085 1080 2404 1136 destitutum
2433 1089 2489 1136 et
2510 1081 2655 1136 nullo
2684 1097 2822 1152 pene
2851 1093 3014 1138 recta:
3041 1085 3402 1142 ordinationis
3425 1096 3529 1144 tra-

1949 1171 2082 1226 mite
2110 1172 2491 1242 prmmunitum
2522 1173 2809 1239 invenerit,
2837 1175 2933 1230 sed
2959 1183 3015 1230 et
3046 1185 3256 1243 sancto,
3285 1188 3340 1233 ut
3371 1193 3534 1249 opor-

1949 1267 2118 1332 tebat,
2147 1265 2296 1336 justo
2318 1284 2621 1340 magnoque
2646 1270 2849 1337 labore,
2878 1272 3104 1326 summis
3130 1272 3353 1339 viribus,
3378 1282 3541 1343 prout

1949 1357 2211 1413 Dominus
2248 1374 2408 1429 posse
2438 1360 2566 1414 dare
2596 1361 2848 1430 dignatus
2883 1370 2987 1424 est,
3033 1370 3087 1416 et
3128 1363 3331 1433 ingenti
3359 1363 3536 1418 studio

1947 1450 2016 1505 ad
2042 1450 2380 1504 rectitudinis
2409 1451 2730 1521 decorisque
2769 1467 3016 1506 normam
3050 1455 3345 1522 perducere
3373 1468 3529 1508 cura-

1946 1539 2104 1604 verit,
2131 1547 2186 1594 et
2210 1539 2594 1595 canonicorum
2629 1541 2800 1594 vitam
2849 1542 3048 1596 ibidem
3089 1541 3319 1599 Domino
3357 1541 3532 1599 famu-

1947 1627 2174 1683 lantium
2201 1630 2255 1684 in
2285 1629 2563 1684 canonicis
2591 1630 3019 1686 institutionibus
3041 1632 3401 1703 humanzeque
3420 1632 3535 1688 fra-

252 1740 391 1786 sunt
425 1744 542 1795 nos,
587 1737 648 1784 ut
674 1738 900 1800 propter
937 1732 1417 1803 tergiversationes
1455 1735 1844 1794 malevolorum
1871 1735 1920 1795 Β
1948 1720 2141 1791 gilitati
2175 1720 2458 1789 stipendiis
2478 1722 2824 1788 necessariis,
2858 1731 3024 1793 atque
3053 1724 3392 1780 diversarum
3422 1739 3540 1796 spe-

171 1839 176 1841 -
250 1836 425 1893 super
477 1822 697 1878 easdem
759 1825 1192 1894 conscriptiones
1252 1835 1456 1884 nostrae
1503 1831 1847 1889 auctoritatis

250 1925 582 1988 pmceptum
609 1917 884 1974 ﬁrmitatis
909 1920 1082 1990 gratia
1106 1919 1224 1975 ﬁeri
1240 1919 1573 1990 juberemus.
1603 1923 1846 1993 Quorum

252 2009 502 2079 petitioni
547 2019 850 2066 annuentes
896 2011 1038 2067 hanc
1078 2021 1280 2068 nostrae
1323 2016 1666 2072 auctoritatis
1709 2033 1846 2088 prae-

251 2101 564 2171 ceptionem
611 2110 914 2158 memorato
942 2102 1265 2161 Marcuardo
1301 2108 1598 2163 venerabili
1635 2109 1844 2177 abbati,

253 2193 342 2250 vel
379 2194 447 2250 ad
483 2203 693 2266 partem
724 2193 839 2264 jam
875 2196 1006 2252 dicti
1047 2199 1364 2254 monasterii
1407 2200 1492 2255 sui
1532 2199 1649 2255 ﬁeri
1678 2200 1846 2270 jussi-

252 2303 396 2350 mus,
428 2302 526 2358 per
549 2302 711 2356 quam
735 2288 1078 2344 decernimus
1103 2297 1266 2361 atque
1295 2289 1551 2359 jubemus
1582 2302 1644 2348 ut
1667 2294 1847 2352 nullus

254 2378 496 2434 ﬁdelium
520 2388 828 2436 nostrorum
853 2381 919 2435 de
944 2381 1202 2450 prtedicta
1232 2381 1355 2437 villa
1381 2385 1850 2442 memorato'Mar-

251 2469 460 2526 cuardo
481 2478 574 2525 aut
597 2471 1004 2526 successoribus
1031 2471 1149 2542 ejus
1184 2472 1295 2528 ullo
1325 2490 1565 2545 unquam
1598 2485 1848 2549 tempore

253 2561 683 2632 inquietudinem
741 2561 960 2628 facere,
1007 2572 1104 2617 aut
1136 2565 1457 2634 'quamlihet
1517 2567 1846 2624 calumniam

255 2649 501 2720 ingerere
543 2659 873 2720 praesumat:
919 2652 1014 2706 sed
1054 2653 1134 2707 sic
1174 2669 1293 2708 eam
1336 2664 1593 2726 perpetua
1635 2673 1848 2728 posses-

251 2740 406 2795 sione
430 2755 558 2809 pars
585 2739 698 2808 jam
736 2741 866 2796 dicti
901 2745 1217 2799 monasterii
1257 2747 1556 2816 possideat,
1585 2750 1846 2819 quemad-

253 2829 476 2884 modum
531 2845 564 2883 a
612 2831 768 2886 nobis
816 2843 1114 2889 memorato
1157 2835 1422 2893 Baderico
1467 2839 1520 2894 in
1565 2843 1845 2911 proprium

254 2934 515 2978 concessa
556 2920 640 2974 vel
689 2923 884 2978 tradita
931 2923 1074 2990 fuit,
1136 2925 1222 2980 vel
1271 2930 1726 2996 quemadmodum
1775 2933 1844 2988 ab

253 3011 446 3066 eodem
485 3010 745 3067 Baderico
787 3028 886 3083 per
935 3022 1318 3072 testamentum
1377 3033 1488 3074 suae
1537 3022 1842 3078 traditionis

1949 1814 2157 1868 cierum
2186 1813 2508 1868 habitaculis
2530 1821 2585 1868 et
2614 1815 2869 1870 claustris
2898 1817 3141 1886 apprime
3165 1820 3535 1886 exornaverit,

1949 1913 2008 1958 ut
2030 1904 2083 1958 in
2111 1913 2388 1973 posterum
2418 1921 2608 1960 eorum
2651 1907 2767 1962 vita
2799 1908 2852 1962 in
2876 1909 3022 1964 nullo
3065 1911 3361 1977 decideret,
3399 1928 3536 1968 non-

1947 1996 2110 2052 nullis
2136 2005 2447 2053 memorata:
2480 1999 2625 2054 sedis
2653 1999 2794 2054 villis
2818 2009 2875 2056 et
2905 2002 3067 2057 rebus
3103 2002 3420 2070 sulfulserit,
3447 2005 3538 2060 tri-

1947 2086 2163 2142 buendo
2191 2087 2399 2143 scilicet
2445 2088 2551 2143 illis
2586 2089 2643 2144 in
2685 2091 2918 2146 circuitu
2965 2107 3248 2148 murorum
3294 2093 3536 2162 ejusdem

1947 2177 2183 2232 civitatis
2222 2178 2462 2235 colonias
2491 2180 2645 2246 duas,
2677 2189 2733 2235 et
2766 2183 2821 2236 in
2860 2183 3050 2237 eodem
3094 2199 3233 2256 pago
3273 2184 3527 2257 Lingonio

1947 2283 2069 2322 eam
2092 2268 2275 2323 villam
2297 2278 2544 2325 vocatam
2570 2270 2958 2328 Marcilliacum
2975 2289 3097 2328 cum
3119 2275 3350 2331 ecclesia
3365 2285 3421 2332 et
3440 2292 3534 2348 ap-

1946 2362 2215 2432 pendiciis
2244 2364 2392 2429 suis;
2442 2373 2498 2419 et
2525 2368 2718 2422 eodem
2746 2382 2906 2438 pago,
2942 2368 3126 2423 villam
3166 2379 3534 2442 nuncupatam

1946 2454 2350 2510 Hurbaniacum
2386 2466 2864 2529 quantumcunque
2892 2460 2958 2514 de
2979 2458 3105 2527 jure
3145 2462 3323 2516 sancti
3367 2461 3535 2520 Mam-

1948 2538 2110 2603 metis
2140 2548 2194 2602 in
2223 2549 2413 2603 eadem
2435 2535 2566 2602 'villa
2603 2565 2726 2606 esse
2756 2551 3111 2621 dignoscitur,
3143 2567 3354 2609 necnon
3385 2563 3439 2609 et
3469 2555 3537 2609 il-

1947 2640 2039 2696 lud
2062 2641 2206 2711 quod
2235 2626 2472 2696 exterius
2516 2657 2635 2697 esse
2666 2645 3015 2715 cognoscitur
3059 2647 3127 2702 ad
3168 2649 3414 2704 eamdem
3438 2649 3539 2704 vil-

1946 2731 2054 2786 lam
2083 2731 2384 2802 pertinens,
2429 2733 2670 2804 exceptis
2711 2734 2796 2788 his
2838 2736 3001 2790 rebus
3039 2751 3158 2805 quae
3183 2738 3283 2793 sub
3307 2736 3432 2807 jure
3475 2755 3538 2796 ac

1946 2831 2213 2894 potestate
2257 2833 2568 2882 sanctorum
2608 2827 2881 2883 Amatoris
2919 2837 2975 2884 et
3003 2828 3244 2886 Ferreoli
3266 2847 3389 2888 esse
3415 2849 3538 2890 nos-

1945 2925 2172 2982 cuntur;
2198 2919 2446 2974 similiter
2475 2922 2531 2974 in
2559 2922 2746 2977 eodem
2787 2938 2923 2993 pago
2964 2926 3018 2979 in
3066 2924 3184 2980 loco
3213 2925 3305 2998 qui
3334 2926 3533 2981 dicitur

1944 3006 2238 3063 Radalenis
2262 3024 2421 3080 pons,
2455 3011 2694 3066 colonias
2725 3011 3009 3069 duodecim
3040 3030 3161 3069 cum
3190 3015 3442 3070 omnibus
3466 3015 3535 3070 ad

252 3103 430 3158 eidem
460 3106 793 3161 monasterio
820 3107 1064 3177 delegata
1095 3108 1215 3175 fuit,
1241 3110 1510 3182 liceatque
1536 3125 1840 3172 memorato

1944 3099 2162 3155 easdem
2219 3101 2461 3156 colonias
2509 3104 2909 3172 pertinentibus
2959 3105 3228 3176 simulque
3284 3123 3405 3162 cum
3445 3122 3535 3162 ca-

254 3194 573 3252 Marcuardo
608 3198 905 3252 venerabili
953 3199 1131 3253 abbati
1179 3208 1232 3256 et
1277 3206 1684 3261 successoribus
1723 3205 1840 3275 ejus

254 3292 416 3356 atque
453 3287 734 3342 monachis
768 3288 824 3342 in
861 3289 1050 3344 eodem
1087 3293 1417 3349 monasterio
1456 3310 1555 3365 per
1595 3306 1839 3369 tempora

254 3373 609 3446 degentibus,
670 3377 736 3433 de
783 3379 973 3433 eadem
1022 3380 1106 3435 vel
1149 3381 1202 3435 in
1227 3384 1440 3438 eadem
1488 3386 1613 3441 villa
1660 3387 1839 3448 facere

254 3467 514 3538 quidquid
575 3484 807 3524 censura
874 3471 1173 3526 monastica
1221 3471 1528 3530 faciendum
1587 3494 1706 3534 esse
1746 3481 1838 3538 de-

253 3560 506 3614 creverit.
538 3560 604 3614 Et
630 3569 689 3615 ut
715 3561 830 3617 haac
852 3571 1052 3618 nostra:
1080 3564 1511 3624 conﬁrmationis
1539 3574 1838 3630 auctoritas

249 3660 568 3722 perpetuam
613 3652 857 3708 obtineat
903 3654 1241 3723 ﬁrmitatem,
1291 3659 1358 3715 de
1402 3661 1603 3718 annulo
1651 3677 1838 3724 nostro

251 3741 442 3798 subter
465 3757 585 3797 eam
610 3742 872 3813 jussimus
902 3745 1163 3816 sigillare.

326 3824 549 3904 Signum
576 3833 832 3890 Ludovici
867 3837 1200 3892 serenissimi
1227 3838 1478 3909 Augusti.

323 3927 459 3982 Data
482 3944 581 3983 xm
612 3927 730 3982 Kal.
755 3927 1003 3999 Augusti,
1033 3945 1196 3996 anno,
1227 3931 1447 3990 Christo
1477 3938 1735 4007 propitio,
1766 3940 1831 3996 21

253 4021 464 4090 imperii
502 4022 683 4076 domni
712 4020 968 4077 Ludovici
1005 4010 1234 4092 piissimi
1261 4024 1512 4096 Augusti,
1542 4031 1838 4090 indictione

253 4113 340 4166 12.
369 4113 558 4168 Actum
587 4113 1018 4169 Theodonisvilla
1061 4115 1259 4184 palatio
1298 4118 1447 4189 regio
1507 4120 1561 4176 in
1592 4123 1686 4179 Dei
1735 4141 1839 4183 no.4

252 4206 397 4260 mine
426 4204 672 4261 feliciter.
711 4204 906 4261 Amen.

929 4288 1156 4353 CXCIII.

517 4403 618 4445 ριιο
650 4403 910 4446 Αωιςιιιοο
947 4403 1257 4446 ιιΝοοΝεΝει
1295 4405 1563 4448 εριεοορο.

840 4482 858 4554 (
881 4483 1031 4538 Anno
1065 4483 1189 4539 854.
1215 4484 1235 4557 )

250 4577 352 4652 [Ex
383 4575 560 4632 Gallia
587 4577 912 4640 Christiana,
963 4584 1094 4631 tom.
1135 4577 1226 4645 IV,
1279 4596 1404 4652 pag.
1457 4582 1592 4650 150,
1647 4585 1830 4660 prob.]

317 4669 376 4725 In
417 4670 634 4725 nomine
665 4669 878 4724 Domini
923 4670 1017 4724 Dei
1057 4679 1113 4725 et
1155 4670 1454 4730 Salvatoris
1501 4677 1674 4732 nostri
1705 4677 1832 4736 Jesu

247 4763 470 4829 Christi,
507 4763 837 4826 Ludovicus,
869 4762 1053 4818 divina
1103 4767 1490 4836 repropitiante
1521 4768 1826 4840 clementia,

246 4858 541 4928 imperator
569 4856 862 4928 Augustus.

318 4947 375 5003 Si
407 4949 745 5003 sacerdotmn
777 4964 840 5003 ac
869 4964 1150 5006 servorum
1194 4952 1289 5009 Dei
1322 4953 1484 5024 justis
1510 4965 1564 5013 et
1590 4959 1830 5016 rationa-

246 5037 444 5093 bilibus
466 5038 815 5108 petitionibus
841 5040 910 5094 ad
931 5039 1180 5096 cll‘ectum
1209 5044 1578 5114 perducimus,
1609 5066 1714 5105 non
1743 5067 1830 5108 so-

247 5131 357 5186 lum
388 5129 591 5201 regiam
640 5138 698 5184 et
742 5131 1145 5200 imperatoriam
1175 5149 1494 5194 exercemus
1539 5152 1831 5198 consuetu-

239 5225 449 5302 dinem,
493 5225 588 5281 sed
617 5224 779 5280 etiam
823 5226 1040 5282 eosdem
1069 5244 1168 5298 pro
1196 5231 1510 5288 excessibus
1537 5236 1738 5292 nostris
1763 5238 1831 5293 ad

249 5316 491 5386 Domini
529 5318 960 5374 miscricordiam
1032 5323 1361 5379 exorandam
1403 5324 1709 5384 devotiores
1778 5337 1834 5388 et

248 5413 605 5484 promptiores
634 5412 878 5469 facimus.
918 5412 1083 5484 Igitur
1127 5416 1376 5472 omnibus
1419 5418 1668 5476 ﬁdelibus
1706 5439 1832 5479 san-

251 5513 349 5561 ctze
375 5504 469 5559 Dei
503 5503 755 5559 Ecclesia:
778 5513 832 5560 et
860 5506 1080 5570 nostris,
1128 5508 1488 5575 praesentibus
1530 5510 1736 5567 scilicet
1777 5522 1832 5568 et

250 5597 467 5664 futuris,
501 5607 687 5654 notum
721 5599 792 5653 sit
829 5599 954 5669 quia
981 5598 1264 5656 Albericus
1285 5601 1605 5656 venerabilis
1635 5603 1830 5675 Lingo-

248 5691 384 5748 nica
406 5683 572 5747 urbis
605 5689 888 5762 episc0pus
931 5700 1174 5772 nostram
1223 5693 1408 5749 adiens
1453 5693 1828 5754 celsitudinem

1943 3190 2115 3262 pelia;
2147 3199 2200 3246 et
2241 3191 2296 3245 in
2337 3193 2527 3247 eodem
2579 3209 2717 3266 pago
2751 3195 2937 3250 villam
2978 3213 3098 3268 qua:
3140 3197 3340 3254 dicitur
3368 3197 3536 3254 curtis

1943 3280 2212 3354 Gregorii,
2246 3285 2348 3339 sub
2389 3284 2537 3339 omni
2566 3285 2882 3357 integritate
2921 3304 3051 3355 sua;
3096 3298 3151 3344 et
3199 3290 3252 3344 in
3302 3288 3535 3344 Cidden-

1942 3389 2080 3430 naco
2103 3374 2369 3430 coloniam
2401 3392 2593 3444 unam;
2624 3388 2679 3434 et
2705 3379 2760 3433 in
2787 3380 2976 3436 eodem
3005 3397 3143 3452 pago
3183 3381 3239 3435 in
3263 3381 3535 3437 nonnullis

1940 3466 2093 3531 locis,
2126 3467 2254 3523 illud
2278 3470 2424 3540 quod
2449 3470 2656 3526 nobiles
2676 3487 2922 3540 persona:
2951 3473 3017 3527 ad
3033 3489 3274 3528 mensam
3305 3473 3532 3530 clerico-

1942 3575 2064 3614 rum
2109 3559 2336 3617 solemni
2366 3561 2654 3617 donatione
2697 3563 3069 3629 contulerant;
3103 3580 3204 3619 nec
3240 3580 3348 3620 non
3382 3572 3438 3619 et
3468 3564 3533 3618 il-

1941 3650 2049 3704 lam
2073 3652 2338 3708 coloniam
2361 3669 2481 3722 quaa
2509 3662 2592 3709 est
2631 3654 2684 3708 in
2717 3653 2987 3708 Primiaco
3010 3654 3135 3708 villa
3174 3669 3296 3708 cum
3322 3654 3528 3722 vineis;

1940 3750 1997 3797 et
2032 3742 2086 3796 in
2117 3758 2255 3812 pago
2284 3743 2630 3807 Boloniense,
2664 3744 2720 3800 in
2752 3743 2876 3797 villa
2900 3753 3091 3799 vocata
3123 3743 3386 3808 Helnone,
3413 3751 3525 3800 tam

1940 3833 2170 3888 interius
2195 3849 2357 3902 quam
2378 3835 2618 3890 exterius
2636 3835 2874 3890 colonias
2895 3852 3022 3901 sex;
3053 3846 3107 3890 et
3128 3837 3182 3891 in
3206 3851 3347 3908 pago
3365 3838 3531 3894 Atoa-

1942 3925 2145 3980 riorum
2176 3931 2232 3980 et
2257 3925 2604 3991 Divionense,
2632 3927 2819 3995 utique
2847 3927 2902 3981 in
2931 3928 3066 3984 locis
3107 3944 3228 3997 quae
3274 3929 3529 3986 dicuntur

1943 4014 2296 4082 Sueconicus,
2327 4016 2680 4093 Brigendonis
2699 4027 2865 4087 atque
2902 4018 3097 4085 Salcis,
3127 4029 3530 4090 quantumcun-

1941 4121 2048 4176 que
2077 4106 2132 4160 in
2171 4107 2375 4162 eisdem
2405 4107 2540 4163 locis
2580 4107 2855 4164 Fluviolus
2882 4109 3102 4165 colonus
3133 4112 3304 4168 sancti
3344 4111 3530 4168 Mamae

1939 4198 2091 4252 visus
2120 4196 2282 4252 fuerit
2310 4199 2620 4269 possidere;
2659 4209 2714 4255 et
2744 4201 2797 4255 in
2841 4189 2977 4273 pago
3010 4202 3296 4269 Belnense,
3325 4206 3377 4258 in
3401 4205 3529 4260 villa

1940 4289 2212 4357 Givriaco,
2242 4293 2526 4347 ecclesiam
2551 4309 2675 4348 cum
2700 4294 2926 4350 coloniis
2955 4296 3244 4363 tredecim;
3272 4306 3326 4353 et
3356 4299 3409 4353 in
3433 4313 3529 4354 eo-

1941 4383 2062 4436 dem
2088 4397 2225 4454 pago
2253 4385 2307 4437 in
2332 4384 2457 4439 villa
2497 4399 2615 4453 quae
2639 4395 2869 4441 vocatur
2894 4385 3393 4454 Godoleni-Curtis,
3436 4406 3529 4446 co-

1857 4463 1913 4525 D
1938 4472 2110 4528 lonias
2139 4483 2346 4544 septem
2369 4491 2492 4531 cum
2523 4477 2776 4534 omnibus
2803 4479 2869 4534 ad
2905 4495 2998 4535 eas
3025 4482 3450 4549 pertinentibus;
3476 4490 3530 4540 et

1938 4567 1994 4620 in
2034 4575 2258 4622 centena
2288 4566 2648 4633 Hoscarineze,
2695 4570 2749 4624 in
2784 4571 2908 4625 villa
2940 4571 3192 4639 Fisemis,
3241 4574 3527 4630 ecclesiam

1937 4664 1991 4711 et
2023 4657 2262 4713 colonias
2281 4673 2473 4714 novem
2503 4675 2625 4715 cum
2648 4661 2899 4716 omnibus
2930 4664 2998 4717 ad
3027 4665 3245 4719 easdem
3275 4666 3520 4722 colonias

1934 4751 2349 4820 pertinentibus,
2380 4760 2435 4808 et
2463 4753 2678 4808 vineam
2723 4769 2843 4824 quae
2892 4767 3121 4811 vocatur
3147 4757 3406 4825 Plantas;
3467 4768 3524 4816 et

1935 4843 1989 4896 in
2019 4844 2208 4898 eadem
2230 4853 2475 4910 centena,
2499 4845 2553 4898 in
2585 4845 2701 4900 loco
2738 4844 3012 4916 Spernaco
3031 4850 3298 4904 coloniam
3324 4867 3522 4907 unam:

1933 4934 2130 4990 obnixe
2177 4945 2418 4991 nostram
2463 4936 2827 5006 imperatoria:
2876 4937 3179 5006 majestatis
3227 4942 3524 5012 deprecans

1933 5027 2312 5083 excellentiam
2351 5036 2410 5082 ut
2448 5043 2601 5083 suam
2634 5029 2943 5086 nullatenus
2971 5032 3384 5101 improbandam
3410 5035 3522 5093 dis-

1931 5121 2257 5192 positionem
2284 5130 2446 5193 atque
2487 5122 2882 5179 ordinationem
2931 5133 3130 5180 nostrse
3179 5129 3521 5185 auctoritatis

1934 5214 2232 5270 munimine
2262 5213 2596 5281 fulciremus,
2639 5224 2804 5286 atque
2843 5223 2903 5270 ut
2941 5217 3194 5288 deinceps
3229 5218 3385 5275 ﬁrma
3426 5237 3522 5292 pe-

1934 5306 2193 5362 rennibus
2220 5306 2426 5362 valeret
2465 5308 2820 5378 temporibus,
2851 5309 3112 5366 roborare
3144 5312 3514 5382 dignaremur.

1938 5395 2104 5465 Cujus
2133 5397 2634 5466 supplicationibus,
2665 5399 2789 5467 quia
2811 5397 3004 5469 dignas
3021 5398 3399 5470 judicavimus,
3429 5421 3521 5459 an-

1937 5505 2105 5546 nuere
2143 5490 2366 5560 placuit,
2394 5498 2448 5543 et
2471 5491 2747 5560 quidquid,
2774 5498 2832 5545 ut
2856 5492 3172 5561 praedictum
3199 5503 3302 5557 est,
3326 5504 3516 5564 postu-

1937 5582 2085 5648 lavit,
2115 5582 2183 5637 ad
2207 5581 2456 5636 allectum
2482 5581 2781 5651 perducere
2823 5597 2930 5637 non
2960 5582 3313 5658 incongruum
3353 5585 3512 5658 duxi-

1937 5693 2077 5732 mus.
2124 5675 2357 5732 Proinde
2405 5676 2503 5731 bos
2538 5683 2738 5730 nostra:
2777 5677 3117 5732 auctoritatis
3157 5653 3357 5745 apices,
3387 5692 3516 5751 erga
