4050 6340
243 287 384 350 1255

1383 280 1775 345 DlPLOMATA
1818 276 2370 341 ECCLESIASTICA.

3361 280 3504 349 ιεειι

245 419 371 461 cum
407 400 689 473 mancipiis
725 408 779 458 et
809 403 1059 459 omnibus
1086 397 1153 459 ad
1181 416 1238 458 se
1270 403 1667 475 pertinentibus
1691 444 1704 464 ,
1744 401 1829 455 vel
1856 401 1908 461 Α
1935 398 2008 452 tia
2055 399 2164 453 illic
2209 397 2585 464 consistentes,
2631 412 2732 468 pro
2758 396 2914 456 nobis
2935 442 2949 466 ,
2980 386 3208 474 eorrjuge
3251 412 3316 460 ac
3351 403 3506 475 prole

244 502 723 565 quantumcunque
768 494 821 548 in
872 495 1057 550 eodem
1105 509 1241 563 pago
1286 495 1429 564 juste
1472 501 1527 549 et
1582 494 1826 563 legaliter

234 585 363 658 jure
392 587 767 659 aproprietario
814 589 961 645 visus
1018 588 1118 643 fuit
1156 589 1375 644 habere.
1420 587 1524 644 Sed
1570 589 1826 658 quoniam

241 686 579 734 memoratus
606 694 819 744 comes,
861 674 1183 735 Warnarius
1214 681 1450 745 nomine,
1489 682 1703 735 easdem
1738 688 1825 737 res

238 785 313 825 ex
351 774 507 840 parte
545 786 667 825 cum
714 788 881 827 uxore
932 774 1192 843 ingenua,
1231 773 1446 827 numine
1489 766 1822 839 ilcidisnota,

237 856 444 932 illaque
479 860 765 930 defuncta,
804 870 1086 934 postquam
1126 864 1377 918 ancillam
1417 872 1682 928 nostram,
1722 874 1822 918 no-

236 958 390 1012 mine
416 954 708 1021 Beltildim,
747 956 849 1013 sibi
880 959 1201 1023 sociaverat,
1223 973 1289 1012 ex
1320 964 1472 1028 parte
1497 972 1618 1011 cum
1643 972 1706 1010 ea
1728 971 1822 1010 ac-

235 1046 567 1118 quisiverat;
594 1054 840 1104 metuens
875 1064 942 1103 ne
965 1047 1228 1104 connexio
1256 1046 1495 1115 ejusdem
1524 1046 1731 1102 ancilla:
1756 1046 1823 1101 de

234 1136 443 1197 eisdem
487 1140 647 1197 rebus
681 1142 782 1197 sibi
816 1142 1015 1212 aliquid
1045 1141 1446 1198 contrarietatis
1474 1140 1675 1196 inferre
1698 1155 1823 1211 pos-

236 1236 345 1296 ‘set,
370 1236 610 1286 nostram
649 1226 925 1286 humiliter
971 1233 1228 1303 expetivit
1268 1231 1718 1293 misericordiam,
1762 1237 1823 1283 ut

236 1330 482 1379 nostram
517 1323 895 1379 auctoritatem
926 1338 1089 1394 super
1118 1325 1219 1378 hac
1248 1339 1306 1377 re
1329 1323 1608 1393 percipere
1644 1332 1819 1376 mere-

235 1423 412 1479 retur,
463 1422 562 1486 per
604 1428 766 1484 quam
807 1416 1010 1487 absque
1055 1412 1340 1484 cujuslibet
1396 1414 1822 1470 contradictione

234 1496 557 1574 saépe'dictas
590 1519 680 1562 res
708 1513 764 1562 et
792 1500 1057 1577 mancipia
1091 1514 1329 1564 rectores
1361 1504 1600 1579 ejusdem
1636 1522 1822 1562 mona-

231 1598 392 1652 sterii
413 1599 797 1669 perpetualiter
815 1600 1092 1670 possidere
1107 1600 1342 1655 valeant.
1371 1599 1534 1669 Cujus
1552 1594 1817 1672 petitioni,

231 1687 363 1756 quia
396 1687 612 1757 dignam
648 1689 1035 1760 judicavimus,
1078 1691 1147 1745 ob
1176 1690 1416 1746 divinum
1452 1707 1693 1767 amorem
1726 1708 1822 1747 an-

232 1782 407 1831 nuere
431 1770 605 1843 libuit,
649 1786 705 1833 et
744 1780 882 1834 hanc
921 1788 1120 1836 nostra
1156 1781 1492 1836 auctoritatis
1531 1762 1820 1837 contirma-
1846 1762 1895 1823 Β

233 1868 440 1924 tionem
471 1867 624 1936 fieri;
656 1878 753 1941 per
792 1880 956 1941 quam
991 1870 1332 1927 decernimus
1374 1874 1536 1941 atque
1566 1870 1819 1940 jubemus

231 1968 299 2015 ut
338 1961 710 2031 praescriptam
753 1962 935 2016 villam
979 1976 1102 2017 cum
1133 1963 1416 2032 mancipiis
1464 1968 1519 2016 et
1568 1960 1819 2016 omnibus

233 2056 420 2118 rebus,
453 2055 795 2125 appendiciis
820 2064 873 2108 et
908 2054 1155 2110 terminis
1180 2056 1311 2121 suis,
1339 2063 1395 2110 et
1417 2070 1541 2109 cum
1567 2054 1819 2109 omnibus

235 2146 306 2202 ad
329 2161 387 2201 se
418 2147 564 2217 juste
588 2156 641 2202 et
670 2147 912 2219 legaliter
936 2149 1332 2218 pertinentibus
1354 2188 1367 2212 ,
1397 2146 1482 2202 vel
1526 2156 1816 2216 quantum-

235 2254 450 2310 cunque
477 2243 530 2293 in
571 2241 961 2310 praenominato
992 2254 1128 2311 pago
1162 2240 1309 2309 juste
1343 2248 1398 2294 et
1425 2240 1670 2311 legaliter
1691 2239 1815 2307 jure

236 2331 595 2400 proprietario
624 2331 772 2386 visus
792 2330 894 2385 fuit
922 2333 1216 2402 possidere,
1246 2332 1385 2387 sicut
1413 2346 1506 2387 cas
1528 2332 1814 2401 praedictus

233 2424 505 2492 quondam
534 2436 715 2479 comes
760 2423 1084 2479 Waruarins
1120 2426 1295 2480 eidem
1332 2426 1666 2480 monasterio
1710 2441 1811 2480 no-

231 2522 350 2570 stro
373 2516 616 2581 conmlit,
648 2518 703 2570 in
741 2516 859 2584 ejus
889 2525 1267 2588 remoramque
1296 2517 1437 2571 illius
1471 2522 1739 2587 potestate
1759 2524 1814 2571 et

236 2606 621 2673 dominatione,
647 2609 848 2678 absque
873 2607 1160 2677 cujuslibet
1182 2609 1551 2679 inquietudine
1573 2617 1665 2662 aut
1683 2624 1813 2664 con-

241 2699 543 2762 trarietate,
569 2700 830 2770 perpetim
861 2700 1188 2765 consistant;
1220 2715 1395 2769 neque
1420 2716 1449 2754 a
1485 2700 1724 2769 quolibet
1751 2700 1814 2754 li-

234 2791 312 2846 sei
346 2791 516 2846 nostri
539 2791 624 2845 vel
662 2792 884 2847 alterius
910 2792 1277 2863 cujuscunque
1316 2794 1599 2864 potestatis
1629 2791 1811 2860 judice

234 2883 351 2938 sive
392 2882 831 2939 administratore
873 2886 1166 2955 quidquam
1194 2887 1565 2941 diminutionis
1590 2893 1682 2941 aut
1725 2886 1810 2941 in-

234 2973 538 3030 festationis
559 2990 617 3030 se
649 2977 715 3031 de
750 2978 950 3031 eisdem
979 2978 1141 3033 rebus
1162 2986 1216 3032 et
1240 2978 1552 3047 mancipiis,
1584 2978 1669 3033 vel
1697 2986 1813 3032 om-

234 3065 395 3121 nibus
423 3068 489 3121 ad
520 3080 579 3122 se
608 3068 1003 3137 pertinentibus
1031 3070 1285 3139 deinceps
1315 3071 1522 3139 perpeti
1557 3070 1814 3138 pertime-

235 3168 392 3215 scant
418 3174 431 3213 :
463 3135 727 3229 quatenus
757 3162 1051 3216 monachos
1084 3135 1281 3215 ibidem
1316 3135 1437 3216 Deo
1471 3135 1813 3227 famulantes,
1842 3135 1888 3199 Ε

232 3265 334 3324 pro
364 3253 538 3317 nobis,
572 3251 799 3322 conjuge
825 3268 888 3307 ac
921 3253 1071 3323 prole
1097 3263 1305 3319 nostra,
1342 3256 1397 3309 et
1417 3254 1711 3310 stabilitate
1737 3262 1818 3310 to-

235 3344 345 3399 tius
376 3344 585 3413 itnperii
611 3358 643 3396 a
681 3343 791 3398 Deo
818 3345 974 3399 nobis
1003 3346 1277 3402 commissi
1309 3346 1567 3401 attentius
1602 3345 1816 3401 Domini

233 3432 671 3491 misericordiam
702 3449 928 3491 exorare
955 3436 1203 3491 delectet.
1247 3437 1315 3492 Et
1349 3444 1410 3492 ut
1447 3438 1502 3492 in
1539 3445 1817 3506 posterum

237 3539 436 3584 nostrae
475 3528 772 3596 majestatis
812 3529 1041 3584 redditio
1086 3530 1294 3585 stabilis
1335 3531 1643 3595 haberetur,
1675 3532 1817 3587 lianc

235 3628 477 3676 nostram
508 3623 883 3676 auctoritatem
926 3622 1070 3677 circa
1102 3622 1384 3693 prmfatutn
1425 3624 1813 3679 monasterium

238 3714 297 3768 S.
341 3713 613 3768 Benedicti
659 3724 713 3768 et
750 3724 993 3768 rectores
1033 3722 1195 3784 atque
1235 3716 1533 3769 monachos
1578 3716 1687 3770 illic
1719 3730 1816 3783 per

238 3815 479 3878 tempora
496 3808 728 3862 labentia
743 3809 995 3876 degentes
1026 3807 1140 3860 fieri
1162 3808 1519 3870 decrevimus,
1537 3823 1633 3875 per
1652 3820 1814 3875 quam

235 3901 579 3971 prmeipimus
601 3907 760 3967 atque
782 3897 1033 3965 jubemus
1060 3904 1119 3949 ut
1138 3904 1448 3950 memorata;
1472 3897 1671 3973 villula:
1690 3910 1813 3951 cum

236 3994 384 4046 omni
433 3990 745 4060 integritate
797 3989 850 4042 in
898 3996 1168 4043 rectorum
1213 3985 1449 4055 ejusdem
1498 3988 1815 4042 monasterii

236 4091 506 4154 potestate
520 4091 574 4136 et
587 4081 974 4153 gubernatione
998 4080 1316 4143 consistant,
1334 4094 1505 4149 neque
1527 4096 1556 4133 a
1577 4080 1817 4148 quolibet

239 4176 479 4231 ﬁdelium
531 4184 731 4230 sancta:
759 4174 1011 4228 Ecclesiae
1038 4181 1453 4241 nostrorumque
1479 4175 1548 4227 ab
1574 4170 1815 4240 ejusdem

238 4268 554 4323 monasterii
574 4267 940 4323 dominatione
960 4273 1015 4320 et
1027 4273 1295 4335 potestate
1308 4265 1631 4320 divellantur
1653 4273 1815 4335 atque

238 4357 668 4416 subtrahantur':
703 4360 797 4413 sed
819 4359 1005 4413 usibus
1025 4359 1132 4412 illic
1154 4359 1540 4412 monachorum
1579 4359 1687 4413 Deo
1717 4356 1816 4411 mi-

237 4452 507 4507 litantium
535 4453 737 4522 absque
765 4449 1051 4518 cujuslibet
1070 4450 1455 4504 contrarietate
1471 4450 1809 4504 deserviant:

239 4555 507 4616 quatenus
532 4545 727 4600 fratres
756 4545 810 4599 in
841 4544 1051 4599 Domini
1084 4544 1255 4597 nostri
1279 4540 1405 4597 Jesu
1437 4541 1640 4598 Christi
1666 4544 1811 4598 mili-

311 4695 339 4724 ι
377 4680 531 4751 Legit
574 4676 951 4751 litabiliiouius,
981 4670 1620 4751 Cus_iacg._ldem_tamen
1652 4690 1815 4751 supra

239 4743 490 4810 dixerat":
521 4769 538 4801 ι
585 4749 883 4803 Laudatum
910 4745 1122 4800 invenio
1150 4745 1383 4814 diploma
1417 4743 1671 4798 Ludovici
1701 4743 1816 4801 Au-

276 4825 379 4879 usti
399 4836 493 4883 pro
516 4822 842 4875 monasterio
868 4816 1214 4879 Floriacensi,
1237 4818 1419 4869 datum
1440 4816 1650 4883 imperii
1673 4830 1816 4873 anno

276 4896 332 4961 2,
378 4885 613 4948 Circiaro
656 4889 894 4962 pa_lati_o:
925 4889 1066 4957 quod
1106 4888 1277 4962 ipsum
1319 4901 1438 4940 esse
1482 4885 1815 4962 Carisiacum

241 4955 349 5023 non
382 4964 586 5019 dubito.
642 4955 666 5015 ἰ
709 4955 1087 5022 Retinendum,
1133 4955 1374 5010 'Cirsiuco
1422 4972 1514 5011 seu
1556 4955 1812 5025 Crisinco,

240 5035 384 5107 quod
413 5042 531 5088 erat
560 5032 815 5107 palatium
843 5031 1058 5107 regium
1078 5028 1129 5107 in
1165 5026 1451 5081 Arduenna
1472 5069 1485 5092 ,
1519 5026 1607 5107 ubi
1636 5027 1816 5083 Ludo-

240 5047 384 5107 quod
413 5047 531 5088 erat
560 5047 815 5102 palatium
843 5047 1046 5154 Γθῗυιιι
1078 5047 1129 5081 ιη
1165 5047 1451 5081 nruuenna
1472 5069 1485 5092 ,
1519 5047 1607 5081 um
1637 5047 1816 5083 Lilth-

239 5108 417 5166 vicus,
456 5113 589 5156 teste
624 5101 889 5156 annalists
960 5099 1246 5163 ertiniano,
1277 5097 1634 5152 autumnalem
1663 5116 1820 5153 vena-

240 5179 435 5232 tionem
459 5173 705 5228 exercuit.

317 5244 726 5300 bMarcuardus.
742 5238 912 5309 Hujus
929 5237 1265 5309 decessorem
1284 5237 1621 5309 Tancradum
1640 5239 1815 5295 adhuc

242 5318 551 5373 videramus
574 5307 860 5381 annoﬁziti.
893 5308 960 5362 At
979 5324 1121 5381 anno
1151 5308 1254 5362 829
1276 5309 1475 5381 obiisse
1501 5307 1733 5381 traditur
1759 5309 1815 5364 in

241 5388 516 5445 Chronico
556 5378 917 5457 Rheginonis;
957 5380 1113 5451 eique
1128 5379 1483 5457 "successisse
1529 5378 1818 5457 Marcwar-

245 5461 370 5524 dus,
402 5460 481 5513 vir
518 5448 748 5539 prudens
773 5464 824 5509 et
859 5448 1041 5539 sacra?
1065 5448 1301 5539 religioni
1342 5449 1720 5539 άςςιὶιιιδλρυο
1747 5464 1815 5539 εξ

244 5519 575 5587 monasterio
596 5529 684 5582 hic
709 5531 1016 5595 assumptus
1041 5524 1132 5595 sit,
1148 5535 1251 5595 non
1272 5521 1534 5595 proditur.
1552 5519 1816 5595 Observat

249 5586 428 5658 tamen
456 5599 790 5654 Mabillonius
817 5586 1007 5649 Annal.
1048 5586 1320 5647 Benedic't.
1350 5586 1441 5645 lib.
1471 5607 1572 5644 xxx
1592 5632 1605 5657 ,
1634 5607 1689 5644 ιι.
1721 5591 1808 5657 54,

246 5670 465 5727 afﬁnem
508 5668 673 5725 fuisse
711 5666 845 5738 Lupi
898 5664 1107 5738 abbatis
1130 5660 1517 5738 Ferrariensis,
1552 5662 1606 5717 in
1638 5660 1812 5718 Gallia

249 5744 388 5811 nati,-
410 5742 502 5814 qui
520 5741 675 5812 epist.
696 5740 759 5796 9t
789 5734 956 5793 ﬁlium
981 5734 1250 5809 Guagonis
1278 5743 1510 5809 nepotem
1537 5748 1716 5802 suum,
1748 5747 1813 5791 ac

1925 499 2134 554 nostra,
2161 499 2214 543 ct
2246 489 2536 544 stabilitate
2558 494 2723 545 totius
2750 490 2958 561 imperii
2984 504 3015 547 a
3044 492 3154 548 Deo
3176 494 3330 567 nobis
3355 509 3503 551 com-

1924 586 2108 649 missi,
2136 584 2390 639 libentius
2417 599 2480 638 ac
2512 584 2756 640 devotius
2791 585 2908 656 ejus
2949 586 3375 643 misericordiam
3405 604 3503 644 ex-

1924 684 2083 733 orare
2122 675 2370 732 delectet.
2408 675 2476 731 Et
2503 682 2562 730 ut
2607 674 2723 731 hazc
2764 674 2963 731 nostra
2993 676 3309 733 redditionis
3336 687 3501 748 atque

1923 767 2351 859 confirmationis
2392 768 2685 823 auctoritas
2720 767 2920 859 nosti“;
2961 764 3262 839 futurisque
3293 776 3503 840 tempo-

1922 856 2075 918 ribus
2093 904 2107 928 ,
2131 863 2358 917 Domino
2373 869 2709 933 protegente,
2733 856 2909 915 valeat
2928 860 3234 916 inconvulsa
3259 876 3500 930 manere,

1923 958 1991 1013 de
2015 957 2212 1012 annulo
2238 965 2427 1011 nostro
2453 956 2642 1010 subter
2666 970 2787 1010 eam
2812 955 3070 1025 jussimus
3099 952 3352 1026 sigillare.

1993 1048 2408 1103 Hirminmarius
2444 1047 2687 1103 notarius
2725 1042 2794 1103 ad
2832 1046 3009 1102 vicem
3057 1042 3297 1118 [lagonis
3341 1061 3495 1102 reco-

1924 1140 2104 1212 gnovi.

1992 1232 2126 1285 Data
2148 1244 2241 1285 vni
2264 1222 2379 1285 Kal.
2398 1227 2571 1299 Sept.,
2601 1240 2764 1295 anno,
2790 1228 3009 1286 Christo
3031 1223 3264 1301 propitio
3282 1224 3375 1296 22,
3399 1229 3502 1286 im-

1920 1323 2057 1394 perii
2084 1318 2266 1378 domui
2287 1322 2542 1378 Ludovici
2564 1322 2792 1393 piissimi
2812 1322 3035 1392 Augusti
3057 1363 3071 1387 ,
3104 1321 3390 1376 indictione
3414 1318 3502 1376 l3.

1990 1413 2184 1468 Actum
2215 1412 2457 1469 Cirsiaco
2479 1425 2505 1453 ι
2542 1412 2748 1485 palatio
2776 1411 2925 1482 regio
2962 1412 3017 1467 in
3054 1410 3149 1467 Dei
3175 1412 3393 1467 nomine
3425 1411 3505 1468 fe-

1921 1506 2116 1563 liciter.
2145 1510 2340 1562 Amen.

2603 1574 2830 1631 CXCVI.

2303 1661 2406 1702 ιίιο
2431 1654 2770 1702 IONASTERIO
2810 1660 3111 1701 PRUHIENSI.

2543 1716 2716 1789 (Anno
2745 1715 2894 1789 ass.)

2048 1784 2224 1861 [Apud
2248 1784 2570 1854 Hantbeim,
2598 1786 2744 1842 Hist.
2777 1784 2977 1840 Trevir.
3009 1792 3048 1839 t.
3074 1785 3125 1850 ι,
3155 1797 3210 1856 p.
3245 1785 3396 1858 478.1

1990 1879 2050 1935 in
2089 1882 2309 1936 nomine
2338 1881 2552 1935 Domini
2580 1888 2636 1933 et
2664 1876 2959 1933 Salvatoris
2988 1878 3159 1932 nostri
3188 1873 3316 1933 Jesu
3345 1876 3503 1934 Chri—

1919 1974 2012 2040 sti,
2043 1973 2368 2038 Ludovicus,
2386 1972 2568 2027 divina
2590 1969 2977 2041 repropitiaute
2994 1968 3302 2036 clementia,
3335 1966 3502 2040 impe-

1914 2074 2066 2122 ratur
2094 2067 2383 2137 Augustus.

1988 2159 2047 2214 Si
2086 2157 2430 2212 liberalitatis
2474 2161 2677 2211 nostras
2723 2164 2949 2210 munere
2974 2154 3110 2210 locis
3150 2153 3261 2209 Deo
3303 2152 3500 2210 dicatis

1914 2249 2182 2319 quoddam
2213 2249 2543 2303 conferimus
2572 2246 2895 2301 beneﬁcium
2915 2286 2929 2311 ,
2961 2254 3016 2300 et
3040 2246 3395 2300 necessitates
3409 2258 3500 2301 eo—

1914 2342 2245 2396 clesiasticas
2282 2341 2350 2395 ad
2379 2340 2695 2409 petitionem
2728 2350 3012 2394 servorum
3057 2338 3153 2393 Dei
3194 2347 3383 2394 nostro
3418 2349 3499 2392 ro-

1914 2432 2196 2487 levationis
2207 2430 2480 2501 juvamine
2496 2429 2859 2494 sublevamus,
2886 2429 2940 2483 id
2965 2429 3122 2483 nobis
3145 2428 3211 2483 ad
3234 2438 3496 2483 aeternam

1914 2523 2301 2580 beatitudinem
2324 2522 2553 2577 feliciter
2576 2523 2925 2578 obtinendam
2942 2521 3280 2592 profuturum
3296 2518 3497 2590 liquido

1915 2616 2257 2671 conﬁdimus.
2283 2614 2506 2670 Noverit
2544 2614 2708 2684 igitur
2735 2615 3002 2683 sagacitas
3034 2626 3129 2667 seu
3151 2611 3357 2667 utilitas
3385 2624 3499 2667 om-

1913 2707 2064 2764 nium
2099 2706 2334 2761 ﬁdelium
2371 2713 2573 2761 sanctae
2615 2705 2709 2759 Dei
2746 2703 3001 2758 Ecclesia!
3043 2712 3493 2773 nostrorumque,

1912 2808 2024 2855 tam
2050 2801 2397 2870 praasentium
2428 2812 2590 2868 quam
2618 2806 2674 2853 et
2700 2797 3003 2852 futurorum
3020 2838 3035 2863 ,
3077 2797 3205 2867 quia
3227 2794 3500 2851 concessi-

1913 2906 2035 2950 mus
2060 2896 2126 2949 ad
2158 2894 2435 2965 proprium
2467 2892 2798 2947 monasterio
2833 2893 2976 2960 quod
3017 2891 3216 2944 dicitur
3253 2888 3493 2954 Prutnia,

1913 2994 1969 3043 et
1984 2986 2267 3041 monachis
2282 2984 2417 3038 inibi
2441 2976 2551 3038 Deo
2577 2982 2988 3047 famulantibus,
3004 2981 3201 3051 quibus
3224 2988 3279 3033 et
3302 2980 3329 3019 ι»
3350 2977 3494 3032 illar-

1919 3079 2155 3135 cuardus
2187 3078 2512 3133 venerabilis
2546 3077 2713 3131 abbas
2747 3089 2982 3145 prmesse
3012 3073 3366 3144 dignoscitur,
3401 3085 3499 3125 no-

1918 3181 2045 3225 strae
2072 3170 2417 3241 proprietatis
2435 3184 2542 3233 res,
2569 3184 2690 3237 qua}
2707 3175 2835 3221 sunt
2858 3167 2910 3220 in
2925 3178 3062 3235 pago
3086 3164 3493 3228 Wormucense,

1919 3264 1977 3318 in
2008 3263 2126 3317 loco
2155 3262 2246 3331 qui
2283 3261 2482 3316 dicitur
2511 3271 2533 3299 ο
2564 3259 2760 3315 Albulll
2797 3258 2945 3325 villa,
2971 3267 3219 3313 mansum
3247 3257 3498 3312 videlicet
3536 3272 3545 3279 ‘

1917 3355 2364 3412 indominicatum
2382 3395 2397 3421 ,
2427 3353 2521 3409 sed
2556 3361 2611 3408 et
2635 3355 2687 3407 in
2713 3352 3229 3416 Gomurithesheitn,
3260 3364 3363 3406 nec
3390 3358 3499 3405 non

1917 3456 1974 3505 et
2017 3451 2073 3504 in
2103 3448 2303 3512 Stetin,
2335 3450 2480 3504 inter
2520 3451 2636 3503 meo
2675 3448 2990 3518 praescripta
3035 3446 3151 3500 loca
3188 3446 3364 3499 mansi
3400 3453 3497 3500 xm

1918 3554 2039 3598 cum
2072 3542 2357 3612 mancipiis
2380 3542 2663 3609 utriusque
2699 3550 2861 3596 sexus
2889 3540 2954 3595 de
2982 3555 3080 3609 per
3107 3538 3500 3594 commanenti—

1918 3628 2040 3699 bus,
2066 3648 2167 3689 nec
2189 3648 2294 3687 non
2318 3639 2374 3687 et
2402 3632 2681 3685 basilicam
2711 3632 2764 3684 in
2788 3630 2977 3684 eadem
2998 3628 3192 3681 Albultl
3222 3628 3346 3681 villa
3371 3642 3499 3682 con-

1916 3736 2145 3789 structa,
2184 3740 2306 3779 cum
2336 3723 2559 3776 decimis
2584 3736 2652 3774 ex
2698 3720 3081 3789 suprascriptis
3114 3719 3255 3772 villis
3284 3719 3352 3771 ad
3375 3730 3495 3771 eam

1913 3816 2039 3885 jure
2065 3812 2479 3883 pertinentibus,
2509 3809 2577 3861 ad
2607 3808 2883 3877 proprium
2912 3807 3242 3860 monasterio
3266 3804 3497 3861 Prumiaa

1917 3905 2296 3967 concedimus,
2324 3912 2449 3955 cum
2478 3900 2746 3963 domibus,
2780 3898 3041 3963 aediliciis,
3086 3898 3273 3963 vineis,
3313 3899 3497 3965 terris,

1915 3999 2085 4063 silvis,
2108 3997 2281 4066 pratis
2299 4037 2313 4061 ,
2360 3988 2517 4065 aquis
2548 4000 2880 4061 aquarumve
2908 3992 3243 4055 decorsitus,
3266 3991 3499 4047 exitibus

1914 4096 1970 4146 et
1992 4089 2329 4159 regressibus
2354 4092 2831 4155 quantumcunque
2849 4082 3100 4137 videlicet
3124 4082 3174 4135 in
3197 4088 3496 4136 memorata

1913 4181 2049 4235 villa
2084 4180 2138 4234 in
2162 4178 2324 4232 rebus
2355 4175 2701 4247 pr0prietatis
2728 4175 2896 4229 nostri
2922 4174 3060 4244 juris
3087 4182 3207 4229 esse
3232 4173 3498 4245 dignosci-

1913 4280 2034 4339 tur,
2065 4280 2233 4326 totu-u
2266 4277 2319 4327 et
2351 4271 2417 4325 ad
2450 4271 2714 4340 integrum
2744 4269 3007 4339 praedicto
3027 4268 3354 4323 monasterio
3382 4278 3498 4321 mo-

1915 4365 2211 4433 nachisque
2239 4363 2292 4417 in
2323 4377 2390 4418 eo
2420 4362 2649 4416 Domino
2691 4360 3065 4425 militantibus,
3098 4360 3166 4414 ad
3196 4372 3385 4414 eorum
3413 4354 3494 4414 di-

1920 4472 2107 4513 versas
2139 4455 2497 4511 sublevandas
2524 4454 2907 4518 necessitates,
2932 4452 3117 4507 divino
3154 4451 3282 4506 tacti
3312 4458 3497 4505 amore

1919 4560 1974 4608 et
1999 4553 2204 4607 honore
2244 4548 2593 4605 concedimus
2630 4562 2643 4602 ε
2690 4548 2767 4602 ita
2796 4545 3046 4602 videlicet
3074 4553 3139 4600 ut
3157 4544 3421 4630 quidquid
3439 4543 3496 4600 in

1922 4674 2237 4748 Marcwardi
2260 4678 2601 4748 propinquum
2616 4675 2864 4748 appellat.
2888 4672 3151 4748 Caaterum
3170 4687 3235 4725 ex
3257 4668 3496 4748 ejusdem

1921 4746 2056 4820 Lupi
2078 4751 2235 4820 epist.
2357 4740 3099 4820 intelligitnr'ltlarcwardum'
3112 4742 3278 4820 ριξιυί
3304 4740 3497 4820 Ρθνιιιτ

1920 4813 2089 4877 rieitsi
2112 4813 2402 4888 ascriptum
2435 4813 2617 4873 fuisse.
2644 4817 2703 4870 In
2728 4830 2789 4870 ea
2816 4816 2994 4882 Lupus
3016 4814 3150 4884 petit
3174 4813 3493 4888 MarcWardi

1920 4885 2367 4948 intercessionem
2406 4891 2545 4958 apud
2587 4889 3001 4956 imperatorem;
3058 4900 3079 4935 ο
3127 4885 3393 4958 quoniam
3429 4885 3496 4940 de

1920 4962 2063 5028 loco,
2114 4964 2311 5032 inquit,
2357 4951 2742 5032 nostror‘sitis,
2770 4974 2800 5032 ξι
2847 4974 2953 5032 quo
2984 4970 3081 5010 vos
3108 4951 3334 5024 carpare
3362 4951 3498 5010 dun-

1922 5027 2074 5087 taxat
2087 5027 2451 5088 ecclesiastica
2468 5028 2674 5084 utilitas
2685 5027 2987 5083 abduxerit.
3026 5045 3046 5078 ι

1995 5116 2017 5143 ο
2052 5104 2246 5171 Albulﬁ
2300 5102 2443 5156 rilla.
2474 5101 2588 5156 Hoc
2616 5099 2870 5171 palatium
2908 5094 3286 5171 juxtajicum
3334 5093 3492 5171 ᾼΙὺθ-

1918 5174 2082 5230 sheim
2117 5176 2183 5229 ad
2210 5164 2487 5228 tiuviolum
2517 5164 2791 5226 Pruiniam
2825 5164 2991 5239 prope
3028 5164 3300 5239 ltircbeim
3330 5166 3492 5239 situm

1920 5247 2106 5310 fuisse,
2130 5247 2286 5301 docet
2307 5245 2509 5301 Chron.
2538 5235 2882 5310 Gottwicen.,
2907 5235 3030 5310 pag.
3049 5236 3171 5310 88l.
3195 5235 3270 5292 lbi
3293 5238 3489 5310 quippe

1919 5332 1949 5371 e
1972 5306 2192 5388 regione
2223 5317 2351 5388 dicti
2393 5314 2493 5388 vici
2536 5319 2823 5388 supersunt
2855 5306 3204 5388 Gavérsbeim
3252 5306 3490 5388 ett—ﬁuit-

1919 5378 2191 5459 tenfquze
2218 5378 2682 5459 hicnominantur
2709 5378 3173 5459 Gomuritlteslter'm
3212 5387 3271 5459 et
3298 5378 3488 5459 grain.

1917 5457 1976 5512 In
1998 5449 2216 5514 Caa'sarii
2242 5458 2453 5511 abbatis
2476 5453 2811 5509 Prumiensis
2824 5452 3072 5523 registro,
3089 5450 3227 5523 apud
3244 5449 3486 5523 Leibnits

1921 5529 1974 5582 in
2025 5526 2605 5608 Collect..Etymolog.,
2654 5534 2795 5607 part.
2831 5518 3044 5608 ttfpa‘g.
3091 5518 3197 5608 i536
3233 5518 3490 5608 scribitur

1920 5614 2073 5669 seqq.
2105 5582 2428 5669 Aluesheiin;
2469 5582 2620 5669 cuj‘u's
2636 5582 2729 5669 ius
2753 5582 3061 5669 patronat‘ns
3089 5600 3256 5650 teneat
3289 5606 3323 5646 a
3347 5582 3489 5643 Prw--

1918 5662 2101 5726 metu
2123 5671 2179 5725 in
2199 5667 2356 5741 [cudo
2385 5662 2554 5724 eomes
2585 5662 2653 5722 de
2673 5662 2974 5739 Leiningen.
