4050 6340
736 264 877 320 1255

1876 264 2202 322 LUDOVICI
2239 264 2261 320 Ι
2298 262 2772 323 COGNOMENTO
2808 264 2896 322 PII

3763 289 3842 349 155

729 382 817 438 his
846 380 929 437 vel
957 379 1023 436 de
1049 379 1136 435 his
1165 376 1283 448 iure
1306 375 1696 435 Tecclesiastico
1722 386 1963 434 rectores
1995 387 2049 432 et
2077 378 2311 433 ministri
2339 385 2392 445 Α
2415 385 2476 432 ut
2506 377 2682 433 nullus
2730 386 2822 433 aut
2873 379 3071 435 nostris
3123 387 3218 436 aut
3270 396 3604 445 successomm
3640 406 3839 461 nostron-

728 469 973 540 ejusdem
1000 467 1233 522 cmnobii
1256 466 1440 523 facere
1467 468 1767 530 voluerint,
1799 468 2027 522 liberam
2058 468 2111 521 in
2141 468 2314 521 omni-

725 563 828 618 bus
856 550 1092 616 habeant
1114 567 1458 630 potestatem.
1493 559 1761 614 Etuthcec
1787 568 1986 613 nostrae
2013 559 2313 628 largitionis

724 660 887 721 atque
920 651 1288 709 concessionis
1329 651 1621 705 auctoritas
1651 650 2012 706 inviolabilem
2041 659 2202 719 atque
2228 651 2313 706 in-

725 743 1039 800 convulsam
1064 743 1308 799 obtineat
1328 742 1665 809 ﬁrmitatem,
1697 758 1857 798 manu
1886 744 2103 814 propria
2127 746 2314 800 subter

721 850 843 889 eam
889 833 1222 889 ﬁrmavimus
1259 822 1323 889 et’
1358 834 1545 889 annuli
1593 835 1766 891 nostri
1796 834 2152 907 impressione
2182 836 2314 892 assi-

728 928 885 1000 gnari
900 927 1186 997 iussimus.

715 1073 725 1078 _
792 1017 1017 1090 Signum
1039 1018 1297 1075 Ludovici
1324 1034 1507 1076 seren.
1534 1020 1663 1091 imp.

801 1109 1253 1165 Hirminmaris...

708 1254 713 1257 μ
795 1200 929 1256 Data
958 1216 1053 1256 vin
1082 1202 1200 1257 Kal.
1225 1202 1391 1270 Junii,
1411 1220 1575 1270 anno,
1594 1203 1814 1260 Christo
1835 1206 2092 1277 propitio,
2121 1207 2309 1263 22im-

720 1293 855 1362 perii
884 1294 1085 1350 domini
1106 1295 1607 1368 Ludovicipiissimi
1627 1296 1875 1368 Augusti,
1908 1298 2305 1358 indictionei'5.

1388 1411 1635 1469 CXCVII.
1706 1448 1707 1451 η

1110 1519 1211 1559 PRO
1248 1519 1497 1559 ECCLESIA
1535 1520 1922 1563 CENOIIANENSI.

1350 1598 1521 1669 (Anno
1545 1599 1696 1672 855.)

935 1684 1113 1757 [Apud
1139 1687 1344 1754 Baluz.,
1378 1688 1626 1757 Miscell.,
1661 1700 1790 1747 tom.
1828 1694 1868 1759 l,
1895 1708 1949 1763 p.
1977 1694 2093 1767 86.]

2420 471 2750 538 temporibus
2784 473 3026 527 eamdem
3056 474 3248 529 cellam
3290 476 3407 531 inde
3447 480 3725 552 abstrahere,
3752 509 3838 550 usus

2414 575 2545 629 pare
2577 570 2669 615 aut
2697 562 2949 619 invadere
2975 576 3291 633 praesumat,
3333 570 3420 624 sed
3464 572 3513 625 in
3551 581 3841 645 saepedictasc.

2415 648 2596 705 clesiae
2622 660 2676 706 et
2699 653 2957 708 antedicti
2994 655 3199 711 Aldrici
3228 658 3459 728 ejusdem
3496 665 3690 723 ecclesia:
3715 678 3841 742 pontiﬁ.

2414 742 2495 797 cis
2532 758 3015 817 successorumque
3046 764 3269 805 suorum
3313 752 3595 820 pontiﬁcum
3619 760 3840 834 ditionejure

2410 846 2671 907 perpetuo
2694 839 2959 895 consistat
3006 842 3072 896 ad
3104 858 3170 897 ea
3220 858 3338 914 quae
3378 862 3529 917 supra
3552 852 3730 909 diximus
3756 874 3840 917 exse

2390 928 2623 1003 quenda
2650 938 2705 983 et
2731 929 3082 1001 perﬁcienda.
3112 932 3181 987 Et
3225 943 3286 987 ut
3309 935 3421 992 haec
3458 948 3627 996 nostra:
3648 950 3840 1005 concessio-

2410 1019 2496 1074 nis
2550 1021 2922 1081 traditionisve
2960 1024 3255 1081 auctoritas
3301 1029 3381 1083 sui
3422 1031 3598 1103 vigoris
3639 1049 3839 1106 perpetuam

2409 1110 2649 1167 obtineat
2678 1112 3017 1181 ﬁrmitatem,
3072 1130 3235 1171 manu
3268 1121 3473 1190 propria
3500 1125 3655 1180 subter
3687 1143 3766 1184 eam
3791 1133 3838 1187 ﬁr-

2409 1203 2676 1260 mavimus
2703 1211 2759 1259 et
2785 1205 2971 1261 annuli
3013 1208 3185 1262 nostri
3223 1209 3557 1282 impressione
3580 1219 3839 1291 assignarijts-

2390 1295 2601 1369 gsimus.

2482 1385 2705 1459 Signum
2726 1388 2982 1448 Ludovici
3014 1393 3347 1451 serenissimi
3384 1397 3691 1469 imperatoris.

2478 1481 2879 1542 Hirminmarus
2902 1488 3149 1544 notarius
3169 1488 3239 1544 ad
3260 1490 3424 1546 vicem
3440 1491 3642 1565 Hugonis
3659 1499 3839 1567 recognovi

2409 1579 2466 1627 et
2494 1575 2812 1647 subscripsi.

2479 1662 2615 1720 Data
2647 1682 2737 1721 xvr
2766 1667 3036 1727 Kalendas
3073 1672 3298 1744 Aprilis,
3329 1690 3481 1743 anno,
3504 1675 3667 1735 Christi
3683 1683 3837 1752 propitio,

786 1774 848 1830 In
887 1754 1106 1833 nomine
1150 1778 1362 1834 Domini
1408 1780 1502 1836 Dei
1538 1790 1593 1837 et
1615 1754 1937 1839 'Salvatoris
1972 1754 2144 1842 nosiri
2176 1786 2306 1846 Jesu
2332 1774 2382 1834 Β
2407 1754 2478 1810 25
2513 1758 2723 1830 imperii
2752 1761 2935 1818 domm
2974 1766 3147 1820 nostri
3179 1765 3430 1823 Ludovki
3479 1770 3665 1840 passm
3689 1772 3837 1841 Anim“

715 1864 942 1935 Christi,
983 1868 1304 1936 Ludovicus,
1347 1871 1530 1928 divina
1572 1876 1957 1945 repmpitiante
1993 1878 2307 1950 clementia,

718 1957 1016 2029 imperator
1042 1960 1338 2033 Angustus.
1438 2034 1441 2039 _

788 2048 847 2105 Si
874 2050 1016 2108 illius
1050 2068 1233 2110 amore
1279 2052 1431 2123 cujus
1471 2070 1695 2113 munere
1736 2060 1950 2115 caeteris
1985 2063 2307 2121 mortalibus

712 2141 924 2212 praelati
950 2157 1157 2211 sumus,
1181 2143 1301 2200 loca
1326 2145 1508 2202 divino
1530 2146 1695 2201 cultui
1720 2159 2035 2206 consecrata
2051 2155 2306 2225 congruis

714 2233 1101 2288 muniﬁcentiae
1128 2243 1327 2290 nostrae
1368 2237 1649 2293 beneﬁciis
1686 2226 1753 2295 ad
1809 2239 2048 2297 divinum
2099 2243 2305 2301 cultum

713 2325 934 2381 uberius
972 2328 1377 2397 exsequendum
1402 2329 1757 2397 sustollimus,
1787 2332 1964 2404 dignae
1994 2318 2305 2393 retributio-

713 2416 800 2471 nis
848 2417 1071 2486 przemio
1098 2432 1199 2473 nos
1225 2433 1259 2473 a
1301 2420 1530 2476 Domino
1559 2423 1896 2478 remunerari
1928 2423 2160 2481 ﬁdeliter
2188 2442 2303 2483 cre-

710 2505 906 2562 dimus.
940 2508 1280 2580 Quapmpter
1314 2511 1554 2566 omnium
1584 2512 1824 2569 ﬁdelium
1867 2523 2177 2572 nostrorum
2202 2519 2300 2575 be-

710 2600 1028 2656 nevolentize
1053 2609 1164 2655 tam
1195 2606 1537 2673 praesentium
1566 2621 1727 2676 quam
1755 2616 1809 2663 et
1835 2607 2163 2678 futurorum,
2189 2613 2302 2682 epi-

707 2706 994 2762 scoporum
1045 2696 1327 2766 videlicet,
1382 2702 1679 2770 abbatum,
1731 2706 1959 2773 ducum,
2018 2710 2298 2778 comitum,

707 2783 1147 2855 domesticorum,
1184 2800 1240 2846 et
1263 2805 1449 2849 eorum
1478 2796 1774 2866 superioris
1811 2807 1867 2852 et
1911 2798 2185 2857 inferioris
2210 2817 2301 2857 or-

707 2874 850 2932 dinis
876 2885 985 2933 tam
1010 2881 1395 2940 ecclesiasticae
1431 2902 1593 2956 quam
1640 2889 1849 2959 reipub.
1890 2891 2297 2949 administrato-

705 2984 828 3024 rum
857 2981 1045 3027 notum
1071 2989 1191 3031 esse
1220 2978 1465 3035 volumus
1490 2982 1615 3050 quia
1637 2984 1963 3054 complacuit
1987 2988 2297 3045 celsitudini

705 3071 909 3119 nostra:
938 3067 1226 3135 quamdam
1253 3069 1444 3125 cellam
1473 3072 1633 3128 sitam
1678 3074 1732 3129 in
1773 3092 1910 3147 pago
1935 3078 2298 3138 Cenomanico

2410 1848 2704 1906 indictione
2735 1853 2820 1907 M.
2846 1853 3042 1910 Actum
3070 1857 3391 1930 Aquisgrani
3417 1860 3592 1931 palatio
3616 1863 3838 1936 regioinllei

2382 2010 2387 2011 γ
2410 1938 2628 1996 nomine
2659 1940 2910 2000 feliciter.
2940 1946 3140 2004 Amen.

3069 2057 3339 2115 CXCVIII.

2885 2163 2988 2204 PRO
3022 2165 3206 2205 EADEI
3244 2168 3496 2210 ECCLESIA.

3020 2240 3198 2313 (Anno
3226 2243 3373 2317 855.)

2763 2330 2938 2404 [Apud
2964 2334 3178 2405 Baluz.,
3199 2339 3352 2407 ibid.,
3377 2356 3488 2412 pag.
3512 2340 3608 2414 87.]

2474 2420 2533 2475 In
2574 2424 2792 2480 nomine
2836 2426 3048 2485 Domini
3089 2431 3191 2487 Dei
3234 2441 3289 2488 et
3329 2433 3594 2492 Salvatoris
3624 2434 3837 2493 uostn'Jesn

2403 2511 2640 2581 Christi,
2687 2516 3010 2589 Ludovicus,
3044 2524 3231 2581 divina
3269 2529 3617 2600 repropitiante
3640 2530 3836 2595 clementia,

2405 2604 2701 2676 imperator
2725 2610 3023 2683 Augustus.

2476 2695 2534 2751 Si
2555 2702 2895 2757 sacerdotum
2924 2719 3318 2779 servorumque
3360 2710 3450 2766 Dei
3471 2709 3610 2781 justis
3630 2720 3671 2766 et
3696 2711 3836 2765 ratione

2402 2789 2600 2844 hilibus
2645 2794 2998 2863 petitionibus
3046 2813 3240 2855 aurem
3284 2804 3693 2858 accommodamus
3717 2815 3835 2870 easque

2403 2879 2471 2933 ad
2495 2889 2739 2950 optatum
2759 2884 3011 2942 effectum
3039 2890 3407 2961 perducimus,
3443 2911 3537 2950 non
3561 2894 3693 2950 solum
3713 2893 3833 2963 regiam

2402 2981 2456 3027 et
2478 2974 2880 3045 imperatoriam
2904 2996 3223 3040 exercemus
3243 2987 3832 3051 consuetudinem,sedetian

2401 3064 2617 3120 eosdem
2640 3081 2739 3136 pro
2758 3072 3072 3127 excessibus
3100 3077 3305 3131 nostris
3325 3078 3517 3134 Domini
3542 3074 3832 3132 misericordiam

702 3151 761 3207 in
786 3155 1045 3211 suburbio
1092 3158 1261 3227 ipsius
1304 3160 1561 3229 civitatis,
1614 3164 1668 3221 id
1714 3175 1819 3232 est,
1879 3168 2021 3224 intra
2069 3170 2291 3229 ﬂuvium

2232 3190 2291 3229 km
2323 3140 2368 3203 C
2401 3158 2674 3213 exorando
2708 3160 3011 3219 devotiores
3048 3168 3504 3240 promptioresque
3532 3168 3831 3235 Iacimus,a“i“°

703 3243 913 3302 Sarthre
938 3259 993 3301 et
1021 3263 1233 3304 murum
1263 3251 1502 3321 praefatae
1531 3255 1703 3322 urbis,
1725 3272 1846 3327 qua:
1870 3269 1955 3314 est
1975 3272 2291 3320 constructa

700 3344 757 3390 et
789 3337 1040 3395 dedicata
1067 3341 1121 3396 in
1150 3343 1354 3401 honore
1379 3356 1579 3404 sanctae
1602 3349 1698 3404 Dei
1728 3354 2006 3421 genitricis
2032 3355 2213 3413 Maria:
2236 3367 2293 3415 et

701 3428 875 3482 sancti
908 3428 1055 3492 Petri
1085 3434 1503 3504 apostoliatque
1541 3439 1772 3496 aliorum
1816 3455 2126 3502 sanctorum
2156 3464 2292 3518 quo—

700 3533 821 3573 rum
865 3520 1105 3590 reliquias
1146 3532 1200 3578 et
1242 3530 1514 3593 memoria:
1542 3532 1673 3587 inibi
1701 3548 2049 3605 venerantur,
2081 3544 2181 3597 sub
2205 3544 2287 3599 in-

703 3610 951 3682 tegritate
974 3628 1097 3667 cum
1125 3615 1374 3670 omnibus
1405 3618 1563 3674 rebus
1602 3625 1934 3693 appendiciis
1962 3638 2015 3682 et
2042 3634 2288 3691 terminis

700 3699 834 3766 suis,
865 3707 920 3756 et
948 3715 1071 3756 cum
1113 3704 1365 3759 omnibus
1419 3707 1487 3761 ad
1531 3723 1591 3764 se
1638 3714 2057 3786 pertinentibus,
2094 3721 2149 3775 id
2178 3732 2284 3791 est,

697 3790 958 3857 basilicis,
988 3792 1236 3849 domibus
1258 3796 1577 3867 caeterisque
1597 3803 1860 3874 aedificiis,
1882 3809 2073 3879 vineis,
2100 3790 2282 3883 terris,

696 3883 886 3954 pratis,
933 3883 1105 3951 silvis,
1154 3887 1383 3955 campis,
1429 3892 1664 3959 pascuis,
1711 3898 1866 3965 aquis
1912 3915 2284 3975 aquarumque

696 3975 1032 4041 decursibus,
1068 3976 1409 4044 molendinis,
1450 3981 1583 4038 locis
1617 3985 1779 4043 cultis
1811 3998 1867 4043 et
1897 3991 2134 4061 incultis,
2168 4013 2284 4053 mo-

692 4063 891 4120 bilibus
918 4068 1081 4122 rebus
1114 4076 1169 4122 et
1197 4067 1563 4129 immobilibus
1588 4091 1653 4130 ac
1681 4078 1889 4148 seipsas
1918 4086 2280 4156 moventibus,

694 4159 978 4229 mancipiis
998 4160 1198 4215 diversi
1224 4176 1386 4218 sexus
1415 4174 1470 4220 et
1494 4169 1692 4235 aetatis,
1736 4174 1926 4229 matris
1965 4185 2020 4229 et
2048 4180 2282 4238 civitatis

693 4250 936 4307 ecclesiae
971 4252 1346 4313 Cenomanico:
1384 4260 1633 4327 senioris,
1683 4278 1803 4332 quae
1849 4275 1933 4322 est
1985 4268 2206 4328 fundata
2228 4284 2283 4330 et

692 4343 940 4399 dedicata
975 4346 1031 4399 in
1060 4347 1265 4404 honore
1300 4351 1471 4404 sancti
1502 4350 1798 4410 Salvatoris
1823 4365 1877 4411 et
1903 4361 2139 4428 praeﬁxae
2162 4379 2282 4420 san-

2393 3261 2492 3316 per
2514 3248 2617 3304 hoc
2642 3250 2960 3309 immensam
2990 3255 3086 3311 Dei
3122 3260 3528 3317 misericordiam
3560 3261 3718 3316 facilius
3741 3257 3831 3311 nobis

2392 3344 2787 3403 conciliandam
2836 3365 2955 3406 esse
2997 3353 3342 3411 conﬁdimus.
3377 3357 3560 3412 Idcirco
3600 3363 3733 3410 notum
3759 3364 3828 3406 esse

2370 3437 2641 3500 “volumus
2682 3443 2893 3498 cunctis
2945 3443 3198 3503 ﬁdelibus
3245 3459 3435 3505 sanctae
3480 3450 3561 3504 Dei
3598 3447 3774 3503 Ecclesia
3800 3452 3829 3497 et

2366 3529 2618 3596 nostris,
2655 3535 3012 3601 praesentibus
3042 3545 3097 3592 et
3137 3538 3353 3606 futuris,
3377 3542 3503 3611 quia.
3526 3540 3826 3594 Aldricusvene-

2393 3622 2585 3678 rabilis
2629 3623 3005 3684 Cenomanicae
3051 3632 3206 3688 urbis
3252 3634 3520 3705 episcopus
3552 3630 3746 3704 suggessit
3774 3643 3826 3681 ω)-

2390 3720 2517 3768 strae
2539 3716 2870 3774 excedentia:
2892 3726 3284 3781 monasterium
3305 3737 3493 3783 sanctze
3519 3718 3823 3781 Mariteetsancli

2387 3804 2536 3861 Petri
2561 3810 2726 3865 situm
2755 3820 2910 3867 extra
2955 3830 3143 3873 muros
3190 3829 3487 3875 memoratae
3512 3819 3651 3883 urbis,
3672 3831 3694 3869 a
3717 3814 3824 3868 dm?

2388 3916 2513 3955 sorc
2538 3917 2635 3957 suo
2662 3903 2955 3961 lnnocente
2978 3909 3254 3978 quondam
3279 3912 3515 3981 episcopo
3536 3912 3580 3965 in
3604 3908 3720 3963 rebus
3738 3912 3770 3957 et
3786 3917 3823 3955 et

2386 3992 2549 4047 rebus
2596 3995 2677 4049 sui
2733 3996 2993 4067 episcopii
3045 3998 3328 4056 fundatum
3381 4013 3527 4073 atque
3557 4005 3821 4057 constructum.

2386 4089 2640 4160 deinceps
2675 4093 2998 4161 quibusdam
3043 4097 3511 4155 intervenientibus
3551 4094 3687 4152 causis
3714 4087 3821 4155 ai“

2377 4180 2492 4250 jam
2518 4182 2678 4239 dictae
2718 4201 2829 4240 sua:
2859 4188 3003 4243 sedis
3037 4192 3391 4258 subtractum,
3427 4201 3478 4246 et
3501 4191 3560 4245 ab
3588 4186 3697 4243 illius
3716 4175 3819 4234 domi-

2383 4270 2602 4327 natione
2629 4273 2889 4330 hactenus
2908 4276 3074 4332 fuisse
3097 4278 3344 4334 dilatum.
3377 4279 3534 4348 thue
3565 4271 3674 4345 quod
3693 4276 3819 4322 assm-

2359 4362 2477 4417 rbat
2529 4368 2797 4421 veraciter
2852 4370 3009 4426 nobis
3063 4381 3399 4442 patesceret,
3449 4368 3608 4427 detulit
3644 4357 3818 4419 obtuli!!!

691 4441 794 4488 cta:
819 4434 999 4491 Maria:
1036 4451 1253 4508 semper
1280 4439 1506 4509 virginis
1533 4451 1589 4497 et
1614 4455 1924 4503 sanctorum
1978 4463 2275 4525 martyrum
2302 4490 2357 4549 Β
2383 4452 2683 4522 majestatis
2722 4466 2921 4514 nostra:
2965 4463 3212 4531 quasdam
3260 4465 3549 4520 chartarum
3586 4454 3816 4542 monumenta

691 4525 933 4549 n---.--::
993 4535 1041 4549 ,ι
1099 4528 1326 4549 n_-.__!s
1386 4541 1469 4549 -._
1741 4538 1773 4549 ξ.
1834 4539 1864 4549 η
1967 4543 1979 4549 -
2078 4545 2088 4549 -
2222 4547 2231 4549 Α
3746 4546 3749 4549 .

690 4525 937 4611 Cervasii
988 4535 1045 4583 et
1098 4528 1328 4587 Protasii
1378 4541 1540 4602 atque
1602 4538 1776 4592 sancti
1832 4539 2126 4611 Stephani,
2183 4547 2274 4603 ubi

687 4592 942 4693 priesenti
992 4630 1230 4692 tempore
1275 4623 1359 4678 vir
1421 4592 1744 4684 venerabilis
1793 4592 2055 4704 nobisrque
2105 4592 2274 4695 ﬁdelis

686 4712 935 4789 Aldricus
963 4716 1245 4786 episcopus
1273 4726 1458 4788 pastor
1487 4728 1541 4774 et
1563 4731 1741 4777 rector
1771 4738 1891 4778 esse
1917 4726 2269 4797 dignoscitur,

686 4818 870 4865 nostra
897 4810 1182 4880 largitione
1206 4812 1420 4867 tradere
1454 4821 1617 4885 atque
1645 4819 1962 4883 concedere,
1991 4828 2046 4874 et
2075 4822 2143 4877 de
2170 4840 2271 4879 no-

685 4898 944 4969 strojure
985 4899 1041 4953 in
1078 4898 1169 4968 jus
1196 4915 1260 4957 ac
1298 4911 1622 4971 potestatem
1666 4905 1809 4963 illius
1847 4909 2072 4965 solemni
2102 4913 2272 4968 dona-

686 4994 833 5049 tione
860 4991 1174 5059 transferre,
1206 5010 1270 5049 ea
1301 4996 1551 5053 videlicet
1580 4999 1788 5056 ratione
1820 5009 1879 5056 ut
1906 5002 2122 5059 famulis
2152 5021 2270 5061 ser-

684 5085 873 5154 visque
900 5087 995 5142 Dei
1028 5087 1157 5142 inibi
1197 5090 1618 5146 consistentibus
1642 5100 1698 5147 et
1724 5094 1987 5165 stipendia
2020 5114 2272 5154 necessa-

684 5176 766 5229 ria
810 5178 1029 5233 uberius
1078 5179 1493 5246 ministrentur,
1545 5192 1599 5238 et
1634 5186 1987 5241 necessitates
2028 5187 2270 5255 ejusdem

683 5268 925 5325 ecclesiae
951 5279 1059 5326 tam
1098 5273 1339 5329 exterius
1364 5289 1524 5344 quam
1550 5286 1607 5331 et
1634 5277 1861 5334 interius
1907 5280 2117 5335 facilius
2151 5298 2273 5353 pro-

682 5370 960 5419 curentur.
1007 5364 1111 5421 Per
1159 5367 1299 5422 banc
1340 5383 1553 5439 quoque
1591 5373 1964 5428 auctoritatem
2000 5388 2265 5443 nos'tram,

680 5469 780 5528 per
825 5470 987 5526 quam
1034 5468 1387 5516 memoratam
1428 5463 1618 5518 cellam
1654 5480 1776 5520 cum
1825 5468 2078 5524 omnibus
2115 5471 2181 5525 ad
2208 5486 2269 5527 se

678 5546 1091 5618 pertinentibus,
1125 5550 1265 5606 sicut
1294 5553 1539 5623 superius
1574 5555 1777 5611 dictum
1804 5566 1907 5623 est,
1939 5563 2269 5634 praescriptas

681 5638 872 5694 matris
889 5645 946 5695 et
966 5637 1200 5694 civitatis
1223 5642 1467 5697 ecclesiae
1486 5659 1550 5699 ac
1571 5644 1779 5716 prmfati
1805 5648 2007 5706 Aldrici
2028 5651 2266 5721 ejusdem

680 5728 828 5787 sedis
852 5729 1090 5801 episcopi
1132 5729 1456 5800 delegamus,
1486 5736 2267 5817 praecipientesinterdicimus

2383 4561 2679 4618 regumque
2718 4549 3062 4607 decessorum
3092 4554 3343 4611 videlicet
3378 4562 3640 4609 nostrorum
3671 4546 3817 4597 auctori-

2382 4648 2522 4694 tates
2565 4642 2856 4710 quasdam;
2911 4645 3106 4713 quibus
3159 4648 3409 4719 inspectis
3462 4653 3599 4714 atque
3639 4635 3816 4731 θνίδίῗίέτ

2381 4734 2685 4787 ostenditur
2710 4734 3024 4805 przedictum
3056 4740 3432 4795 monasterium
3467 4734 3586 4807 juris

2381 4824 2525 4878 sedis
2556 4823 2932 4883 Cenomanicze
2962 4830 3064 4885 sibi
3091 4833 3389 4887 commissae
3426 4843 3534 4883 esse
3569 4830 3613 4877 et
3644 4821 3684 4873 in
3713 4815 3811 4882 il)suis

2380 4913 2745 4969 dominatione
2797 4917 2992 4973 debere
3037 4920 3345 4989 persistere,
3392 4914 3626 4973 humiliter
3659 4907 3810 5001 uosth

2377 5005 2672 5074 implorans
2700 5012 3169 5069 mansuetudinem
3214 5021 3273 5067 ut
3300 5011 3433 5085 quod
3464 5019 3556 5063 tam
3585 4992 3809 5092 evidentibtb

2372 5096 2588 5152 indiciis
2629 5099 2953 5168 declaratur,
2994 5114 3178 5158 nostra
3219 5118 3422 5174 quoque
3463 5094 3716 5153 assentioue,
3746 5090 3807 5134 imo

2374 5191 2698 5245 auctoritate
2743 5192 2920 5247 denuo
2955 5195 3254 5251 roboretur.
3293 5195 3415 5261 Qua:
3442 5192 3506 5245 ita
3542 5180 3730 5253 liquidius
3754 5184 3807 5224 αν

2372 5294 2693 5355 gnoscentes
2722 5287 2879 5356 eique
2905 5289 2974 5342 ob
3008 5304 3245 5343 amorem
3272 5287 3362 5341 Dei
3387 5293 3438 5339 et
3458 5279 3651 5353 ejusdem
3678 5270 3805 5367 sane?

2371 5379 2513 5433 sedis
2550 5355 2907 5435 reverentiam
2948 5378 3185 5435 favorem
3227 5367 3622 5435 nostriizulminis
3640 5355 3805 5417 adhibetc

2371 5468 2590 5539 dignum
2632 5470 2960 5541 judicantes,
3006 5472 3145 5527 banc
3184 5467 3499 5525 auctoritatis
3545 5455 3804 5556 nostra}:

2370 5534 2673 5630 captionem
2705 5561 2752 5617 ei
2776 5562 2994 5631 suisque
3018 5579 3116 5635 per
3143 5570 3373 5631 tempora
3401 5544 3720 5613 successoribus
3734 5534 3802 5588 ﬁt"

2371 5666 2436 5706 ac
2462 5650 2579 5706 dari
2600 5652 2882 5721 jussimus,
2931 5668 3028 5722 per
3060 5670 3218 5724 quam
3256 5649 3563 5708 decernimus
3592 5645 3713 5734 atque.
3727 5638 3802 5734 9i:

2368 5744 2543 5802 cimus
2572 5753 2631 5801 ut
2652 5756 3014 5805 memoratum
3043 5744 3418 5806 monasterium
3432 5745 3602 5807 sanctae
3618 5728 3745 5787 W
3762 5728 3800 5771 “
