4050 6340
225 361 364 418 1⁷257

1351 357 1745 418 DlPLOMATA
1787 358 2121 418 ECCLESIA
2128 357 2344 417 STICA.

3337 368 3475 426 1258

222 472 396 530 sancti
432 466 769 541 Petri,'quod
797 467 1102 541 aliquandiu
1139 467 1207 523 ab
1245 483 1430 526 eorum
1463 469 1586 539 jure
1631 478 1684 526 et
1726 470 1806 526 di-
1831 485 1885 546 Α
1909 466 2632 535 reddidimusecclesia,nec
2647 484 2754 524 non
2770 478 2825 526 ct
2846 473 3138 545 deiisquas
3159 486 3286 533 ante
3306 479 3477 550 ipsam

221 568 371 622 tioue
407 564 744 620 subtractum
796 563 992 628 fuerat,
1043 563 1238 619 abhinc
1284 564 1337 618 in
1393 572 1668 634 posterum
1707 564 1803 618 ha-

218 659 386 714 beant
425 665 587 728 atque
615 656 944 726 possideant,
980 663 1035 710 et
1063 655 1321 725 quidquid
1364 672 1512 712 more
1551 656 1803 714 ecclesia-

221 752 362 808 stico
397 751 464 805 de
509 764 575 805 eo
621 749 905 819 disponere
956 748 1244 814 voluerint,
1298 749 1523 804 liberam
1571 750 1804 805 habeant

217 850 560 914 potestatem,
587 857 762 912 neque
790 841 897 895 ullo
925 841 1176 912 deinceps
1202 850 1440 912 tempore
1467 858 1498 897 a
1516 842 1640 910 jure
1665 860 1803 914 pra-

220 927 438 1004 scripta
462 933 606 989 sedis
644 947 738 988 seu
773 931 890 1001 ejus
935 940 1206 988 rectorum
1247 933 1484 1004 qualibet
1521 935 1803 990 occasione

219 1037 317 1083 aut
341 1028 592 1084 violentia
622 1029 952 1099 segregetur,
992 1028 1086 1083 sed
1117 1044 1329 1098 semper
1361 1030 1414 1084 iu
1450 1029 1593 1085 illius
1627 1038 1806 1087 recto-

218 1137 451 1192 rumque
474 1121 588 1189 ejus
615 1131 876 1191 potestate
901 1132 956 1177 et
975 1123 1324 1194 dispositione
1344 1141 1408 1180 ac
1432 1126 1706 1182 voluntate
1735 1125 1804 1182 ad

217 1213 460 1270 divinum
491 1212 694 1268 cultum
720 1213 1036 1283 prepeusius
1061 1215 1461 1284 exsequendum
1485 1232 1606 1270 cum
1637 1218 1806 1272 omni-

216 1307 323 1362 bus
352 1304 419 1358 ad
463 1319 521 1358 se
561 1302 958 1374 pertinentibus
995 1304 1339 1373 integerrime
1381 1305 1805 1376 sincerrimequc

213 1403 480 1468 perpetuo
535 1395 815 1450 consistat.
864 1393 931 1448 Et
978 1394 1183 1450 uthac
1234 1403 1430 1451 nostra
1486 1397 1805 1452 rcdditionis

215 1487 516 1543 auctoritas
552 1494 868 1556 perpetuam
928 1485 1170 1540 obtineat
1231 1485 1578 1552 ﬁrmitatem,
1640 1503 1803 1542 manu

213 1582 439 1652 propria
469 1581 654 1636 subter
686 1595 805 1635 eam
837 1579 1192 1647 ﬁrmavimus,
1219 1589 1270 1636 et
1303 1582 1370 1638 de
1394 1582 1592 1638 annulo
1617 1590 1804 1638 nostro

209 1674 478 1743 iussimus
504 1672 746 1744 sigillari.
773 1672 1102 1728 Ludovicus.

293 1766 690 1822 Hirminmarus
709 1765 950 1822 notarius
968 1766 1037 1822 ad
1056 1766 1229 1823 vicem
1253 1766 1494 1839 Hugonis
1513 1767 1802 1841 recognovi

214 1869 276 1914 et
305 1857 622 1928 subscripsi.

293 1953 425 2008 Data
455 1968 509 2007 ιι
530 1951 755 2007 Kalend.
782 1953 978 2024 April.,
1008 1969 1172 2020 anno,
1199 1953 1418 2010 Christo
1453 1955 1704 2026 propitio,
1732 1956 1804 2012 23

216 2046 430 2115 imperii
480 2045 732 2100 Ludovici
784 2046 1010 2117 piissimi
1063 2047 1319 2117 Augusti,
1372 2047 1666 2104 indictione
1715 2047 1798 2102 14.

217 2141 414 2195 Actum
452 2137 777 2211 Aquisgraui
802 2137 1002 2209 palatio
1029 2139 1179 2210 regio
1207 2138 1263 2194 in
1303 2138 1402 2194 Dei
1428 2139 1646 2196 nomine
1680 2139 1803 2195 feli-

221 2227 378 2282 citer.
405 2226 600 2282 Amen.

895 2318 1103 2376 CXCIX
1116 2358 1124 2373 .

699 2427 802 2468 P30
840 2425 1018 2466 ΕΔΜ-311
1058 2426 1328 2468 ECCLESIA.

833 2502 1007 2574 (Anno
1047 2502 1197 2574 854.)

577 2591 753 2667 [Apud
772 2593 981 2658 Baluz.,
1007 2592 1160 2658 ibid.,
1183 2610 1306 2666 pag.
1333 2593 1448 2667 87.]

291 2683 349 2740 In
375 2685 592 2739 nomine
628 2685 840 2740 Domini
881 2684 975 2740 Dei
1023 2693 1077 2740 et
1124 2684 1424 2740 Salvatoris
1471 2684 1642 2740 nostri
1675 2682 1805 2742 Iesu

223 2775 448 2841 Christi,
497 2773 822 2840 Ludovicus,
853 2774 1033 2829 divina
1077 2775 1467 2846 repropitiaute
1495 2775 1801 2842 clementia,

224 2864 520 2936 imperator
545 2865 839 2936 Augustus.

296 2957 352 3013 Si
391 2957 744 3026 petitionibus
787 2958 1128 3012 sacerdotum
1162 2973 1260 3028 pro
1283 2957 1612 3028 quibuslibet
1633 2958 1804 3014 eccle-

223 3049 459 3105 siasticis
481 3049 894 3105 necessitatibus
915 3065 1073 3105 aures
1093 3057 1306 3104 nostras
1339 3049 1571 3106 libenter
1591 3066 1804 3106 accom-

222 3145 525 3207 modamus,
571 3152 625 3198 et
653 3159 746 3199 eas
774 3159 896 3199 cum
929 3144 1024 3198 Dei
1055 3144 1257 3198 auxilio
1293 3143 1360 3198 ad
1389 3142 1640 3199 elfectum
1680 3159 1804 3214 per-

223 3237 489 3303 ducimus,
518 3237 572 3292 id
597 3237 753 3291 nohis
779 3237 846 3290 ad
868 3244 1085 3291 aterna
1108 3239 1560 3294 remunerationis
1584 3240 1806 3310 pramia

222 3329 548 3398 capessenda
581 3327 918 3400 profuturum
944 3329 1147 3399 liquido
1176 3330 1462 3386 credimus.
1504 3331 1670 3402 Igitur
1710 3348 1806 3388 no-

221 3425 334 3472 tum
392 3432 512 3473 esse
560 3419 804 3474 volumus
854 3419 1133 3490 sagacitati
1185 3419 1420 3474 ﬁdelium
1472 3431 1804 3489 nostrorum,

221 3509 568 3580 praesentium
591 3509 838 3563 videlicet
859 3518 913 3563 et
932 3510 1256 3576 futurorum,
1281 3527 1379 3565 nec
1399 3527 1506 3567 non
1529 3527 1808 3569 successo-

222 3615 343 3656 rum
401 3608 730 3666 nostrorum,
761 3601 888 3670 quia
943 3601 1129 3657 adiens
1170 3603 1515 3658 serenitatem
1565 3613 1807 3660 nostram

222 3690 472 3745 Aldricus
507 3689 883 3746 Cenomauica
903 3691 1053 3746 urbis
1083 3693 1368 3763 episcopus
1397 3694 1630 3749 innotuit
1651 3695 1809 3752 nobis

224 3785 458 3854 qualiter
494 3783 621 3839 olim
666 3787 903 3854 peccatis
942 3787 1392 3855 prapedientibus
1420 3797 1606 3843 saneta
1639 3799 1811 3844 mater

225 3875 478 3940 ecclesia,
514 3890 635 3944 qua
679 3876 732 3928 in
756 3877 942 3930 eadem
975 3877 1126 3940 urbe,
1175 3878 1231 3930 in
1259 3877 1464 3933 honore
1492 3889 1688 3933 sancta
1715 3881 1808 3935 Dei

225 3965 506 4036 genitricis
545 3964 728 4019 Maria
773 3973 829 4020 et
870 3974 1180 4020 sanctorum
1209 3965 1454 4023 Gervasii
1493 3976 1548 4022 et
1579 3968 1811 4026 Protasii

230 4063 563 4127 martyrum,
592 4055 790 4112 Christi
842 4055 954 4112 Deo
999 4065 1082 4112 est
1123 4056 1322 4126 dicta,
1371 4059 1462 4115 ubi
1501 4059 1682 4115 multa
1724 4075 1813 4117 res

232 4151 432 4206 dudum
463 4159 637 4216 erant,
677 4152 810 4207 adeo
837 4151 1114 4206 humiliata
1151 4161 1206 4207 et
1251 4155 1412 4210 rebus
1451 4155 1565 4210 suis
1595 4155 1667 4210 sit
1693 4157 1812 4212 exi-

232 4246 439 4311 nanita,
458 4252 586 4299 utet
605 4245 891 4300 thesaurus
913 4245 1082 4316 ipsius
1107 4245 1349 4302 ecclesia:
1373 4264 1404 4303 a
1427 4249 1814 4305 christianissi-

229 4337 336 4391 mis
363 4335 698 4406 principibus
719 4336 784 4391 de
811 4351 877 4391 ea
904 4335 1135 4403 ablatus,
1162 4345 1216 4392 et
1249 4340 1493 4409 quadam
1515 4347 1814 4396 stramenta

231 4429 564 4493 chartarum,
597 4443 692 4498 per
719 4443 838 4498 qua
859 4444 948 4484 res
973 4438 1030 4483 et
1069 4431 1334 4502 mancipia
1360 4432 1535 4487 eidem
1574 4433 1818 4489 ecclesia

1903 562 2254 617 redditionem
2288 561 2412 632 jure
2447 569 2502 616 et
2546 561 2787 633 legaliter
2817 575 3110 622 memorata
3140 571 3358 627 tenebat
3387 589 3480 628 ec-

1902 654 2085 721 clesia,
2141 664 2339 710 nostra
2388 655 2723 710 auctoritatis
2773 664 2935 728 atque
2983 663 3297 720 emunitatis
3342 679 3483 736 pra-

1902 760 2116 820 ceptum
2141 750 2287 806 circa
2318 751 2493 820 ipsum
2519 760 2765 806 sanctum
2803 751 2980 808 locum
3006 754 3278 812 ﬁrmitatis
3306 759 3482 830 gratia

1902 841 2021 895 ﬁeri
2069 841 2514 907 decrevissemus,
2551 857 2649 912 per
2689 843 2832 912 quod
2879 844 3091 901 ﬁrmius
3139 857 3192 902 et
3237 849 3482 904 securius

1903 940 2228 986 memoratas
2253 946 2341 985 res
2372 931 2648 986 modernis
2676 931 2979 1004 futurisque
3008 937 3336 1008 temporibus
3366 939 3484 1009 ipsa

1902 1028 2085 1078 teneat
2117 1032 2173 1078 et
2197 1025 2472 1094 possideat
2492 1032 2654 1096 atque
2681 1024 2935 1082 defendat
2957 1027 3202 1084 ecclesia.
3235 1029 3486 1088 Ostendit

1903 1115 2068 1170 etiam
2116 1116 2272 1171 nobis
2319 1126 2647 1187 praceptum
2697 1119 2852 1174 bona
2899 1122 3292 1179 recordationis
3338 1126 3486 1182 beati

1903 1207 2164 1277 genitoris
2204 1209 2372 1263 nostri
2400 1209 2580 1264 domui
2615 1210 2813 1278 Caroli,
2841 1213 2896 1267 in
2924 1229 3033 1284 quo
3064 1223 3118 1270 et
3142 1213 3331 1272 eadem
3361 1234 3489 1274 con-

1903 1298 2216 1353 tiucbantur
2238 1299 2549 1371 singillatim
2573 1304 2846 1357 nominata
2861 1319 2981 1373 qua
2998 1315 3052 1360 et
3081 1307 3132 1360 in
3151 1318 3360 1375 nostro,
3380 1311 3486 1366 nisi

1905 1396 2116 1444 tantum
2142 1404 2206 1446 ea
2232 1406 2351 1460 qua
2388 1407 2488 1446 nos
2514 1403 2702 1462 postea
2732 1409 2796 1448 ex
2835 1393 2958 1463 jure
2984 1396 3222 1467 prafata
3245 1401 3489 1456 ecclesia

1904 1489 2127 1551 propter
2151 1497 2391 1537 amorem
2419 1484 2510 1537 Dei
2538 1493 2594 1539 et
2615 1487 2975 1541 reverentiam
3005 1498 3314 1545 sanctorum
3343 1507 3486 1561 pra-

1905 1569 2051 1625 dicto
2098 1572 2396 1627 venerabili
2444 1574 2666 1629 Aldrico
2711 1576 2962 1646 episcopo
3009 1586 3064 1633 et
3108 1581 3490 1652 suprascripta

1905 1662 2066 1716 matri
2108 1679 2206 1732 per
2246 1673 2444 1719 nostra
2487 1668 2824 1721 auctoritatis
2850 1680 3118 1739 pracepta
3155 1672 3490 1728 reddidimus

1905 1751 2164 1808 ecclesia.
2189 1752 2355 1826 Cujus
2379 1756 2622 1826 petitioni
2655 1759 2724 1813 ob
2759 1774 3000 1814 amorem
3027 1761 3122 1816 Dei
3148 1770 3204 1816 et
3230 1779 3488 1819 reveren-

1827 1842 1876 1902 B
1905 1843 2036 1899 tiam
2079 1847 2248 1916 ipsius
2297 1850 2469 1904 sancti
2510 1849 2741 1906 libenter
2785 1853 3094 1922 annuimus,
3126 1865 3180 1911 et
3208 1857 3310 1912 hoc
3351 1873 3489 1928 pra-

1905 1948 2121 2008 ceptum
2179 1940 2520 1996 auctoritatis
2568 1949 2766 1997 nostra
2815 1943 2960 1998 circa
3017 1947 3192 2016 ipsum
3243 1958 3490 2004 sanctum

1905 2033 2084 2088 locum
2113 2031 2293 2090 facere
2319 2035 2628 2091 censuimus
2657 2053 2670 2090 ;
2701 2052 2802 2107 per
2827 2039 2968 2108 quod
2986 2040 3238 2110 jubemus
3266 2051 3326 2097 ut
3348 2043 3492 2114 ipsas

1905 2126 2132 2182 cellulas
2161 2134 2216 2181 et
2241 2142 2330 2182 res
2359 2136 2414 2183 et
2438 2129 2705 2200 mancipia
2733 2145 2857 2184 cum
2894 2131 3144 2187 omnibus
3169 2134 3235 2188 ad
3267 2149 3326 2188 se
3369 2151 3493 2205 per-

1906 2220 2202 2276 tinentibus
2246 2220 2331 2275 vel
2376 2221 2783 2292 aspicientibus,
2811 2237 2932 2292 qua
2965 2222 3224 2280 moderno
3253 2233 3494 2296 tempore

1899 2313 2047 2385 juste
2076 2322 2132 2370 et
2155 2314 2398 2386 legaliter
2428 2314 2544 2384 ipsa
2588 2322 2737 2370 tenet
2779 2315 3030 2380 ecclesia,
3084 2316 3198 2372 sive
3224 2331 3318 2372 eas
3357 2332 3494 2386 quas

1905 2407 2117 2476 genitor
2141 2414 2326 2462 uoster
2349 2415 2405 2461 et
2426 2421 2524 2461 nos
2545 2407 2716 2462 eidem
2748 2407 3082 2463 reddidimus
3101 2408 3364 2477 ecclesia,
3393 2425 3494 2466 nec

1905 2513 2014 2553 non
2046 2507 2100 2553 et
2129 2513 2222 2556 eas
2267 2515 2388 2568 qua
2435 2507 2594 2552 antea
2631 2499 2685 2553 in
2725 2496 2848 2567 jure
2879 2499 3048 2570 ipsius
3078 2501 3337 2574 episcopii
3369 2519 3495 2559 con-

1905 2589 2192 2656 sistebant,
2229 2589 2458 2644 ﬁrmiter
2499 2599 2662 2658 atque
2695 2589 3078 2646 inviolabiliter
3104 2606 3202 2661 per
3225 2592 3367 2648 hanc
3393 2610 3490 2650 uo-

1907 2688 2080 2735 stram
2105 2679 2484 2735 auctoritatem
2511 2679 2627 2750 ipsa
2658 2689 2838 2736 teneat
2859 2689 3019 2751 atque
3042 2682 3294 2738 defendat
3319 2685 3494 2740 eccle-

1907 2771 2020 2838 sia;
2048 2771 2102 2825 id
2125 2780 2228 2838 est,
2245 2771 2492 2826 cellulam
2519 2773 2690 2826 sancti
2709 2773 2976 2828 Vincentii
3000 2789 3122 2829 cum
3143 2775 3396 2830 omnibus
3423 2777 3491 2831 ad

1907 2879 1966 2919 se
1989 2864 2404 2934 pertinentibus,
2445 2872 2502 2919 et
2543 2863 2793 2921 cellulam
2820 2867 2994 2922 sancti
3031 2867 3231 2934 Albini,
3261 2883 3353 2923 seu
3384 2869 3494 2924 cel-

1905 2953 2070 3010 lulam
2127 2955 2300 3010 sancti
2356 2953 2630 3021 Audoeui,
2689 2965 2744 3013 et
2797 2958 3044 3014 cellulam
3101 2961 3274 3016 sancti
3323 2961 3492 3032 Rigo-

1905 3051 2063 3114 meri,
2093 3057 2148 3103 et
2178 3047 2424 3105 cellulam
2458 3049 2633 3105 sancti
2661 3050 2885 3116 Almeri,
2934 3060 2991 3107 et
3033 3051 3276 3108 cellulam
3316 3055 3492 3110 sancti

1908 3141 2122 3206 Ulfacii,
2168 3149 2220 3197 et
2275 3141 2522 3196 cellulam
2573 3142 2746 3196 sancti
2795 3141 3073 3200 Baumadi.
3132 3145 3260 3202 Hac
3307 3147 3486 3202 omnia

1910 3247 2034 3288 cum
2063 3233 2314 3288 omnibus
2339 3233 2408 3290 ad
2445 3249 2504 3288 se
2530 3234 2924 3304 pertinentibus
2942 3277 2956 3301 ,
2995 3253 3119 3292 cum
3146 3238 3284 3294 vicis
3327 3255 3494 3296 cano-

1908 3327 2077 3393 uicis,
2112 3329 2167 3384 id
2217 3337 2331 3395 est,
2390 3327 2647 3394 Salicam,
2681 3327 3088 3398 Moutiniacum,
3149 3331 3496 3400 Cocciacum,

1909 3418 2240 3486 Placiaeum,
2274 3429 2329 3475 et
2351 3418 2619 3487 Oxellum,
2647 3420 2942 3476 Anciacum
2990 3438 3224 3493 quoque,
3247 3433 3302 3480 et
3350 3425 3500 3479 Arti-

1909 3513 2016 3578 uis,
2045 3528 2151 3567 una
2181 3528 2305 3567 cum
2331 3513 2452 3568 aliis
2473 3513 2609 3568 vicis
2639 3528 2869 3584 quorum
2899 3515 3120 3570 nomina
3151 3515 3206 3570 in
3235 3517 3497 3588 plenariis

1909 3602 2152 3674 prafata
2176 3604 2366 3658 matris
2391 3603 2637 3659 ecclesia:
2673 3605 2938 3659 habentur
2964 3605 3184 3670 inserta,
3215 3622 3334 3661 cum
3359 3607 3502 3661 villis

1912 3693 2218 3749 senioribus
2241 3701 2295 3749 et
2314 3693 2434 3748 aliis
2453 3693 2670 3765 _villulis
2695 3695 2762 3748 ad
2784 3709 2878 3748 cas
2910 3695 3330 3762 pertinentibus,
3355 3696 3500 3751 sicut

1913 3785 1968 3840 in
1993 3784 2252 3854 plenariis
2295 3782 2409 3850 jam
2445 3781 2604 3838 dicta
2638 3783 2828 3837 matris
2856 3783 3096 3838 ecclesia
3125 3785 3496 3851 continentur,

1914 3875 1968 3931 id
1991 3883 2096 3940 est,
2129 3873 2447 3943 Rupiacum,
2476 3872 2794 3938 Cananiam,
2833 3873 3106 3939 Culturas,
3143 3874 3499 3930 Baliavalian-

1914 3967 2058 4032 cion,
2086 3964 2416 4029 Colonieam,
2464 3963 2832 4031 Vetusiacum,
2883 3974 2938 4021 et
2993 3966 3291 4024 Celsiacum
3323 3970 3500 4025 vicum

1917 4059 2264 4125 canonicum;
2305 4066 2360 4113 et
2388 4057 2568 4112 villam
2595 4057 2834 4127 ejusdem
2860 4059 3137 4130 episcopii,
3184 4061 3496 4118 Aloniacum

1917 4166 2149 4223 quoque,
2179 4158 2234 4206 et
2262 4150 2562 4216 Asinarias,
2590 4159 2753 4220 atque
2773 4151 3056 4217 Vodebeis,
3096 4151 3499 4209 Callemartium

1918 4244 2146 4309 scilicet,
2186 4243 2300 4299 sive
2329 4243 2462 4298 alias
2495 4242 2708 4298 villulas
2735 4259 2965 4313 quarum
2995 4245 3212 4300 nomina
3239 4246 3293 4299 in
3319 4262 3500 4314 prom-

1917 4347 2016 4410 ptu
2044 4353 2151 4393 non
2177 4337 2466 4402 habentur,
2488 4336 2580 4392 sed
2608 4337 2660 4390 in
2690 4336 2948 4407 plenariis
2988 4337 3102 4406 jam
3151 4338 3306 4394 dicta
3346 4353 3504 4393 sane--

1921 4439 1990 4485 ta
2043 4430 2234 4484 matris
2295 4428 2538 4484 ecclesia
2589 4437 2843 4484 tenentur
2897 4429 3134 4495 inserta,
3207 4438 3263 4484 et
3311 4445 3505 4485 census

231 4519 449 4574 fuerant
477 4519 755 4592 delegata,
783 4521 1118 4577 diversorum
1147 4537 1368 4578 casuum
1397 4525 1678 4582 eventibus
1703 4543 1818 4582 ma-
1841 4558 1898 4620 Β
1921 4523 2164 4579 omnium
2190 4523 2432 4577 vicorum
2462 4522 2517 4576 in
2557 4522 2747 4577 eadem
2778 4521 3035 4592 parochia
3067 4522 3502 4588 consistentium,

233 4628 340 4683 gna
369 4627 435 4666 ex
461 4622 615 4682 parte
655 4613 728 4668 ibi
780 4613 1141 4680 deverierunt,
1194 4631 1294 4672 nec
1331 4632 1438 4671 non
1483 4620 1817 4688 paupertatis

233 4722 400 4760 causa
431 4707 791 4777 prapediente
819 4707 986 4761 divini
1021 4707 1197 4764 cultus
1230 4708 1462 4766 ofﬁcium
1488 4711 1815 4767 miserabili-

236 4809 322 4855 ter
365 4798 529 4855 fuerit
569 4800 909 4867 destitutum,
951 4801 1083 4856 etin
1115 4801 1303 4857 eadem
1333 4803 1820 4862 miserabili'colla-

237 4891 447 4961 psione,
476 4892 584 4948 imo
613 4892 960 4948 destitutione
992 4894 1172 4948 tandiu
1196 4893 1309 4964 ipsa
1331 4896 1627 4965 perstiterit
1647 4898 1821 4956 eccle-

240 4984 341 5048 sia,
381 4983 550 5039 donec
595 4985 890 5054 inspirante
950 4986 1178 5041 Domino
1232 4989 1460 5046 domnus
1506 4999 1560 5047 et
1607 4994 1822 5064 genitor

239 5083 425 5130 uoster
449 5085 650 5130 sancta
681 5077 954 5132 memoria
979 5077 1205 5135 Carolus
1233 5081 1599 5140 nobilissimus
1625 5089 1817 5144 ortho-

239 5169 414 5224 doxus
440 5168 736 5236 imperator
765 5169 945 5239 aliqua
991 5175 1375 5230 monasteriola
1401 5185 1457 5232 et
1480 5178 1632 5234 villas
1657 5197 1820 5252 quas-

241 5257 551 5336 dam‘juris
602 5256 841 5325 ejusdem
889 5261 1143 5332 episcOpii
1174 5279 1295 5318 cum
1349 5268 1509 5322 rebus
1555 5269 1678 5325 aliis
1723 5287 1822 5342 per

243 5349 688 5404 intercessionem
738 5348 1000 5404 nobilium
1045 5352 1335 5408 multorum
1389 5364 1444 5412 et
1497 5359 1820 5428 optimatum

245 5457 467 5499 suorum
485 5441 657 5496 eidem
681 5441 973 5497 reddiderit
989 5443 1248 5510 ecclesia,
1264 5448 1456 5517 quibus
1475 5451 1588 5520 ipse
1608 5465 1826 5514 sanctus

245 5537 662 5594 adminiculatus
695 5535 843 5594 locus
882 5537 1050 5595 libere
1079 5549 1240 5612 atque
1276 5544 1714 5608 iuexcusabiliter
1744 5554 1825 5609 di-

245 5630 387 5685 vina
411 5645 556 5684 nunc
589 5627 879 5686 famulatur
908 5635 1184 5704 potentia,
1214 5640 1500 5707 postulavit
1527 5653 1689 5715 atque
1725 5664 1825 5704 nos

248 5722 536 5794 praedictus
585 5723 823 5793 pontifex
862 5736 921 5782 ut
959 5728 1026 5784 de
1075 5733 1278 5788 eisdem
1305 5733 1509 5792 cellulis
1553 5747 1610 5794 et
1640 5741 1823 5807 rebus,

251 5815 368 5872 sive
394 5831 530 5887 quas
556 5826 884 5876 memoratus
927 5824 1136 5892 genitor
1180 5835 1366 5883 noster
1411 5838 1464 5884 et
1502 5845 1603 5887 uos
1638 5841 1825 5903 postea

653 5933 933 5998 ΡΑτιιοι..
982 5935 1133 6000 CIV.

1924 4620 2064 4674 sicut
2104 4620 2159 4673 in
2207 4617 2465 4687 plenariis
2520 4624 2575 4672 et
2627 4617 2912 4672 breviariis
2960 4615 3198 4685 ejusdem
3261 4617 3504 4673 ecclesia.

1925 4719 2156 4774 habetur
2181 4717 2525 4788 inscriptum,
2559 4717 2780 4787 insuper
2804 4726 2859 4770 et
2895 4716 3285 4771 monasterium
3329 4717 3504 4772 sancti

1925 4809 2141 4867 Carileﬁ
2163 4810 2324 4864 situm
2359 4809 2412 4862 in
2459 4808 2678 4863 condita
2704 4807 3029 4862 Labricense
3085 4824 3206 4863 cum
3253 4808 3504 4864 omnibus

1926 4903 1996 4958 ad
2023 4917 2082 4958 se
2107 4899 2523 4972 pertinentibus,
2565 4907 2620 4954 et
2656 4897 3097 4953 monasteriolum
3139 4900 3282 4969 quod
3330 4908 3384 4954 et
3435 4901 3502 4955 εἰς

1927 4999 2044 5047 tum
2086 4992 2226 5046 intra
2254 5005 2469 5044 murum
2495 4989 2727 5059 praﬁxa
2754 4989 2991 5044 civitatis
3026 4998 3080 5044 et
3108 4990 3328 5045 fluvium
3378 4990 3501 5046 Sar-

1927 5084 2056 5148 tha,
2085 5089 2141 5135 et
2185 5089 2268 5134 est
2297 5088 2663 5135 constructum
2708 5088 2872 5150 atque
2914 5081 3146 5136 dicatum
3195 5082 3248 5136 in
3299 5083 3503 5139 honore

1929 5181 2102 5239 sancti
2143 5180 2440 5235 Salvatoris
2493 5189 2548 5235 et
2592 5189 2792 5236 sancta
2854 5180 2950 5235 Dei
2991 5179 3272 5251 genitricis
3327 5178 3508 5240 Maria

1888 5295 1892 5300 ‘
1929 5293 1985 5338 ct
2017 5291 2326 5339 sanctorum
2346 5281 2711 5352 apostolorum
2734 5292 2895 5352 atque
2921 5282 3146 5337 aliorum
3172 5291 3504 5340 sanctorum.

1933 5380 2058 5438 Hac
2081 5391 2264 5438 autem
2305 5381 2410 5436 duo
2440 5380 2820 5436 monasteriola
2851 5390 3072 5451 prepter
3117 5396 3356 5438 amorem
3410 5382 3508 5437 Dei

1932 5481 1987 5526 et
2039 5471 2379 5526 dilectionem
2408 5468 2522 5539 jam
2573 5469 2702 5524 dicti
2728 5469 2927 5524 Aldrici
2981 5471 3216 5541 episcopi
3269 5470 3507 5540 praefata

1933 5577 2058 5620 cum
2088 5563 2340 5618 onmibus
2370 5561 2438 5617 ad
2459 5578 2518 5617 se
2557 5561 2950 5633 pertinentibus
2971 5564 3303 5620 reddidimus
3343 5561 3511 5618 matri

1931 5652 2175 5707 ecclesia
2194 5652 2584 5724 perpetualiter
2603 5653 2983 5723 possidendum
3012 5663 3173 5725 atque
3195 5651 3508 5709 tenendum.

1932 5743 2281 5801 Reddidimus
2323 5746 2486 5801 etiam
2532 5747 2854 5816 prascripta
2877 5747 3120 5803 ecclesia
3158 5755 3213 5801 et
3247 5743 3514 5801 Conedra-

1931 5836 2066 5894 lium
2120 5840 2297 5896 vicum
2337 5839 2655 5896 canonicum
2702 5855 2823 5896 cum
2873 5841 3019 5898 omni
3069 5839 3412 5910 integritate,
3455 5851 3516 5896 et

2925 5956 3002 6020 Ιιο
