4050 6340
663 346 802 413 1959
1796 334 2117 395 LUDOVICI
2156 332 2175 388 Ι
2214 324 2699 388 COGNOMENTO.
2719 319 2809 378 PII
3693 319 3785 385 mo

653 472 837 530 villam
871 481 994 537 qua:
1022 460 1267 534 Brogilus
1292 457 1379 513 vel
1408 452 1684 537 Novavilla
1711 456 2072 519 nuncupatur,
2103 460 2226 501 cum
2252 454 2309 514 Α,
2328 444 2458 515 piat.
2490 441 2559 495 Et
2587 440 2635 495 si
2680 438 2748 493 ab
2777 435 2893 505 ipso
2924 442 3178 502 episcopo
3203 441 3373 497 neque
3408 442 3437 483 a
3475 428 3573 485 suis
3601 431 3788 491 ministris

655 522 1035 622 iorestibus‘et
1052 522 1250 609 villvulis
1300 532 1688 606 sive'bmn‘iiius
1710 544 1877 599 ad"se
1918 536 2261 612 pertinenti--
2345 550 2498 590 suam
2527 531 2795 603 justitiam
2833 526 3080 595 accipere
3110 522 3430 592 nequiverit,
3448 524 3721 592 postmodum
3752 528 3793 582 ιλ.

655 615 1191 710 ίιᾘέίέὶἱεᾱάίὃὶῶιιδ
1233 641 1285 697 ei
1330 646 1394 696 et
1416 638 1756 709 Lugdunum,
1798 640 1855 690 et
1909 631 2147 687 Calis'am
2189 636 2245 684 et
2345 626 2578 682 centiam
2609 622 2806 678 habeat
2847 626 2907 673 ut
2950 618 3007 674 in
3051 615 3213 672 malle
3257 615 3463 685 publico
3483 631 3590 673 suas
3620 621 3792 693 tmen-las

658 744 994 805 Tridenteml,
1018 728 1411 797 ac'Bonallam,
1453 737 1615 798 atque
1647 725 1905 789 Baladon,
1963 730 2020 776 et
2042 720 2247 777 beneﬁ-

664 835 746 891 cia
773 824 1385 904 quinque'vassallorum
1425 826 1763 883 nostrorum,
1785 817 1843 871 id
1862 823 1968 881 est,
1994 811 2244 869 Vestadi-

662 924 807 997 gbelt
834 914 1351 983 Mundi,'Wolt’ardi,
1396 911 1653 997 Bodonis,’
1683 915 1740 963 et
1783 906 1915 963 socii
1943 904 2083 973 ejus,-
2124 915 2250 957 cum

664 992 916 1068 omnibus
926 1006 1006 1062 ad
1021 1018 1083 1061 se
1098 995 1495 1074 pertinentibus
1505 1000 1593 1054 vel
1611 997 2018 1069 aspicientibus,
2039 993 2181 1048 sicut
2193 992 2252 1045 in

664 1100 953 1174 praeceptis
981 1098 1183 1153 nostris
1200 1110 1324 1165 quae
1351 1094 1417 1149 de
1439 1092 1554 1163 jam
1580 1092 1739 1147 dictis
1765 1086 2167 1146 monasteriolis
2196 1098 2252 1145 et

667 1191 869 1247 villulis
884 1189 1125 1257 ascripta
1150 1186 1277 1240 sunt
1301 1181 1818 1253 vel‘pertinentibus
1855 1178 1966 1247 jam
1990 1178 2135 1231 dicto
2159 1174 2252 1228 Al-

668 1272 821 1338 drico
839 1277 1080 1351 pontiﬁci
1104 1275 1282 1334 facere
1310 1281 1366 1328 et
1393 1273 1631 1328 scribere
1659 1270 1922 1339 jussimus
1948 1265 2256 1322 continetur

669 1373 931 1427 insertum
939 1396 955 1421 ,ι
970 1366 1096 1422 Haac
1106 1379 1241 1420 vero
1253 1363 1433 1429 omnia
1448 1369 1669 1433 propter
1683 1373 1921 1414 amorem
1936 1356 2029 1411 Dei
2044 1362 2099 1411 et
2110 1366 2258 1408 reve-

672 1462 903 1518 rentiam
913 1466 1225 1514 sanctorum
1246 1454 1546 1512 venerabili
1568 1453 1788 1508 Aldrico
1801 1449 2025 1521 praeﬁxo
2050 1446 2256 1517 episco-

672 1572 741 1626 po
755 1558 809 1611 et
831 1551 1116 1608 antedictaa
1130 1549 1291 1604 matri
1315 1547 1578 1613 ecclesiae,
1599 1558 1759 1615 quam
1775 1543 2063 1614 praedictus
2076 1537 2257 1592 Aldri-

672 1664 767 1705 eus
793 1642 1157 1714 immajoravit
1182 1653 1238 1697 et
1261 1641 1417 1711 quasi
1440 1655 1472 1693 a
1508 1639 1859 1714 fundamento
1884 1631 2257 1696 reaediﬁcavit,

673 1712 1034 1807 nobili-iterque
1059 1735 1296 1801 ornavit,
1324 1734 1458 1788 etin
1488 1733 1693 1787 honore
1713 1712 1927 1783 Domini
1959 1721 2258 1780 Salvatoris

2341 718 2487 790 juste
2509 724 2566 771 et
2591 710 3169 779 rationabiliteratque
3205 705 3452 777 legaliter
3466 716 3654 776 quam.
3675 707 3747 765 Sed
3765 713 3793 767 si

2349 820 2639 882 antequam
2663 806 2853 863 fecerit
2878 802 3033 869 illud,
3048 803 3161 874 jam
3186 801 3342 857 dictas
3373 799 3507 856 sedis
3527 801 3795 872 ecclenaepi

2351 914 2573 970 scepnm
2606 904 2664 952 et
2689 908 2818 951 suos
2860 894 3138 950 ministros
3173 900 3229 947 et
3256 890 3524 946 advocatos
3556 890 3604 944 in
3631 891 3797 946 mallcet

2353 992 2631 1063 cujusdam
2673 985 2997 1045 conditionis
3043 983 3261 1055 publico
3300 983 3487 1052 placito
3523 996 3720 1038 accusare
3744 994 3797 1037 aut

2352 1082 2571 1155 pulsare
2614 1076 3039 1151 praesumpserit,
3070 1076 3198 1145 quia
3232 1082 3461 1129 nostram
3493 1075 3726 1144 jussionem
3751 1085 3798 1128 at-

2355 1188 2461 1243 que
2511 1179 2756 1229 nostrum
2807 1175 3137 1240 praeceptum
3183 1174 3241 1220 et
3298 1164 3534 1219 indictum
3577 1168 3799 1235 contempsit

2358 1267 2471 1322 sive
2515 1262 2916 1336 prmvaricavit,
2948 1261 3183 1315 bannum
3233 1265 3467 1313 nostrum
3503 1272 3563 1310 ex
3599 1257 3679 1311 hoc
3706 1258 3801 1311 nobis

2359 1362 2677 1427 componat,
2715 1362 2769 1409 et
2795 1352 3067 1423 praedicta:
3111 1349 3350 1406 ecclesiae
3384 1348 3611 1418 episcopo
3646 1348 3708 1401 vel
3736 1352 3802 1405 suis

2359 1446 2625 1502 ministris
2652 1443 2853 1500 solidos
2878 1449 3094 1499 centum
3121 1438 3329 1510 argenti
3351 1445 3622 1507 componat,
3642 1446 3683 1492 et
3711 1453 3803 1491 suam

2354 1536 2627 1606 justitiam
2670 1535 3013 1605 postmodum
3039 1532 3246 1600 absque
3277 1530 3392 1601 lege
3430 1536 3517 1584 aut
3546 1528 3686 1598 aliqua
3714 1544 3804 1582 con-

2360 1628 2628 1697 positione
2656 1625 2902 1695 recipiat.
2930 1622 3222 1677 Praedictas
3240 1620 3387 1676 enim
3401 1634 3571 1685 causas
3598 1628 3806 1673 memorate

2365 1717 2607 1775 ecclesia:
2650 1714 3103 1786 pontiﬁcibusque
3151 1720 3312 1782 atque
3340 1710 3499 1781 servis
3526 1709 3606 1764 Dei
3629 1708 3722 1764 inibi
3747 1707 3806 1761 ib-

671 1837 727 1887 et
765 1837 968 1886 sanctae
991 1826 1234 1898 ejusdem
1277 1825 1375 1881 Dei
1411 1821 1691 1895 genitricis
1734 1819 1913 1874 Maria:
1942 1826 2106 1886 atque
2135 1828 2263 1869 san-
2290 1827 2340 1888 Β
2365 1809 2513 1864 mino
2543 1794 2927 1861 famulantibus
2954 1819 3051 1875 pro
3081 1804 3179 1858 Dei
3207 1816 3387 1857 amore
3414 1808 3465 1856 et
3482 1799 3719 1855 reverentia
3733 1814 3806 1851 san-

661 1916 884 1980 ctorbm
934 1928 1237 1992 martyrum
1269 1916 1517 1974 Gervasii
1565 1922 1620 1969 et
1664 1911 1899 1968 Protasii
1928 1910 2043 1963 sive
2085 1905 2261 1961 sancti

673 2012 935 2083 Stephani
979 2010 1296 2067 solemniter
1348 2005 1691 2063 consecravit
1742 2011 1799 2058 et
1848 1997 2257 2061 reconciliavit,

672 2119 837 2162 causa
870 2102 1103 2175 iustitiae
1118 2102 1181 2156 in
1211 2107 1396 2155 nostra
1443 2097 1783 2166 eleemosyna
1831 2090 2162 2147 reddidimus
2207 2093 2266 2141 et.

673 2194 1119 2254 conﬁrmavimus
1144 2200 1202 2248 et
1230 2193 1285 2246 in
1308 2190 1433 2259 jure
1462 2188 1703 2259 ejusdem
1729 2184 1976 2241 ecclesiae
1997 2197 2063 2236 ac
2092 2179 2265 2236 domi-

673 2290 897 2346 natione
945 2295 1216 2343 rectorum
1273 2282 1390 2352 ejus
1448 2280 1744 2337 tenendum
1792 2285 1847 2332 et
1895 2272 2273 2350 ecclesiastico

677 2378 1084 2452 gubernandum
1112 2391 1232 2432 esse
1267 2374 1596 2431 censuimus.
1630 2370 1925 2425 Memorata
1961 2366 2124 2437 igitur
2152 2380 2268 2437 mo:

678 2469 973 2529 nasteriola
1000 2476 1058 2525 et
1082 2474 1414 2523 memoratas
1444 2462 1667 2519 cellulas
1693 2468 1750 2517 et
1772 2459 1987 2514 villulas
2011 2471 2133 2512 cum
2158 2470 2269 2509 om-

676 2565 838 2621 nibus
863 2562 1029 2619 rebus
1055 2568 1112 2617 et
1156 2558 1445 2629 mancipiis
1472 2557 1541 2612 ad
1587 2570 1647 2611 se
1680 2550 2101 2624 pertinentibus,
2132 2562 2270 2617 quas

677 2657 840 2713 modo
859 2653 1007 2725 juste
1030 2662 1086 2710 et
1108 2652 1357 2726 legaliter
1381 2658 1680 2725 memorata
1712 2654 1863 2703 tenet
1890 2642 2139 2706 ecclesia,
2171 2654 2271 2710 per

680 2749 824 2805 hanc
850 2752 1092 2801 nostram
1140 2743 1521 2799 auctoritatem
1565 2741 1744 2795 eidem
1770 2738 1870 2793 sub
1895 2744 2095 2792 nostra:
2120 2746 2273 2789 emu-

684 2838 879 2893 nitatis
911 2836 1138 2891 tuitione
1171 2834 1365 2889 iterum
1393 2830 1778 2889 conﬁrmamus
1818 2825 2078 2891 ecclesiae.
2128 2822 2273 2877 Prae-

684 2929 950 2998 cipientes
995 2940 1126 2997 ergo
1165 2923 1423 2994 jubemus
1446 2932 1523 2979 ut
1574 2921 1756 2977 nullus
1800 2918 1964 2989 judex
2003 2914 2271 2987 publicus,

684 3036 863 3093 neque
889 3019 1149 3090 quislibet
1189 3032 1257 3073 ex
1296 3015 1582 3088 iudiciaria
1617 3018 1905 3083 potestate,
1936 3023 2039 3065 nec
2075 3005 2273 3076 aliquis

684 3132 752 3173 ex
792 3114 1042 3172 ﬁdelibus
1072 3111 1274 3168 uestris
1313 3110 1371 3165 in
1420 3108 1578 3165 dictis
1622 3107 1785 3173 villis,
1820 3104 1974 3169 locis,
2018 3102 2104 3157 vel
2133 3101 2277 3172 agris

2366 1908 2577 1957 ctorum
2602 1898 2991 1961 concessimus,
3016 1906 3436 1965 concessumque
3462 1889 3626 1967 futuris
3647 1888 3808 1960 tempori-

2364 1995 2466 2050 bus
2491 2006 2612 2048 cssc
2657 1991 2922 2048 volumus.
2967 1989 3168 2044 lterum
3216 1988 3503 2059 iterumque
3522 1984 3716 2057 iubentes
3731 1997 3810 2051 prx-

2368 2085 2598 2157 cipimus
2643 2091 2705 2137 ut
2749 2081 2927 2137 nullus
2972 2096 3041 2137 ex
3090 2078 3337 2134 ﬁdelibus
3376 2070 3582 2153 nostris,
3618 2083 3688 2129 aut
3711 2071 3809 2142 iudex

2366 2179 2633 2251 publicus,
2671 2176 2757 2231 vel
2790 2176 2951 2230 etiam
2982 2174 3234 2244 quaelibet
3270 2173 3496 2227 immissa
3514 2166 3592 2226 vel
3621 2170 3811 2239 subrepta

2369 2285 2622 2342 persona,
2659 2268 2894 2338 aliquam
2932 2265 3355 2334 inquietudinem
3391 2271 3476 2317 aut
3518 2258 3714 2329 injustam
3738 2272 3811 2309 con-

2373 2363 2708 2417 trarietatem
2735 2360 2799 2414 de
2823 2357 3098 2429 praedictis
3119 2353 3499 2428 monasterioljs
3516 2352 3610 2405 sive
3628 2347 3771 2404 cellulis
3782 2357 3810 2399 et

2371 2458 2535 2513 rebus
2563 2463 2619 2511 et
2645 2452 2933 2523 mancipiis
2967 2466 3031 2505 ac
3071 2448 3342 2520 censibus,
3382 2461 3475 2501 nec
3511 2459 3601 2499 non
3627 2449 3669 2496 et
3701 2436 3813 2494 dehis

2373 2564 2493 2624 qum
2514 2548 2629 2601 sive
2663 2560 2692 2599 a
2727 2531 2885 2600 nobis
2922 2542 3035 2597 sive
3077 2556 3110 2594 a
3142 2536 3527 2610 successoribus
3557 2531 3709 2587 nostris
3728 2526 3812 2581 vel:

2373 2616 2602 2709 neuquis
2637 2638 2804 2693 Deum
2830 2632 3149 2699 timentibus
3178 2631 3349 2689 eidem
3374 2616 3585 2683 ecclesia:
3607 2622 3734 2678 divina
3749 2618 3815 2691 pie-

2374 2739 2459 2799 tas
2486 2730 2738 2798 deinceps
2757 2726 2945 2808 augeri
2967 2723 3220 2791 voluerit,
3262 2720 3455 2777 nostris
3474 2715 3713 2782 tuturisun
3736 2719 3814 2763 tem-

2373 2828 2598 2899 poribus
2646 2802 2961 2881 memoratie
2989 2821 3235 2877 ecclesiae
3272 2817 3440 2881 facere
3484 2817 3731 2887 praesumat;
3760 2802 3814 2867 sol

2374 2922 2477 2979 sub
2514 2922 2619 2979 hoc
2646 2927 2849 2977 nostra:
2881 2913 3311 2995 conﬁrmationis
3336 2920 3384 2968 et
3424 2907 3629 2967 tuitionis
3644 2906 3815 2974 νηοερίο

2376 3018 2433 3073 in
2475 3014 2599 3085 jure
2642 3013 2887 3083 ejusdem
2925 3009 3189 3081 episcopii
3229 3006 3611 3072 omnitempore
3644 2996 3685 3050 in
3704 3001 3814 3047 nostra

2375 3108 2721 3178 eleemosyna
2746 3104 2928 3175 quiete
2955 3112 3020 3159 ac
3042 3100 3269 3173 paciﬁce
3303 3107 3356 3154 et
3388 3096 3518 3167 justo
3542 3085 3761 3178 possideri.
3786 3088 3817 3133 ει

684 3224 783 3266 seu
801 3206 1027 3277 reliquis
1048 3201 1480 3276 possessionibus
1503 3207 1815 3257 memoratae
1836 3196 2115 3260 Ecclesiae,
2138 3208 2274 3264 quas
2300 3203 2346 3266 ρ
2378 3176 2628 3273 legatum;
2654 3198 2795 3254 meri
2837 3196 3072 3261 valeam,
3100 3195 3182 3250 riu,
3219 3190 3459 3249 videlicet
3495 3195 3553 3241 ιιι.
3566 3176 3751 3255 quidquid
3769 3186 3816 3226 re-

686 3298 1214 3366 moderno-tempore
1257 3295 1310 3349 in
1341 3291 1671 3363 quibuslibet
1706 3290 1858 3361 pagis
1897 3296 1955 3344 et
1985 3284 2278 3343 territeriis

690 3390 832 3447 infra
879 3389 1140 3445 ditionem
1171 3387 1321 3458 regni
1353 3387 1525 3443 uestri
1565 3385 1715 3456 juste
1758 3384 1963 3451 habere
2005 3391 2060 3439 et
2102 3383 2280 3453 possi-

691 3481 825 3537 dere
871 3478 1235 3549 cognoscitur,
1277 3492 1502 3546 qumque
1546 3477 1710 3531 etiam
1759 3476 2012 3545 deinceps
2057 3476 2114 3533 in
2158 3476 2283 3544 jure

692 3576 867 3648 ipsius
885 3573 1061 3630 sancti
1088 3571 1192 3628 loci
1223 3572 1405 3627 divina
1435 3571 1665 3626 voluerit
1694 3571 1865 3639 pietas
1892 3570 2097 3639 augeri;
2122 3583 2282 3624 nemo

695 3666 763 3722 ad
805 3678 1001 3722 causas
1046 3663 1346 3718 audiendas
1387 3661 1474 3717 vel
1521 3662 1853 3725 inferendas,
1904 3661 2280 3731 requirendus,

697 3762 794 3812 aut
820 3755 1027 3811 tributa
1050 3754 1137 3810 vel
1182 3753 1335 3809 {reda
1377 3753 1661 3825 exigenda,
1706 3759 1800 3806 aut
1844 3753 2156 3808 manSiones
2198 3751 2284 3807 vel

697 3858 917 3921 paratas
939 3847 1234 3914 faciendas,
1260 3856 1355 3902 aut
1376 3846 2013 3918 teloneumexigendum,
2036 3858 2136 3902 nec
2165 3845 2289 3901 ﬁde-

694 3946 940 4015 iussores
970 3941 1254 4006 tollendos,
1298 3949 1392 3996 aut
1419 3942 1666 3996 homines
1698 3938 2141 4011 ipsiusecclesiae
2174 3948 2287 3993 tam

700 4035 1157 4105 ingenuosquam
1187 4039 1245 4087 et
1269 4044 1457 4087 servos
1484 4032 1577 4101 qui
1607 4044 1769 4099 super
1804 4037 2005 4084 terram
2046 4028 2288 4098 ejusdem

702 4128 945 4185 residere
989 4126 1239 4181 videntur
1286 4124 1484 4193 injuste
1541 4124 1958 4193 distringendos,
2008 4137 2110 4177 nec
2156 4122 2290 4177 ullas

703 4220 1095 4295 prohibitiones
1138 4224 1233 4273 aut
1292 4218 1509 4273 illicitas
1561 4217 1878 4273 occasiones
1937 4214 2292 4285 requirendas

704 4312 815 4368 ullo
845 4324 1084 4382 unquam
1117 4310 1363 4379 tempore
1404 4308 1613 4379 ingredi
1652 4307 1869 4372 audeat,
1918 4306 2003 4361 vel
2038 4314 2291 4360 exactare

706 4402 962 4475 praedicta
1002 4416 1068 4457 ex
1102 4401 1343 4472 praefatis
1372 4401 1531 4455 rebus
1572 4400 1806 4471 quodam
1832 4399 1889 4453 in
1932 4399 2049 4453 loco
2092 4413 2294 4467 prtcsu-

706 4502 838 4549 mat.
880 4494 948 4549 Et
996 4493 1255 4564 quidquid
1298 4508 1366 4547 ex
1395 4493 1558 4547 rebus
1588 4492 1702 4561 jam
1738 4492 1894 4547 dictae
1924 4490 2181 4545 Ecclesia:
2225 4490 2289 4544 ﬁ-

2381 3302 2561 3351 ctores
2590 3290 2675 3347 vel
2704 3288 2934 3347 ministri
2968 3286 3139 3358 ipsius
3166 3283 3402 3340 ecclesia:
3433 3293 3521 3350 pro
3544 3266 3816 3346 uppotmnilale

2381 3390 2436 3438 et
2466 3382 2696 3439 utilitate
2719 3380 2786 3436 de
2806 3376 3045 3451 praelatis
3067 3378 3232 3433 rebus
3267 3375 3443 3431 facere
3464 3365 3696 3425 voluerint,
3716 3358 3815 3411 Iibetv

2383 3476 2439 3531 in
2466 3474 2719 3530 omnibus
2746 3469 3099 3541 perfruantur
3140 3466 3362 3523 arbitrio
3407 3456 3620 3520 faciendi,
3650 3457 3817 3522 quatenus

2382 3564 2677 3638 pontiﬁces
2700 3562 2869 3632 ipsius
2899 3560 3045 3616 sedis
3074 3572 3201 3616 cum
3228 3568 3386 3629 grege
3424 3553 3515 3609 sibi
3534 3544 3817 3638 commisso?"

2386 3632 2754 3715 incolumitate
2784 3663 2989 3721 nostra,
3013 3653 3261 3725 conjugis
3284 3666 3345 3707 ac
3367 3647 3519 3720 prolis
3542 3684 3555 3709 ,
3572 3648 3615 3698 et
3631 3632 3818 3725 stabilitate

2386 3751 2600 3822 imperii
2620 3766 2652 3807 a
2673 3752 2783 3806 Deo
2803 3748 2959 3805 nobis
2978 3724 3159 3803 collati
3178 3761 3277 3802 sua
3299 3741 3575 3815 gratissima
3593 3724 3818 3822 miserationi“

2389 3815 2486 3919 per
2531 3847 2854 3901 immensum
2908 3841 3264 3899 conservandi
3287 3838 3480 3909 iugiter
3514 3825 3680 3919 Domini
3705 3815 3804 3886 iﬁlliio

2391 3916 2514 3995 rent
2576 3936 3028 3993 misericordiam.
3097 3933 3168 3988 Et
3223 3940 3300 3987 ut-
3347 3931 3453 3984 haec
3499 3917 3723 3979 auctoritas
3766 3916 3820 3975 να

2390 4029 2675 4086 curricula
2700 4023 3361 4083 annorum-inviolabilem
3396 4016 3547 4087 atque
3577 4000 3819 4067 inraﬂYlllSlll

2391 4122 2631 4179 obtineat
2649 4119 2981 4181 ﬁrmitatem,
3004 4131 3166 4173 manu
3186 4113 3402 4185 propria
3424 4109 3693 4165 Subtermm
3712 4091 3819 4146 imi"

2393 4216 2589 4274 vimus,
2607 4220 2661 4268 et
2674 4212 2857 4269 annuli
2882 4211 3051 4267 nostri
3077 4208 3424 4279 impressione
3436 4194 3627 4272 sigillari
3641 4185 3819 4260 iussimus-

2469 4306 2692 4377 Signum
2724 4304 2979 4360 Ludovici
3017 4300 3247 4373 piissimi
3272 4292 3599 4367 imperatoris«
3780 4356 3819 4377 ﬂ,

2466 4373 2792 4468 Maginarius
2823 4394 3064 4451 notarius
3092 4393 3162 4449 ad
3196 4391 3366 4448 vicem
3408 4379 3614 4456 Hugonis
3643 4373 3819 4436 τθωιυοη

2397 4500 2453 4549 et
2481 4490 2796 4561 subscripsi.
3352 4506 3355 4513 ν

708 4539 838 4549 ⁵’”’“⁷’
880 4539 948 4549 ""'
999 4539 1255 4564 Ὶ“’“““ι“¹·“”
1301 4539 1366 4547 ν’·
1398 4539 1557 4547 ⁵“’“’“··’
1588 4539 1702 4561 ὒ’““·⁸
1740 4539 1893 4547 “·¹“’“’”
1924 4539 2179 4545 —""""
2225 4539 2258 4544 "

708 4601 834 4642 scus
860 4596 1081 4657 sperare
1102 4592 1339 4656 poterat,
1369 4592 1541 4640 totum
1572 4599 1672 4639 nos
1701 4591 2015 4639 memoratae
2038 4581 2296 4639 Ecclesiae

2221 4582 2296 4637 die
2317 4563 2372 4624 Ῑ)
2399 4539 2428 4549 ν
2469 4539 2949 4649 inritam”
2976 4594 3141 4646 anno,
3165 4576 3376 4633 Christo
3400 4539 3820 4657 pmpitio,3§lm99:i

708 4678 1080 4735 concedimus.
1106 4676 1333 4746 Insuper
1359 4684 1416 4731 et
1445 4674 1576 4729 illud
1608 4675 1663 4729 in
1708 4676 1813 4731 hoc
1852 4682 2121 4745 prmcepto
2151 4674 2298 4728 inse-

710 4784 835 4829 rere
883 4772 1208 4842 deprccante
1228 4770 1343 4840 jam
1371 4769 1516 4824 dicto
1555 4769 1809 4839 episcopo
1832 4768 2115 4839 iussimus,
2157 4767 2299 4823 sicut

714 4874 768 4922 et
794 4866 850 4922 in
879 4864 1037 4921 bonae
1067 4862 1344 4919 memoria:
1371 4860 1583 4916 Domini
1609 4869 1663 4915 et
1703 4860 1964 4929 genitoris
1992 4859 2165 4915 nostri
2190 4858 2298 4915 Ca-

714 4958 814 5014 roli
862 4956 1206 5027 imperatoris
1244 4963 1516 5025 praecepto
1560 4954 1826 5009 insertum
1874 4951 2195 5022 reperimus,
2236 4956 2298 5004 ut

716 5046 895 5103 nullus
920 5045 1087 5116 judex
1114 5053 1207 5101 aut
1225 5060 1439 5110 comes;
1467 5053 1562 5099 aut
1584 5044 1837 5115 quislibet
1862 5044 2023 5099 homo
2051 5042 2135 5097 vel
2153 5056 2298 5111 quae-
2365 5088 2373 5097 .

2364 5092 2373 5187 ί
2404 5134 2581 5207 [Apud
2610 5133 2808 5188 Mabill.
2841 5133 2958 5188 Act.
3497 5128 3600 5172 saec.
3636 5116 3697 5163 ιν,
3731 5092 3818 5164 Ρ³¹¹⁶

678 5174 683 5179 .
717 5137 847 5193 libet
878 5152 1110 5207 persona
1136 5138 1404 5208 praedictae
1442 5136 1687 5192 ecclesiae
1715 5135 1995 5189 ministros
2018 5133 2104 5187 vel
2136 5133 2299 5186 advo-

717 5235 869 5282 catos
893 5228 947 5283 in
962 5229 1123 5283 mallo
1144 5228 1359 5307 publico
1384 5242 1644 5283 accusare
1668 5233 1982 5297 praesumat,
2006 5230 2299 5293 antequam

718 5317 1004 5374 conveniat
1026 5319 1304 5374 ministros
1325 5332 1508 5374 rerum
1538 5326 1592 5371 et
1620 5315 1833 5385 judiccs
1866 5313 2115 5367 villarum
2143 5321 2302 5383 atque

714 5408 1000 5465 hominum
1028 5425 1059 5465 a
1089 5411 1284 5480 quibus
1322 5410 1483 5465 laesus
1532 5416 1644 5472 cst,
1687 5416 1746 5461 ut
1774 5406 1840 5461 ab
1869 5405 1947 5459 eis
1985 5402 2304 5459 familiai-cm

719 5510 776 5560 et
798 5498 1005 5574 justam
1034 5502 1264 5572 accipiat
1285 5502 1586 5574 justitiam;
1623 5507 1678 5553 et
1707 5499 1751 5553 si
1790 5514 1819 5553 a
1849 5497 2119 5568 prmdiclis
2146 5496 2307 5552 mini-

720 5594 852 5652 stris
876 5608 1031 5650 suam
1054 5589 1321 5661 justitiam
1345 5594 1593 5665 accipere
1614 5607 1720 5647 non
1746 5592 1997 5651 valuerit.
2030 5601 2158 5645 tunc
2183 5605 2309 5644 con-
2362 5638 2365 5643 .

672 5750 681 5755 _
721 5686 905 5741 veniat
921 5682 1236 5756 episcopum
1253 5682 1525 5751 jamdictae
1544 5682 1819 5749 Ecclesiae,
1847 5690 1904 5736 ut
1926 5684 1992 5737 ab
2015 5683 2130 5752 ipso
2153 5696 2307 5736 suam

718 5776 987 5847 justitiam
1027 5773 1349 5831 familiarem
1395 5782 1449 5829 et
1491 5774 1689 5830 bonam
1728 5783 1891 5844 atque
1924 5774 2126 5844 justam
2159 5774 2305 5830 acci-

2397 4676 2601 4735 domini
2625 4634 3140 4743 iustissimam;
3168 4634 3823 4743 Atngutstiiimiicl-“id”?r

2398 4767 2570 4825 ctavis
2593 4766 2812 4821 civitate
2838 4733 3052 4834 publica
3083 4762 3139 4819 in
3160 4733 3483 4815 Dei'nomiue
3496 4742 3690 4804 feliciter.
3704 4733 3819 4788 Δωωο

3145 4851 3251 4907 CC.

2687 4964 2788 5006 Ριιο
2823 4962 3161 5003 ΜΟΝΑΒΤΕΒΙΟ
3196 4942 3630 5000 ΑΝτιεειουοκειεει.

3019 5040 3190 5112 (Anno
3212 5034 3356 5106 855.)

3005 5219 3061 5260 ιι,
3087 5216 3205 5271 pag.
3235 5194 3379 5269 576.]

2476 5307 2531 5362 ln
2572 5306 2790 5379 nomine
2824 5303 3038 5358 Domini
3066 5302 3158 5355 Dei
3208 5306 3261 5354 et
3308 5293 3572 5349 Salvatorls
3600 5293 3783 5379 095‘":

2407 5404 2631 5469 Christi,
2675 5372 3002 5463 Ludovicus,
3043 5397 3222 5452 divina
3262 5360 3814 5460 rcpmpiﬁanwdemﬂ‘m’

2408 5482 2703 5568 imperator
2728 5493 3022 5564 Augustus.

2482 5589 2539 5646 Si
2568 5588 2917 5658 petitionibus
2939 5597 3214 5641 servorum
3369 5570 3515 5644 iustis

2411 5684 2535 5751 ltus,
2566 5699 2700 5755 quas
2754 5679 3053 5751 majestatis
3087 5684 3283 5734 nostrae
3320 5668 3519 5725 auribus
3542 5668 3763 5755 Ιιξειωξδᾚέ

2412 5727 2535 5751 *νυν
2568 5727 2700 5755 1-w-
2755 5727 3052 5751 -ι-ιν---ν--α
3087 5727 3274 5734 --νε--α
3758 5727 3763 5734 .

2412 5776 2576 5831 divini
2611 5775 2787 5830 cultus
2834 5787 3018 5828 amore
3069 5770 3321 5834 favemus,
3371 5760 3499 5818 illius
3526 5727 3813 5808 miseﬂw'd'“

3600 5256 3817 5331 nostri”

3534 5570 3579 5619 et
3600 5530 3808 5612 rationabw‘

3542 5631 3813 5712 ἰιιεὶιιυλγρήοιν
