4050 6340
271 344 407 409 1161

273 554 609 626 Quapropter
650 562 834 611 notum
879 571 997 614 esse
1042 558 1290 617 volumus
1340 565 1552 619 cunctis
1590 564 1849 622 ﬁdelibus

271 647 581 705 saucueDei
609 648 862 707 Ecclesiae
904 659 960 706 et
986 653 1205 720 nostris,
1255 658 1614 725 praesentibus
1640 659 1849 717 scilicet

267 748 326 797 et
352 740 569 807 futuris,
619 742 744 811 quia
776 742 1137 801 Christianus
1174 749 1502 803 venerabilis
1529 751 1699 806 abbas
1725 766 1845 807 mea

269 834 495 890 nasterii
548 834 720 890 sancti
752 834 1007 893 Germani
1059 838 1388 895 confessoris
1427 840 1651 908 Christi,
1703 844 1847 914 quod

270 932 355 982 est
372 924 534 981 situm
560 924 616 979 in
660 924 918 983 suburbio
938 925 1506 1007 Antissiodorensium,
1553 935 1742 992 adiens
1762 942 1847 991 se-

262 1016 555 1073 renitatem
603 1015 853 1073 culminis
901 1022 1073 1076 nostri
1129 1023 1399 1093 suggessit
1434 1027 1845 1083 mansuetudini

268 1114 489 1171 nostrze,
522 1112 924 1162 antecessorem
947 1123 1102 1165 suum
1129 1109 1396 1176 abbatem,
1430 1113 1722 1171 Deusdedit
1747 1131 1845 1172 vo-

264 1196 480 1279 cabuio,
505 1204 748 1253 nostram
764 1196 1080 1267 jamdudum
1102 1202 1356 1271 petivisse
1380 1202 1740 1271 clementiam,
1760 1220 1767 1227 '
1785 1214 1847 1264 ut

264 1296 469 1344 nostrae
482 1290 823 1346 auctoritatis
837 1292 1390 1362 praeceptolicentiam
1407 1294 1510 1351 sibi
1533 1298 1845 1354 monachis-

264 1399 372 1454 que
395 1384 451 1439 in
485 1385 675 1441 eodem
700 1386 1029 1442 monasterio
1054 1387 1154 1443 sub
1195 1401 1294 1443 suo
1322 1389 1583 1460 regimine
1601 1390 1845 1462 degenti-

182 1522 189 1527 .
264 1476 368 1531 bus
406 1476 679 1543 daremus,
720 1476 1007 1533 abbatibus
1050 1494 1199 1534 more
1235 1480 1484 1536 humana:
1532 1481 1844 1553 fragilitatis

266 1568 652 1626 decedentibus
686 1585 753 1627 ex
778 1572 1085 1641 semetipsis
1135 1574 1432 1630 secundum
1470 1578 1643 1633 sancti
1669 1577 1843 1635 Bene-

267 1661 397 1717 dicti
435 1662 679 1733 regulam
705 1664 934 1734 eligendi
959 1666 1231 1721 abbatem.
1277 1667 1494 1738 Nosque
1531 1669 1649 1739 ejus
1672 1671 1842 1728 ratio-

263 1752 533 1809 nabilihus
560 1755 813 1823 precibus
837 1764 1155 1823 annuentes,
1177 1772 1283 1814 non
1306 1759 1480 1815 solum
1503 1762 1751 1818 eamdem
1781 1762 1842 1819 li-

1404 346 1797 415 DIPLOMATA
1835 350 2388 418 ECCLESIASTICA.

269 459 429 521 nobis
463 460 784 530 propensius
826 461 1216 520 conciliandam
1258 467 1480 527 omnino
1500 470 1847 527 conﬁdimus.
1874 477 1930 543 Α

3384 367 3525 426 ηδε

2023 469 2081 525 Si
2103 470 2342 551 ﬁdelium
2371 481 2679 531 nostrorum
2708 468 2871 543 justis
2895 484 2952 531 et
2996 478 3405 539 rationabilibus
3429 497 3526 553 pe-

1951 562 2250 641 titionibus,
2279 578 2415 633 quas
2453 580 2552 635 pro
2574 564 2927 621 ecclesiarum
2958 569 3059 626 sibi
3111 574 3527 632 commissarum

1948 654 2361 710 necessitatibus
2415 657 2617 711 nostris
2669 657 2892 713 auribus
2926 659 3176 718 intimare
3219 664 3525 737 voluerunt,

1946 758 2136 799 aurem
2165 748 2661 814 accommodamus,
2687 762 2888 819 easque
2915 750 2982 805 ad
3008 761 3251 821 optatum
3273 754 3524 814 effectum

1944 834 2311 903 perducimus,
2338 852 2444 891 non
2457 837 2633 893 solum
2654 841 2859 911 regiam
2879 849 2935 896 et
2956 841 3359 913 imperatoriam
3369 862 3528 906 exer-

1947 938 2133 980 cemus
2154 928 2616 994 consuetudinem,
2670 931 2765 986 sed
2791 931 2957 987 etiam
2981 933 3198 989 eosdem
3226 936 3412 997 ﬁdeles
3430 956 3527 999 no-

1946 1022 2088 1071 stros
2117 1014 2185 1070 ad
2214 1015 2529 1073 ﬁdelitatem
2552 1019 2700 1076 circa
2744 1033 2928 1093 partes
2954 1034 3170 1085 nostras
3206 1031 3527 1098 propensius

1946 1108 2393 1179 conservandam,
2426 1113 2859 1183 sacerdotesque
2897 1131 2961 1171 ac
2995 1132 3179 1177 servos
3210 1118 3317 1193 :Dei
3340 1121 3392 1174 in
3419 1122 3527 1178 eis-

1945 1196 2069 1251 dem
2096 1197 2340 1253 ecclesiis
2363 1213 2463 1268 pro
2507 1201 2707 1256 nostris
2739 1205 3056 1283 excessibus
3084 1207 3294 1285 Domini
3321 1210 3509 1267 miseri

1944 1288 2186 1345 cordiam
2195 1298 2481 1347 exorantes
2507 1294 2871 1365 promptiores
2892 1306 3055 1368 atque
3075 1300 3385 1358 devotiores
3406 1294 3529 1358 red-

1944 1382 2142 1439 dimus.
2184 1383 2419 1463 Proinde
2439 1394 2625 1442 notum
2653 1402 2773 1443 esse
2787 1389 3038 1445 volumus
3064 1392 3306 1446 omnium
3328 1402 3526 1450 sancta:

1944 1474 2043 1529 Dei
2067 1473 2326 1531 Ecclesia:
2346 1486 2761 1548 nostrorumque
2784 1478 3022 1535 ﬁdelium
3055 1489 3164 1535 tam
3177 1486 3526 1552 prmsentium

1942 1582 2104 1637 quam
2124 1575 2181 1622 et
2202 1567 2527 1635 futurorum,
2559 1570 2859 1637 industrizn,
2886 1574 3028 1642 quod
3062 1572 3298 1631 Garinus
3319 1591 3524 1645 comes,

1942 1658 2047 1713 sub
2072 1659 2226 1730 cujus
2252 1675 2383 1715 cura
2410 1668 2573 1732 atque
2604 1662 2866 1730 regimine
2887 1648 3276 1743 monasterium
3384 1666 3530 1747 Diar-

1942 1750 2082 1816 celli,
2108 1752 2250 1821 quod
2280 1762 2492 1809 constat
2515 1769 2635 1809 esse
2662 1740 3036 1812 constructum
3057 1757 3113 1811 in
3143 1758 3264 1813 vico
3290 1738 3383 1839 qui
3400 1738 3532 1817 dici.

263 1845 496 1900 centiam
526 1844 596 1900 ob
642 1844 881 1902 divinum
917 1863 1156 1904 amorem
1189 1850 1462 1917 tribuisse,
1511 1853 1607 1908 sed
1652 1862 1840 1910 nostro
1866 1854 1917 1915 Β
1943 1849 2032 1896 ῑΙΙΙ·
2048 1842 2383 1911 Hubiliacus,
2397 1846 2748 1901 commissum
2774 1846 3056 1915 habemus,
3074 1844 3313 1905 DOSll'alll
3341 1852 3530 1908 adiens

261 1937 525 2007 imperiali
550 1949 820 2009 prtecepto
832 1946 951 1996 eam
981 1943 1158 1999 denuo
1177 1944 1549 2000 conﬁrmasse.
1591 1945 1696 2002 Sed
1709 1962 1841 2018 quo-

261 2025 409 2081 niam
437 2026 759 2095 quibusdam
781 2032 1185 2102 emergentibus
1206 2033 1445 2090 adversae
1465 2036 1639 2105 partis
1674 2039 1843 2094 turbi-

260 2115 422 2172 nibus
469 2116 613 2173 idem
663 2129 866 2175 nostrae
917 2124 1346 2182 conﬁrmationis
1383 2129 1645 2198 scriptum
1684 2132 1842 2189 nobis

258 2209 492 2267 ﬁdeliter
520 2214 822 2272 obediendo
849 2217 1119 2274 excidisse
1147 2214 1314 2290 seque
1355 2223 1604 2281 amisisse
1638 2224 1845 2295 profes-

261 2319 355 2360 sus
383 2313 487 2373 est,
533 2307 850 2364 humillimis
876 2311 1129 2379 precibus
1158 2321 1358 2370 nostra;
1381 2317 1705 2385 supplicavit
1732 2318 1842 2375 cle-

260 2398 495 2464 mentia,
539 2406 597 2454 ut
626 2412 981 2456 memoratam
1009 2404 1388 2462 auctoritatem
1418 2410 1589 2465 nostri
1636 2408 1841 2468 favoris

260 2490 715 2562 benignitatisque
744 2494 1072 2551 abundantia
1122 2498 1441 2575 rescriptam
1464 2502 1707 2571 recipere
1728 2519 1840 2559 meo

262 2590 493 2638 reretur.
541 2581 707 2653 Cujus
749 2585 1170 2656 supplicationes
1192 2590 1380 2661 dignas
1402 2606 1466 2649 ac
1490 2593 1841 2652 rationabiles

253 2669 579 2744 judicantes,
606 2691 793 2731 aurem
822 2677 898 2732 illi
910 2679 1320 2739 accommodare
1340 2682 1495 2743 libuit
1523 2704 1536 2738 :
1561 2693 1615 2741 et
1636 2686 1840 2745 idcirco

258 2764 360 2841 hos
411 2775 613 2822 nostra;
673 2771 1016 2826 auctoritatis
1066 2774 1245 2844 apices
1297 2774 1442 2831 circa
1478 2785 1838 2837 memoratum

262 2853 629 2913 Christianum
657 2859 911 2916 abbatem
936 2878 1002 2919 ac
1020 2866 1314 2922 monachos
1337 2867 1393 2921 in
1417 2868 1705 2937 stepedicto
1729 2884 1842 2925 mo-

259 2950 499 3006 nasterio
526 2949 583 3007 S.
600 2950 860 3041 Germani
890 2955 1214 3014 confessoris
1235 2959 1446 3017 Domini
1474 2976 1573 3031 per
1593 2970 1839 3041 tempora

259 3037 495 3097 labentia
519 3045 619 3100 sub
646 3030 880 3117 regulari
902 3049 1091 3105 habitu
1115 3052 1432 3124 degentibus
1464 3030 1583 3111 ﬁeri
1598 3030 1839 3126 darique

263 3133 637 3193 decrevimus:
682 3155 782 3211 per
809 3157 946 3211 quos
995 3147 1338 3215 praecipimus
1381 3158 1544 3219 atque
1582 3150 1839 3220 jubemus

262 3236 322 3283 ut
346 3230 777 3302 quandocunque
800 3235 1065 3304 quispiam
1100 3238 1356 3294 abbatum
1384 3239 1627 3309 ejusdem
1653 3258 1841 3300 mona-

258 3322 415 3379 sterii
453 3324 634 3381 divina
682 3329 965 3384 vocatione
1011 3332 1173 3387 rebus
1221 3334 1473 3390 humanis
1522 3338 1838 3406 excesserit,

262 3411 532 3485 licentiam
560 3417 797 3474 habeant
840 3435 909 3476 ex
936 3424 1241 3492 semetipsis
1262 3465 1277 3490 ,
1330 3425 1375 3481 si
1406 3426 1527 3483 talis
1554 3428 1698 3486 inter
1745 3444 1841 3488 eos

248 3506 490 3563 inveniri
517 3510 734 3578 poterit,
785 3512 879 3582 qui
917 3514 999 3570 eis
1036 3518 1335 3573 secundum
1365 3520 1669 3592 regularem
1695 3524 1842 3579 ordi-

260 3614 383 3655 nem
425 3614 657 3671 praeesse
696 3603 874 3660 valeat
900 3617 955 3662 et
979 3608 1255 3676 prodesse,
1287 3612 1537 3667 abbatem
1590 3613 1837 3686 eligere:

259 3701 527 3761 quatenus
553 3696 815 3768 regularis
854 3699 1060 3755 ordinis
1083 3716 1331 3759 normam
1354 3703 1471 3772 ejus
1490 3707 1839 3763 sanctissima

258 3784 729 3851 administratione
745 3789 1091 3862 integerrime
1106 3804 1508 3860 conservantes,
1530 3798 1643 3852 imo
1669 3798 1840 3853 adim-

258 3874 407 3945 plere
434 3876 732 3944 studentes,
774 3896 870 3949 pro
891 3882 1066 3947 nobis,
1100 3884 1324 3955 conjuge
1349 3886 1605 3956 proleque
1631 3899 1838 3958 nostra,

259 3982 325 4023 ac
350 3969 642 4025 stabilitate
662 3978 717 4024 et
738 3985 871 4041 pace
895 3972 1058 4028 totius
1088 3973 1298 4045 imperii
1322 3992 1353 4030 a
1380 3976 1492 4033 Deo
1514 3978 1677 4035 nobis
1692 3992 1841 4037 com-

260 4058 411 4114 missi
426 4061 685 4116 attentius
710 4078 804 4118 eos
817 4064 1157 4134 quietiusque
1177 4066 1389 4123 Domini
1410 4070 1839 4148 misericordiam

261 4147 545 4221 indefessis
570 4152 824 4220 precibus
850 4167 1080 4209 exorare
1104 4156 1355 4213 delectet.
1412 4161 1481 4216 Et
1508 4171 1566 4216 ut
1597 4163 1711 4225 haec
1739 4147 1839 4221 nos

262 4250 389 4298 stra:
411 4246 788 4317 praeceptionis
826 4250 1127 4309 auctoritas
1152 4254 1354 4309 nostris
1380 4263 1435 4309 et
1462 4238 1841 4314 successorum

261 4349 574 4393 nostrorum
612 4342 945 4412 temporibus
987 4344 1349 4403 inviolabilem
1393 4357 1448 4404 et
1472 4350 1840 4408 inconvulsam

261 4429 505 4484 obtineat
527 4430 858 4501 ﬁrmitatem,
879 4450 1043 4490 manu
1068 4438 1287 4507 propria
1310 4448 1495 4494 nostra
1521 4442 1707 4497 subter
1721 4458 1841 4498 cam

263 4519 623 4590 ﬁrmavimus,
660 4532 716 4578 et
735 4524 941 4580 annulli
984 4527 1157 4582 nostri
1185 4509 1538 4600 impressiobe
1577 4533 1842 4604 assignari

254 4608 518 4685 jussimus

335 4702 467 4757 Data
500 4714 693 4773 quarto
723 4706 991 4785 Kalendas
1011 4708 1261 4781 Augusti,
1291 4727 1451 4777 anno,
1474 4712 1693 4770 Christo
1720 4729 1842 4785 pro-

261 4793 415 4864 pitio,
434 4794 691 4863 vigesimo
719 4780 956 4852 secundo
978 4780 1195 4868 imperii
1219 4800 1400 4881 domni
1427 4802 1681 4859 Ludovici
1701 4806 1837 4881 piis-

264 4883 387 4940 simi
420 4884 665 4957 Augusti,
698 4889 990 4945 indictione
1023 4874 1430 4975 dccimatertia.
1477 4874 1839 4975 Actum

262 4975 389 5032 villa
423 4978 479 5032 in
497 4978 592 5035 Dei
614 4981 833 5038 nomine
853 4982 1101 5037 feliciter.
1142 4984 1339 5042 Amen.
1564 4978 1569 4989 ’

674 5074 679 5081 ·
987 5077 1114 5157 cci.

503 5179 574 5221 10
604 5180 941 5224 οηιιουειηει
972 5187 1017 5226 S'.
1059 5188 1319 5229 MARCELLI
1356 5189 1624 5232 εοειεοιλ.

648 5256 653 5259 ἠ
867 5262 1040 5333 (Anno
1086 5264 1236 5336 835.)

266 5347 371 5423 [Ex
410 5348 742 5406 cbartulario
770 5351 1239 5430 hujus_e_cclcsi:e,_
1266 5357 1412 5430 apud
1453 5358 1515 5413 Ι).
1546 5357 1835 5430 Bouquet.,

777 5432 905 5476 tom.
933 5423 1022 5488 Ἦ,
1044 5439 1165 5495 pag.
1186 5423 1334 5499 60L]

335 5535 393 5591 In
424 5537 639 5592 nomine
676 5537 888 5592 Domini
916 5537 1011 5592 Dei
1054 5546 1109 5593 et
1151 5537 1445 5595 Salvatoris
1494 5544 1665 5598 nostri
1712 5544 1838 5601 Jesu

265 5626 487 5694 Christi,
530 5629 846 5693 Ludovicus,
892 5630 1074 5686 divina
1102 5631 1485 5703 repropitiaute
1531 5633 1837 5701 clementia,

267 5719 563 5791 imperator
585 5721 874 5793 Augustus.

339 5823 365 5853 ι
404 5813 730 5886 Legendum,
783 5816 1098 5886 praescripr
1126 5833 1206 5871 res
1246 5856 1259 5870 .
1302 5858 1314 5871 .
1360 5859 1371 5871 .

1949 1935 2346 2003 celsitudinem,
2373 1937 2629 2012 indicavit
2649 1941 3048 2012 mansuetudini
3080 1950 3278 1996 nostra:
3300 1932 3532 2012 qualiter

1944 2026 2221 2113 canonicis
2253 2027 2308 2079 in
2360 2010 2549 2082 eodem
2597 2030 2931 2084 monasterio
2955 2010 3068 2085 Deo
3102 2029 3533 2113 deservicntihus

1941 2099 2201 2189 quasdam
2218 2133 2308 2173 res
2329 2118 2570 2188 ejusdem
2597 2112 2916 2175 monasterii
2944 2121 3059 2192 ipse
3082 2102 3530 2180 etantecesso're‘s

1942 2212 2027 2268 sui
2065 2213 2131 2267 ad
2152 2226 2342 2267 eorum
2377 2204 2621 2268 diversas
2656 2214 3010 2268 necessitates
3040 2212 3342 2269 fulciendas
3369 2204 3533 2285 atque

1941 2288 2302 2383 sublevandas
2334 2303 2671 2383 tribuissent,
2704 2296 2956 2383 videlicet
2979 2302 3160 2359 villam
3187 2290 3309 2375 qua:
3336 2304 3534 2361 dicitur

1939 2376 2240 2469 Floriacus,
2272 2398 2433 2450 sitam
2462 2376 2517 2450 in
2558 2380 2695 2469 pago
2726 2378 3213 2469 Magnimontense,t
3240 2390 3362 2454 cum
3384 2397 3531 2454 omni

1941 2464 2254 2563 integritate
2295 2502 2411 2551 sua,
2449 2482 2535 2540 vel
2558 2464 2689 2543 cuin
2738 2464 2991 2543 ominibus
3018 2488 3086 2569 ad
3124 2505 3182 2545 se
3210 2482 3522 2569 peitincnti-

1939 2581 2073 2655 bus;
2115 2588 2171 2635 et
2206 2578 2263 2635 in
2285 2596 2425 2652 pago
2449 2576 2829 2671 Cabiionense,
2876 2581 2932 2667 in
2952 2562 3079 2635 loco
3208 2562 3398 2673 dicitur
3430 2580 3535 2638 Bo-

1916 2673 2166 2740 'seronti,
2210 2688 2430 2728 mansos
2458 2662 2537 2727 xii
2569 2662 2693 2729 cum
2734 2662 2991 2729 omnibus
3013 2673 3079 2729 ad
3112 2662 3175 2729 se
3204 2668 3532 2745 pertinenti-

1937 2764 2081 2823 bus:
2110 2752 2323 2822 lobnixe
2354 2760 2601 2821 nostram
2641 2750 3048 2839 imperatoriam
3090 2760 3391 2839 majestatis
3441 2768 3532 2826 de-

1938 2873 2169 2931 precans
2194 2846 2591 2926 excellentiam,
2620 2867 2680 2914 ut
2702 2848 2890 2915 eorum
2918 2836 3060 2947 facta
3094 2840 3531 2947 n'os‘tra’robora-

1942 2967 2129 3007 remus
2153 2944 2589 3037 conﬁrmatione,
2616 2960 2884 3023 quatenus
2915 2938 3169 3035 deinceps
3199 2940 3528 3037 inviolabilia

1941 3024 2638 3127 perennibustempcribus
2669 3030 3041 3135 perseverent.
3078 3034 3247 3135 Cujus
3266 3022 3534 3135 siippiica-

1943 3134 2102 3201 tioni,
2132 3151 2295 3205 quam
2336 3126 2554 3211 dignam
2593 3132 2980 3206 judicavimus,
3002 3126 3256 3190 ‘annuere
3284 3126 3529 3211 placuit;

1867 3209 1913 3275 C
1944 3236 2001 3284 et
2038 3228 2181 3298 quod
2219 3267 2236 3294 ,
2282 3210 2365 3313 ut.
2393 3227 2714 3314 praedictum
2763 3214 2880 3314 est,
2914 3212 3259 3314 postulavit,
3297 3209 3366 3314 ad
3405 3226 3532 3285 effe-

1940 3331 2092 3377 CIum
2153 3308 2451 3401 perducere
2492 3304 2609 3401 non.
2648 3304 3039 3389 incongruum"
3066 3310 3336 3377 duximus.
3400 3319 3534 3380 Pro-

1940 3413 2067 3470 inde
2121 3413 2220 3468 hos
2271 3394 2473 3469 nostra
2512 3394 2872 3470 auctoritatis
2923 3411 3106 3483 apices
3163 3414 3292 3485 erg‘a
3339 3406 3532 3484 praefa-

1941 3516 2028 3567 tos
2078 3508 2370 3564 canonicos
2429 3509 2485 3585 in
2542 3514 2846 3564 memorato
2898 3508 3234 3563 monasterio
3300 3494 3533 3591 Domino

1940 3616 2039 3675 per
2087 3601 2346 3656 diuturna
2395 3609 2637 3672 tempora
2692 3600 3010 3667 militantes,
3043 3601 3226 3681 divino
3280 3602 3529 3685 inspi‘rati

1941 3711 2126 3753 amore
2153 3696 2269 3751 ﬁeri
2309 3694 2609 3766 jussimus,
2659 3708 2759 3767 per
2809 3708 2947 3763 quos
2995 3693 3335 3749 decernimus
3363 3702 3529 3764 atque

1941 3789 2217 3845 sancimus
2261 3796 2320 3842 ut
2367 3786 2717 3857 praescriptas
2746 3799 2856 3851 res,
2885 3796 2911 3825 ι
2946 3784 3201 3863 videlicet
3236 3774 3527 3855 praenomi-

1942 3886 2085 3932 nata:
2106 3877 2276 3952 villae},
2315 3892 2379 3932 ac
2406 3888 2532 3932 ante
2558 3877 2733 3932 dictos
2759 3890 2995 3942 mansos,
3036 3890 3161 3931 cum
3185 3877 3440 3957 omnibus
3459 3876 3528 3933 ad

1943 3982 2003 4037 se
2027 3967 2173 4038 juste
2197 3967 2511 4037 etlegaliter
2530 3966 2945 4037 pertinentibus,
2972 3962 3207 4046 sicutab
3227 3975 3351 4022 ante
3382 3967 3529 4023 dicto

1943 4052 2168 4131 Warino
2181 4059 2380 4113 comite
2403 4069 2567 4130 atque
2583 4058 3072 4133 przedecessoribus
3094 4058 3210 4139 suis
3224 4056 3339 4135 jam
3365 4058 3525 4139 dictis

1943 4153 2222 4208 canonicis
2246 4152 2452 4207 collatae
2477 4162 2639 4216 sunt;
2681 4152 2756 4206 ita
2780 4166 2876 4222 per
2901 4151 3040 4206 hanc
3067 4158 3309 4207 nostram
3342 4157 3530 4206 aucto-

1943 4246 2164 4307 ritatem
2197 4246 2250 4300 in
2278 4262 2467 4301 eorum
2497 4244 2621 4323 jure
2667 4260 2732 4300 ac
2778 4252 3064 4315 potestate,
3118 4244 3230 4299 suis
3275 4244 3529 4302 videlicet

1944 4341 2129 4394 usibus
2164 4338 2499 4409 diversisque
2530 4337 2946 4413 necessitatibus
2998 4337 3065 4391 ad
3107 4336 3347 4392 divinum
3399 4352 3525 4410 pro-

1943 4430 2167 4505 pensius
2210 4429 2415 4484 cultum
2468 4429 2871 4500 exsequendum
2922 4427 3283 4496 famulantes,
3323 4430 3527 4499 absque

1946 4521 2230 4592 cujuslibet
2248 4520 2661 4576 diminoratione
2681 4528 2774 4575 aut
2795 4521 3125 4576 retractione
3140 4529 3524 4592 permaneant:

1945 4620 2002 4668 et
2027 4611 2206 4666 nullus
2231 4626 2608 4667 successorum
2651 4626 2872 4666 suorum
2894 4651 2909 4675 ,
2945 4620 3217 4667 rectorum
3273 4611 3527 4668 videlicet

1944 4704 2192 4779 praedicti
2243 4698 2591 4769 monasterii,
2644 4702 2713 4757 ab
2765 4718 2952 4758 eorum
3006 4682 3373 4758 dominatione
3429 4696 3525 4759 eas

1946 4798 2327 4869 quoquomodo
2354 4796 2569 4877 auferre
2591 4837 2605 4863 ,
2636 4804 2731 4851 aut
2754 4797 2809 4851 in
2841 4796 3136 4866 quamlibet
3157 4788 3367 4868 partem
3390 4812 3525 4869 qua-

1946 4905 2159 4962 cunque
2186 4891 2472 4947 occasione
2511 4888 2807 4944 transferre
2851 4896 3165 4959 przcsumat.
3362 4889 3525 4944 liceat

1944 4983 2026 5038 eis
2054 4982 2170 5057 jam
2200 4982 2358 5038 dictis
2386 4981 2549 5037 rebus
2575 4980 2643 5036 ad
2684 4980 2897 5036 Domini
2935 4982 2989 5035 et
3025 4980 3121 5035 Dei
3151 4980 3322 5067 nostri
3349 4979 3524 5035 famu-

1943 5071 2111 5128 latum
2128 5072 2438 5143 diligentius
2455 5072 2819 5143 peragendum
2841 5071 3044 5141 absque
3063 5072 3378 5144 cujusquam
3392 5087 3522 5129 con-

1942 5162 2223 5219 trarietate
2266 5163 2374 5228 uti;
2430 5171 2486 5218 et
2536 5152 2980 5234 qumcunqne'ad
3029 5150 3255 5220 suos'in
3308 5164 3519 5221 Domini

1940 5253 2112 5309 nostri
2138 5253 2265 5309 Jesu
2293 5236 2496 5308 Christi
2538 5251 2727 5307 militia
2770 5268 2899 5308 usus
2922 5234 3352 5310 et‘necessitatcs
3394 5269 3519 5326 per-

1945 5345 2142 5419 tinent,
2168 5344 2453 5409 ordinare,
2499 5345 2784 5415 disponere
2819 5343 3071 5416 justeque
3100 5334 3312 5402 efﬁcere
3342 5364 3354 5399 :
3385 5361 3519 5419 qua-

1946 5414 2102 5493 ttmus
2142 5434 2353 5513 subiala
2393 5420 2571 5513 omnis
2618 5437 2923 5513 indigentia:
2958 5438 3201 5507 penuria,
3233 5453 3332 5509 pro
3359 5437 3517 5493 nobis

1943 5547 2006 5586 ac
2033 5528 2258 5599 conjuge
2291 5537 2507 5594 nostra,
2541 5537 2596 5583 et
2638 5543 2770 5598 pace
2801 5545 2864 5585 ac
2906 5528 3198 5586 stabilitate
3229 5531 3394 5585 totius
3421 5530 3519 5585 im-

1943 5622 2076 5693 perii
2108 5638 2138 5676 a
2180 5616 2288 5676 Deo
2326 5604 2481 5676 nobis
2528 5621 2802 5676 commissi
2854 5623 3114 5678 attentius
3168 5639 3264 5679 eos
3315 5622 3517 5705 indesi-

1942 5686 2135 5766 nenter
2186 5710 2398 5765 Domini
2451 5709 2877 5765 misericordiam
2906 5727 3137 5767 exorare
3163 5686 3517 5766 delectenflt

1424 5859 1435 5871 .
1480 5835 1542 5872 ac
1563 5819 1810 5875 antedicti
1847 5821 2035 5876 mansi.
