4050 6340
653 339 794 396 I263
1789 333 2114 427 LUDOVICI
2146 334 2168 390 1
2205 334 2675 393 COGNOMENTO
2713 334 2802 391 PII
3702 352 3791 410 ig“

653 467 716 515 ut
738 458 853 514 haec
876 461 1080 512 nostra:
1120 452 1548 508 conlirmationis
1574 450 1874 507 auctoritas
1909 461 2230 523 perpetuum
2259 459 2309 520 Α
2335 453 2667 509 monasterio
2701 449 2961 523 praedicto
2990 459 3190 513 sancta:
3219 451 3395 507 Maria:
3435 464 3485 509 et
3514 462 3657 515 sancti
3700 466 3795 524 Ρειτί

653 551 898 609 obtineat
914 550 1179 621 vigorem,
1204 546 1271 603 de
1293 545 1494 602 annulo
1510 553 1700 602 nostro
1720 546 1907 602 subter
1929 560 2049 603 eam
2065 546 2234 617 jussi-
2336 552 2391 599 et
2412 543 2563 597 Pauli
2594 552 2757 612 atque
2785 542 3065 596 beatorum
3102 543 3304 598 Christi
3335 545 3655 606 confessorum
3678 557 3797 616 Audo-

653 662 776 703 mus
796 644 1056 717 sigillam.
1506 672 1509 675 .
1756 668 1766 677 .
2238 634 2250 652 ‘
2335 637 2474 693 mari
2501 647 2555 692 et
2577 637 2781 691 Bertini
2808 637 3176 693 concessimus
3201 653 3214 691 :
3246 639 3317 693 ita
3347 640 3416 693 illi
3444 654 3595 698 ratum
3615 652 3796 709 etstabile

723 735 949 807 Signum
974 733 1235 790 Ludovici
1263 731 1601 789 serenissimi
1633 730 1882 804 Augusti.
2335 741 2661 800 permanere
2690 728 3033 798 permittant,
3058 737 3114 782 ut
3136 729 3337 784 nullam
3374 732 3648 790 divisionem
3671 739 3711 793 in
3728 758 3798 797 mo-

721 829 1126 885 Hirmiumarus
1152 827 1413 901 notarius
1456 827 1525 883 ad
1564 826 1738 882 vicem
1784 824 2027 897 Hugonis
2077 840 2231 881 reco-
2337 820 2892 886 nasteriisautcellis,
2918 822 3002 877 vel
3035 823 3195 889 villis,
3229 840 3320 879 seu
3375 830 3565 884 ereteris
3587 837 3799 899 possessio-

649 921 832 993 gnovi.
2335 914 2495 969 nibus
2521 916 2575 969 in
2611 914 2943 984 quibuslibet
2972 916 3125 988 pagis
3171 926 3227 971 et
3259 920 3530 977 territoriis
3565 928 3795 995 consistant,

724 1010 858 1065 Data
885 1026 939 1065 γι
970 1010 1239 1067 Kalendas
1260 1010 1509 1083 Augusti,
1534 1024 1695 1074 anno,
1728 1007 1949 1064 Christo
1975 1007 2230 1078 pr0pitio,
2335 1004 2538 1061 faciant
2584 1015 2679 1060 aut
2726 1005 2908 1062 facere
2926 1008 3264 1077 permittant,
3295 1018 3385 1064 aut
3406 1012 3454 1066 in
3490 1014 3604 1068 alios
3626 1033 3721 1073 usus
3749 1021 3796 1089 ip.

644 1102 717 1158 22
760 1102 974 1173 imperii
1004 1103 1190 1158 domni
1227 1102 1484 1159 Ludovici
1527 1103 1761 1175 piissimi
1788 1100 2022 1172 Augusti
2051 1101 2107 1155 in
2137 1100 2234 1155 Dei
2338 1116 2426 1157 sas
2462 1115 2549 1155 res
2571 1109 2947 1169 retorqueant.
2984 1100 3091 1156 Sed
3117 1111 3172 1157 et
3212 1104 3311 1158 hoc
3341 1120 3434 1173 per
3458 1106 3545 1161 hos
3586 1108 3798 1178 imperiales

647 1195 873 1254 nomine
900 1195 1153 1279 feliciter.
1184 1197 1380 1254 Amen.
2336 1193 2519 1263 apices
2555 1191 2835 1247 sancimus
2875 1201 3037 1262 atque
3068 1194 3405 1251 decernimus
3438 1207 3492 1249 nt
3541 1200 3797 1269 nullusjudci

1356 1291 1504 1348 CCII.
2336 1283 2589 1355 publicus
2619 1291 2713 1337 aut
2744 1283 2999 1352 quislibet
3025 1300 3089 1337 cx
3132 1282 3414 1352 iudiciaria
3440 1296 3666 1355 potestate
3693 1294 3728 1344 in
3744 1308 3796 1349 cc-

1026 1399 1128 1441 ριιο
1165 1398 1504 1441 κοκλετειυο
1554 1396 1840 1439 srrmsssr.
2336 1374 2532 1430 clesias
2554 1373 2793 1429 autJoca
2821 1374 2906 1428 vel
2939 1390 3117 1446 agros,
3149 1390 3243 1430 seu
3281 1376 3500 1448 reliquas
3528 1384 3798 1451 possessiones

769 1524 775 1529 _
1249 1478 1423 1552 (Αηηο
1478 1477 1627 1550 835,)
2337 1465 2620 1521 memorati
2651 1465 2988 1531 monasterii,
3010 1482 3147 1536 quas
3172 1468 3424 1523 moderno
3445 1478 3646 1540 tempore
3664 1475 3701 1527 in
3723 1478 3797 1545 qui-

748 1568 930 1648 [Αριιά
954 1573 1183 1640 Manili”
1210 1574 1274 1628 de
1302 1573 1375 1628 Re
1400 1572 1763 1643 diplomauw,
1800 1589 1926 1645 pag,
1973 1571 2124 1645 655.]
2336 1559 2571 1614 buslibet
2591 1560 2744 1630 pagis
2772 1568 2827 1615 et
2869 1560 3161 1615 territoriis
3204 1561 3341 1615 infra
3397 1564 3622 1621 ditionem
3660 1568 3797 1637 impen'i

710 1666 765 1724 In
796 1668 1018 1724 nomine
1041 1668 1254 1725 Domini
1283 1666 1379 1721 Dei
1407 1676 1461 1722 et
1502 1666 1805 1722 Salvatoris
1836 1666 1966 1722 Jesu
2004 1667 2229 1734 Christi,

2199 1667 2229 1734 ί,
2336 1651 2508 1706 nostri
2541 1650 2685 1720 juste
2707 1661 2763 1707 et
2791 1653 3037 1723 legaliter
3065 1655 3328 1723 possidet,
3380 1657 3458 1712 vel
3501 1674 3602 1726 quae
3628 1659 3798 1731 deincqs

636 1757 965 1825 Ludovicus,
981 1758 1162 1814 divina
1191 1758 1581 1830 repropitiante
1605 1758 1912 1821 clementia,
1935 1760 2234 1829 imperator

2201 1774 2234 1814 ιι-
2339 1743 2391 1797 in
2422 1743 2544 1813 jure
2567 1744 2736 1814 ipsius
2776 1746 2948 1799 sancti
2977 1746 3080 1801 loci
3103 1746 3336 1802 voluerit
3359 1748 3523 1804 divina
3544 1752 3800 1823 pietasauge-

634 1848 931 1922 Augustus,
2256 1831 2305 1892 B
2333 1836 2402 1902 ri,
2427 1837 2495 1891 ad
2542 1853 2735 1893 causas
2760 1837 3051 1907 judiciario
3098 1855 3251 1895 more
3300 1841 3571 1896 audiendas
3614 1844 3677 1897 vel
3707 1843 3800 1899 {reda

706 1938 764 1996 si
793 1956 981 2012 preces
1001 1941 1240 1998 ﬁdelium
1272 1949 1581 1997 ηοειιιοιιιιηι
1635 1942 1828 1997 devote
1865 1942 2020 1997 nobis
2049 1941 2226 1997 fami)-
2333 1929 2620 2000 exigenda,
2657 1939 2749 1985 aut
2796 1931 3102 1985 mansiones
3124 1932 3213 1986 vel
3253 1942 3460 2001 paratas
3492 1932 3709 1988 faciendas
3746 1946 3801 1988 aut

635 2032 863 2090 lantium
895 2035 962 2091 ad
984 2043 1229 2105 optatum
1248 2033 1500 2091 effectum
1551 2036 1723 2092 solita:
1773 2035 2130 2106 benignitatis
2166 2036 2231 2091 li-

2201 2066 2231 2091 ι-
2329 2019 2574 2076 foderum
2623 2022 2970 2093 exigendum,
3004 2031 3097 2077 aut
3126 2023 3463 2094 ﬁdeiussores
3496 2025 3721 2087 tollendos,
3745 2035 3800 2078 aut

633 2124 921 2181 beralitate
949 2125 1234 2196 pervenire
1280 2125 1646 2193 concedimus,
1692 2126 2059 2181 abundantius
2110 2143 2229 2182 cre-
2331 2116 2577 2171 homines
2606 2117 2774 2188 ipsius
2810 2119 3124 2173 monasterii
3195 2126 3305 2173 tam
3360 2120 3590 2192 ingenuos
3628 2137 3744 2190 quam
3770 2130 3801 2175 et

636 2215 819 2271 dimus
883 2226 1137 2287 oportere
1204 2218 1578 2289 suggestiones
1646 2217 1983 2273 dilectissimi
2039 2218 2228 2274 fratris
2330 2225 2517 2265 servos
2542 2210 2959 2282 distringendos,
2994 2227 3093 2267 nec
3129 2212 3272 2267 ullas
3303 2213 3647 2267 redhibitiones
3683 2212 3801 2265 antii-

639 2309 815 2364 nostri
856 2307 1098 2379 llugonis
1160 2309 1480 2365 venerabilis
1534 2309 1767 2373 abbatis,
1816 2326 1952 2380 quas
2008 2310 2229 2365 omnino
2329 2303 2506 2359 licitas
2529 2305 2845 2360 occasiones
2883 2306 3245 2375 requirendas
3274 2306 3380 2360 ullo
3408 2323 3613 2376 unquam
3640 2316 3801 2376 tempore

637 2406 848 2462 ratione
867 2406 1055 2478 plenas
1082 2421 1203 2463 esse
1229 2424 1334 2463 non
1363 2406 1693 2472 dubitamus,
1719 2406 2037 2479 dignissimo
2056 2407 2228 2462 hono-

2199 2435 2228 2450 ρ
2328 2395 2538 2466 ingredi
2566 2396 2784 2461 audeat,
2826 2396 2911 2451 vel
2940 2413 3003 2452 ea
3053 2412 3178 2466 quae
3237 2414 3397 2469 supra
3441 2408 3687 2454 memorata
3723 2408 3798 2452 sunt

633 2496 918 2554 riﬁcentiae
952 2499 1185 2569 propriae
1206 2498 1401 2555 effectu
1429 2498 1708 2570 perﬁcere,
1772 2514 1978 2570 easque
2027 2499 2224 2569 ρι’ωοί-

2201 2528 2224 2539 -
2328 2486 2544 2554 penitus
2587 2495 2839 2541 exactare
2883 2495 3181 2557 praesumat
3229 2490 3365 2543 :sed
3412 2488 3554 2543 liceat
3594 2498 3800 2544 memorato

637 2606 743 2661 pne
768 2607 889 2662 qua,
921 2592 1209 2647 manifesto
1243 2608 1353 2648 ειιω
1393 2592 1698 2648 devotionis
1725 2591 1937 2648 {en-ore
1962 2592 2031 2646 ad
2083 2591 2224 2647 divi-
2330 2576 2511 2632 abbati
2539 2578 2760 2649 suisque
2790 2581 3205 2636 successoribus
3232 2581 3313 2636 vel
3328 2582 3549 2651 praedicti
3564 2582 3796 2641 monasterii,

638 2698 766 2737 num
795 2682 996 2739 cultu'n
1026 2684 1348 2755 propensius
1367 2684 1772 2756 exsequendum
1804 2683 2078 2755 pertinere
2128 2698 2225 2737 no-

2197 2713 2225 2725 -
2329 2671 2471 2725 sicut
2498 2671 2552 2725 in
2581 2681 2856 2743 pmcepto
2876 2674 3061 2729 domni
3096 2683 3154 2730 et
3183 2676 3436 2746 genitoris
3458 2677 3604 2731 nostri
3631 2676 3796 2730 contine-

637 2780 882 2827 scuntur.
902 2772 1243 2844 Quapropter
1263 2774 1733 2829 noveritomnium
1762 2773 1999 2829 ﬁdelium
2024 2761 2227 2828 sancta:
2330 2770 2435 2830 ιιπν
2466 2779 2588 2819 cum
2616 2774 2806 2820 omnes
2831 2765 3014 2823 “odos
3050 2776 3104 2822 et
3135 2768 3342 2825 bannos
3373 2769 3466 2824 sibi
3493 2785 3717 2825 concessos
3738 2766 3801 2821 sub

634 2861 731 2919 Dei
763 2863 1017 2919 Ecclesia:
1042 2872 1482 2933 nostrorumque,
1514 2872 1624 2918 tam
1662 2864 2008 2933 praesentium
2061 2878 2226 2933 quam
2327 2858 2686 2913 immunitatis
2714 2867 2916 2914 nostra:
2944 2860 3263 2917 defensione
3294 2864 3469 2932 quieto
3495 2864 3652 2919 ordine
3687 2860 3800 2931 possi-

633 2961 689 3009 et
711 2952 1017 3010 futurorum
1068 2955 1356 3021 industria,
1414 2955 1542 3025 quia
1602 2964 1937 3009 memoratus
1997 2954 2225 3010 dilectus
2327 2950 2456 3004 dere
2495 2969 2506 3003 :
2539 2960 2808 3020 quatenus
2837 2952 2982 3021 ipsos
3028 2969 3219 3011 servos
3267 2956 3381 3020 Dei,
3408 2956 3492 3026 qui
3542 2955 3695 3009 ibidem
3730 2952 3797 3005 Deo

634 3045 807 3103 frater
840 3055 1029 3103 noster
1049 3045 1203 3119 Hugo
1234 3046 1375 3102 sacri
1398 3046 1585 3116 palatii
1608 3046 1782 3102 nostri
1821 3045 2224 3102 arcbinotarius
2327 3038 2679 3107 famulantur.
2719 3058 2818 3112 pro
2841 3044 2994 3099 nobis
3041 3061 3105 3101 ac
3166 3047 3319 3118 prole
3367 3055 3554 3112 nostra,
3586 3047 3653 3101 vel
3693 3045 3797 3099 etiam

635 3150 692 3196 et
718 3140 1049 3197 venerabilis
1089 3140 1259 3196 abbas
1308 3138 1623 3195 monasterii
1669 3137 1844 3193 Sitliiu
1881 3139 1967 3194 siti
1999 3140 2053 3193 in
2080 3154 2221 3211 pago
2262 3205 2293 3211 _
2327 3147 2425 3203 pro
2451 3133 2744 3189 stabilitate
2767 3135 2931 3189 totius
2962 3136 3179 3206 imperii
3211 3139 3379 3193 nostri
3406 3154 3433 3192 a
3470 3137 3569 3191 Deo
3588 3136 3799 3190 nobiscoo-

632 3231 1013 3297 Tervanninsi,
1035 3232 1335 3288 constructi
1392 3232 1448 3285 in
1475 3232 1736 3287 honorem
1783 3230 1955 3287 beata:
2010 3246 2225 3301 semper
2250 3205 2295 3267 (ἶ
2327 3224 2464 3279 cessi
2497 3234 2662 3296 atque
2691 3228 3046 3282 conservandi
3088 3228 3297 3301 jugiter
3329 3228 3525 3285 Domini
3578 3228 3795 3284 misericor-

631 3323 859 3395 virginis
891 3323 1173 3395 genitricis
1195 3322 1407 3379 Domini
1438 3324 1611 3378 nostri
1645 3320 1772 3377 Jesu
1796 3323 1999 3378 Christi
2038 3323 2222 3379 Maria:
2328 3318 2469 3372 diam
2502 3333 2730 3373 exorare
2764 3318 3013 3374 delectet.
3040 3320 3106 3374 Et
3135 3331 3198 3375 ut
3220 3322 3334 3377 hare
3359 3321 3623 3377 auctoritas
3663 3317 3797 3372 nostris

634 3427 699 3468 ac
726 3414 1009 3467 beatorum
1037 3413 1404 3484 apostolorum
1427 3413 1571 3470 Petri
1587 3422 1644 3470 et
1670 3414 1844 3481 Pauli,
1862 3416 1915 3470 in
1933 3432 2040 3486 quo
2055 3415 2222 3470 etiam
2326 3411 2633 3482 futurisque
2658 3413 2993 3483 temporibus
3020 3410 3253 3471 Domino
3276 3424 3565 3488 protegente
3584 3412 3715 3468 valeat
3744 3411 3793 3463 inv

634 3517 867 3573 corpora
891 3502 1095 3558 Christi
1118 3503 1491 3560 confessorem
1530 3505 1824 3561 Audomari
1873 3515 2037 3576 atque
2092 3507 2223 3561 Ber-
2326 3505 2583 3560 convulsa
2626 3521 2965 3576 permanere,
3014 3523 3182 3563 manu
3238 3511 3446 3580 propria
3495 3507 3648 3563 subter
3680 3504 3795 3557 ﬁrma-

637 3595 739 3650 tini
779 3595 1042 3651 tumulata
1074 3604 1393 3663 noscuntur,
1420 3605 1619 3653 nostrae
1642 3598 1873 3652 innotuit
1915 3597 2220 3652 celsitudini
2323 3596 2501 3652 vimus
2523 3605 2578 3651 et
2608 3598 2793 3653 annuli
2823 3602 2995 3655 nostri
3018 3601 3376 3671 impressione
3405 3600 3581 3671 signari
3599 3597 3791 3667 iussimus

636 3686 869 3757 qualiter
892 3684 1005 3756 jam
1029 3686 1230 3741 dudum
1270 3695 1511 3757 tempore
1532 3687 1949 3758 praedecessoris
1990 3689 2074 3743 sui
2105 3688 2224 3742 Fri—
2397 3686 2622 3758 Signum
2652 3688 2908 3747 Ludovici
2948 3692 3287 3748 serenissimi
3324 3694 3649 3765 imperatoris.

636 3780 814 3852 dugisi
837 3780 1048 3836 abbatis
1071 3779 1249 3836 eidem
1282 3781 1614 3836 monasterio
1644 3790 1886 3836 nostram
1904 3779 2222 3841 fecissemus
2395 3775 2777 3836 Hirminmaris
2799 3783 3044 3838 netarius
3095 3785 3163 3840 ad
3196 3785 3369 3841 vicem
3420 3783 3627 3855 Hugonis
3653 3773 3791 3833 abbati!

637 3872 1040 3936 auctoritatem,
1098 3885 1197 3940 per
1221 3886 1382 3940 quam
1427 3871 1558 3925 illud
1594 3888 1715 3926 cum
1758 3872 2011 3928 omnibus
2049 3875 2117 3929 ad
2163 3889 2223 3929 se
2323 3876 2609 3942 recognovi
2636 3883 2691 3929 et
2717 3876 3030 3946 subscripsi.

637 3962 1033 4034 pertinentibus
1060 3977 1265 4017 morem
1282 3970 1569 4033 paternum
1582 3963 1893 4033 avitumque
1906 3973 2217 4034 sequentes,
2393 3965 2527 4021 Data
2550 3968 2627 4021 Id.
2654 3967 2903 4040 Augusti,
2942 3986 3083 4027 anno
3107 3972 3172 4028 21
3215 3973 3421 4046 imperii
3445 3970 3599 4029 domui
3618 3958 3791 4022 Ludovici

636 4053 739 4109 sub
760 4060 946 4107 nostra
971 4048 1427 4109 constitueremus
1453 4051 1765 4108 defensione
1805 4063 1859 4108 et
1886 4053 2221 4109 mundebur-
2320 4057 2551 4128 piissimi
2577 4060 2827 4130 Augusti,
2866 4063 3163 4121 indictione
3212 4066 3298 4121 l0.
3344 4067 3524 4121 Actum
3563 4050 3790 4129 Aquisgmi

635 4145 725 4209 do,
758 4152 921 4214 atque
950 4144 1308 4199 immunitatis
1350 4143 1596 4209 tuitione,
1653 4159 1863 4200 necnon
1893 4160 2083 4201 omnes
2112 4145 2219 4201 eel—
2318 4151 2523 4224 palatio
2544 4154 2694 4224 regio
2714 4153 2769 4209 in
2795 4152 2890 4210 Dei
2921 4158 3138 4213 nomine
3178 4157 3422 4213 feliciter.
3463 4156 3623 4210 Amen.

633 4244 715 4301 las
741 4251 797 4299 et
827 4242 1003 4309 villas,
1045 4258 1141 4298 seu
1164 4252 1391 4298 caeteras
1418 4244 1790 4314 possessiones
1824 4259 1946 4313 qua:
1990 4244 2045 4299 in
2100 4245 2220 4315 qui—
3033 4248 3207 4305 CClll.

632 4336 870 4393 buslibet
899 4336 1053 4408 pagis
1077 4343 1132 4392 et
1167 4336 1459 4391 tcrritoriis
1488 4335 1629 4391 infra
1688 4337 1948 4392 ditionem
2002 4336 2218 4407 imperii
2718 4360 2821 4401 pno
2847 4360 3099 4403 amomo
3130 4362 3483 4404 FLomAcENsl,

635 4429 808 4485 nostri
839 4429 1162 4492 consistunt,
1189 4436 1249 4482 ut
1277 4428 1456 4483 nullus
1495 4444 1865 4484 successorum
1903 4439 2215 4486 nostrorum
2945 4440 3120 4512 (Anno
3154 4441 3306 4511 835.)

634 4514 922 4585 divideret,
949 4527 1041 4575 aut
1071 4520 1125 4573 in
1150 4519 1284 4575 alios
1312 4537 1443 4575 usus
1466 4530 1827 4588 converteret,
1864 4532 2033 4593 utque
2057 4522 2217 4579 fami-
2240 4584 2293 4605 ἢ
2642 4529 2820 4603 [Apud
2846 4531 2911 4586 D.
2949 4533 3241 4604 Bouquet.,
3283 4550 3403 4605 pag.
3433 4528 3563 4603 603.]

635 4612 709 4669 lia
757 4612 999 4683 ejusdem
1026 4614 1338 4669 monasterii
1364 4614 1525 4669 nullis
1549 4614 1877 4683 quibuslibet
1906 4584 2217 4673 hominibus
2240 4584 2295 4645 Β
2388 4621 2448 4677 In
2472 4584 2692 4680 nomine
2712 4584 2933 4681 rDomini
2984 4584 3100 4681 Deil
3136 4635 3191 4682 et
3227 4584 3518 4683 Saluatoris
3547 4584 3680 4677 nostri
3708 4613 3787 4667 Jesu

636 4707 884 4763 foderum
925 4708 1109 4772 daret,
1159 4706 1427 4775 imperiali
1466 4706 1791 4762 auctoritate
1836 4705 2215 4775 decrevimus,
2319 4714 2542 4784 chi-isti,
2594 4718 2918 4786 Ludovicus,
2944 4720 3124 4775 divina
3167 4722 3485 4792 propinante
3524 4708 3739 4772 clementia
3756 4714 3785 4764 ³,

635 4809 826 4871 petens
855 4808 916 4855 ut
940 4800 1186 4854 eamdem
1213 4810 1453 4855 nostram
1476 4800 1857 4855 auctoritatem
1885 4815 1983 4854 suo
2004 4816 2217 4871 quoque
2320 4809 2616 4879 imperator
2654 4811 2948 4884 Angnsins_

637 4889 858 4943 nomine
884 4888 1133 4943 renovari
1157 4887 1496 4957 juberemus.
1529 4887 1638 4943 Nos
1662 4888 1843 4959 itaque
1883 4889 1951 4944 ob
1975 4904 2217 4946 amorem
2392 4899 2527 4955 cum
2577 4903 2931 4972 petitionibus
2984 4919 3261 4961 servorum
3316 4906 3427 4970 Dei,
3475 4916 3590 4972 quas
3637 4888 3784 4949 θυι-111³1⁵

640 4979 879 5036 divinum
907 4990 963 5037 et
998 4982 1357 5037 reverentiam
1385 4990 1546 5052 atque
1594 4983 1855 5038 honorem
1903 4984 2217 5039 eorumdem
2321 4988 2623 5047 clementia:
2665 5004 2887 5059 nostra,
2920 4996 3274 5065 compellcnte
3301 5010 3390 5050 eos
3436 4990 3639 5064 qualibet
3667 4991 3785 5036 nene?

638 5080 975 5137 sanctorum,
1007 5086 1217 5127 necnon
1252 5080 1307 5127 et
1345 5074 1696 5128 monitionem
1738 5074 1980 5143 ejusdem
2031 5074 2219 5129 fratris
2324 5083 2506 5149 sitate,
2578 5084 2852 5141 insinuare
2908 5088 3265 5153 studuerunt,
3323 5086 3541 5140 favorem
3581 5066 3784 5145 imperialis

638 5159 835 5225 nostri,
862 5170 1211 5217 memoratam
1238 5165 1613 5220 auctoritatem
1646 5174 1883 5220 nostram
1903 5167 2049 5222 circa
2065 5181 2216 5221 eum-
2323 5175 2654 5231 excellentiae
2674 5176 2791 5247 ejus
2821 5194 3028 5245 amore,
3070 5180 3221 5248 cnjns
3266 5179 3459 5233 militia:
3478 5173 3647 5244 jugiter
3667 5164 3782 5248 deest:

640 5250 764 5306 dem
797 5250 972 5307 locum
1000 5262 1349 5325 rectoresque
1376 5270 1474 5326 per
1531 5264 1771 5328 tempora
1828 5257 2065 5311 labentia
2113 5256 2218 5311 sibi
2323 5267 2439 5322 vine
2467 5243 2782 5335 noscnninr,
2807 5243 3216 5327 accommojnre
3235 5243 3504 5331 curamus;
3535 5243 3648 5317 illius
3660 5243 3782 5342 prof“ul

571 5416 577 5425 ι
640 5342 992 5400 succedentes
1043 5348 1291 5401 renovari
1340 5347 1686 5414 censuimus,
1736 5356 1792 5402 et
1835 5363 1901 5402 ea
1943 5362 2063 5417 quae
2107 5346 2218 5402 illic
2324 5354 2487 5411 dubio
2552 5356 2982 5411 misericordiam
3042 5357 3313 5412 conciliari
3381 5352 3647 5410 credimus,
3685 5343 3782 5400 cuius

640 5435 858 5490 decreta
880 5434 1384 5507 fuerunt,prtesenti
1405 5439 1568 5494 etiam
1592 5440 1918 5495 auctoritate
1932 5439 2213 5494 rohorare.
2322 5445 2529 5502 honore
2561 5456 2616 5501 et
2649 5462 2832 5502 amore
2862 5448 2913 5502 id
2945 5448 3233 5503 efﬁcaciter
3272 5449 3297 5488 i'
3322 5451 3646 5517 procuramus.
3673 5426 3784 5517 λείΨῖ

635 5526 873 5583 Proinde
902 5528 1001 5582 hos
1026 5536 1239 5584 nostros
1268 5530 1573 5601 imperiales
1599 5532 1781 5602 apices
1801 5529 2217 5602 ﬁerijussimus,
2320 5544 2507 5591 notum
2552 5553 2672 5593 esse
2703 5538 2950 5593 volumus
3002 5540 3249 5594 omnibus
3290 5512 3520 5592 ﬁdelibus
3543 5531 3696 5585 sancta!

635 5634 736 5690 per
772 5635 909 5691 quos
953 5633 1296 5677 successores
1329 5632 1546 5680 nostros
1584 5624 1940 5681 admonemus
1990 5632 2048 5679 ut
2080 5625 2222 5681 sicut
2322 5630 2576 5686 Ecclesia:
2604 5633 2941 5702 nostrisque,
2966 5631 3322 5704 praesentibus
3347 5628 3600 5687 scilicetet
3633 5614 3781 5668 fotum.

646 5816 658 5827 ,
714 5758 740 5788 ³
783 5747 1173 5819 Βερνορίίίαηεε
1216 5753 1428 5832 ,θζαιίέιν
1485 5757 1625 5826 apud
1674 5758 2038 5840 Mabillonium
2076 5801 2090 5826 ,
2127 5761 2220 5869 qui
2398 5766 2425 5806 ιι
2455 5765 2610 5837 Apud
2637 5768 2907 5831 eumdem,
2931 5767 2985 5821 id
3016 5767 3206 5837 efﬁcere

646 5815 775 5869 illud
801 5826 1124 5869 praeceptum
1145 5820 1310 5869 edidit
1336 5823 1427 5869 lih.
1464 5841 1514 5869 vr
1545 5827 1610 5869 de
1632 5827 1710 5869 ιὶρ
1740 5830 1937 5869 dtnlnm
2013 5847 2047 5869 η
2094 5832 2125 5869 κ
2163 5832 2197 5869 9

637 5815 775 5871 illud
801 5815 1124 5887 praeceptum
1145 5815 1310 5876 edidit
1335 5823 1427 5878 nn.
1464 5815 1610 5881 vi'de
1632 5827 1711 5884 Re
1740 5829 1984 5900 diplom.,
2012 5815 2216 5902 p.’5§§i
