4050 6340
286 352 453 442 ms

1412 369 1809 429 arenosum
1844 348 2396 428 ECCLESIASTICA.

282 493 517 568 qualiter
534 491 674 548 Boso
698 490 1023 546 venerabilis
1048 488 1217 543 abbas
1236 501 1305 543 ex
1329 487 1662 543 monasterio
1686 484 1861 541 sancti
1886 483 1942 545 Α
1964 496 2107 549 rum,
2136 490 2248 539 tam
2274 480 2621 553 praesentium
2642 494 2805 551 quam
2825 489 2881 536 et
2898 481 3226 547 futurorum,
3247 478 3540 548 industria,

280 585 578 651 Benedicti,
630 584 775 652 quod
823 592 907 638 est
950 588 1322 661 constructum
1346 581 1403 634 in
1428 595 1567 650 pago
1596 577 1862 661 .Aurelia-

280 693 470 745 nense,
493 692 600 731 una
620 692 743 731 cum
761 656 1177 753 congregatione
1196 656 1307 727 'sibi
1328 656 1634 737 commissa,
1663 677 1863 726 nostra:

278 765 515 822 innotuit
559 762 866 818 celsitudini
891 777 957 817 eo
981 761 1123 830 quod
1147 774 1281 814 avus
1323 768 1511 813 noster
1550 758 1707 812 bona:
1748 771 1863 811 me-

278 855 468 912 moriae
490 854 750 924 Pippinus
778 869 874 908 rex
911 854 978 908 de
1006 851 1178 907 salute
1218 849 1412 905 anima:
1435 864 1545 905 suae
1590 865 1653 905 ac
1680 848 1864 903 fratris

278 947 362 1003 sui
389 944 769 1001 Carolomanni
801 944 1069 1015 cogitans,
1098 949 1153 996 et
1175 941 1243 997 de
1268 940 1549 997 abolendis
1574 940 1862 996 amborum

277 1036 541 1108 peccatis,
571 1036 850 1104 beataeque
878 1040 933 1087 et
979 1040 1254 1103 perpetuae
1299 1032 1424 1086 vita:
1453 1030 1689 1100 praemiis
1733 1044 1863 1084 con-

279 1125 592 1197 sequendis,
617 1124 907 1196 quamdam
930 1124 1111 1178 villam
1148 1123 1289 1194 juris
1341 1124 1447 1187 sui,
1493 1137 1615 1191 qua:
1663 1120 1864 1175 dicitur

280 1221 620 1288 Suncampus
651 1232 701 1284 ι,
748 1233 872 1272 cum
903 1215 1237 1287 appendiciis
1263 1222 1319 1269 et
1354 1214 1495 1268 villis
1522 1228 1587 1269 ac
1613 1212 1864 1268 terminis

278 1313 347 1368 ad
378 1328 437 1368 se
457 1310 877 1382 pertinentibus,
900 1315 1203 1364 memorato
1235 1307 1568 1362 monasterio
1598 1305 1656 1359 S.
1685 1304 1861 1359 Bene-

277 1405 407 1461 dicti
455 1420 554 1476 per
603 1401 945 1458 auctoritatis
983 1415 1093 1455 sua:
1146 1409 1475 1470 praeceptum
1517 1397 1857 1469 delegasset:

276 1512 449 1567 eoque
481 1505 607 1551 tunc
626 1495 809 1551 divina
827 1494 1110 1549 vocatione
1132 1480 1294 1547 rebus
1315 1491 1566 1546 humanis
1587 1496 1859 1560 exempto,

277 1588 495 1659 quidam
527 1586 765 1642 vasallus
793 1586 930 1657 ejus,
989 1585 1206 1639 nomine
1235 1582 1558 1648 Gislearius,
1609 1582 1703 1650 qui
1754 1595 1864 1636 me-

277 1688 542 1736 moratam
573 1678 753 1733 villam
804 1676 925 1746 jure
950 1676 1300 1732 beneﬁciario
1350 1675 1687 1745 possederat,
1704 1679 1864 1759 .post-

1966 576 2112 646 quod
2191 575 2543 631 Marcuardu's
2627 572 2951 629 venerabilis
3002 571 3169 628 abbas
3222 570 3546 628 monasterii

1965 665 2121 735 cujus
2170 666 2495 722 vocabulum
2538 672 2622 720 est
2671 664 2892 720 Prumia
2948 664 3181 719 innotuit
3233 663 3546 722 celsitudiui

1965 766 2164 813 nostrae
2201 774 2267 814 eo
2314 759 2457 829 quod
2497 773 2618 814 cum
2654 757 2975 827 quibusdam
3030 756 3342 813 hominibus
3369 798 3384 822 ,
3448 757 3546 828 qui

1964 849 2293 906 Heberarius
2318 860 2372 906 et
2398 850 2709 907 Hebrardus
2746 851 3117 915 nominantur,
3154 850 3415 919 quasdam
3453 862 3544 905 res

1964 950 2022 996 et
2062 942 2330 1011 mancipia
2365 958 2464 1011 pro
2502 942 2782 997 ambarum
2811 940 3045 1011 partium
3074 941 3547 997 commoditatibus

1964 1043 2377 1091 commutasset.
2416 1034 2576 1090 Dedit
2604 1035 2771 1106 igitur
2806 1043 2992 1089 nostra
3023 1033 3379 1104 permissione
3404 1047 3546 1104 prae-

1963 1127 2110 1185 fatus
2136 1127 2463 1183 venerabilis
2489 1127 2839 1184 Marcuardus
2876 1127 3044 1182 abbas
3090 1142 3156 1183 ex
3192 1126 3357 1181 rebus
3407 1140 3547 1195 prte-

1965 1221 2232 1277 nominati
2272 1220 2588 1277 monasterii
2619 1220 2674 1274 in
2702 1235 2841 1291 pago
2865 1218 3243 1290 Andegavinse
3270 1227 3325 1273 et
3351 1217 3547 1273 Rothi-

1962 1333 2156 1383 nense,
2172 1318 2229 1373 in
2242 1317 2377 1373 locis
2396 1317 2489 1386 qui
2515 1317 2769 1372 dicuntur
2789 1314 3191 1379 Hulmontillus,
3212 1306 3545 1380 Carm'arias,

1962 1412 2167 1467 Boscus
2205 1407 2275 1466 'et
2319 1392 2763 1480 Tillus'prtcl‘atis
2817 1405 3113 1462 Heberario
3161 1414 3216 1460 et
3266 1403 3549 1461 Hebrardo

1965 1505 2031 1560 ad
2058 1505 2335 1576 proprium
2358 1500 2744 1572 perpetualiter
2763 1498 3090 1564 habendum,
3106 1505 3549 1570 quatnmcunque

1965 1597 2099 1654 inibi
2153 1598 2220 1653 de
2260 1597 2385 1667 jure
2459 1593 2700 1664 ejusdem
2764 1590 3080 1647 monasterii
3140 1589 3423 1645 habeatur.
3481 1586 3549 1643 Et

1964 1706 1997 1747 e
2019 1699 2208 1746 contra
2241 1689 2295 1742 in
2345 1686 2786 1758 compensatione
2811 1682 3124 1739 earumdem
3164 1694 3348 1735 rerum
3396 1679 3549 1734 dede-

275 1791 440 1845 ςυειηι
487 1773 724 1845 ιεείιῑιηθ
771 1771 995 1826 traditio
1036 1778 1199 1842 atque
1232 1770 1509 1843 .VeS‘iwm
1551 1769 1618 1824 de
1669 1769 1862 1822 eadem
1890 1841 1935 1851 _
1966 1791 2096 1837 runt
2122 1795 2265 1851 saepe
2299 1780 2427 1835 dicti
2472 1776 2802 1834 Helierarius
2822 1784 2877 1830 et
2901 1772 3070 1829 frater
3090 1786 3219 1827 suus
3242 1770 3550 1827 Hebrardus

277 1867 424 1932 Vina,
453 1882 575 1923 cum
602 1864 854 1920 omnibus
881 1865 948 1917 ad
973 1878 1031 1917 se
1055 1861 1450 1932 Perlinelllibus
1475 1858 1560 1914 νει
1597 1858 1863 1929 θερίυίθη·
1890 1841 1939 1902 Β
1967 1876 2034 1929 de
2084 1841 2248 1927 rebus
2288 1869 2523 1941 propriis
2570 1875 2871 1923 memorato
2907 1863 3226 1920 Marcuardo
3253 1860 3549 1917 venerabili

276 1960 424 2014 tibus
452 1957 521 2012 ad
562 1962 775 2027 partem
819 1961 945 2007 ante
970 1952 1100 2006 dicti
1142 1950 1461 2006 monasterii
1492 1948 1549 2003 S.
1582 1948 1865 2003 Benedicti

276 2055 419 2109 facta
445 2053 639 2115 fuerat,
676 2050 939 2121 quasdam
966 2048 1182 2102 villulas
1206 2047 1272 2101 ad
1303 2050 1657 2100 memoratam
1677 2042 1865 2097 villam

276 2146 604 2215 aspicientes
652 2140 735 2195 vel
776 2140 1125 2211 pertinemes,
1174 2151 1402 2207 quarum
1449 2132 1710 2190 vocabula
1738 2139 1865 2188 sunt

278 2233 683 2300 Mairulﬁ-villa,
727 2231 1075 2302 Sigini-villa,
1105 2226 1605 2292 Haderbaldi—villa,
1632 2225 1860 2280 Enveri-

276 2327 424 2391 villa,
474 2322 851 2379 Catonis-villa
882 2331 938 2376 et
965 2317 1423 2381 Frondonis—villa
1462 2319 1511 2381 ι),
1545 2318 1667 2388 jure
1696 2316 1862 2371 bene-

276 2416 482 2473 ﬁciario
510 2416 577 2470 ad
607 2414 913 2469 habendum
940 2419 1278 2481 usurpasset,
1309 2419 1472 2479 atque
1518 2408 1716 2479 injuste
1768 2423 1865 2463 oc-

275 2523 463 2579 cupass
473 2515 527 2561 et
544 2526 555 2560 :
578 2515 632 2561 et
654 2505 733 2560 sic
748 2504 1073 2576 procedente
1091 2511 1330 2571 tempore
1349 2500 1416 2556 de
1432 2500 1557 2571 jure
1580 2498 1861 2569 saepedicti

274 2598 590 2654 monasterii
611 2596 820 2668 elapsas
842 2610 981 2651 esse.
1010 2594 1117 2649 Sed
1137 2607 1258 2648 cum
1282 2593 1351 2647 ad
1369 2592 1508 2647 hanc
1533 2605 1755 2647 causam
1779 2590 1863 2644 in-

274 2691 644 2761 vestigandum
673 2691 937 2759 nobisque
957 2688 1375 2743 renuntiandam
1394 2687 1590 2741 missos
1618 2692 1857 2750 nostros,

273 2782 467 2841 Jonam
506 2783 757 2837 videlicet
785 2781 1151 2837 venerabilem
1179 2780 1621 2834 Aurelianensem
1651 2777 1863 2847 episco-

274 2892 427 2946 pum,
453 2883 508 2929 et
531 2874 807 2946 Hugoncm
832 2874 1093 2928 illustrem
1124 2871 1381 2927 comitem
1415 2869 1857 2935 destinassemus,

276 2979 331 3026 et
360 2981 468 3024 tam
496 2982 562 3024 cx
608 2984 796 3024 eorum
842 2967 1106 3022 relatione
1148 2980 1315 3035 quam
1355 2972 1409 3019 et
1456 2978 1522 3018 ex
1572 2961 1859 3017 memorati

275 3065 360 3120 avi
389 3064 559 3120 nostri
590 3063 843 3134 prmeepli
870 3062 1101 3117 lectione
1138 3060 1259 3115 luce
1292 3059 1494 3114 clarius
1537 3059 1694 3113 nobis
1716 3065 1862 3128 pate-

275 3155 452 3223 ﬁeret,
475 3163 801 3210 memoratas
826 3154 983 3209 villas
997 3154 1063 3208 de
1079 3152 1203 3221 jure
1223 3168 1366 3221 szepe
1387 3151 1517 3207 dicti
1545 3150 1861 3205 monasterii

276 3247 474 3316 injuste
497 3248 799 3302 abstractas
831 3245 997 3299 fuisse
1024 3263 1037 3297 :
1069 3243 1273 3313 placuit
1297 3242 1454 3297 nobis
1500 3256 1600 3311 pro
1627 3240 1865 3296 remedio

276 3341 470 3396 anima:
504 3348 703 3394 nostra:
728 3354 823 3393 eas
850 3354 971 3393 cum
1000 3336 1251 3392 omnibus
1297 3335 1460 3390 rebus
1493 3334 1559 3388 ad
1586 3348 1645 3388 se
1694 3333 1865 3403 perti-

274 3433 531 3488 nentibus
552 3416 726 3486 eidem
758 3431 982 3485 reddere
1011 3428 1363 3485 monasterio.
1418 3427 1487 3482 Et
1524 3434 1585 3480 ut
1612 3427 1730 3481 haec
1770 3441 1867 3481 au-

277 3526 504 3581 ctoritas
530 3523 838 3597 donationis
872 3530 1070 3578 nostra:
1107 3520 1316 3575 lirmior
1340 3519 1623 3582 habeatur,
1665 3526 1722 3572 et
1768 3532 1867 3586 per

275 3618 455 3674 futura
483 3625 725 3686 tempora
747 3616 940 3671 melius
961 3622 1338 3678 conservetur,
1358 3612 1424 3667 de
1463 3610 1662 3665 annulo
1678 3618 1865 3665 nostro

277 3712 461 3766 subter
487 3725 605 3765 eam
628 3709 889 3779 jussimus
922 3706 1180 3777 sigillare.

346 3802 459 3873 Ego
482 3800 860 3855 llirminmaris
885 3798 1130 3854 notarius
1155 3797 1224 3851 ad
1242 3794 1415 3850 vicem
1440 3792 1681 3864 llugonis
1710 3805 1868 3847 reco-

278 3898 435 3969 gnovi
465 3905 517 3951 et
540 3896 857 3964 subscripsi.
1442 3952 1449 3957 η
1868 3890 1871 3891 ⁷

349 3989 483 4042 Data
500 4003 538 4040 ll
556 3985 735 4041 Nunas
748 3984 1033 4039 Januarias
1050 3995 1072 4022 ο
1084 4024 1097 4047 ,
1115 3998 1278 4047 anno,
1293 3980 1510 4037 Christo
1524 3979 1779 4050 propitio,
1792 3974 1867 4032 2?.

280 4080 489 4149 imperii
518 4079 700 4133 domni
733 4077 989 4131 Ludovici
1016 4077 1247 4147 piissimi
1276 4075 1525 4145 Augusti,
1572 4072 1864 4128 indictione

281 4173 368 4226 15.
421 4174 612 4227 Actum
649 4171 959 4226 Theodonis
980 4170 1106 4225 villa
1131 4169 1337 4241 palatio
1384 4168 1533 4237 regio
1559 4167 1615 4222 in
1645 4166 1741 4221 Dei
1766 4180 1864 4220 no-

280 4261 427 4316 mine
456 4259 706 4315 lcliciter.
733 4259 925 4314 Amen.

977 4327 1152 4385 CCIV.

656 4418 756 4457 PRO
790 4416 1128 4456 MONASTERIO
1167 4412 1474 4454 Ριιυκιεκει.

895 4481 1067 4551 (Anno
1098 4478 1247 4549 855.)

288 4563 360 4619 De
391 4563 657 4618 concamio
691 4561 829 4633 quod
869 4560 1099 4630 fecerunt

915 4634 1013 4684 dus
1042 4631 1139 4684 abb

955 4649 1013 4686 us
1042 4649 1222 4685 αυυαε.

346 4722 517 4799 [Apud
551 4721 778 4776 Marten.
844 4718 1005 4790 ampl.
1044 4715 1286 4780 ϐοηθοίη
1321 4725 1451 4771 tom.
1481 4714 1521 4779 I,
1546 4715 1651 4771 col.
1687 4715 1803 4788 94.]
1876 4777 1881 4783 η

354 4816 413 4870 ln
448 4815 663 4869 nomine
712 4811 927 4865 Domini
965 4809 1060 4863 Dei
1100 4819 1154 4863 ct
1190 4807 1492 4863 Salvatoris
1526 4809 1699 4863 nostri
1737 4807 1865 4865 Jesu

283 4906 507 4969 Christi,
558 4890 881 4960 Ludovicus.
919 4901 1098 4956 divina
1136 4899 1521 4970 reprOpitianle
1558 4898 1859 4967 clementia,

285 4997 579 5067 imperator
601 4994 892 5066 Augustus.

205 5157 211 5161 ᾗ
361 5088 418 5144 Si
445 5103 564 5157 quae
592 5086 776 5141 ﬁdeles
805 5086 1017 5157 imperii
1046 5085 1216 5141 nostri
1247 5100 1348 5156 pro
1381 5099 1569 5140 eorum
1606 5094 1865 5156 opportu-

287 5180 550 5238 nitatibus
576 5180 717 5233 inter
746 5194 806 5233 se
832 5187 1314 5244 commutaverunt,
1348 5180 1546 5234 nostris
1571 5179 1863 5235 conﬁrma-

288 5290 412 5330 mus
439 5272 652 5336 edictis,
688 5270 1021 5340 imperialem
1047 5287 1363 5327 exercemus
1390 5271 1865 5340 consuetudinem,

292 5377 345 5422 et
363 5367 467 5422 hoc
495 5366 547 5420 in
568 5364 908 5435 postmodum
927 5360 1051 5431 jure
1072 5361 1384 5418 ﬁrmissimo
1409 5377 1722 5417 mansurum
1746 5376 1868 5419 esse

292 5458 559 5516 volumus.
587 5458 792 5516 Idcirco
832 5457 1042 5512 noverit
1089 5455 1330 5511 omnium
1381 5454 1618 5510 ﬁdelium
1647 5464 1863 5511 nostro-

366 5584 392 5612 ι
417 5571 573 5641 Apud
594 5569 815 5635 Mabill.,
848 5570 1172 5641 Sititcanttts,
1193 5567 1355 5641 vulgo
1376 5566 1702 5641 §0ttcltalllp,

366 5636 576 5712 bjA'pud
594 5643 861 5712 eumdem,
903 5636 1322 5712 Marralﬁogillq',
1366 5636 1865 5712 SigirifvillaLHa-

296 5707 700 5776 drebleZti-villa,
744 5707 1140 5773 Numeri-villa,
1167 5707 1573 5764 Cathenislnilla
1615 5720 1662 5762 et
1688 5708 1866 5765 Fron-

297 5781 619 5849 donis-villa,
642 5781 807 5851 vulgo
841 5778 1191 5851 Mairouvjllc,
1236 5779 1512 5851 Sainville,
1544 5780 1862 5851 Arboum’lle,

299 5848 609 5937 Eerimﬁlle,
628 5848 948 5908 Chat'onviuc
980 5860 1031 5906 et
1058 5849 1345 5907 Francia“

1966 1965 2148 2020 abbati
2184 1964 2250 2019 ad
2276 1971 2487 2034 partem
2517 1976 2660 2032 szepe
2698 1959 2825 2015 dicti
2864 1955 3186 2013 monasterii
3212 1955 3297 2009 sui
3326 1955 3380 2009 in
3407 1966 3550 2024 pago

1965 2054 2241 2111 Nauvinse
2266 2096 2281 2120 ,
2324 2054 2379 2108 in
2410 2052 2537 2107 villa
2572 2067 2694 2123 quae
2728 2050 2931 2106 dicitur
2976 2047 3352 2111 Roccesheim,
3379 2060 3553 2116 quan-

1965 2157 2298 2218 tumcunque
2344 2147 2400 2201 in
2457 2147 2645 2201 eadem
2691 2144 2820 2198 villa
2861 2142 2948 2198 vel
2981 2142 3151 2211 ipsius
3175 2140 3318 2195 villa:
3363 2137 3553 2194 marha

1959 2239 2083 2310 jure
2111 2238 2474 2309 proprietario
2497 2236 2890 2308 possidebant,
2918 2235 2973 2289 id
2997 2243 3081 2290 est
3107 2233 3355 2290 curtilem
3383 2231 3552 2287 domi-

1963 2332 2207 2387 nicatum
2238 2348 2362 2386 cum
2391 2330 2634 2387 aediﬁciis
2661 2326 2894 2399 desuper
2920 2329 3134 2399 positis,
3160 2328 3447 2382 habentem
3485 2325 3551 2380 de

1966 2430 2111 2478 terra
2164 2422 2403 2477 aratoria
2435 2422 2764 2477 dominicata
2805 2421 3052 2491 jornales
3100 2436 3286 2477 Luxu
3327 2428 3383 2475 et
3425 2432 3553 2491 pro-

1964 2515 2142 2584 prisos
2166 2513 2189 2553 ἀ
2217 2530 2307 2580 vr,
2351 2515 2406 2568 in
2453 2512 2649 2583 quibus
2688 2522 2823 2591 sunt
2852 2512 3093 2584 jornales
3134 2528 3164 2567 c
3212 2519 3267 2567 et
3290 2527 3391 2578 xx,
3425 2524 3551 2565 cum

1965 2607 2253 2678 mancipiis
2282 2606 2516 2677 desuper
2542 2606 3013 2661 commanentibus
3034 2645 3048 2669 ,
3081 2618 3312 2674 quorum
3355 2616 3548 2658 nume-

1964 2715 2061 2755 rus
2097 2707 2153 2753 et
2209 2699 2429 2754 nomina
2475 2698 2531 2752 in
2581 2696 3099 2753 commutationibus
3148 2696 3216 2750 ab
3261 2695 3342 2750 eis
3387 2692 3550 2748 factis

1962 2784 2199 2861 pleniter
2218 2792 2587 2847 continentur.
2617 2790 2898 2845 Dederunt
2918 2788 3081 2843 etiam
3097 2787 3152 2845 in
3167 2787 3295 2842 villa
3317 2793 3559 2855 vocante

1966 2884 2434 2940 Husﬁleidesheim
2468 2884 2716 2940 curtilem
2741 2898 2908 2939 unum
2934 2922 2949 2948 ,
2983 2882 3050 2937 ad
3087 2896 3247 2953 quem
3280 2879 3554 2950 aspiciunt

1966 2974 2031 3030 de
2082 2983 2227 3030 terra
2281 2975 2523 3030 aratoria
2567 2973 2811 3044 jornales
2860 2989 3019 3039 xvm,
3075 2973 3140 3027 de
3168 2979 3327 3042 prato
3360 2971 3416 3025 in
3443 2984 3552 3040 quo

1964 3052 2291 3136 colliguntur
2338 3065 2445 3121 l‘eni
2482 3066 2722 3121 carrada:
2773 3074 2902 3131 tres,
2942 3072 2999 3120 et
3037 3064 3103 3120 de
3147 3063 3393 3135 porprisa
3417 3061 3553 3116 silva

1961 3156 2203 3226 jornales
2230 3166 2375 3223 octo,
2406 3168 2462 3213 et
2488 3158 2650 3213 aliam
2676 3173 3019 3213 communem
3067 3157 3257 3212 silvam
3287 3171 3393 3211 non
3428 3169 3553 3225 pro-

1969 3250 2194 3320 prisam.
2229 3249 2495 3306 Similiter
2522 3252 2687 3306 etiam
2729 3259 2785 3305 et
2824 3250 2878 3305 in
2923 3265 3062 3322 pago
3096 3250 3473 3306 Wormacinse
3497 3249 3555 3305 in

1967 3340 2096 3396 villa
2144 3351 2373 3398 vocante
2419 3342 2943 3399 Haskmundesheim
3003 3343 3254 3398 curtilem
3284 3358 3462 3415 unum
3499 3348 3556 3397 et

1961 3431 2204 3502 jornales
2253 3448 2424 3487 xxvm
2455 3434 2519 3489 de
2546 3435 2720 3488 vineis
2747 3434 2799 3487 in
2832 3435 3028 3503 quibus
3072 3433 3397 3505 colliguntur
3435 3432 3553 3487 vini

1968 3525 2211 3580 carradae
2246 3534 2378 3591 tres,
2410 3534 2464 3580 et
2502 3527 2557 3580 in
2587 3526 2942 3581 Dionenheim
2978 3536 3033 3583 et
3067 3525 3459 3582 Rodulﬁsheim
3488 3526 3554 3581 de

1966 3616 2145 3697 vineis
2170 3619 2237 3673 ad
2277 3618 2389 3672 vini
2426 3619 2684 3674 carradas
2722 3619 2857 3687 duas
2891 3618 3236 3690 colligendas.
3266 3618 3331 3673 Et
3366 3619 3421 3673 in
3451 3618 3549 3672 Ba-

1968 3710 2211 3764 tenheim
2233 3710 2431 3765 curtilc
2453 3727 2470 3764 ι
2496 3719 2554 3766 et
2572 3712 2639 3765 de
2667 3712 2824 3765 vinea
2850 3711 2919 3765 ad
2940 3726 3103 3765 unam
3131 3713 3416 3766 carradam
3440 3711 3554 3766 vini

1967 3798 2346 3869 colligendam.
2380 3800 2506 3854 Haec
2536 3809 2719 3854 autem
2768 3800 3016 3870 superius
3056 3800 3400 3855 denominata
3426 3816 3554 3856 cum

1966 3888 2275 3957 mancipiis,
2306 3890 2497 3958 pratis,
2529 3889 2696 3954 silvis,
2739 3889 2974 3960 pascuis,
3024 3891 3180 3960 aquis
3218 3906 3555 3962 aquarumve

1967 3979 2285 4035 decursibus
2307 4021 2321 4045 ,
2358 3981 2500 4035 sicut
2529 3983 2585 4036 in
2612 3983 3131 4039 commutationibus
3177 3984 3246 4039 ab
3275 3983 3356 4040 eis
3393 3983 3553 4039 lactis

1966 4073 2275 4128 continetur
2303 4082 2472 4127 totum
2510 4082 2567 4128 et
2607 4075 2675 4129 ad
2707 4075 2973 4145 integrum
3002 4115 3017 4141 ,
3048 4076 3333 4146 quaesitum
3374 4082 3431 4130 et
3481 4074 3553 4131 ad

1968 4164 2370 4234 inquirendum,
2406 4165 2547 4220 sicut
2573 4167 2914 4235 prmmissum
2945 4175 3067 4232 est,
3098 4166 3428 4238 praescriptis
3456 4167 3553 4222 ho-

1965 4254 2203 4309 minibus
2232 4254 2528 4311 Heberario
2555 4263 2609 4311 et
2630 4255 2908 4311 Hebrardo
2925 4259 3199 4313 antedicto
3229 4256 3549 4314 Marcuardo

1965 4346 2261 4401 venerabili
2311 4347 2493 4402 abbati
2533 4347 2602 4401 ad
2663 4357 2874 4418 partem
2936 4350 3177 4421 praedicti
3232 4349 3550 4405 monasterii

1871 4487 1878 4495 .
1967 4438 2349 4504 tradiderunt,
2398 4446 2459 4492 ut
2495 4438 2551 4493 in
2598 4438 2715 4509 ejus
2760 4439 2882 4509 jure
2942 4450 3206 4515 perpetuo
3265 4442 3548 4498 consistat.

891 4532 1465 4614 ῥεέξζάλιίέὺένήανεηε
1499 4567 1548 4612 ει
1583 4557 1942 4635 διανεηαμυ
1974 4532 2124 4589 Unde
2172 4542 2227 4587 et
2267 4533 2401 4587 duas
2450 4532 2898 4589 commutationes
2945 4549 3174 4605 quarum
3222 4536 3552 4590 mentionem

1970 4625 2197 4681 fecimus
2218 4625 2334 4697 pari
2359 4634 2544 4681 tenore
2566 4627 2922 4696 conscriptas,
2952 4627 3308 4698 manibusque
3331 4641 3552 4683 suorum

1969 4725 2024 4773 et
2067 4717 2294 4772 aliorum
2337 4716 2605 4771 bonorum
2641 4716 2920 4771 hominum
2948 4718 3199 4774 manibus
3221 4720 3505 4774 roboratas
3531 4758 3549 4787 ,

1970 4808 2246 4865 obtutibus
2266 4810 2468 4865 nostris
2490 4808 2556 4864 ad
2579 4808 2922 4881 relegendum
2947 4810 3122 4866 allatae
3157 4819 3301 4877 sunt,
3327 4811 3422 4867 sed
3450 4827 3552 4883 pro

1968 4905 2176 4976 integra
2204 4903 2459 4958 ﬁrmitate
2485 4904 2756 4973 petierunt
2779 4904 3153 4960 celsitudinem
3182 4913 3419 4962 nostram
3446 4947 3462 4973 ,
3494 4915 3550 4962 ut

1966 4994 2186 5049 easdem
2218 4996 2671 5049 commutationes
2711 4993 2886 5049 denuo
2928 5010 3027 5065 per
3064 5006 3263 5051 nostra:
3300 5012 3548 5053 mansne.

1963 5083 2168 5138 tudinis
2212 5091 2541 5153 praeceptum
2592 5082 2802 5154 plenius
2845 5082 3167 5141 conﬁrmare
3207 5087 3544 5145 deberemus.

1967 5176 2207 5245 Quorum
2250 5174 2599 5245 petitionibus
2636 5189 2915 5231 assensum
2948 5176 3214 5248 denegare
3237 5178 3506 5236 noluimus
3530 5221 3546 5249 ,

1968 5268 2065 5325 sed
2110 5268 2249 5323 sicut
2292 5267 2583 5338 unicuique
2651 5268 2886 5324 ﬁdelium
2941 5278 3251 5327 nostrorum
3302 5274 3449 5346 juste
3493 5283 3550 5331 et

1969 5358 2367 5414 rationabiliter
2407 5359 2707 5429 petentium
2732 5401 2747 5426 ,
2794 5360 2867 5415 ita
2912 5376 3011 5419 nos
3057 5362 3164 5419 illis
3213 5369 3549 5425 concessisse

1971 5462 2136 5522 atque
2182 5452 2237 5507 in
2289 5451 2538 5506 omnibus
2576 5451 2929 5509 conﬁrmasse
2967 5456 3296 5527 cognoscite.
3348 5459 3547 5515 Praeci-

2045 5577 2067 5605 ο
2098 5567 2199 5624 Hic
2240 5567 2453 5641 initium
2489 5567 2641 5638 regni
2663 5582 2696 5622 a
2739 5583 2922 5625 mense
2950 5568 3255 5641 Septembri
3284 5571 3410 5626 anni
3440 5570 3546 5627 815

1973 5640 2379 5693 accersendum.

2042 5707 2070 5749 (ι
2099 5709 2380 5784 Proprisus
2423 5724 2517 5764 seu
2556 5711 2860 5784 porprisum
2893 5720 2956 5784 et
2982 5713 3290 5784 purprisum
3314 5718 3407 5784 est
3440 5724 3544 5768 vox

1975 5778 2267 5855 Teutonica
2301 5820 2316 5845 ,
2364 5794 2525 5850 quam
2558 5778 2853 5840 Coldastus
2887 5778 3278 5855 intérpretatur
3305 5782 3545 5838 invasam

1974 5864 2071 5906 seu
2096 5850 2340 5907 violenter
2361 5859 2691 5921 occupatum.
