4050 6340
562 4719 569 4734 η

669 281 798 337 1271

1792 289 2114 347 LUDOVlCl
2148 290 2169 345 Ι
2209 287 2678 352 COGNOMENTO
2717 296 2801 352 Pll

3697 318 3788 381 mi

663 372 964 442 majestatis
985 380 1184 428 nostr:e
1200 373 1629 452 misericordiam
1649 384 1709 432 ut
1729 381 2041 449 prmdictam
2062 381 2243 438 sedem
2270 385 2320 447 Α
2348 383 2670 451 Ludovicus,
2693 387 2874 442 divina
2892 389 3275 460 repropitiante
3290 393 3558 467 clementia,
3581 402 3788 477 imperator

645 481 787 520 -cum
818 466 1066 521 omnibus
1092 468 1158 522 ad
1188 483 1246 523 se
1266 468 1414 538 juste
1447 479 1503 526 et
1529 473 1774 545 legaliter
1805 477 2065 532 moderno
2099 484 2240 531 tem-

659 573 792 630 pore
819 559 1234 629 pertinentibus,
1281 563 1382 618 sub
1410 574 1591 621 nostra
1637 568 1862 625 tuitione
1891 579 1946 624 et
1985 571 2238 627 immuni-

661 649 790 704 tatis
817 649 1128 706 defensione
1155 669 1278 708 cum
1319 657 1568 713 omnibus
1601 660 1783 726 rebus,
1813 661 1864 716 id
1893 670 1976 717 est
2013 663 2146 718 cella
2179 663 2235 718 S.

658 740 874 808 Felicis,
909 759 1030 798 cum
1062 747 1311 802 omnibus
1354 751 1618 807 terminiis
1643 762 1699 808 et
1733 755 2065 824 appendiciis
2104 758 2235 823 suis,

657 841 713 888 et
735 832 860 888 villa
888 850 1008 904 quae
1035 836 1235 891 dicitur
1265 838 1558 908 Torrente,
1602 854 1655 898 et
1693 845 1797 900 alio
1829 847 2086 903 vocabulo
2115 849 2240 903 Ala-

654 927 851 992 manis,
880 936 934 981 et
957 930 1218 998 spedulia,
1251 940 1304 986 et
1329 947 1428 1002 pro
1459 939 1807 1007 congruentia
1848 941 2088 996 ecclesiae
2128 958 2239 998 suae

674 1018 988 1072 erritorium
1017 1037 1046 1074 a
1079 1019 1332 1078 Petrafita
1361 1041 1534 1096 usque
1562 1043 1724 1097 super
1753 1045 1849 1085 sua
1882 1031 2113 1087 claustra
2134 1074 2148 1098 ,
2183 1041 2238 1089 et

654 1107 901 1164 cellulam
930 1111 1091 1165 etiam
1125 1111 1180 1166 S.
1210 1111 1430 1182 Juliani,
1456 1117 1540 1172 vel
1571 1131 1748 1175 terras
1785 1137 1921 1191 quas
1949 1123 2032 1177 sui
2061 1123 2236 1178 homi-

651 1213 752 1254 nes
791 1214 873 1254 ex-
903 1216 1085 1257 eremo
1132 1211 1450 1274 traxerunt,
1497 1197 1704 1265 necnon
1751 1213 1981 1268 mediam
2029 1224 2234 1285 partem

648 1289 966 1357 pulveratici
993 1307 1060 1347 ex
1082 1294 1268 1361 rafica,
1299 1306 1352 1352 et
1387 1315 1453 1354 ex
1485 1313 1724 1357 mercato
1749 1305 2017 1372 similiter,
2049 1323 2144 1362 seu
2170 1310 2236 1364 de

647 1383 960 1448 pascuario,
1009 1388 1496 1446 constitueremus:
1540 1409 1647 1464 quo
1692 1395 1766 1450 ita
1811 1403 1866 1450 et
1906 1412 2005 1453 nos
2040 1398 2234 1456 fecisse

649 1473 886 1528 omnium
915 1485 1160 1532 vestrum
1196 1492 1482 1550 cognoscat
1525 1485 1809 1542 industria.
1849 1489 2232 1562 Praecipientes

647 1576 778 1634 ergo
813 1562 1064 1632 jubemus
1093 1576 1151 1622 ut
1181 1571 1358 1627 nullus
1380 1572 1546 1642 judex
1589 1576 1836 1647 publicus
1867 1580 1950 1634 vel
1978 1582 2232 1650 quislibet

647 1652 1017 1721 exjudiciaria
1044 1668 1310 1728 potestate
1336 1663 1388 1717 in
1411 1665 1689 1733 ecclesias,
1730 1670 1912 1736 villas,
1951 1671 2067 1728 loca
2088 1716 2102 1740 ,
2146 1676 2231 1730 vel

645 1759 829 1814 agros,
855 1761 949 1802 seu
973 1748 1209 1820 reliquas
1237 1756 1608 1822 possessiones
1630 1773 1942 1818 memoratae
1962 1765 2226 1835 ecclesiae,
2257 1764 2303 1823 B

642 1847 778 1902 quas
807 1836 1075 1892 moderno'
1107 1849 1350 1912 tempore
1393 1848 1665 1916 possidet,
1703 1852 1787 1907 vel
1825 1870 1944 1924 quae
1971 1857 2227 1929 deinceps

642 1923 698 1978 in
717 1924 840 1994 jure
871 1928 1039 1998 ipsius
1073 1931 1174 1987 loci
1205 1935 1435 1992 voluerit
1471 1939 1652 1996 divina
1691 1944 1866 2013 pictas
1911 1951 2126 2019 augeri,
2159 1952 2228 2006 ad

640 2030 835 2073 causas
854 2017 1143 2086 judiciario
1177 2041 1326 2082 more
1363 2031 1657 2088 audiendas
1698 2036 1781 2090 vel
1829 2037 2224 2112 discutiendas,

638 2107 725 2162 vel
749 2107 899 2166 freda
919 2114 1204 2184 exigenda,
1231 2127 1325 2172 aut
1349 2124 1656 2180 mansiones
1679 2127 1761 2182 vel
1790 2138 2008 2198 paratas
2031 2131 2229 2190 facien-

638 2197 756 2264 das,
779 2210 871 2256 aut
901 2202 1246 2273 fideiussores
1295 2210 1590 2280 tollendos,
1641 2227 1733 2272 aut
1780 2197 2028 2279 homines
2057 2226 2225 2296 ipsius

637 2289 880 2346 ecclesiae
900 2303 1088 2350 contra
1124 2299 1348 2356 rationis
1374 2304 1619 2360 ordinem
1651 2308 2047 2382 distringendos
2069 2359 2081 2383 ,
2123 2336 2223 2376 nec

638 2377 778 2433 ullas
807 2381 1192 2444 redhibitiones
1220 2404 1321 2446 nec
1351 2392 1564 2451 illicitas
1599 2402 1914 2459 occasiones
1941 2410 2220 2478 requiren-

636 2470 752 2537 das,
772 2473 980 2544 ingredi
1007 2480 1220 2534 audeat.
1241 2483 1587 2555 Praecipimus
1609 2491 1770 2547 etiam
1794 2503 1954 2564 atque
1971 2470 2222 2566 iubemus

634 2568 694 2614 ut
721 2577 809 2618 res
836 2579 970 2634 quas
1002 2569 1259 2627 moderno
1292 2581 1533 2645 tempore
1556 2577 1702 2647 juste
1738 2591 1792 2637 et
1830 2584 2075 2656 legaliter
2099 2606 2222 2660 pos-

633 2651 792 2719 sidet,
825 2657 911 2711 vel
931 2674 1050 2729 quze
1080 2661 1278 2718 ibidem
1320 2667 1498 2723 divina
1529 2671 1701 2741 pietas
1741 2651 1925 2747 augeri
1957 2651 2218 2751 voluerit,

631 2743 689 2797 in
717 2759 906 2802 eorum
936 2749 1060 2820 jure
1087 2761 1143 2808 et
1174 2755 1540 2814 dominatione
1575 2761 1779 2834 absque
1817 2743 2104 2838 cujuslibet
2133 2773 2216 2828 in-

631 2835 949 2903 quietudine
978 2850 1070 2896 aut
1094 2843 1279 2906 illicita
1303 2853 1687 2909 contrarietate
1708 2835 2020 2926 persistant,
2044 2877 2218 2933 neque

633 2925 795 2982 ullam
823 2929 1115 2988 indebitam
1143 2936 1468 2995 calumniam
1505 2951 1598 2997 aut
1633 2925 2008 3015 repetitionem
2047 2953 2111 3006 de
2131 2925 2218 3008 eis

630 3031 660 3070 a
692 3031 960 3089 quoquam
991 3023 1098 3078 ullo
1133 3041 1368 3095 unquam
1400 3038 1638 3102 tempore
1664 3037 1975 3106 patiantur;
2022 3043 2116 3096 sed
2157 3043 2217 3097 li-

628 3119 750 3164 ceat
779 3112 858 3167 eis
887 3125 1213 3173 memoratas
1248 3135 1356 3187 res,
1385 3137 1506 3176 cum
1537 3127 1787 3182 omnibus
1817 3128 1885 3183 ad
1917 3146 1974 3186 se
1992 3130 2138 3200 juste
2161 3145 2214 3190 et
2242 3118 2286 3182 C

626 3197 874 3270 legaliter
902 3207 1316 3276 pertinentibus,
1361 3213 1563 3284 absque
1594 3217 1820 3287 alicujus
1849 3197 2048 3292 injuste
2082 3241 2214 3282 cun-

625 3293 944 3352 tradictione
981 3302 1164 3368 quieto
1202 3304 1393 3361 ordine
1419 3309 1727 3377 possidere,
1768 3321 1823 3367 et
1864 3315 1928 3370 de
1972 3318 2050 3373 eis
2087 3318 2212 3388 jure

623 3384 990 3444 ecclesiastico
1016 3393 1302 3461 disponere
1332 3399 1592 3470 quidquid
1617 3405 1914 3475 voluerint;
1945 3422 2212 3482 quatenus

623 3485 812 3531 nostro
829 3478 1106 3548 juvamine
1133 3486 1370 3542 divinum
1396 3492 1598 3547 cultum
1621 3499 1890 3568 capiosius
1911 3517 2211 3575 exsequen-

623 3575 725 3634 tes,
757 3585 856 3639 pro
887 3581 1095 3640 nostra,
1123 3579 1385 3650 conjugis,
1409 3585 1681 3655 prolisque
1710 3601 1907 3646 nostra:
1928 3595 2210 3652 incolumi-

623 3667 755 3727 tate,
806 3670 860 3717 et
897 3665 1190 3724 stabilitate
1225 3671 1433 3741 imperii
1467 3680 1638 3733 nostri
1675 3697 1768 3736 cos
1797 3684 2009 3741 Domini
2041 3690 2206 3745 mise-

619 3752 913 3809 ricordiam
963 3760 1224 3816 attentius
1284 3776 1511 3821 exorare
1566 3770 1812 3827 delectet.
1872 3774 1940 3829 Et
1983 3786 2042 3832 ut
2093 3780 2209 3838 haec

619 3847 914 3904 auctoritas
939 3860 1122 3907 nostra
1147 3859 1502 3923 praesentibus
1537 3861 1842 3936 futurisque
1874 3873 2206 3940 temporibus

619 3937 933 3998 inconvulsa
962 3959 1297 4016 permaneat,
1325 3968 1484 4008 manu
1516 3960 1732 4026 propria
1760 3977 1881 4016 eam
1905 3964 2092 4020 subter
2114 3967 2205 4022 fir-

616 4032 902 4102 mavimus,
930 4046 985 4093 et
1009 4042 1210 4098 annulo
1236 4055 1421 4102 nostro
1447 4049 1667 4120 sigillari
1685 4052 1967 4122 jussimus.

687 4137 911 4209 Signum
941 4142 1198 4202 Ludovici
1226 4153 1558 4210 serenissimi
1589 4158 1951 4228 imperatoris.

684 4252 1084 4316 Hirminmarus
1099 4267 1343 4320 notarius
1361 4269 1429 4322 ad
1447 4270 1618 4326 vicem
1634 4272 1872 4342 Hugonis
1890 4284 2196 4353 recognovi.

684 4364 819 4422 Data
836 4385 894 4424 nt
917 4370 1097 4429 Nonas
1121 4374 1360 4444 Martias,
1385 4395 1548 4448 anno,
1576 4384 1794 4444 Christo
1807 4393 2059 4462 propitio,
2077 4394 2146 4450 25
2171 4408 2196 4436 ει

614 4457 828 4528 imperii
856 4461 1036 4517 domui
1068 4464 1324 4523 Ludovici
1357 4471 1585 4541 piissimi
1622 4457 1870 4549 Augusti,
1903 4457 2198 4542 indictione
2222 4494 2276 4556 D

612 4548 681 4602 14
705 4551 751 4603 b.
777 4550 969 4607 Actum
1007 4555 1332 4630 Aquisgrani
1369 4564 1568 4631 palatio
1596 4548 1746 4640 regio
1777 4573 1831 4626 in
1853 4573 1950 4630 Dei
1976 4578 2195 4635 nomine

610 4636 860 4698 feliciter.
891 4643 1083 4701 Amen.

1313 4765 1489 4822 CCIX.

661 4892 908 4938 ιυυονιει
945 4897 1018 4939 PII
1054 4901 1284 4944 DIPLOMA
1325 4907 1426 4947 PRO
1466 4907 1716 4954 ECCLESIA
1754 4914 2140 4965 CENOIIANENSI.

1242 5003 1416 5076 (Anno
1437 5007 1587 5082 856.)

785 5103 962 5179 [Apud
999 5109 1208 5182 Baluz.,
1237 5113 1486 5186 Miscell.,
1520 5129 1651 5177 tom.
1677 5125 1721 5192 l,
1744 5140 1865 5201 pag.
1891 5127 2008 5204 97.]

672 5217 732 5274 In
753 5224 970 5282 nomine
993 5226 1089 5284 Dei
1133 5237 1188 5285 et
1215 5229 1514 5290 Salvatoris
1535 5239 1710 5294 nostri
1752 5239 1880 5298 Jesu
1927 5243 2133 5304 Christi
2158 5291 2174 5318 ,

601 5328 849 5415 Arulensi
872 5335 1052 5415 abbati
1073 5353 1158 5395 res
1179 5341 1295 5415 ejus
1316 5341 1632 5402 monasterii
1658 5348 1712 5402 in
1734 5349 2002 5415 integrum
2025 5361 2184 5415 resti-

603 5369 667 5384 ..ι
683 5369 849 5386 unum.
872 5369 1052 5393 αυυαιι
1073 5369 1158 5395 ιςθ
1179 5369 1210 5396 c
1234 5369 1295 5396 us
1319 5369 1632 5402 iuunaswru
1658 5369 1712 5402 In
1734 5369 2002 5478 integrum
2025 5369 2181 5415 resti-

603 5401 709 5488 tuit
729 5441 744 5467 ,
775 5401 917 5484 facta
957 5407 1130 5488 eidem
1161 5369 1362 5488 charta
1410 5419 1747 5488 revestitoria
1773 5439 1827 5476 ιν
1903 5441 2035 5482 onas
2074 5430 2181 5488 Fe-

601 5469 874 5553 bruarias,
891 5480 1458 5557 anno.l_9,_i_mperante
1481 5469 1679 5544 domno
1699 5503 1883 5547 nostro
1909 5469 2180 5557 Ludovico

602 5541 946 5635 imperatore.
983 5541 1378 5635 Yide'hlarcam
1410 5541 2080 5635 ῌίξρειιιὶέειῆἶξῇξῖεῖῆῖίὖί

674 5626 699 5692 εξ
728 5613 968 5697 Pessime
992 5619 1046 5673 in
1075 5623 1366 5697 exemplari
1399 5613 1602 5697 vitiato,
1636 5613 1774 5685 anno
1805 5613 1904 5688 g0?
1939 5637 2178 5697 Domnus

601 5679 954 5778 Zalissetiusn
969 5692 1182 5778 tumo}
1216 5679 1462 5778 tlistorize
1505 5679 1796 5778 Decimii-ile
1809 5679 2169 5778 ,-

602 5750 706 5805 θοι.
741 5754 789 5820 l,
818 5760 1190 5829 corrigendum
1215 5772 1400 5819 censet
1426 5750 1572 5821 anno
1592 5750 2007 5838 's","iii"q'ui2i'£’ét
2033 5750 2170 5837 {Ed}:

2343 476 2638 546 Augustus.

2416 566 2676 624 Omnibus
2690 570 2936 628 fidelibus
2961 583 3160 631 sanctre
3183 577 3275 633 Dei
3301 578 3534 639 Ecclesia:
3553 603 3606 644 ac
3628 600 3788 668 nostris,

2342 662 2699 728 prmsentibus
2725 672 2779 717 et
2804 663 3018 731 futuris,
3044 677 3228 724 notum
3251 671 3321 725 sit
3340 674 3456 741 quia
3476 678 3547 730 vir
3563 662 3791 747 venerabilis

2341 750 2590 807 Aldricus
2637 753 3008 811 Cenomanicze
3053 760 3200 815 urbis
3246 763 3524 834 episcopus,
3565 770 3702 827 divino
3732 779 3790 833 ho-

2342 856 2474 896 nore
2504 842 2716 900 fervens
2739 848 2942 915 pariter
2969 856 3024 902 et
3052 866 3254 918 amore,
3272 861 3656 918 monasteriolum
3677 867 3714 920 in
3731 887 3789 926 sua

2339 936 2596 1004 parochia
2628 953 2766 992 novo
2787 954 2952 1008 opere
2980 956 3181 1012 suoque
3197 949 3407 1015 proprio
3429 951 3597 1007 sudore
3614 966 3656 1010 et
3673 959 3789 1018 latore

2339 1023 2395 1077 in
2425 1025 2630 1082 honore
2660 1028 2752 1082 Dei
2787 1038 2840 1083 et
2867 1029 3164 1088 Salvatoris
3206 1039 3370 1092 nostri
3406 1055 3464 1095 ac
3505 1056 3667 1102 sanctae
3700 1051 3788 1118 ejus-

2339 1113 2458 1169 dem
2499 1117 2775 1186 genitricis
2813 1120 2993 1176 Maria:
3021 1123 3403 1197 beatorumque
3438 1142 3684 1204 martyrum
3705 1139 3790 1196 Ger-

2338 1206 2473 1260 vasii
2504 1216 2558 1261 et
2579 1208 2808 1264 Protasii
2831 1220 2994 1280 atque
3022 1212 3278 1284 Stephani
3304 1229 3669 1293 cunctorumque
3691 1244 3790 1295 gene-

2337 1297 2522 1353 raliter
2543 1310 2850 1356 sanctorum
2876 1302 2927 1356 in
2956 1303 3072 1359 loco
3099 1307 3191 1375 qui
3205 1309 3350 1376 prius
3371 1311 3514 1382 vulgo
3533 1312 3788 1373 Broialusvo-

2337 1389 2578 1455 cabatur,
2613 1400 2927 1449 construere
2953 1396 3182 1460 studuit,
3225 1396 3370 1454 etiad
3397 1411 3607 1472 optatum
3624 1408 3789 1478 dignum-

2336 1492 2440 1547 que
2474 1479 2726 1535 decorem
2758 1489 2920 1551 atque
2939 1483 3328 1552 perfectionem
3354 1504 3546 1547 summo
3566 1496 3701 1551 studio
3715 1515 3789 1567 per-

2335 1570 2529 1627 ducere
2578 1575 2918 1643 procuravit,
2971 1591 3316 1648 congruoque
3361 1590 3574 1652 tempore
3610 1590 3791 1646 dedicarit

2334 1663 2665 1732 solemniter,
2697 1675 2753 1721 et
2777 1667 2843 1722 de
2874 1667 3033 1722 rebus
3057 1669 3172 1739 jam
3201 1669 3356 1726 dictae
3399 1675 3528 1730 sedis
3549 1675 3632 1732 sibi
3667 1681 3790 1734 divini-

2333 1762 2419 1810 tus
2445 1757 2747 1814 commissae
2770 1758 3098 1814 sufﬁcienter
3128 1762 3196 1816 ad
3228 1766 3554 1822 necessitates
3571 1771 3706 1824 varias
3721 1787 3790 1826 mo-

2330 1851 2626 1905 nachorum
2659 1851 2712 1906 in
2750 1868 2816 1907 eo
2842 1854 3070 1909 Domino
3093 1854 3430 1912 militantium
3446 1861 3623 1916 abunde
3647 1864 3791 1920 fulcien-

2329 1938 2424 1993 das
2459 1948 2620 2010 atque
2651 1943 2974 2012 supplendas
3004 1944 3183 1998 ditare
3229 1961 3332 2001 non
3384 1948 3583 2003 distulit.
3624 1951 3730 2006 Unde
3758 1962 3790 2009 et

2329 2030 2588 2100 scriptum
2622 2033 2890 2101 quoddam
2917 2050 3012 2089 sua
3039 2046 3458 2109 czeterorumque
3503 2044 3787 2100 venerabilium

2327 2121 2700 2191 episcoporum
2731 2125 3173 2197 reliquorumque
3213 2130 3453 2185 ordinum
3499 2132 3591 2188 Deo
3627 2137 3789 2189 servien-

2328 2212 2459 2266 tium
2482 2228 2583 2268 nec
2608 2231 2716 2270 non
2748 2215 3010 2272 laicorum
3057 2220 3528 2292 religiosorumque
3565 2227 3719 2293 pariter
3750 2241 3788 2281 ac

2324 2304 2584 2360 nobilium
2630 2309 2880 2364 manibus
2921 2313 3239 2367 roboratum
3274 2325 3461 2370 nostra:
3483 2315 3788 2385 majestatisolr

2324 2397 2532 2452 tutibus
2565 2399 2819 2467 offerens,
2866 2404 3146 2460 humiliter
3189 2418 3382 2463 nostrae
3427 2411 3688 2480 supplicavit
3724 2413 3787 2465 cie-

2323 2491 2539 2546 mentiaa
2581 2502 2641 2547 ut
2669 2496 2810 2562 quod
2837 2495 2951 2565 ipse
3001 2497 3187 2551 divino
3229 2509 3399 2555 tactus
3434 2516 3592 2555 amore
3613 2501 3680 2571 pia
3709 2501 3786 2555 reii-

2322 2580 2578 2650 giosaque
2610 2585 2900 2641 devotione
2927 2602 3165 2657 superno
3205 2589 3366 2646 fultus
3411 2594 3587 2647 auxilio
3621 2592 3783 2658 fecerat,

2320 2681 2505 2727 nostra
2536 2674 2804 2744 imperiali
2836 2679 3162 2736 auctoritate
3179 2684 3428 2738 roborare
3445 2693 3585 2753 atque
3603 2685 3644 2738 in
3657 2699 3782 2753 perpe-

2321 2771 2474 2818 tuum
2499 2766 2702 2836 absque
2723 2768 3008 2840 cujuslibet
3047 2775 3394 2831 convulsione
3433 2785 3517 2830 aut
3556 2776 3784 2844 tergiversa-

2323 2856 2471 2912 tione
2498 2858 2870 2916 firmissimum
2887 2878 3214 2932 permanere
3239 2866 3446 2922 deberet
3473 2868 3784 2921 deoernerestu-

2320 2947 2591 3016 deremus,
2618 2964 2673 3008 et
2698 2962 2757 3008 ut
2792 2958 3040 3012 monachi
3070 2959 3204 3013 inihi
3237 2961 3478 3031 degentes
3494 2977 3579 3014 una
3593 2975 3683 3014 cum
3703 2973 3782 3012 con-

2321 3055 2482 3098 sensu
2512 3059 2610 3099 suo
2647 3062 3130 3120 successorumquc
3184 3051 3301 3120 ejus
3346 3053 3586 3108 licentiam
3619 3053 3720 3106 inter
3746 3063 3782 3104 se

2319 3133 2547 3204 eligendi
2578 3136 3082 3195 haberentabbates
3107 3145 3202 3212 qui
3225 3158 3319 3198 eos
3332 3143 3592 3199 secundum
3616 3142 3779 3213 regulam

2315 3229 2488 3282 sancti
2519 3227 2796 3285 Benedicti
2822 3242 3090 3302 regerent.
3129 3235 3299 3305 Cujus
3325 3236 3557 3305 piissimis
3583 3234 3666 3288 Deo
3687 3247 3780 3289 aim-

2313 3321 2512 3377 bilibus
2534 3332 2588 3377 et
2605 3325 2761 3380 nobis
2776 3327 3060 3382 admodum
3078 3331 3461 3401 amplectendis
3482 3326 3778 3399 supplicationi-

2310 3412 2409 3469 bus
2431 3432 2617 3472 aurem
2637 3416 2838 3475 favoris
2855 3421 3217 3480 libentissime
3238 3427 3673 3487 accommodantes,
3689 3425 3776 3478 hanc

2310 3515 2508 3560 nostrae
2554 3512 2890 3566 auctoritatis
2932 3516 3382 3587 conscriptionem
3418 3519 3463 3573 ei
3495 3516 3592 3572 ficri
3623 3531 3670 3568 ac
3697 3511 3772 3566 dari

2308 3603 2678 3670 praecepimus,
2711 3619 2809 3674 per
2847 3621 3010 3675 quam
3040 3609 3383 3666 decernimus
3419 3620 3560 3680 atque
3583 3606 3772 3662 sancimus

2310 3699 2370 3744 ut
2415 3705 2773 3749 memoratum
2801 3713 2934 3767 opus
2983 3699 3401 3770 religiosissimis
3443 3703 3503 3756 ab
3539 3715 3593 3756 eo
3620 3694 3773 3768 palmi!

2309 3785 2502 3840 studiis
2533 3788 2678 3842 omni
2706 3798 2948 3861 tempore
2979 3792 3195 3848 firmum
3224 3804 3281 3850 et
3310 3795 3489 3850 stabile
3527 3793 3768 3864 permaneat.

2307 3878 2759 3945 quemadmodum
2789 3883 2844 3935 in
2875 3894 3177 3941 memorato
3203 3887 3490 3942 devotionis
3511 3900 3602 3940 suze
3619 3881 3769 3950 scrip“).

2307 3969 2448 4035 quod
2471 3969 2627 4024 nobis
2653 3971 2922 4027 obtulerat
2946 3975 3012 4029 ad
3037 3977 3399 4047 relegendum,
3423 3979 3523 4048 ipse
3551 3972 3770 4032 complexus

2305 4067 2409 4125 est,
2436 4075 2609 4129 neque
2652 4063 2717 4116 de
2760 4077 2921 4121 rebus
2967 4082 3103 4137 quas
3146 4070 3218 4125 ad
3271 4071 3406 4126 idem
3436 4063 3769 4124 [nonasteriolum

2303 4151 2550 4217 contulit,
2589 4167 2620 4206 a
2647 4168 2918 4225 quoquam
2947 4160 3054 4214 ullo
3082 4177 3319 4232 unquam
3341 4173 3558 4232 tempore
3576 4157 3768 4229 quippiam

2304 4245 2596 4314 minuatur,
2625 4260 2717 4303 aut
2747 4252 3085 4309 conditiones
3136 4256 3270 4311 inibi
3300 4257 3465 4311 studio
3503 4256 3599 4324 ejus
3632 4249 3765 4304 inditas

2301 4335 2540 4404 qualibet
2575 4341 2857 4398 occasione
2887 4345 3193 4402 cor-vellere
3223 4357 3315 4402 aut
3355 4347 3590 4402 ullatenus
3609 4340 3766 4436 quisqtte

2303 4427 2574 4500 negligere
2602 4444 2913 4502 praesumat,
2964 4438 3058 4492 sed
3107 4440 3533 4509 quemadmodum
3555 4436 3610 4489 ab
3633 4446 3680 4486 eo
3711 4428 3766 4497 Ρίθ

2303 4521 2659 4593 religioseque
2683 4527 2888 4581 sancita
2916 4538 3062 4596 sunt,
3093 4531 3169 4584 ita
3213 4547 3308 4601 per
3332 4531 3459 4585 hanc
3485 4535 3676 4582 nostram
3701 4531 3766 4569 ευ·

2299 4617 2607 4673 ctoritatem
2639 4619 2950 4677 inconvulsa
2977 4626 3292 4692 perenniter
3323 4629 3567 4679 maneant.
3591 4609 3764 4707 Quando-

2297 4707 2514 4776 quidem
2537 4719 2718 4765 autem
2748 4713 2931 4768 divina
2971 4719 3253 4774 vocatione
3283 4717 3442 4772 abbas
3467 4714 3545 4784 qui
3582 4709 3760 4804 presfﬂ“

2295 4805 2539 4868 tempore
2567 4801 2855 4871 praefectus
2891 4814 2994 4871 est,
3037 4816 3131 4862 aut
3175 4809 3266 4878 qui
3297 4807 3480 4861 futuris
3518 4794 3759 4868 ιεωροτίδυδ

2279 4881 2621 4963 subrogandi
2644 4904 2792 4963 sunt,
2832 4897 2900 4952 ab
2931 4901 3034 4955 hac
3060 4901 3178 4956 luce
3205 4898 3552 4971 migraverint,
3574 4905 3656 4947 una
3681 4895 3759 4939 cum

2295 4995 2562 5038 consensu
2593 4984 2831 5054 ejusdem
2877 4990 3084 5048 Aldrici
3127 4993 3357 5064 episcopi
3385 4984 3758 5076 successomtlue

2293 5072 2432 5142 ejus,
2459 5078 2749 5144 prtesulum
2773 5080 3027 5139 videlicet
3072 5094 3376 5140 memoratae
3399 5082 3546 5143 sedis,
3565 5072 3755 5169 titan-lieni

2289 5163 2523 5220 habeant
2549 5181 2615 5222 ex
2668 5170 2862 5240 seipsis
2891 5174 3123 5246 eligendi
3173 5178 3405 5240 abbates,
3449 5173 3490 5227 si
3527 5163 3754 5263 talesiﬂliI

2285 5269 2378 5311 eos
2404 5259 2630 5329 reperiri
2658 5264 2929 5331 potuerint
2957 5267 3049 5336 qui
3071 5268 3150 5323 eis
3173 5268 3362 5323 merito
3386 5266 3568 5318 vitaeet
3587 5256 3753 5309 scienti-’1’

2287 5369 2423 5452 otio,
2468 5381 2522 5468 ﬁt
2550 5385 2879 5468 praeceptqu
2911 5379 3078 5462 refert
3106 5384 3400 5468 ad_annum
3425 5367 3751 5468 782.11;

2286 5441 2667 5526 animadvertit
2690 5441 2776 5500 vir
2804 5449 3148 5507 doctissimus
3179 5454 3437 5522 llugonem
3456 5490 3468 5512 ,
3493 5445 3549 5528 ad
3571 5441 3733 5528 001.95”?

2284 5525 2401 5601 gem
2442 5517 2777 5596 recognitum
2823 5529 2905 5601 est
2934 5517 3284 5601 praeceptum,
3323 5519 3514 5601 nonnisi
3548 5524 3657 5568 anno

2284 5579 2544 5670 Tbegtoni
2573 5579 2964 5668 inca-necllari't
2992 5579 3184 5670 munus
3217 5579 3534 5670 su'ccessissq-
3637 5645 3689 5670 ,Β

2286 5665 2299 5733 μ
2412 5653 2501 5734 Sic
2526 5657 2861 5734 restituimus
2884 5665 3178 5734 exemplari
3203 5665 3398 5719 vitiato.
3429 5658 3544 5715 Male
3564 5655 3605 5709 in
3630 5649 3745 5704 edito,

2279 5720 2564 5779 indictione
2596 5727 2680 5781 15.
