4050 6340
276 333 417 395 1273

1400 318 1798 380 DlPLOMATA
1834 318 2378 379 ECCLESIASTICA.

3391 327 3535 391 1274

273 440 571 503 secundum
592 438 831 516 regulam
855 435 1028 495 sancti
1069 432 1349 490 Benedicti
1372 447 1609 505 praeesse
1641 443 1697 489 et
1730 448 1829 504 pro
1881 434 1935 495 Α
1957 433 2198 503 Christi,
2241 434 2564 519 Ludovicus,
2597 435 2781 495 divina
2806 440 3198 515 repropitiante
3220 442 3532 535 clementia,

276 538 435 596 desse
476 536 703 607 possint.
734 534 801 591 Et
824 542 887 588 ut
907 531 1025 587 hac
1051 535 1252 585 nostra:
1284 527 1712 583 conﬁrmationis
1757 542 1855 581 au-

274 628 504 685 ctoritas
528 634 844 697 perpetuam
888 622 1090 679 nostris
1134 635 1618 691 successorumque
1647 628 1859 675 nostro-

273 737 398 778 rum
421 719 752 792 temporibus
765 719 1006 774 obtineat
1021 715 1354 779 ﬁrmitatem,
1373 714 1439 769 de
1461 713 1660 769 annulo
1674 722 1858 769 nostro

275 816 463 871 subter
492 828 612 867 eam
638 811 902 882 jussimus
928 808 1176 881 sigillari.

347 907 788 963 Hincminmarus
812 905 1055 961 notarius
1097 902 1168 959 ad
1202 903 1378 959 vicem
1408 900 1654 974 Hugonis
1705 915 1860 957 reco-

276 1000 440 1071 gnovi
468 1007 523 1054 et
548 997 864 1068 subscripsi.

346 1090 483 1146 Data
506 1104 616 1144 xvu
639 1088 756 1143 Kal.
787 1086 938 1152 Julii,
964 1100 1128 1152 anno,
1147 1084 1366 1141 Christo
1390 1084 1645 1156 propitio,
1665 1083 1735 1138 S3
1761 1083 1862 1138 im-

273 1184 416 1256 perii
443 1183 627 1239 domui
668 1181 842 1238 nostri
889 1180 1146 1236 Ludovici
1184 1178 1415 1250 piissimi
1441 1178 1691 1249 Augusti,
1726 1177 1864 1232 indi-

274 1276 455 1332 ctione
483 1275 569 1329 i5.
592 1271 1070 1331 Actum.Gundulﬁ
1102 1271 1230 1329 villa
1260 1272 1317 1327 in
1343 1271 1440 1327 Dei
1479 1271 1700 1327 nomine
1744 1268 1863 1327 feli-

277 1368 434 1427 citer.
464 1368 658 1425 Amen.

985 1436 1142 1494 CCX.

751 1532 856 1573 PRO
890 1532 1068 1573 EADEI
1105 1531 1375 1574 ECCLESIA.

889 1598 1064 1669 (Anno
1094 1596 1244 1671 εδδ.)

593 1691 769 1764 [Apud
798 1691 1008 1759 Baluz.,
1037 1691 1194 1758 ibid.,
1237 1707 1361 1762 pag.
1391 1690 1541 1765 £00.]

343 1782 404 1838 ln
432 1781 650 1838 nomine
688 1782 904 1838 Domini
947 1782 1044 1837 Dei
1085 1791 1141 1838 et
1182 1781 1479 1840 Salvatoris
1521 1783 1695 1840 nostri
1731 1782 1862 1841 Jesu
1888 1801 1936 1863 Β

273 1874 516 1942 Christi,
562 1874 886 1942 Ludovicus,
928 1874 1111 1930 divina
1138 1876 1527 1947 repropitiante
1548 1876 1857 1945 clementia,

271 1972 571 2043 imperator
606 1971 899 2043 Augustus.

270 2098 273 2101 λ
343 2064 539 2120 Notum
569 2063 737 2134 igitur
764 2078 884 2120 esse
911 2063 1162 2120 volumus
1206 2062 1459 2121 omnibus
1490 2064 1737 2123 ﬁdelibus
1766 2083 1862 2122 no-

272 2155 422 2221 stris,
452 2154 812 2224 praesentibus
865 2163 921 2210 et
951 2153 1169 2222 futuris,
1221 2157 1347 2227 quia
1394 2156 1645 2214 Aldricus
1687 2158 1861 2215 Ceno-

272 2247 500 2308 manica:
529 2246 681 2302 urbis
706 2247 1035 2302 venerabilis
1063 2248 1351 2318 cpiscopus
1377 2247 1575 2304 obtulit
1618 2250 1686 2304 ad
1726 2251 1863 2308 rele-

273 2342 508 2414 gendum
540 2342 843 2412 maiestatis
871 2349 1069 2396 nostra!
1096 2341 1375 2396 obtutibus
1404 2343 1676 2413 quoddam
1701 2344 1862 2401 devo-

274 2435 437 2491 tionis
461 2443 621 2504 atque
646 2434 1017 2505 dispositionis
1043 2449 1153 2489 sua:
1178 2435 1436 2504 scriptum
1457 2450 1566 2505 quo
1589 2444 1859 2492 statuerat

273 2535 435 2598 atque
460 2526 709 2598 religiosa
738 2526 1117 2582 distributione
1142 2527 1484 2597 disposuerat
1510 2527 1744 2596 qualiter
1773 2543 1862 2585 res

271 2632 391 2689 quae
419 2625 659 2687 tempore
700 2633 813 2673 sua:
837 2616 1174 2673 decessionis
1201 2617 1257 2672 in
1286 2617 1560 2688 episcopio
1586 2618 1687 2673 sibi
1715 2633 1865 2673 com-

271 2710 440 2766 misso
472 2709 871 2775 invenirentur,
923 2708 979 2764 in
1028 2723 1125 2763 sua
1172 2708 1514 2780 eleemosyna
1564 2710 1860 2764 secundum

269 2801 603 2858 voluntatem
630 2802 958 2873 modumque
987 2817 1019 2856 a
1047 2816 1106 2857 se
1130 2800 1500 2858 ecclesiastice
1531 2803 1861 2874 descriptum

272 2890 505 2949 ﬁdeliter
537 2892 881 2962 largirentur,
924 2900 1114 2963 petens
1155 2893 1433 2948 humiliter
1465 2901 1528 2949 ut
1558 2896 1702 2965 quod
1736 2911 1766 2949 a
1802 2911 1861 2953 se

271 2988 362 3058 pia
385 2987 668 3043 devotione
689 2996 924 3065 vptoque
946 2986 1355 3059 religiosissimo
1377 2987 1660 3042 constabat
1681 2987 1863 3058 dispo—

273 3083 463 3149 situm,
498 3091 686 3139 nostra
719 3066 987 3153 imperiali
1032 3083 1356 3140 auctoritate
1392 3082 1549 3140 ﬁeret
1579 3084 1860 3140 inconvul-

273 3188 414 3230 sum.
447 3173 613 3246 Cujus
632 3174 1035 3230 venerabilibus
1057 3173 1539 3244 supplicationibus
1560 3184 1862 3231 annuentes
1887 3163 1933 3227 C

271 3266 413 3322 ha’uc
439 3275 640 3321 nostra:
674 3265 1018 3321 auctoritatis
1043 3266 1498 3336 conscriptionem
1528 3267 1579 3322 ei
1609 3266 1726 3323 ﬁeri
1745 3267 1863 3336 jus-

271 3357 482 3422 simus;
532 3372 632 3427 per
675 3371 840 3426 quam
886 3355 1229 3411 decernimus
1274 3363 1438 3427 atque
1483 3358 1759 3414 sancimus
1800 3367 1860 3414 ut

270 3449 726 3520 quemadmodum
778 3449 847 3504 ab
900 3463 966 3503 eo
1024 3463 1123 3518 per
1170 3457 1530 3505 memoratum
1596 3451 1858 3521 scriptum

271 3540 590 3611 dispositum
636 3526 799 3609 atque
840 3539 1191 3595 distributum
1240 3548 1492 3607 constat,
1549 3542 1626 3597 ita
1681 3544 1858 3599 modis

271 3632 524 3689 omnibus
563 3631 883 3688 observetur
916 3640 1078 3703 atque
1111 3631 1420 3689 ﬁrmissime
1460 3640 1729 3702 teneatur,
1764 3650 1859 3691 ne-

270 3739 376 3794 que
404 3722 693 3793 cujuslibet
730 3722 923 3792 cupida
965 3722 1286 3794 improbitas
1330 3723 1686 3795 improbaque
1710 3728 1862 3797 cupi-

269 3815 414 3870 ditas
445 3814 498 3870 id
526 3813 636 3868 ullo
661 3823 780 3869 astu
808 3813 1112 3870 convellere
1140 3814 1359 3879 audeat,
1384 3821 1478 3868 aut
1503 3816 1777 3884 quippiam
1805 3816 1859 3869 in

271 3922 402 3965 suos
430 3922 562 3962 usus
596 3914 938 3977 retorqueat,
982 3906 1077 3962 sed
1116 3905 1259 3961 sicut
1287 3906 1357 3960 ab
1383 3920 1471 3970 eo,
1515 3913 1575 3975 ut
1600 3906 1855 3972 diximus,

271 4000 675 4073 religiosissime
702 4007 961 4056 statutum
1000 3998 1207 4069 liquido
1246 3997 1507 4062 cernitur,
1550 3997 1625 4053 ita
1667 3999 1733 4052 ab
1772 3998 1860 4055 his

272 4108 408 4165 quos
444 4092 513 4148 ad
549 4093 795 4148 eamdem
823 4091 1263 4148 distributionem
1310 4090 1705 4159 impetrandam
1751 4090 1860 4145 ele-

273 4185 433 4257 gerit,
454 4185 834 4240 incunctanter
863 4191 1026 4251 atque
1050 4180 1320 4252 intrepide
1346 4179 1694 4251 perﬁciatur;
1725 4195 1859 4251 qua-

272 4284 434 4332 tenus
469 4284 524 4330 et
562 4274 678 4346 ipse
713 4282 877 4329 tantae
905 4272 1277 4344 dispositionis
1304 4270 1536 4329 fructum
1573 4272 1629 4327 in
1654 4281 1858 4328 aeterna

275 4368 606 4424 beatitudine
634 4368 702 4423 ab
730 4368 971 4423 omnium
1001 4366 1328 4421 retributore
1351 4365 1643 4435 percipiat,
1676 4372 1731 4420 et
1756 4381 1858 4421 nos

272 4459 515 4531 ejusdem
543 4458 896 4516 beatitudinis
924 4456 1259 4513 consortium
1295 4456 1569 4525 copiosius
1594 4457 1852 4527 consequi

272 4565 598 4607 mereamur.
642 4548 712 4606 Ut
750 4548 913 4620 igitur
936 4546 1052 4601 haec
1078 4553 1265 4601 nostra
1299 4545 1595 4600 auctoritas
1624 4545 1853 4600 inviola-

271 4645 436 4701 bilem
478 4644 725 4700 obtinere
764 4640 943 4697 valeat
983 4641 1224 4709 vigorem
1249 4679 1264 4703 ,
1314 4637 1382 4693 de
1424 4638 1624 4693 annulo
1668 4648 1855 4695 nostro

273 4739 461 4795 subter
484 4751 603 4793 eam
626 4733 891 4806 jussimus
918 4730 1165 4801 sigillari.

346 4829 744 4886 Hirminmarus
764 4822 1009 4880 notarius
1028 4820 1096 4875 ad
1115 4820 1287 4877 vicem
1308 4818 1548 4889 Hugonis
1568 4819 1855 4888 recognovi

274 4931 334 4980 et
356 4919 671 4989 subscripsi.

350 5014 482 5069 Data
504 5028 580 5067 vn
592 5010 714 5066 ldus
730 5007 1081 5078 Septemorts,
1101 5020 1265 5070 anno,
1283 5002 1499 5058 Christo
1514 5000 1769 5072 propitio,
1787 4999 1858 5054 25

274 5103 486 5176 imperii
514 5101 695 5157 domni
722 5097 977 5154 Ludovici
1013 5094 1244 5169 piissimi
1275 5092 1535 5165 Augusti,
1564 5091 1858 5147 indictione

273 5197 472 5269 prima.

345 5287 539 5357 Actum
564 5281 839 5339 Carisiaco
864 5278 1067 5349 palatio
1093 5276 1243 5347 regio
1273 5276 1326 5330 in
1357 5271 1453 5328 Dei
1490 5271 1706 5326 nomine
1733 5268 1855 5325 felic

275 5377 434 5447 citer.
462 5376 654 5432 Amen.

975 5460 1152 5519 CCXI.

749 5560 853 5602 PRO
888 5558 1065 5600 ελυεκ
1103 5554 1349 5596 ECCLESIA
1360 5576 1372 5591 ι

894 5635 1067 5707 (Αηηο
1097 5628 1244 5701 8'56.)

762 5726 939 5801 [Apud
969 5725 1176 5792 Baluz.,
1212 5721 1368 5794 ibid.]

343 5822 405 5888 in
443 5819 663 5887 nomine
703 5817 918 5883 Domini
955 5817 1051 5877 Del
1090 5825 1147 5876 et
1186 5810 1483 5874 Salvatoris
1520 5805 1695 5872 Matri
1725 5802 1856 5867 Iesu

1959 530 2252 600 imperator
2281 516 2573 603 Augustus.

2030 619 2088 674 Si
2116 620 2457 676 sacerdotum
2485 638 2871 697 servorumque
2900 626 2997 683 Dei
3026 628 3189 699 justis
3215 641 3273 689 et
3296 635 3537 693 rationa-

1955 714 2156 771 bilibus
2180 716 2528 785 petitionibus
2560 733 2749 773 aurem
2776 724 3277 793 accommodamus,
3318 744 3538 785 eorum~

1958 822 2063 879 que
2096 806 2273 877 justas
2312 816 2367 864 et
2409 811 2756 869 rationabiles
2784 816 3171 884 postulationes
3200 820 3267 875 ad
3293 833 3537 894 optatum

1958 897 2211 955 eﬁ'ectum
2238 902 2608 971 perducimus,
2647 920 2755 960 non
2781 908 2952 963 solum
2983 911 3187 982 regiam
3216 924 3271 968 et
3298 916 3535 988 impera-

1960 993 2155 1048 toriam
2182 1007 2498 1049 exercemus
2521 998 2983 1068 consuetudinem,
3012 1004 3106 1058 sed
3128 1004 3291 1058 etiam
3317 1009 3535 1067 eosdem

1959 1102 2059 1158 pro
2092 1087 2403 1143 excessibus
2437 1090 2638 1145 nostris
2672 1090 2886 1147 Domini
2930 1094 3358 1153 miscricordiam
3403 1115 3536 1157 exo-

1961 1178 2159 1234 randos
2198 1179 2503 1235 devotiores
2548 1187 3019 1255 promptioresque
3059 1184 3320 1252 facimus,
3375 1199 3539 1263 atque

1958 1290 2056 1349 per
2084 1276 2187 1332 hoc
2217 1276 2534 1333 immensam
2564 1277 2660 1333 Dei
2686 1280 3115 1337 misericordiam
3146 1282 3358 1341 facilius
3385 1285 3539 1343 nobis

1963 1369 2377 1426 conciliandam“
2392 1383 2513 1426 esse
2552 1370 2892 1427 conﬁdimus.
2941 1373 3148 1429 Idcirco
3189 1385 3375 1431 notum
3418 1393 3541 1435 esse

1959 1468 2210 1525 volumus
2246 1468 2457 1523 cunctis
2498 1467 2741 1524 ﬁdelibus
2779 1453 2981 1526 sanctae
3019 1470 3114 1526 Dei
3153 1471 3409 1529 Ecclesiae
3444 1490 3542 1532 no-

1962 1558 2218 1628 strisque,
2232 1558 2590 1629 praesentibus
2612 1559 2818 1615 scilicet
2838 1568 2894 1616 et
2912 1560 3131 1639 i‘uturis,
3154 1564 3277 1633 quia
3293 1564 3541 1625 Aldricus

1962 1654 2289 1712 venerabilis
2318 1655 2603 1725 episcopus
2629 1655 2826 1712 obtulit
2864 1658 3022 1713 nobis
3053 1660 3315 1730 quasdam
3357 1672 3543 1718 auctov

1962 1748 2156 1803 ritates
2201 1763 2388 1821 regum
2429 1747 2762 1805 Francorum
2794 1750 3043 1807 videlicet
3068 1751 3416 1809 decessorum
3446 1771 3543 1813 no-

1963 1847 2199 1895 strorum
2234 1855 2361 1911 erga
2396 1840 2789 1896 monasterium
2812 1857 2969 1897 suum
2999 1846 3141 1912 quod
3177 1855 3331 1901 extra
3357 1862 3545 1904 muros

1960 1930 2203 2001 ejusdem
2227 1930 2380 1985 urbis
2406 1930 2458 1984 in
2487 1930 2694 1986 honore
2720 1940 2921 1988 sancta:
2942 1932 3037 1988 Dei
3066 1934 3342 2005 genitricis
3363 1937 3543 1995 Maria:

1961 2026 2018 2074 et
2061 2020 2234 2076 sancti
2285 2020 2429 2075 Petri
2480 2022 2848 2092 apostolorum
2898 2024 3161 2096 principis
3206 2028 3544 2101 aliorumque

1962 2121 2275 2168 sanctorum
2305 2112 2469 2168 situm
2497 2122 2659 2184 atque
2688 2125 3070 2171 consecratum
3102 2125 3188 2173 est
3217 2119 3408 2185 factas,
3447 2135 3544 2190 per

1962 2220 2098 2275 quas
2119 2219 2242 2259 eum
2265 2205 2562 2260 immunem
2584 2220 2614 2259 a
2632 2205 3044 2277 quibuscunque
3064 2208 3295 2279 publicis
3320 2209 3549 2266 functio-

1961 2299 2122 2355 nibus
2152 2305 2457 2354 statuentes
2498 2298 2598 2353 sub
2628 2314 2727 2353 sua
2754 2299 3097 2355 immunitate
3136 2308 3190 2355 et
3230 2301 3546 2359 defensione

1961 2393 2397 2458 constituerunt,
2438 2392 2752 2463 suppliciter
2775 2393 3053 2462 postulans
3077 2400 3138 2448 ut
3164 2394 3249 2464 pia
3278 2393 3417 2449 facta
3446 2403 3546 2450 an-

1962 2492 2296 2539 tecessorum
2324 2490 2635 2537 nostrorum
2665 2491 2923 2538 consueta
2954 2484 3290 2554 benignitate
3313 2491 3368 2539 et
3393 2501 3548 2541 man-

1963 2576 2251 2633 suetudine
2300 2584 2503 2631 nostm
2547 2573 2882 2630 celsitudinis
2927 2576 3231 2631 roboranda
3280 2576 3548 2646 imperiali

1963 2669 2285 2725 auctoritate
2310 2667 2665 2723 sanciremus.
2719 2666 2885 2737 Cujus
2930 2668 3184 2737 precibus
3234 2683 3420 2722 aurem
3463 2667 3545 2722 fa-

1960 2760 2109 2815 voris
2137 2758 2493 2814 libentissime
2521 2746 3021 2823 accommodantes,
3068 2757 3167 2812 has
3207 2759 3548 2815 auctoritatis

1961 2860 2164 2909 nostrae
2191 2851 2401 2906 litteras
2431 2849 2576 2905 circa
2605 2856 2967 2904 memoratum
3008 2848 3397 2903 monasterium
3428 2847 3547 2905 ﬁeri

1954 2943 2259 3014 jussimus;
2321 2957 2419 3012 per
2467 2954 2603 3012 quas
2658 2939 3036 3011 praecipientes
3082 2938 3334 2995 volumus
3385 2946 3549 3010 atque

1954 3034 2210 3106 jubemus
2250 3043 2312 3089 ut
2354 3033 2535 3088 nullus
2581 3033 2836 3103 quislibet
2876 3033 3097 3104 majoris
3140 3040 3234 3088 aut
3272 3031 3547 3089 inferioris

1963 3128 2170 3183 ordinis
2195 3143 2290 3181 seu
2316 3126 2603 3197 quisquam
2634 3141 2697 3180 ex
2720 3125 3016 3196 judiciaria
3044 3133 3314 3195 potestate
3341 3126 3395 3179 in
3422 3139 3546 3180 cur-

1964 3226 2046 3274 tes
2075 3225 2131 3272 et
2155 3216 2309 3271 villas
2340 3230 2433 3269 seu
2463 3215 2580 3269 loca
2626 3223 2720 3269 aut
2761 3229 2919 3285 agros
2955 3213 3195 3282 ejusdem
3230 3215 3543 3271 monasterii

1964 3311 2031 3366 ad
2065 3324 2258 3365 causas
2294 3307 2583 3378 judiciario
2627 3322 2778 3362 more
2822 3306 3120 3362 audiendas
3164 3315 3221 3392 et
3261 3307 3544 3365 inferenda

1962 3400 2226 3470 exigenda
2249 3439 2263 3463 ,
2311 3404 2406 3451 aut
2441 3397 2682 3452 teloneos
2717 3395 3095 3467 requirendos,
3131 3412 3233 3453 nec
3265 3396 3417 3453 frcda
3451 3407 3543 3454 aut

1952 3492 2307 3561 'ﬁdejussores
2344 3489 2646 3555 tollendos,
2698 3503 2796 3546 seu
2841 3488 3149 3544 mansiones
3193 3496 3286 3543 aut
3328 3498 3547 3560 paratas

1961 3584 2242 3639 faciendas
2261 3623 2275 3649 ,
2318 3590 2412 3635 aut
2436 3580 2682 3636 homines
2708 3579 2874 3650 ipsius
2902 3579 3220 3634 monasterii
3252 3588 3360 3634 tam
3389 3580 3544 3650 iuge-

1960 3691 2101 3732 nuos
2128 3689 2289 3747 quam
2321 3688 2507 3729 servos
2536 3672 2939 3742 distringendos
2959 3712 2973 3736 ,
3000 3686 3100 3726 nec
3124 3670 3261 3725 ullas
3301 3671 3544 3727 redhibi-

1962 3770 2138 3824 tiones
2170 3764 2523 3834 requirendas
2549 3777 2640 3816 seu
2668 3761 2984 3830 exigendas,
3008 3760 3116 3815 ullo
3142 3776 3382 3829 unquam
3411 3768 3545 3816 tem-

1958 3871 2091 3931 pore
2141 3856 2349 3925 ingredi
2394 3860 2689 3924 praesumat
2740 3859 2833 3907 aut
2879 3851 3098 3922 exigere
3148 3852 3381 3917 audeat;
3447 3853 3543 3909 sed

1960 3948 2221 4023 quidquid
2263 3945 2458 4002 exinde
2500 3944 2665 3999 ﬁscus
2706 3958 2925 4014 sperare
2969 3951 3219 4014 poterat,
3269 3951 3439 3998 totum
3486 3943 3542 3999 in

1958 4041 2246 4099 luminaria
2273 4038 2517 4108 ejusdem
2547 4028 2788 4092 ecclesiae
2821 4044 2984 4106 atque
3021 4034 3375 4091 necessitates
3412 4042 3543 4090 ‘con-

1959 4135 2288 4209 gregationis
2318 4134 2372 4188 in
2404 4147 2470 4187 eo
2504 4131 2732 4187 Domino
2764 4130 3050 4186 militantis
3085 4129 3444 4186 sublevandas
3478 4145 3543 4187 ac

1958 4229 2257 4284 fulciendas
2283 4233 2546 4299 perpetuo
2572 4226 2729 4303 cedat
2758 4232 2920 4295 atque
2947 4223 3227 4296 proﬁciat,
3275 4233 3541 4295 quatenus

1958 4330 2319 4379 memoratam
2368 4318 2844 4390 congregationem
2891 4331 2992 4387 pro
3037 4316 3225 4381 nobis,
3277 4315 3537 4388 conjuge,

1959 4434 2024 4476 ac
2048 4416 2202 4491 prole
2230 4423 2447 4479 nostra,
2492 4423 2549 4468 et
2576 4411 2871 4468 stabilitate
2910 4410 3078 4467 totius
3115 4411 3327 4481 imperii
3367 4412 3538 4468 nostri

1879 4513 1934 4574 Β
1960 4510 2174 4568 Domini
2224 4503 2656 4562 misericordiam
2705 4503 2963 4559 attentius
3012 4518 3238 4559 exorare
3283 4502 3534 4560 delectet.

1964 4602 2022 4658 Si
2052 4601 2173 4677 quis
2210 4608 2391 4654 autem
2425 4595 2728 4666 judiciaria:
2764 4593 3050 4666 potestatis
3078 4602 3187 4649 tam
3219 4596 3537 4650 temerarius

1962 4691 2235 4752 exstiterit
2274 4698 2336 4744 ut
2375 4689 2518 4744 hanc
2550 4696 2791 4744 nostram
2818 4700 3114 4755 eorumque
3147 4684 3536 4756 pmceptiones

1960 4785 2163 4841 violare
2187 4790 2433 4847 conetur,
2464 4778 2678 4835 noverit
2707 4793 2785 4843 se,
2826 4777 2966 4831 sicut
2993 4776 3046 4830 in
3075 4774 3535 4846 praedecessorum

1961 4886 2271 4933 nostrorum
2317 4870 2750 4928 immunitatibus
2795 4867 3125 4931 continetur,
3170 4879 3235 4919 nc
3276 4863 3376 4919 sol.
3416 4878 3536 4919 esse

1957 4966 2293 5025 multandum
2311 5005 2325 5029 ,
2365 4978 2431 5019 ex
2460 4961 2656 5033 quibus
2683 4959 2816 5015 duas
2843 4965 3031 5029 partes
3054 4963 3296 5013 rectores
3324 4969 3532 5010 memo-

1958 5062 2063 5116 rati
2091 5056 2440 5122 monasterii,
2482 5054 2699 5110 tertiam
2724 5067 2854 5107 vero
2886 5049 3049 5105 ﬁscus
3076 5054 3261 5103 noster
3285 5047 3529 5118 recipiat.

1957 5153 2026 5210 Et
2054 5160 2113 5206 ut
2141 5142 2258 5206 haec
2285 5157 2469 5204 nostra
2510 5145 2809 5201 auctoritas
2847 5139 3209 5198 inviolabilem
3246 5147 3302 5193 et
3341 5139 3529 5193 incon-

1954 5243 2166 5299 vulsam
2204 5240 2444 5297 obtineat
2475 5238 2824 5299 ﬁrmitatem,
2878 5247 3039 5286 manu
3084 5228 3302 5299 propria
3347 5226 3533 5283 subter
3600 5250 3633 5316 ἰ

1956 5350 2075 5391 eam
2106 5331 2468 5396 ﬁrmavimus,
2507 5335 2564 5382 et
2587 5325 2772 5382 annuli
2799 5321 2970 5379 nostri
3008 5320 3362 5392 impressione
3390 5318 3528 5375 assi-

1959 5428 2110 5501 gnari
2135 5426 2441 5498 jussimus;

2032 5523 2256 5593 Signum
2282 5516 2541 5575 Ludovici
2567 5513 2799 5587 piissimi
2826 5511 3185 5584 imperatoris.

2027 5613 2425 5670 Hirminmarus
2453 5607 2698 5665 notarius
2722 5603 2790 5660 ad
2809 5603 2985 5659 vicem
3012 5600 3252 5673 Hugonis
3281 5609 3535 5671 recogno-

1955 5707 2034 5765 vit
2058 5718 2115 5762 et
2138 5703 2477 5773 subscripsi..

2028 5799 2165 5858 Data
2185 5814 2222 5856 κ
2240 5795 2361 5854 Kal.
2387 5788 2584 5867 April“
2613 5802 2775 5859 anno.
2804 5783 3024 5848 Christo
3060 5780 3315 5858 propitio,
3337 5777 3410 5839 ιδ
3426 5777 3533 5837 itu-
