4050 6340
638 315 775 376 1279
899 259 919 274 '
1765 308 2090 370 LUDOVICI
2125 308 2149 366 Ι
2184 305 2664 368 COGNOMENTO
2698 307 2787 366 PII
3682 325 3772 390 mo

640 436 821 492 subter
841 448 960 490 eam
987 432 1323 489 ﬁrmavimus
1348 442 1404 488 et
1433 431 1618 489 annuli
1644 431 1817 487 nostri
1863 429 2217 503 impressione
2242 428 2294 490 A
2321 427 2651 484 reddidimus
2672 469 2687 493 ,
2739 435 2802 483 ut
2848 428 2902 484 in
2957 438 3219 501 perpetuo
3257 432 3311 488 in
3351 436 3581 497 utilitates
3614 452 3657 500 et
3693 464 3778 511 usu

640 528 904 601 assignari
928 528 1212 598 jussimus.
1380 592 1386 605 ι
2316 519 2556 588 ejusdem
2603 521 2851 577 ecclesiae
2880 521 3094 592 Deoque
3130 526 3185 578 in
3234 541 3294 581 ea
3325 527 3676 593 deservientinm
3694 556 3777 611 per.

710 620 935 693 Signum
961 619 1218 674 Ludovici
1244 619 1470 689 piissimi
1495 618 1860 689 imperatoris.
2316 623 2552 673 maneat.
2602 615 2808 669 Idcirco
2851 617 3262 686 suggerentibus
3305 630 3455 690 atque
3489 626 3780 703 humiliterpo.

711 712 1111 768 llirminmarus
1131 710 1373 767 notarius
1392 709 1459 765 ad
1477 704 1647 766 vicem
1673 710 1911 781 Hugonis
1933 711 2219 782 recognovi
2319 707 2644 762 stulantibns
2690 708 2963 778 prec-lictis
3024 707 3268 765 ﬁdelibus
3322 716 3506 770 nostris
3524 758 3536 781 ,
3570 735 3780 783 memorato

645 816 701 866 ει
725 806 1046 878 subscripsi,
1746 822 1749 825 λ
2152 849 2160 855 ,
2318 796 2572 852 videlicet
2610 798 2829 853 Aldrico
2869 800 3162 853 venerabili
3207 802 3446 875 cpi-mp0
3486 817 3532 861 et
3569 808 3781 885 Banzlegbo

711 900 850 955 Data
878 913 955 952 vn
998 896 1122 952 ldus
1149 893 1502 966 Septembris,
1533 912 1694 961 anno,
1728 895 1943 951 Christo
1966 894 2217 965 propitio,
2316 888 2429 959 jam
2479 890 2624 944 dicto
2672 888 2813 943 ﬁdeli
2860 898 3049 946 uostro
3088 892 3191 947 hoc
3232 894 3617 953 confirmationis
3653 915 3783 962 nostra

643 992 713 1047 25
765 989 979 1060 imperii
1003 988 1189 1043 domui
1221 986 1479 1044 Ludovici
1510 988 1737 1059 piissimi
1767 988 2033 1059 Augusti,
2076 987 2221 1042 indi-
2325 994 2487 1054 atque
2515 985 2830 1039 redditionis
2871 994 3200 1055 praeceptum
3232 988 3504 1057 saepedicto
3526 992 3784 1066 Aldricoepi-

644 1087 824 1142 ctione
848 1085 1043 1155 prima.
2325 1091 2488 1147 sc0po
2514 1075 2596 1128 vel
2626 1084 2697 1128 ait
2720 1085 2930 1145 partem
2954 1075 3066 1146 jam
3097 1078 3253 1133 dictae
3274 1080 3419 1132 urbis
3449 1079 3548 1136 ﬁeri
3567 1080 3782 1152 jussizuus;

714 1176 912 1230 Actum
942 1173 1217 1230 Caristaco
1241 1173 1442 1246 palatio
1482 1176 1631 1248 regio
1661 1174 1719 1230 in
1739 1174 1836 1230 Dei
1864 1174 2084 1231 nomine
2106 1174 2226 1230 feli-
2324 1183 2423 1238 per
2458 1166 2602 1237 quod
2634 1166 2980 1221 decernimus
3015 1176 3178 1236 atque
3214 1167 3455 1237 inbemus
3486 1180 3537 1224 υι
3573 1173 3786 1230 nullussub

653 1268 809 1324 citer.
842 1263 1036 1321 Amen.
2327 1263 2532 1319 ditione
2562 1262 2774 1331 imperii
2825 1263 2997 1318 nostri
3026 1264 3228 1333 degens
3257 1263 3363 1317 ullo
3391 1280 3597 1335 unquam
3628 1276 3787 1338 tempore

1333 1336 1534 1394 CCXV-
1611 1343 1614 1346 ’
2329 1355 2395 1411 de
2432 1354 2685 1425 prtcdicta
2734 1354 2860 1408 villa
2900 1355 2984 1408 vel
3016 1356 3082 1411 de
3111 1356 3356 1411 omnibus
3381 1357 3443 1411 ad
3474 1372 3578 1412 eam
3603 1336 3789 1429 pertinen-

733 1444 888 1489 ηιμ
923 1443 1208 1485 ιυθυωωιί
1245 1444 1425 1485 unua
1460 1444 1725 1486 secusne
1763 1444 2135 1487 CENOIANICE.
2328 1446 2474 1501 tibus
2531 1447 2585 1500 in
2632 1446 3043 1515 quibuscunque
3106 1448 3263 1518 pagis
3309 1448 3390 1502 vel
3438 1448 3555 1504 locis
3595 1453 3790 1520 saepedicto

1276 1523 1449 1595 (Αηηο
1477 1524 1601 1580 336-
1769 1539 1774 1545 ’
2329 1539 2546 1597 Aldrico
2572 1540 2825 1610 episcopo
2849 1542 3072 1611 suisque
3097 1542 3489 1596 successoribus
3514 1542 3605 1597 ullo
3630 1560 3789 1613 unquam

1144 1614 1325 1689 {Apud
1354 1615 1562 1681 Baluz-o
1586 1615 1742 1689 ίθίάσ]
2332 1640 2575 1705 tempore
2602 1633 3025 1702 inquietudinem
3072 1632 3250 1689 facere
3277 1645 3548 1705 praesumat
3575 1645 3649 1689 aut
3670 1652 3793 1705 quam-

721 1707 782 1764 In
827 1707 1047 1765 nomine
1095 1708 1310 1765 Domini
1342 1709 1437 1764 Ι)θὶ
1469 1717 1523 1765 et
1551 1708 1850 1765 salvatoris
1899 1711 2071 1766 nostri
2102 1726 2229 1768 068“
2334 1727 2465 1781 libet
2492 1725 2817 1780 calumniam
2846 1724 3093 1795 ingerere
3116 1766 3131 1792 ,
3159 1726 3252 1781 sed
3275 1725 3431 1780 liceat
3465 1728 3508 1781 ei
3543 1737 3589 1781 et
3610 1742 3794 1782 successu

651 1799 880 1864 Christi.
914 1801 1239 1868 Ῑλυσιονίουδν
1288 1802 1473 1858 (“Vina
1501 1802 1894 1873 ι’θΡΓοΡίιίειῐιιθ
1916 1803 2226 1874 Clementia.
2257 1801 2307 1862 Β
2334 1819 2485 1873 ribus
2541 1816 2655 1870 suis
2693 1816 2878 1885 quieto
2931 1817 3122 1872 ordine
3166 1824 3505 1871 memoratam
3538 1816 3684 1870 villam
3712 1833 3795 1871 cum

656 1892 954 1965 imperator
974 1894 1269 1966 Αυειιειιιεο
2334 1908 2588 1964 omnibus
2628 1907 2761 1963 locis
2809 1917 2866 1963 et
2912 1909 3207 1963 tcrritoriis
3234 1908 3346 1963 sive
3375 1908 3623 1978 mancipiis
3654 1918 3693 1962 et
3720 1925 3796 1963 cum

725 1981 784 2037 Si
818 1982 1052 2040 ﬁdelium
1089 1994 1397 2041 nostrorum
1421 1985 1597 2056 justas
1625 1995 1681 2043 et
1722 1988 2070 2044 rationabiles
2093 1990 2233 2061 peti-

2196 1990 2233 2044 ί-
2333 2000 2584 2056 omnibus
2624 1999 2692 2054 ad
2721 2015 2778 2055 se
2815 1999 3214 2070 pertinentibus
3260 1997 3379 2067 jure
3420 2000 3718 2053 eccle~iastieo
3750 2009 3795 2053 Ie-

657 2073 835 2128 tiones
880 2089 946 2129 ac
991 2077 1413 2146 postulationes,
1452 2094 1587 2148 quas
1612 2095 1710 2149 pro
1740 2080 1972 2135 utilitate
2006 2090 2061 2134 et
2088 2079 2234 2139 exal-

2197 2079 2234 2133 ι’
2334 2109 2463 2150 nere
2486 2101 2541 2148 et
2569 2093 2878 2164 possidere;
2917 2102 2970 2148 et
2999 2093 3263 2163 quidquid
3297 2110 3391 2164 pro
3429 2093 3746 2162 opportunitate
3766 2100 3796 2145 et

658 2165 866 2221 tatione
901 2175 1100 2222 sancta:
1138 2168 1234 2223 Dei
1268 2169 1520 2225 Ecclesia:
1548 2181 1865 2240 exposcunt,
1897 2173 1965 2227 ad
1989 2183 2235 2243 optatum

2198 2189 2235 2228 ιι
2338 2188 2723 2243 commoditate
2758 2185 2996 2258 prtefata:
3040 2186 3186 2240 sedis
3225 2185 3459 2239 ecclesiae
3498 2184 3657 2238 exinde
3688 2182 3796 2235 facere

657 2256 909 2313 effectum
948 2258 1293 2328 perducimus
1318 2302 1332 2327 ,
1378 2277 1484 2317 non
1515 2263 1688 2318 solum
1719 2266 1919 2335 regiam
1949 2274 2111 2336 atque
2138 2266 2238 2320 im-

2197 2283 2238 2320 ι·
2340 2280 2719 2345 decreverint,
2772 2277 2999 2333 liberam
3050 2278 3105 2332 in
3157 2279 3403 2333 omnibus
3442 2276 3639 2330 habeant
3671 2273 3796 2327 futuris

658 2346 920 2417 perialem
970 2352 1409 2407 consuetudinem
1464 2353 1518 2407 in
1563 2354 1666 2409 hoc
1716 2370 2034 2412 exercemus
2060 2399 2073 2423 ,
2143 2358 2239 2413 sed

2204 2358 2239 2413 (ί
2340 2372 2675 2441 temporibus
2714 2377 3036 2439 potestatem
3079 2368 3332 2423 faciendi.
3377 2368 3437 2421 Et
3470 2369 3639 2422 utbzcc
3671 2376 3798 2418 nostra

661 2440 823 2527 “iam
856 2455 950 2497 305
990 2443 1145 2497 ηοδίε
1182 2448 1539 2515 Promptiores
1569 2489 1581 2511 ν
1623 2456 1685 2502 ιη
1733 2451 2032 2518 credimus.
2076 2460 2239 2523 atque
2343 2436 2970 2519 redditiouisauctoritas
2990 2468 3307 2529 perpetuam
3328 2457 3798 2517 obtineatﬁrinitatem,

662 2518 968 2590 de'votiores
1014 2535 1262 2593 facimus.
1315 2539 1524 2596 Idcirco
1574 2543 1825 2597 omnibus
1884 2554 2085 2602 sancta:
2146 2546 2243 2603 Dei
2345 2569 2507 2609 manu
2537 2552 2756 2623 propria
2793 2552 2979 2605 subter
3006 2566 3128 2605 eam
3165 2549 3487 2631 ﬁrmavimus
3509 2558 3557 2604 et
3588 2549 3641 2602 de
3675 2544 3802 2601 annulo

663 2625 921 2682 Ecclesiae
970 2627 1216 2684 ﬁdelibus
1258 2639 1313 2687 et
1358 2634 1578 2700 nostris,
1626 2638 1989 2704 praesentibus
2034 2639 2243 2696 scilicet
2346 2655 2535 2700 nostro
2569 2645 2794 2715 sigillari
2818 2642 3099 2713 jussimus.

663 2727 719 2774 et
770 2718 968 2776 futuris
994 2762 1009 2787 ,
1054 2732 1241 2778 notum
1282 2739 1403 2780 esse
1440 2726 1685 2783 volumus
1730 2731 1856 2799 quia
1907 2731 2243 2803 Banzlegbus
2357 2739 2360 2742 ’
2420 2737 2644 2809 Signum
2676 2735 2933 2790 Ludovici
2964 2733 3303 2790 serenissimi
3333 2734 3646 2805 imperatoris.

665 2826 845 2867 comes
869 2822 924 2867 et
953 2813 1203 2871 Saxoniae
1228 2818 1420 2886 patria:
1467 2821 1709 2877 marcbio
1759 2832 1943 2879 noster
1979 2826 2139 2880 nobis
2168 2826 2247 2881 in-
2418 2828 2818 2884 Hirminmarus
2840 2828 3085 2884 notarius
3113 2828 3181 2882 ad
3209 2828 3377 2883 vicem
3401 2826 3609 2897 llugonis
3629 2837 3801 2895 recogno-

666 2905 843 2958 notuit
879 2907 1024 2975 quod
1064 2911 1353 2978 quamdam
1388 2913 1570 2969 villam
1606 2916 1767 2970 sitam
1801 2917 1855 2970 in
1886 2934 2024 2991 pago
2073 2920 2248 2977 Ceno-
2348 2922 2403 2977 vi
2437 2930 2493 2976 et
2520 2922 2819 2992 subscripsi
3452 2980 3461 2993 ,

670 2997 903 3062 manico,
928 2999 1147 3054 nomine
1170 3000 1513 3073 Lugdunum,
1532 3005 1598 3060 de
1611 3004 1734 3074 jure
1753 3009 2027 3064 canonica:
2056 3012 2249 3068 matris
2421 3016 2554 3071 Data
2571 3034 2625 3071 χι
2650 3016 2877 3071 Kalend.
2902 3016 3126 3088 Aprilis,
3157 3034 3322 3083 anno,
3347 2998 3549 3074 Cbl‘isto
3570 3010 3805 3087 propitiati

667 3089 910 3147 ecclesiae
955 3108 1052 3163 per
1079 3103 1325 3151 nostrum
1352 3099 1671 3156 beneﬁcium
1704 3103 2024 3174 possideret,
2055 3108 2121 3163 de
2142 3125 2250 3179 qua
2354 3108 2567 3178 imperii
2598 3108 2780 3163 domui
2804 3107 3063 3165 Ludovici
3085 3109 3320 3177 piissimi
3342 3109 3550 3178 Augusti
3572 3148 3584 3169 ,
3609 3105 3804 3160 indictione

665 3196 765 3252 per
790 3182 1029 3256 singulos
1055 3201 1225 3245 annos
1245 3205 1416 3248 nonas
1448 3202 1503 3248 et
1539 3193 1808 3267 legitimos
1852 3216 2048 3256 census
2089 3210 2251 3272 atque
2275 3183 2322 3249 Ε
2356 3202 2551 3274 prima.

670 3272 909 3330 decimas
930 3278 1177 3345 partibus
1195 3281 1433 3351 praefatae
1454 3288 1646 3343 matris
1671 3290 1913 3347 ecclesia:
1934 3302 1989 3347 et
2010 3292 2252 3363 ejusdem
2358 3272 2369 3274 ν
2427 3291 2621 3346 Actum
2650 3290 2978 3363 Aquisgrani
3012 3292 3217 3365 palatio
3254 3294 3399 3364 regio
3420 3293 3469 3347 in
3491 3291 3572 3346 Dei
3590 3283 3802 3344 ηοωὶυεῖθ·

668 3366 973 3422 rectoribus
1000 3372 1355 3438 persolveret.
1383 3375 1500 3443 Qua
1528 3378 1594 3435 de
1620 3395 1680 3435 re
1723 3392 2056 3440 memoratus
2084 3387 2255 3442 Banz-
2355 3386 2554 3443 liciter.
2591 3386 2787 3442 Amen.

671 3454 861 3529 legbus
892 3462 1240 3529 pertractans
1279 3482 1463 3523 casum
1504 3472 1755 3529 humanae
1800 3475 2112 3547 fragilitatis
2139 3520 2153 3544 ,
2200 3488 2258 3535 et
3026 3480 3255 3539 CCXVI.

670 3565 967 3621 pavescens
1006 3554 1255 3611 ultimum
1297 3561 1596 3617 vocationis
1642 3565 1783 3619 diem
1810 3607 1825 3631 ,
1855 3568 2162 3641 timensque
2186 3587 2257 3628 ne
2534 3588 2652 3642 ιριιο
2685 3587 2969 3630 senoxessr
3007 3589 3053 3629 s.
3091 3591 3350 3632 COLUIIBE
3388 3584 3673 3631 nostsrrtuo

672 3646 901 3740 praefata
926 3648 1055 3740 villa
1083 3650 1263 3740 aliquo
1291 3655 1602 3724 cupiditatis
1632 3674 1742 3715 suae
1768 3662 1985 3720 stimulo
2010 3666 2094 3719 vel
2116 3682 2255 3737 quo~
2972 3666 3149 3737 (Αηηο
3182 3668 3332 3740 856.)

673 3736 806 3791 libet
832 3738 1051 3810 ingenio
1077 3755 1106 3794 a
1142 3739 1263 3808 jure
1283 3746 1610 3815 praescriptaa
1639 3751 1828 3806 matris
1854 3752 2097 3809 ecclesia:
2124 3736 2258 3814 alie-
2362 3756 2466 3830 [Ex
2503 3757 2718 3830 scbedis
2749 3773 2882 3830 mss.
2923 3736 3270 3814 bibliothecae
3307 3736 3362 3812 S.
3398 3745 3805 3830 Geruianial’t‘ﬁLis

674 3837 801 3884 nata
852 3831 1044 3897 ﬁeret,
1096 3832 1326 3906 ideoque
1366 3837 1582 3896 fervens
1631 3858 1816 3899 amore
1870 3846 2089 3918 divino,
2124 3853 2258 3908 adiit

2083 3892 2089 3914 ,
2124 3853 2258 3908 adiit
2362 3820 2382 3830 ’
2580 3829 2718 3897 apud
2748 3828 2811 3883 D.
2841 3828 3134 3898 Bouquet.,
3165 3840 3296 3886 tom.
3322 3829 3405 3895 Vl,
3436 3844 3543 3899 pag.
3568 3820 3682 3893 6l0.]

676 3917 1019 3975 clementiam
1049 3932 1294 3979 nostram
1318 3930 1635 3999 suppliciter
1654 3933 1951 4003 deprecans
1970 3947 2029 3993 ut
2056 3957 2258 3999 memo.
2353 3926 2357 3931 ’
2429 3940 2488 3996 In
2532 3941 2749 3995 nomine
2783 3939 2995 3995 Domini
3034 3941 3129 3998 Dei
3174 3951 3231 3997 et
3268 3938 3543 3995 Salvatoris
3577 3931 3705 3988 nostri
3731 3925 3806 3980 165°

674 4016 851 4064 ratam
879 4011 1063 4066 villam
1104 4016 1320 4071 nomine
1370 4017 1689 4090 Lugdunum
1725 4040 1848 4079 cum
1901 4030 2152 4088 omnibus
2189 4034 2258 4090 ad
2359 4033 2583 4099 Christi,
2610 4032 2932 4099 Ludovicus,
2957 4034 3136 4088 divina
3165 4035 3479 4105 propitiante
3495 4014 3805 4104 [repropiliaﬂl‘]

676 4116 735 4155 se
748 4103 1145 4171 pertinentibus
1165 4109 1409 4177 partibus
1427 4114 1698 4181 praedicta:
1721 4115 2095 4177 Cenomanica:
2116 4126 2259 4182 sedis
2359 4124 2664 4188 ale-entia,
2684 4124 2977 4193 imperator
3001 4103 3297 4195 AuguStus.
3498 4103 3502 4104 ί
3750 4203 3772 4210 -
3798 4201 3804 4210 ι

678 4191 920 4246 ecclesiae
962 4200 1017 4247 et
1044 4194 1264 4252 Aldrico
1291 4197 1533 4267 ejusdem
1576 4204 1727 4260 urbis
1760 4211 2053 4265 venerabili
2081 4215 2259 4281 ponti-
2348 4214 2353 4223 ’
2431 4216 2627 4271 Notum
2658 4233 2777 4272 esse
2803 4218 3050 4274 volumus
3077 4220 3290 4276 cunctis
3321 4218 3547 4274 ﬁdelibus
3576 4220 3727 4269 sancte
3750 4201 3805 4256 Dei

679 4280 789 4381 ﬁci,
822 4286 1216 4351 prmsentaliter
1249 4300 1434 4345 nostra
1471 4293 1739 4362 imperiali
1767 4280 2091 4357 auctoritate
2130 4304 2257 4360 red—
2358 4308 2611 4364 Ecclesiae
2640 4317 2695 4364 et
2722 4310 2952 4373 nostris,
2991 4312 3352 4381 prmsentibus
3381 4311 3563 4366 scilicet
3596 4315 3639 4360 et
3664 4296 3804 4359 futuris.

681 4371 934 4472 defenqu
960 4415 975 4438 ν
1023 4386 1078 4430 el
1109 4379 1249 4434 hanc
1280 4381 1637 4439 redditionem
1662 4402 1760 4456 per
1785 4397 2030 4447 nostrum
2055 4409 2256 4463 praece-
2360 4401 2485 4472 quia
2527 4401 2653 4455 olim
2688 4402 2814 4457 dum
2858 4371 3221 4459 monasticum
3265 4404 3496 4459 ordinem
3536 4399 3807 4469 usquequa‘llle

678 4472 831 4535 ptum
880 4463 1078 4521 futuris
1127 4472 1459 4545 temporibus
1508 4474 1717 4533 ﬁrmius
1772 4480 1950 4536 eidem
2010 4485 2257 4543 ecclesiae
2281 4541 2332 4562 ἢ
2360 4490 2707 4560 depravatum
2735 4508 2858 4549 esse
2883 4503 3189 4562 constaret,
3219 4504 3274 4552 et
3310 4497 3374 4550 ad
3401 4511 3513 4550 eum
3540 4484 3805 4559 corrigendum

1133 4541 1137 4545 u
2365 4541 2707 4560 _-,---._----_
2740 4541 2856 4549 ---ν
2887 4541 3189 4562 ,ηπ-,νη
3222 4541 3274 4552 ν.
3310 4541 3374 4550 ..μ
3403 4541 3513 4550 νυ.-

681 4557 902 4661 suisque
958 4562 1258 4618 rectoribus
1318 4565 1695 4633 possidendam
1758 4573 2251 4635 conﬁrmassemus.
2280 4541 2333 4602 Β
2359 4593 2521 4654 atque
2547 4588 2936 4643 emendandum
2960 4629 2974 4653 ,
3023 4591 3131 4646 imo
3169 4592 3236 4646 ad
3276 4592 3542 4661 pristinum
3567 4586 3807 4645 debituqu

681 4644 846 4715 Cujus
880 4647 1192 4717 petitionem
1240 4651 1309 4705 ob
1359 4671 1600 4712 amorem
1650 4660 1743 4714 Dei
1792 4672 1846 4716 et
1895 4670 2258 4729 reverentiam
2358 4644 2577 4729 mddum
2618 4684 2673 4731 et
2713 4676 3123 4740 rectitudinem.
3168 4644 3456 4737 auxiliante
3483 4668 3806 4736 Dominam!“-

681 4737 923 4808 ejusdem
953 4742 1125 4796 sancti
1157 4742 1259 4799 loci
1284 4760 1669 4819 servorumque
1698 4752 1797 4808 Dei
1851 4757 1984 4811 inibi
2028 4759 2258 4818 Domino
2358 4769 2609 4834 cendum,
2638 4772 2923 4839 quemdam
2952 4774 3199 4829 abbatem
3225 4775 3457 4846 ejusdem
3482 4763 3805 4826 ordinisferren-

681 4831 1060 4889 famulantium
1099 4835 1330 4893 libenter
1358 4842 1660 4900 audivimus
1684 4887 1699 4911 ,
1741 4855 1796 4902 et
1821 4849 2257 4921 deprecationem
2357 4831 3039 4925 tissiinum,-Benedietum
3075 4831 3411 4935 cognomine,
3459 4878 3547 4934 per
3580 4846 3804 4913 monasterii

683 4938 745 4946 μ
773 4924 917 4946 ..ε--...
950 4925 1262 4946 ,μωμεηηΔ
1313 4929 1348 4946 ,.
1501 4932 1514 4946 .
1622 4942 1632 4946 _
1681 4944 1688 4946 _
1853 4938 1890 4946 ..
2139 4944 2149 4946 Α

682 4938 747 5018 ac
773 4924 921 4993 pium
945 4925 1270 4982 desiderium
1300 4929 1415 5000 ejus
1448 4932 1514 4986 ad
1545 4942 1787 5003 optatum
1813 4938 2061 4997 effectum
2086 4944 2260 5001 adim-
2357 4948 2569 5018 imperii
2592 4924 2755 5004 aDeo
2776 4952 2931 5008 nobis
2954 4924 3228 5010 commissi
3254 4924 3639 5013 destinaremus;
3662 4935 3805 5007 0011138“

680 5011 830 5081 plere
856 5015 1077 5117 dign-um
1119 5018 1387 5117 duximus.
1416 5021 1757 5098 Quapropter
1785 5045 1883 5099 per
1914 5032 2018 5089 hoc
2056 5045 2257 5095 nostra:
2358 5011 2480 5094 eum
2530 5039 2598 5094 ad
2647 5044 3033 5100 monasterium
3083 5047 3224 5117 quod
3273 5048 3464 5102 dicitur
3504 5043 3554 5098 S.
3593 5011 3802 5095 Culuva

657 5108 1021 5204 auctoritatis
1067 5110 1327 5180 scriptum
1373 5123 1671 5174 statuentes
1716 5122 2053 5182 decernimus
2093 5139 2256 5200 atque
2357 5132 2502 5187 haud
2544 5135 2731 5204 procul
2777 5137 2845 5193 ab
2887 5139 3021 5194 urbe
3058 5108 3356 5196 senonensi
3397 5135 3645 5193 devenire:
3673 5129 3712 5183 in
3739 5130 3804 5189 (ῐυθ

674 5192 925 5305 ξυξκξξηυε
970 5207 1030 5253 ιη
1074 5203 1522 5270 quemadmOdum
1571 5212 1886 5280 saepedictus
1919 5192 2255 5289 Banzlegbus
2356 5241 2479 5283 cum
2504 5192 2700 5285 caetera
2726 5233 3046 5304 regulariter
3064 5236 3311 5291 ordinare
3337 5240 3596 5305 satageret,
3617 5225 3709 5296 quia
3726 5225 3803 5271 ωησ

679 5285 855 5342 ﬁdelis
893 5300 1076 5393 noster
1119 5308 1473 5355 memoratam
1500 5302 1681 5358 villam
1712 5322 1834 5361 cum
1859 5311 2005 5364 omni
2033 5312 2257 5385 integri—
2356 5323 2614 5392 temporis
2642 5285 2889 5381 abbatoem
2917 5330 3256 5396 canonicum,
3287 5285 3696 5385 Jacobovoeabulot
3721 5304 3802 5367 ίυίδί

681 5386 812 5444 tate,
845 5381 1011 5488 Isicut.
1054 5385 1144 5488 illa
1183 5389 1269 5443 die
1317 5393 1417 5448 sub
1446 5393 1568 5463 jure
1594 5407 1791 5455 nostrae
1825 5406 2109 5472 potestatis
2138 5381 2259 5465 erat
2356 5381 2589 5478 praeesse
2618 5381 2942 5486 contigerat,
2965 5381 3399 5488 quasda‘mv’villas
3425 5432 3532 5487 qua:
3554 5407 3802 5485 ρι’ῑεείδίεπν

679 5474 894 5571 quando
930 5488 961 5528 a
997 5475 1283 5548 largitione
1322 5495 1507 5543 nostra
1547 5490 1722 5559 ipsum
1766 5495 2084 5554 beneﬁcium
2107 5517 2257 5559 acce-
2355 5474 2575 5571 poribus
2620 5506 2687 5559 ad
2733 5474 2859 5562 usus
2900 5474 3128 5565 fra-trum
3172 5512 3367 5566 ibidem
3400 5474 3501 5565 Delo
3534 5474 3801 5560 famulandum

676 5563 1065 5674 Piisfe‘cotlslat
1102 5585 1200 5672 pro
1241 5577 1602 5674 emolumento
1632 5583 1824 5640 anima:
1850 5597 2048 5645 nostra:
2068 5600 2255 5649 ctsta-
2356 5593 2570 5649 fuerant
2597 5597 2905 5665 destinatae,
2938 5603 3266 5674 segregavit,
3306 5611 3359 5657 ut
3394 5603 3574 5669 absque
3599 5585 3722 5661 regali
3742 5584 3801 5633 ³¹³¹

674 5651 883 5757 bilitate
925 5656 1137 5766 imperii
1181 5666 1349 5766 nostri
1391 5681 1688 5728 memorato
1717 5680 2011 5736 venerabili
2034 5683 2253 5742 Aldrico
2355 5688 2569 5759 publico
2608 5693 2858 5759 servitio,
2890 5651 2975 5749 vel
2998 5651 3466 5766 Englibetabbatis
3488 5651 3605 5748 dono
3625 5687 3798 5742 θυῖεν·

679 5749 929 5816 episcopo
976 5749 1045 5806 ad
1093 5757 1304 5819 partem
1366 5771 1480 5814 sum
1538 5762 1782 5825 ecclesiae
1839 5774 2253 5839 praesentialiter
2354 5749 2532 5837 ctione
2569 5780 2756 5839 usibus
2796 5749 2981 5842 eorum
3015 5749 3643 5859 Dig—laudantem,
3680 5773 3717 5830 id
3746 5772 3798 5823 ⁸⁸
