4050 6340
277 353 409 410 1281

1424 353 1811 412 DIPLOMATA
1848 354 2404 415 ECCLESIASTICA.

3396 351 3539 409 1282

278 466 456 523 villam
482 478 603 534 qua:
632 464 831 519 dicitur
861 464 1075 530 Morus,
1120 480 1243 521 cum
1272 469 1526 523 omnibus
1557 470 1624 525 ad
1653 484 1713 524 se
1739 484 1860 538 per-
1886 472 1940 533 Α
1963 474 2276 528 monasterii
2307 474 2471 528 rebus
2513 478 2573 526 ut
2615 468 3057 540 irrefragabiliter
3083 468 3415 533 reﬁciantur,
3448 468 3540 523 de-

276 556 606 619 tinentibns,
657 564 712 609 et
750 556 931 611 villam
975 573 1095 627 qua:
1139 558 1335 613 dicitur
1375 559 1685 624 Sarmasia,
1735 575 1859 614 cum

275 645 528 701 omnibus
569 645 636 700 ad
675 660 735 700 se
769 648 1197 716 pertinentibus;
1243 650 1493 704 similiter
1523 659 1576 706 et
1605 651 1856 706 Tauriaci

274 736 459 793 villam
486 752 609 792 cum
636 738 884 793 omnibus
922 738 989 793 ad
1029 754 1086 793 se
1127 740 1560 809 pertinentibus;
1612 739 1863 795 similiter

277 825 460 880 villam
506 825 727 881 Patricii
755 843 878 881 cum
908 827 1159 882 omnibus
1206 831 1272 885 ad
1319 846 1379 885 se
1419 829 1857 899 pertinentibus;

277 919 528 973 similiter
550 927 603 974 et
624 920 804 974 villam
829 936 947 989 qua:
970 921 1327 992 Longa-Aqua
1354 931 1718 994 nuncupatur,
1738 938 1861 978 cum

276 1009 528 1064 omnibus
556 1010 623 1065 ad
652 1025 711 1064 se
739 1011 1165 1079 pertinentibus;
1205 1012 1460 1069 similiter
1486 1022 1542 1067 et
1568 1013 1655 1067 illa
1681 1015 1863 1068 omnia

277 1114 396 1169 qua:
439 1100 491 1152 in
535 1100 621 1154 his
654 1099 793 1154 villis
836 1117 964 1171 pars
1009 1102 1251 1171 prredicti
1298 1103 1615 1158 monasterii
1661 1104 1862 1158 habere

276 1190 645 1259 dignoscitur:
699 1206 925 1260 quarum
972 1193 1191 1248 nomina
1238 1194 1354 1249 haec
1401 1202 1572 1249 sunt:
1627 1193 1864 1249 Gromen

274 1281 432 1346 villa,
480 1281 678 1337 Aurosi
716 1284 873 1345 villa,
925 1282 1232 1338 Messeriaci
1262 1284 1419 1349 villa,
1464 1283 1665 1354 Canapi
1706 1284 1860 1351 villa,

276 1373 489 1428 Coriaci
512 1374 660 1437 villa,
685 1372 1043 1428 Gravunciaci
1066 1374 1212 1440 villa,
1235 1374 1385 1430 Floxi
1408 1375 1552 1441 villa,
1576 1374 1866 1431 Curtennis

275 1464 436 1529 villa,
480 1463 709 1534 Spiriaci
749 1465 907 1532 villa,
956 1466 1159 1522 Abonis
1200 1467 1357 1532 v'illa,
1410 1467 1662 1521 Bandrici
1707 1466 1862 1533 villa,
1899 1517 1905 1525 .
1954 1530 1957 1535 λ

275 1555 491 1612 Paciaci
517 1556 639 1610 villa
661 1598 676 1623 ,
729 1558 965 1626 Luponis
998 1558 1119 1612 villa
1139 1599 1154 1623 ,
1196 1557 1527 1628 Syncleriaci
1556 1558 1711 1622 villa,
1754 1557 1863 1613 Re-

276 1648 454 1720 gniaci
492 1647 617 1701 villa
637 1688 653 1713 ,
700 1664 911 1704 necnon
943 1650 1171 1719 desuper
1202 1649 1453 1715 fluvium,
1495 1650 1637 1719 quod
1667 1649 1867 1704 dicitur

277 1737 552 1804 Fullonis,
599 1740 885 1809 hospitiola
933 1742 1068 1806 duo,
1124 1750 1287 1811 atque
1332 1742 1497 1798 etiam
1545 1741 1675 1796 illud
1720 1741 1867 1812 quod

275 1830 552 1886 Auﬁ‘ridus
583 1841 638 1887 et
664 1833 905 1889 Donatus
934 1844 1160 1905 nepotes
1187 1833 1437 1891 Ieremia:
1467 1836 1738 1906 quondam
1767 1834 1865 1891 Se—

280 1922 489 1978 nonicae
524 1924 673 1979 urbis
701 1926 937 1996 episcopi
963 1927 1030 1981 ad
1053 1925 1335 1997 praefatum
1369 1929 1755 1983 monasterium
1786 1928 1865 1984 le-

280 2014 475 2085 galiter
502 2016 847 2071 contulerunt
873 2037 886 2071 :
920 2018 1169 2073 similiter
1193 2020 1381 2074 vineas
1406 2028 1460 2075 et
1492 2029 1667 2075 terras
1691 2029 1866 2076 arato-

280 2108 394 2162 rias
422 2124 486 2162 ac
511 2117 666 2179 prata
695 2125 814 2178 qum
857 2111 913 2163 in
958 2112 1186 2166 circuitu
1222 2114 1508 2167 memorati
1550 2114 1865 2169 monasterii

283 2196 341 2252 S.
366 2197 640 2254 Columbae
667 2215 787 2255 esse
810 2210 1134 2267 noscuntur;
1168 2213 1329 2272 atque
1353 2203 1637 2273 hospitiola
1664 2219 1784 2273 qua:
1812 2204 1866 2258 in

282 2289 402 2344 loco
429 2290 520 2359 qui
560 2290 757 2345 dicitur
783 2292 1022 2357 Canalis,
1068 2309 1190 2349 esse
1233 2304 1550 2350 noscuntur.
1597 2295 1703 2351 Sed
1732 2312 1868 2366 quo-

281 2381 428 2439 niam
472 2382 723 2452 deinceps
772 2392 1133 2438 memoratum
1181 2386 1571 2441 monasterium
1616 2401 1714 2456 per
1743 2387 1868 2441 sub-

281 2475 583 2544 reptionem
612 2476 969 2544 quorumdam
998 2475 1255 2531 Ecclesia:
1285 2476 1565 2531 Senonicaz
1596 2478 1869 2532 subditum

280 2563 489 2630 fuerat,
534 2564 660 2619 licet
703 2567 808 2620 hoc
847 2567 1023 2620 denuo
1066 2566 1321 2636 liquidius
1346 2578 1763 2639 cognoscentes,
1812 2569 1869 2624 in

283 2670 381 2711 suo
408 2670 529 2710 eum
562 2654 782 2727 [ipsum]
798 2654 921 2724 jure
945 2665 1001 2711 et
1024 2657 1395 2714 dominatione
1433 2675 1497 2715 ac
1525 2660 1870 2729 propriorum

286 2749 540 2803 abbatum
569 2749 829 2819 regimine
859 2751 1360 2816 constituissemus;
1393 2753 1616 2807 veniens
1642 2768 1872 2807 venera-

282 2841 406 2896 bilis
431 2842 514 2895 vir
539 2841 844 2912 Supplicius
864 2840 1103 2909 ejusdem
1132 2844 1298 2899 abbas
1322 2845 1553 2899 cmnobii
1581 2845 1647 2899 ad
1672 2854 1871 2901 nostra;

282 2935 581 3003 majestatis
604 2934 945 3004 praesentiam
975 2934 1251 2990 humiliter
1286 2944 1526 2991 nostram
1550 2936 1872 3006 supplicavit

284 3027 648 3092 clementiam,
681 3036 739 3082 ut
784 3038 1023 3084 nostram
1063 3038 1365 3085 mereretur
1410 3029 1689 3100 percipere
1734 3045 1872 3099 pra:-

284 3121 616 3191 ceptionem,
655 3134 751 3189 per
778 3136 939 3190 quam
972 3121 1174 3175 nostris
1202 3120 1504 3189 futurisque
1537 3120 1872 3188 temporibus

284 3210 427 3265 idem
464 3221 709 3265 nostrum
746 3211 1092 3265 constitutum
1126 3210 1338 3263 ﬁrmum
1366 3218 1530 3279 atque
1567 3208 1872 3262 inviolabile

281 3313 645 3374 permaneret.
677 3302 839 3371 Cujus
863 3302 1218 3373 petitionibus
1245 3302 1530 3356 favendum
1558 3302 1774 3371 dignum
1805 3318 1869 3357 ac

285 3397 607 3451 rationabile
628 3397 959 3466 judicantes,
990 3398 1089 3451 hos
1117 3404 1331 3451 nostros
1361 3395 1667 3465 imperiales
1690 3395 1871 3466 apices

282 3502 412 3558 erga
443 3487 788 3557 saepedictum
835 3487 1223 3541 monasterium
1266 3485 1384 3541 fieri
1428 3486 1722 3556 jussimus,
1772 3501 1872 3557 per

283 3595 422 3650 quos
463 3580 805 3650 praecipimus
845 3587 1007 3650 atque
1038 3580 1310 3634 sancimus
1355 3587 1413 3633 ut
1455 3579 1583 3633 nulli
1624 3579 1870 3635 ecclesiae

287 3671 560 3727 subditum
579 3713 591 3735 ,
636 3672 729 3726 sed
759 3672 810 3725 in
847 3688 944 3727 suo
969 3687 1297 3741 suorumque
1327 3681 1598 3727 rectorum
1628 3673 1870 3729 dominio

286 3769 345 3817 et
369 3762 759 3831 gubernatione
788 3763 1004 3834 degens,
1036 3762 1171 3816 nihil
1199 3763 1445 3831 obsequii
1470 3772 1565 3816 aut
1588 3762 1871 3817 solutionis

284 3853 372 3910 vel
412 3855 703 3925 quidquam
743 3854 953 3907 servitii
991 3852 1058 3907 de
1100 3853 1416 3907 memoratis
1450 3853 1590 3906 villis
1627 3853 1735 3906 ullo
1772 3869 1872 3905 un-

285 3958 451 4015 quam
485 3954 723 4011 temporc
755 3942 959 4008 solvat,
989 3949 1081 3996 aut
1111 3941 1321 3996 solvere
1350 3940 1741 4010 compellatur:
1775 3941 1871 3995 sed

278 4050 503 4106 semper
533 4035 735 4104 absque
766 4035 874 4091 ulla
902 4034 985 4091 sui
1013 4035 1367 4090 diminutione
1400 4035 1455 4088 in
1485 4049 1613 4088 usus
1642 4033 1869 4089 fratrum

286 4127 419 4184 inibi
456 4127 568 4182 Deo
599 4128 943 4182 militantium
976 4127 1249 4196 variisque
1282 4126 1497 4180 illorum
1527 4125 1868 4179 necessitati-

284 4219 388 4275 bus
435 4220 788 4284 deserviant;
853 4235 955 4274 ncc
1005 4217 1275 4289 quispiam
1332 4232 1521 4271 earum
1574 4218 1870 4287 quidquam

286 4313 527 4383 ejusdem
549 4322 641 4368 aut
661 4312 883 4369 alterius
904 4310 1256 4382 professionis
1279 4311 1447 4365 abbas
1474 4309 1525 4363 in
1547 4307 1869 4364 beneﬁcium

288 4408 520 4477 cuipiam
550 4408 679 4462 dare
704 4412 1029 4477 pratsumat:
1069 4404 1190 4465 sed,
1227 4403 1370 4457 sicut
1395 4402 1648 4466 diximus,
1681 4414 1869 4455 eorum

288 4496 477 4551 usibus
512 4510 916 4566 pauperumque
946 4493 1346 4563 receptionibus
1374 4492 1684 4561 perenniter
1711 4491 1867 4547 obse-

1964 565 2237 618 cernimus
2259 572 2420 634 atque
2431 560 2703 630 jubemus.
2731 561 2797 616 Et
2818 568 2875 615 ut
2896 561 3010 616 hmc
3038 569 3239 617 nostra:
3253 558 3541 615 conﬁrma-

1964 652 2126 707 tionis
2156 654 2448 708 auctoritas
2479 652 2683 708 nostris
2720 665 3203 721 successorumque
3232 659 3541 705 nostrorum

1964 745 2298 813 temporibus
2327 743 2708 799 inviolabiliter
2735 751 3106 806 conservetur,
3139 757 3299 797 manu
3324 740 3542 813 propria

1964 844 2147 891 nostra
2180 851 2297 891 eam
2321 838 2863 904 subterﬁrmavimus,
2913 846 2969 891 et
3007 835 3193 891 annuli
3228 835 3401 892 nostri
3439 835 3539 890 im-

1963 929 2241 998 pressione
2267 930 2530 1000 assignari
2556 929 2836 999 iussimus.

2036 1018 2261 1091 Signum
2284 1019 2541 1074 Ludovici
2570 1018 2904 1075 serenissimi
2930 1017 3293 1089 imperatoris.

2036 1110 2172 1165 Data
2211 1128 2264 1165 iv
2290 1111 2471 1167 Nonas
2507 1113 2730 1182 Aprilis,
2760 1128 2924 1179 anno,
2953 1110 3169 1167 Christo
3198 1110 3453 1182 propitio,
3475 1110 3547 1167 25

1965 1202 2178 1273 imperii
2207 1204 2388 1259 domui
2420 1204 2675 1259 Ludovici
2703 1204 2933 1274 piissimi
2962 1203 3218 1273 Augusti,
3250 1204 3548 1260 indictione

1968 1296 2036 1349 15
2058 1308 2106 1348 ι.
2143 1295 2337 1350 Actum
2362 1295 2686 1367 Aquisgrani
2716 1297 2917 1366 palatio
2945 1297 3093 1367 regio
3121 1296 3175 1350 in
3211 1295 3306 1351 Dei
3329 1295 3551 1355 nomine

1966 1386 2216 1443 feliciter.
2246 1388 2438 1443 Amen.

2637 1459 2884 1516 CCXVII.

2124 1556 2225 1597 PRO
2262 1554 2557 1595 BOTOXENSI
2598 1555 2643 1594 8.
2676 1555 3004 1595 SALVATORIS
3040 1553 3392 1596 NONASTERIO.

2096 1628 2103 1635 ‘
2586 1617 2761 1688 (Anno
2790 1618 2939 1686 856.)

1970 1712 2075 1787 [Ex
2098 1714 2509 1787 probationibus
2534 1713 2783 1787 H_istoria:
2804 1713 3119 1787 Britanniae,
3147 1728 3270 1785 pag.
3295 1712 3386 1779 30,
3410 1712 3551 1783 apud

2472 1784 2537 1838 D.
2562 1784 2856 1853 Bouquet.,
2882 1783 3038 1856 ibid.]

1891 1871 1940 1931 B
2036 1876 2097 1929 In
2138 1877 2358 1932 nomine
2395 1876 2609 1931 Domini
2645 1875 2744 1931 Dei
2789 1882 2845 1929 et
2883 1875 3181 1931 Salvatoris
3221 1878 3395 1932 nostri
3423 1875 3554 1934 Iesu

1969 1966 2170 2022 Christi
2195 2008 2210 2032 ,
2257 1968 2586 2034 Ludovicus,
2617 1967 2796 2023 divina
2826 1969 3215 2040 repropitiante
3246 1970 3554 2038 clementia,

1967 2060 2267 2132 imperator
2290 2060 2588 2133 Augustus.

2042 2150 2100 2206 Si
2141 2151 2282 2206 illius
2323 2167 2539 2217 amore,
2578 2161 2684 2208 etc.
2709 2154 2759 2206 ι).
2813 2151 2977 2221 Cujus
3022 2161 3247 2223 precatu
3289 2153 3553 2223 permoti,

1968 2243 2131 2299 simul
2166 2254 2223 2298 et
2255 2244 2473 2299 hortatu
2504 2253 2668 2315 atque
2697 2246 3003 2300 interventu
3034 2245 3207 2300 ﬁdelis
3246 2247 3416 2301 nostri
3450 2245 3559 2300 No-

1969 2337 2150 2391 minoe
2176 2338 2510 2403 commoniti,
2540 2337 2867 2409 complacuit
2892 2339 3172 2394 serenitati
3201 2347 3402 2393 nostra:
3445 2338 3558 2408 ple—

1968 2426 2090 2482 hem
2121 2443 2242 2497 quae
2272 2428 2495 2484 Rannac
2521 2430 2851 2496 nominatur,
2895 2446 3019 2486 cum
3059 2431 3206 2486 omni
3249 2431 3560 2501 integritate

1970 2534 2099 2585 sua,
2142 2535 2244 2574 nec
2271 2535 2375 2575 non
2408 2530 2463 2576 et
2493 2520 2740 2577 locellum
2780 2521 2870 2591 qui
2910 2523 3222 2576 nominatur
3249 2522 3407 2586 Plaz,
3451 2522 3561 2579 imo

1970 2619 2024 2666 et
2061 2612 2383 2683 plebiculam
2418 2629 2538 2684 qua:
2577 2614 2888 2670 nominatur
2915 2614 3127 2681 Ardon,
3166 2630 3265 2684 per
3290 2616 3432 2669 hanc
3462 2630 3560 2671 no-

1970 2712 2140 2760 stram
2166 2706 2546 2761 auctoritatem
2578 2715 2881 2763 memorato
2910 2707 3242 2763 monasterio
3264 2715 3425 2776 atque
3450 2721 3562 2763 mo-

1971 2798 2163 2853 nachis
2187 2798 2387 2855 ibidem
2409 2800 2521 2854 Deo
2541 2814 2640 2869 per
2661 2800 2916 2855 diuturna
2937 2808 3181 2870 tempora
3202 2799 3561 2856 militantibus

1971 2891 2208 2955 tradere,
2235 2901 2340 2947 etc.
2374 2903 2395 2930 ο

2045 2982 2178 3038 Data
2206 3000 2264 3038 ιιι
2295 2984 2411 3039 Kal.
2444 2984 2800 3056 Septembris,
2844 3003 3007 3050 anno,
3052 2986 3270 3043 Christo
3295 2985 3553 3057 propitio,

1972 3072 2043 3128 23
2071 3074 2284 3143 imperii
2306 3076 2513 3131 domini
2552 3076 2832 3144 Ludovici,
2868 3078 3163 3134 indictione
3192 3077 3258 3132 15
3278 3075 3328 3130 δ.
3362 3076 3561 3131 Actum

1976 3164 2257 3222 Karisiaco
2307 3168 2509 3237 palatio
2563 3169 2713 3240 regio
2770 3170 2825 3224 in
2882 3170 2979 3225 Dei
3032 3170 3252 3226 nomine
3306 3167 3557 3225 feliciter.

1900 3234 1944 3296 C
1974 3254 2170 3312 Amen.

2627 3329 2900 3389 CCXVIII.

2206 3437 2309 3479 PRO
2342 3439 2682 3481 YERENDARIO
2718 3442 2961 3482 CUBIENSI
2982 3442 3248 3483 .EPISCOPO
3268 3438 3295 3468 ⁸

2570 3505 2763 3577 ‘(Anno
2797 3506 2947 3577 856.)

1974 3593 2152 3667 [Apud
2179 3596 2519 3663 Grandidier,
2564 3596 2706 3673 Hist.
2746 3599 2810 3652 de
2848 3598 3065 3673 I‘Egiise
3100 3600 3166 3655 de
3205 3598 3557 3673 Strasbourg,

2489 3657 2619 3724 tom.
2645 3668 2708 3731 II,
2741 3684 2862 3739 pag.
2891 3657 3043 3741 265.]

2042 3760 2099 3814 In
2126 3762 2343 3815 nomine
2368 3761 2582 3814 Domini
2610 3760 2706 3814 Dei
2736 3758 3037 3818 Salvatoris
3060 3764 3235 3818 nostri
3258 3761 3385 3820 Jesu
3406 3764 3561 3821 Chri-

1974 3850 2060 3912 sti,
2086 3850 2410 3915 Ludovicus,
2439 3849 2620 3905 divina
2646 3852 3039 3922 repropitiante
3061 3852 3366 3924 clementia,
3390 3855 3560 3926 impe-

1972 3949 2121 3995 rator
2145 3941 2421 4011 Augustus

2043 4032 2237 4087 Notum
2268 4034 2337 4088 sit
2366 4034 2529 4107 igitur
2555 4035 2766 4091 cunctis
2794 4035 3043 4093 ﬁdelibus
3072 4045 3273 4094 sanctae
3300 4037 3557 4095 Ecclesiae

1972 4123 2311 4196 nostrisque,
2350 4126 2700 4196 praesentibus
2730 4128 2937 4184 scilicet
2965 4137 3020 4184 et
3043 4128 3270 4196 futuris,
3313 4131 3440 4202 quia
3477 4130 3557 4186 di-

1971 4212 2142 4270 lectus
2172 4214 2338 4270 frater
2369 4224 2553 4273 noster
2593 4216 2771 4289 Drogo
2798 4218 2818 4257 τ
2849 4220 3289 4291 archiepiscopus
3325 4228 3379 4275 et
3414 4221 3555 4276 sacri

1970 4305 2156 4376 palatii
2203 4306 2373 4361 nostri
2416 4306 2895 4377 archicapellanus,
2942 4323 3043 4363 nec
3084 4324 3193 4365 non
3238 4308 3500 4365 Rataldus
3529 4310 3557 4351 ⁸

1972 4397 2158 4452 itidem
2185 4397 2489 4468 episcopus,
2527 4407 2769 4454 nostram
2798 4398 3056 4454 adeuntes
3085 4400 3554 4456 mansuetudinem

1972 4490 2337 4552 innotuerunt,
2361 4505 2426 4546 eo
2449 4490 2590 4561 quod
2616 4491 2741 4545 dum
2767 4491 2948 4547 divino
2968 4489 3174 4561 judicio
3197 4494 3553 4563 quorumdam

288 4595 541 4657 quantur.
584 4586 659 4639 Ea
688 4601 819 4640 vero
846 4599 966 4653 qua:
996 4583 1063 4637 ad
1092 4582 1373 4645 sarcienda
1401 4581 1641 4650 ejusdem
1675 4598 1865 4637 mona-
1891 4589 1945 4650 1)
1971 4581 2348 4638 malevolentia
2398 4591 2452 4637 et
2497 4582 2731 4639 factione
2781 4585 3080 4641 honoribus
3128 4585 3344 4641 cmiitus
3398 4586 3555 4642 nobis

289 4677 441 4732 sterii
469 4685 610 4731 tecta
638 4676 945 4731 necessaria
963 4674 1185 4740 fuerint,
1209 4674 1274 4729 de
1294 4675 1673 4749 communibus
1699 4676 1868 4746 ipsius

366 4790 622 4861 éCorrig.
653 4789 838 4843 indici.
867 4788 956 4843 Ην.

361 4860 392 4985 Ib
422 4859 690 4985 Eéssiupra
728 4860 783 4913 in
820 4868 1091 4931 przecepto
1127 4874 1226 4932 pro
1262 4859 1456 4916 eodem
1497 4860 1863 4929 monasterio,

291 4947 395 4989 COI.
428 4947 558 4985 ‘I‘ZDI
573 4971 586 4984 .

362 5013 385 5042 α
418 5003 488 5059 Ut
512 5018 671 5071 supra
700 5000 829 5057 ibid.

358 5071 387 5112 ά
412 5072 822 5143 Corrigendum,
850 5073 1133 5130 indictione
1161 5072 1247 5130 Η.

364 5154 387 5182 ε
416 5143 587 5216 Edidit
605 5142 837 5216 diploma
852 5144 1229 5216 Schmpﬂinus,
1243 5145 1413 5201 Alsat.
1432 5146 1652 5215 diplom.
1671 5154 1802 5200 tom.
1819 5146 1860 5211 I,

288 5229 412 5339 Bas.
442 5213 528 5278 77,
577 5227 644 5267 ex
672 5213 860 5267 codice
901 5231 1001 5269 ms.
1021 5213 1320 5271 Christiani
1354 5213 1603 5280 Urstisii,
1648 5217 1738 5284 qui
1780 5225 1864 5271 est

336 5286 533 5347 asileaa,
562 5284 656 5338 sed
685 5283 919 5338 maxime
948 5285 1304 5341 incorrectum
1332 5294 1386 5341 et
1415 5286 1680 5339 mutilum.
1729 5286 1864 5340 Illud

292 5356 381 5427 hic
414 5357 634 5427 damus,
673 5353 831 5424 quale
867 5370 932 5408 ex
973 5356 1304 5427 autographo
1342 5357 1669 5426 descriptum
1701 5356 1763 5410 D.
1794 5357 1862 5411 de

290 5423 406 5480 lost
430 5426 585 5481 nobis
611 5423 1044 5481 communicavit.

369 5497 386 5535 ί
417 5497 592 5569 Drogo
631 5498 772 5550 ﬁlius
803 5495 979 5549 Caroli
1024 5495 1233 5569 Magni,
1281 5497 1564 5569 episcopus
1607 5496 1862 5569 Metensis

291 5583 379 5622 an.
408 5569 511 5623 8:8
534 5565 730 5631 factus,
774 5581 985 5634 semper
1015 5565 1184 5620 ﬁdelis
1212 5565 1478 5621 remansit
1501 5567 1655 5621 fratri
1685 5568 1862 5622 Ludo-

293 5640 413 5694 vico
439 5639 554 5703 Pio,
599 5646 657 5690 ut
692 5636 923 5707 probant
944 5636 1177 5691 Annales
1212 5637 1519 5696 Bertiniani.
1555 5638 1693 5705 apud
1722 5637 1862 5692 Bou-

295 5722 536 5781 quetum,
568 5716 697 5762 tom.
725 5707 817 5781 V_I,
838 5724 968 5781 pag.
1002 5707 1123 5763 195.
1160 5708 1369 5781 :l‘itulus
1394 5708 1781 5781 archiepiscopi
1812 5710 1861 5765 ei

295 5777 513 5836 lionoris
547 5794 709 5833 causa
748 5777 866 5833 fuitw
882 5777 1109 5835 delatus.
1159 5778 1216 5832 In
1250 5777 1399 5834 Actis
1432 5779 1646 5834 concilii
1686 5777 1862 5836 Theo-

296 5848 452 5909 donis
474 5849 634 5919 villte,
663 5865 768 5922 quo
792 5848 943 5907 Ebbo
970 5849 1291 5909 Rhemensis
1324 5864 1413 5907 an.
1442 5848 1545 5907 855
1572 5847 1676 5907 fuit
1701 5850 1865 5922 depo—

1968 4678 2178 4734 collatis
2207 4678 2356 4733 dilati
2385 4676 2676 4734 fuissemus
2697 4679 2752 4746 h,
2796 4686 2853 4734 et
2882 4680 3247 4736 Verendarius
3274 4682 3287 4720 ί
3323 4694 3552 4735 venera-
3602 4744 3623 4765 ί

1970 4789 3551 4883 ii‘ﬂ?:-.?£‘“‘£§i'3£°;‘2Emis.PEPE‘PF‘EPM‘ZBTPH:
3598 4771 3626 4883 ἶ

1968 4858 2273 4931 episcopus.
2309 4860 2628 4916 Nominatur
2646 4861 2824 4930 Drogo
2843 4862 3007 4929 frater
3026 4858 3074 4915 et
3098 4858 3551 4931 archicupellanus

1970 4930 2147 4986 noster
2173 4932 2227 4985 in
2256 4931 2544 5001 diplomate
2569 4932 2827 4987 Ludovici
2857 4930 2959 4995 Pii,
2985 4946 3093 5001 quo
3118 4946 3207 4985 an.
3235 4930 3339 5001 858
3367 4944 3552 4984 mona-

1968 5003 2192 5058 sterium
2219 5000 2453 5057 Anisolaa
2483 5002 2658 5055 reddit
2691 5002 2985 5071 imperator
3006 5000 3264 5057 Adalrico
3290 5000 3552 5057 Cenoma-

1970 5072 2400 5143 nensiepiscopo
2420 5112 2436 5138 ,
2475 5071 2615 5142 apud
2641 5070 2959 5138 Baluzium,
3000 5071 3094 5127 lib.
3126 5088 3189 5127 ιιι
3221 5071 3545 5140 Miscellan.,

1967 5141 2377 5297 ?a§.l§gtaldus,
2398 5214 2510 5268 sive
2527 5212 2810 5297 Dothadus
2831 5213 3120 5297 episcopus
3140 5212 3546 5297 suessionensis

1972 5283 2218 5339 interfuit
2266 5300 2478 5354 quoque
2525 5284 2846 5353 depositioni
2897 5283 3133 5339 Ebbonis
3184 5284 3543 5354 Rhemensis,

1971 5356 2229 5425 illumque
2266 5353 2420 5425 jussu
2462 5355 2805 5425 imperatoris
2830 5354 2981 5409 duxit
3022 5354 3075 5425 in
3116 5356 3388 5411 abbatiam
3415 5353 3545 5425 Ful-

1962 5423 2214 5487 densem,
2249 5423 2309 5478 ut
2337 5434 2524 5480 narrat
2540 5423 2901 5488 'Flodoardus,
2936 5426 2990 5479 in
3023 5424 3259 5481 Historia
3289 5423 3543 5480 Ecclesiae

1964 5496 2305 5555 Rhemensis.
2337 5496 2431 5559 lib.
2463 5512 2532 5552 ιι.
2568 5510 2686 5564 cap.
2712 5496 2804 5549 20.
2859 5496 2926 5549 Et
2954 5495 3238 5550 RatalJum
3274 5496 3340 5549 ad
3372 5506 3546 5564 annos

1961 5567 2086 5628 851,
2110 5565 2235 5629 857,
2256 5566 2358 5620 858
2386 5562 2649 5619 memorat
2678 5566 2967 5628 Eccardus.
2993 5565 3237 5622 Francia:
3261 5562 3543 5621 orientalis

1963 5644 2094 5691 tom.
2123 5634 2185 5696 ll.
2213 5652 2332 5706 p".g.
2361 5636 2487 5700 250,
2516 5635 2621 5691 299
2645 5646 2693 5691 et
2722 5636 2846 5691 509.

2032 5708 2060 5747 ει
2086 5704 2604 5778 Alludit'imperator
2624 5707 2924 5763 Ludovicus
2946 5706 3074 5761 Pius
3094 5705 3163 5778 ad
3191 5720 3344 5760 suam
3368 5704 3436 5760 de
3457 5719 3544 5760 so-

1966 5778 2040 5834 lio
2066 5793 2207 5832 anno
2228 5777 2336 5831 833
2360 5777 2589 5834 nefande
2614 5778 2810 5834 factam
2837 5777 3286 5833 deturbationem.

2047 5849 2062 5891 ί
2092 5847 2171 5905 De
2191 5847 2521 5906 Verendario
2541 5849 2823 5922 sequentia
2845 5848 3009 5904 tradit
3029 5846 3356 5905 Fortunatus
3378 5846 3541 5916 Spre-
