  <div class='ocr_page' id='page_1' title='image "/cluster/home/n/w/nwhite01/storage/ocr_20150623/104/hvd.32044015466824/675.png"; bbox 0 0 4050 6340; ppageno 0'>
   <div class='ocr_carea' id='block_1_1' title="bbox 671 382 803 447">
    <p class='ocr_par' dir='ltr' id='par_1_1' title="bbox 671 382 803 447">
     <span class='ocr_line' id='line_1_1' title="bbox 671 382 803 447; baseline 0 -1"><span class='ocrx_word' id='word_1_1' title='bbox 671 382 803 447; x_wconf 70' lang='lat'><strong>4291</strong></span> 
     </span>
    </p>
   </div>
   <div class='ocr_carea' id='block_1_2' title="bbox 1802 388 2837 511">
    <p class='ocr_par' dir='ltr' id='par_1_2' title="bbox 1802 388 2837 511">
     <span class='ocr_line' id='line_1_2' title="bbox 1802 388 2837 511; baseline 0.014 -58"><span class='ocrx_word' id='word_1_2' title='bbox 1802 388 2125 458; x_wconf 79' lang='lat' dir='ltr'><strong>LUDOVICI</strong></span> <span class='ocrx_word' id='word_1_3' title='bbox 2160 401 2183 459; x_wconf 86' lang='lat' dir='ltr'><strong>l</strong></span> <span class='ocrx_word' id='word_1_4' title='bbox 2223 398 2693 467; x_wconf 69' lang='lat' dir='ltr'><strong>COGNOIIENTO</strong></span> <span class='ocrx_word' id='word_1_5' title='bbox 2727 395 2837 511; x_wconf 41' lang='grc' dir='ltr'><strong>ΡΠ.</strong></span> 
     </span>
    </p>
   </div>
   <div class='ocr_carea' id='block_1_3' title="bbox 3697 422 3784 490">
    <p class='ocr_par' dir='ltr' id='par_1_3' title="bbox 3697 422 3784 490">
     <span class='ocr_line' id='line_1_3' title="bbox 3697 422 3784 490; baseline 0.057 -5"><span class='ocrx_word' id='word_1_6' title='bbox 3697 422 3784 490; x_wconf 68' lang='lat' dir='ltr'><strong>i292</strong></span> 
     </span>
    </p>
   </div>
   <div class='ocr_carea' id='block_1_4' title="bbox 667 508 3782 617">
    <p class='ocr_par' dir='ltr' id='par_1_4' title="bbox 667 508 3782 617">
     <span class='ocr_line' id='line_1_4' title="bbox 667 508 3782 617; baseline 0.012 -53"><span class='ocrx_word' id='word_1_7' title='bbox 667 512 899 617; x_wconf 67' lang='lat' dir='ltr'><strong>centiam</strong></span> <span class='ocrx_word' id='word_1_8' title='bbox 949 519 1006 566; x_wconf 85' lang='lat' dir='ltr'><strong>et</strong></span> <span class='ocrx_word' id='word_1_9' title='bbox 1051 522 1375 616; x_wconf 74' lang='lat' dir='ltr'><strong>consensum</strong></span> <span class='ocrx_word' id='word_1_10' title='bbox 1426 508 1783 617; x_wconf 37' lang='lat' dir='ltr'><strong>Childeberti‘</strong></span> <span class='ocrx_word' id='word_1_11' title='bbox 1810 519 1977 611; x_wconf 75' lang='lat' dir='ltr'><strong>regis,</strong></span> <span class='ocrx_word' id='word_1_12' title='bbox 2027 530 2083 577; x_wconf 86' lang='lat' dir='ltr'><strong>et</strong></span> <span class='ocrx_word' id='word_1_13' title='bbox 2129 522 2249 580; x_wconf 64' lang='lat' dir='ltr'><strong>alia</strong></span> <span class='ocrx_word' id='word_1_14' title='bbox 2274 528 2328 589; x_wconf 77' lang='grc' dir='ltr'><strong>Α</strong></span> <span class='ocrx_word' id='word_1_15' title='bbox 2352 514 2639 596; x_wconf 80' lang='lat' dir='ltr'><strong>scaporum</strong></span> <span class='ocrx_word' id='word_1_16' title='bbox 2658 529 2759 600; x_wconf 79' lang='lat' dir='ltr'><strong>“qui</strong></span> <span class='ocrx_word' id='word_1_17' title='bbox 2790 508 2847 585; x_wconf 70' lang='lat' dir='ltr'><strong>iii</strong></span> <span class='ocrx_word' id='word_1_18' title='bbox 2874 527 3198 615; x_wconf 75' lang='lat' dir='ltr'><strong>unaquaque</strong></span> <span class='ocrx_word' id='word_1_19' title='bbox 3227 525 3562 617; x_wconf 18' lang='lat' dir='ltr'><strong>civitate‘sunt</strong></span> <span class='ocrx_word' id='word_1_20' title='bbox 3583 550 3782 609; x_wconf 61' lang='lat' dir='ltr'><strong>secundum</strong></span> 
     </span>
    </p>
   </div>
   <div class='ocr_carea' id='block_1_5' title="bbox 665 602 2243 682">
    <p class='ocr_par' dir='ltr' id='par_1_5' title="bbox 665 602 2243 682">
     <span class='ocr_line' id='line_1_5' title="bbox 665 602 2243 682; baseline 0.008 -22"><span class='ocrx_word' id='word_1_21' title='bbox 665 605 850 661; x_wconf 69' lang='lat' dir='ltr'><strong>multm</strong></span> <span class='ocrx_word' id='word_1_22' title='bbox 887 605 1234 660; x_wconf 87' lang='lat' dir='ltr'><strong>auctoritates</strong></span> <span class='ocrx_word' id='word_1_23' title='bbox 1259 620 1396 674; x_wconf 85' lang='lat' dir='ltr'><strong>quas</strong></span> <span class='ocrx_word' id='word_1_24' title='bbox 1422 620 1741 663; x_wconf 84' lang='lat' dir='ltr'><strong>enumerare</strong></span> <span class='ocrx_word' id='word_1_25' title='bbox 1767 602 1986 682; x_wconf 82' lang='lat' dir='ltr'><strong>longum</strong></span> <span class='ocrx_word' id='word_1_26' title='bbox 2026 625 2128 681; x_wconf 91' lang='lat' dir='ltr'><strong>est,</strong></span> <span class='ocrx_word' id='word_1_27' title='bbox 2176 615 2243 672; x_wconf 88' lang='lat' dir='ltr'><strong>de</strong></span> 
     </span>
    </p>
   </div>
   <div class='ocr_carea' id='block_1_6' title="bbox 663 684 2244 770">
    <p class='ocr_par' dir='ltr' id='par_1_6' title="bbox 663 684 2244 770">
     <span class='ocr_line' id='line_1_6' title="bbox 663 684 2244 770; baseline 0.006 -16"><span class='ocrx_word' id='word_1_28' title='bbox 663 699 862 770; x_wconf 80' lang='lat' dir='ltr'><strong>quibus</strong></span> <span class='ocrx_word' id='word_1_29' title='bbox 908 699 1227 768; x_wconf 83' lang='lat' dir='ltr'><strong>saepedictus</strong></span> <span class='ocrx_word' id='word_1_30' title='bbox 1270 698 1514 768; x_wconf 78' lang='lat' dir='ltr'><strong>pontifex</strong></span> <span class='ocrx_word' id='word_1_31' title='bbox 1560 714 1746 757; x_wconf 88' lang='lat' dir='ltr'><strong>coram</strong></span> <span class='ocrx_word' id='word_1_32' title='bbox 1789 690 2039 761; x_wconf 85' lang='lat' dir='ltr'><strong>omnibus</strong></span> <span class='ocrx_word' id='word_1_33' title='bbox 2068 684 2123 762; x_wconf 84' lang='lat' dir='ltr'><strong>in</strong></span> <span class='ocrx_word' id='word_1_34' title='bbox 2152 723 2244 764; x_wconf 89' lang='lat' dir='ltr'><strong>eo-</strong></span> 
     </span>
    </p>
   </div>
   <div class='ocr_carea' id='block_1_7' title="bbox 662 790 2241 867">
    <p class='ocr_par' dir='ltr' id='par_1_7' title="bbox 662 790 2241 867">
     <span class='ocr_line' id='line_1_7' title="bbox 662 790 2241 867; baseline 0.006 -21"><span class='ocrx_word' id='word_1_35' title='bbox 662 792 786 846; x_wconf 87' lang='lat' dir='ltr'><strong>dem</strong></span> <span class='ocrx_word' id='word_1_36' title='bbox 814 790 1046 847; x_wconf 90' lang='lat' dir='ltr'><strong>concilio</strong></span> <span class='ocrx_word' id='word_1_37' title='bbox 1070 791 1495 847; x_wconf 69' lang='lat' dir='ltr'><strong>consistentibus</strong></span> <span class='ocrx_word' id='word_1_38' title='bbox 1530 793 1720 849; x_wconf 83' lang='lat' dir='ltr'><strong>habuit</strong></span> <span class='ocrx_word' id='word_1_39' title='bbox 1751 810 1880 852; x_wconf 90' lang='lat' dir='ltr'><strong>suos</strong></span> <span class='ocrx_word' id='word_1_40' title='bbox 1915 804 2102 867; x_wconf 80' lang='lat' dir='ltr'><strong>testes,</strong></span> <span class='ocrx_word' id='word_1_41' title='bbox 2131 806 2241 856; x_wconf 88' lang='lat' dir='ltr'><strong>tam</strong></span> 
     </span>
    </p>
   </div>
   <div class='ocr_carea' id='block_1_8' title="bbox 658 883 2241 952">
    <p class='ocr_par' dir='ltr' id='par_1_8' title="bbox 658 883 2241 952">
     <span class='ocr_line' id='line_1_8' title="bbox 658 883 2241 952; baseline 0.007 -14"><span class='ocrx_word' id='word_1_42' title='bbox 658 883 973 938; x_wconf 76' lang='lat' dir='ltr'><strong>sacerdotes</strong></span> <span class='ocrx_word' id='word_1_43' title='bbox 995 897 1158 952; x_wconf 89' lang='lat' dir='ltr'><strong>quam</strong></span> <span class='ocrx_word' id='word_1_44' title='bbox 1186 890 1243 938; x_wconf 92' lang='lat' dir='ltr'><strong>et</strong></span> <span class='ocrx_word' id='word_1_45' title='bbox 1270 883 1535 943; x_wconf 83' lang='lat' dir='ltr'><strong>veridicos</strong></span> <span class='ocrx_word' id='word_1_46' title='bbox 1567 885 1734 943; x_wconf 90' lang='lat' dir='ltr'><strong>laicos</strong></span> <span class='ocrx_word' id='word_1_47' title='bbox 1758 887 1967 946; x_wconf 87' lang='lat' dir='ltr'><strong>nobiles</strong></span> <span class='ocrx_word' id='word_1_48' title='bbox 1992 899 2047 947; x_wconf 91' lang='lat' dir='ltr'><strong>et</strong></span> <span class='ocrx_word' id='word_1_49' title='bbox 2070 890 2241 949; x_wconf 89' lang='lat' dir='ltr'><strong>bonos</strong></span> 
     </span>
    </p>
   </div>
   <div class='ocr_carea' id='block_1_9' title="bbox 659 974 2239 1047">
    <p class='ocr_par' dir='ltr' id='par_1_9' title="bbox 659 974 2239 1047">
     <span class='ocr_line' id='line_1_9' title="bbox 659 974 2239 1047; baseline 0.006 -17"><span class='ocrx_word' id='word_1_50' title='bbox 659 982 717 1030; x_wconf 90' lang='lat' dir='ltr'><strong>et</strong></span> <span class='ocrx_word' id='word_1_51' title='bbox 761 975 1033 1046; x_wconf 87' lang='lat' dir='ltr'><strong>legitimos</strong></span> <span class='ocrx_word' id='word_1_52' title='bbox 1079 974 1447 1043; x_wconf 83' lang='lat' dir='ltr'><strong>suﬂicienter,</strong></span> <span class='ocrx_word' id='word_1_53' title='bbox 1501 976 1591 1047; x_wconf 88' lang='lat' dir='ltr'><strong>qui</strong></span> <span class='ocrx_word' id='word_1_54' title='bbox 1643 980 1831 1034; x_wconf 85' lang='lat' dir='ltr'><strong>eadem</strong></span> <span class='ocrx_word' id='word_1_55' title='bbox 1881 981 2239 1046; x_wconf 86' lang='lat' dir='ltr'><strong>instrumenta</strong></span> 
     </span>
    </p>
   </div>
   <div class='ocr_carea' id='block_1_10' title="bbox 657 1065 2239 1143">
    <p class='ocr_par' dir='ltr' id='par_1_10' title="bbox 657 1065 2239 1143">
     <span class='ocr_line' id='line_1_10' title="bbox 657 1065 2239 1143; baseline 0.007 -23"><span class='ocrx_word' id='word_1_56' title='bbox 657 1065 968 1120; x_wconf 88' lang='lat' dir='ltr'><strong>chartarum</strong></span> <span class='ocrx_word' id='word_1_57' title='bbox 999 1066 1432 1137; x_wconf 89' lang='lat' dir='ltr'><strong>approbaverunt</strong></span> <span class='ocrx_word' id='word_1_58' title='bbox 1458 1087 1471 1122; x_wconf 90' lang='lat'><strong>:</strong></span> <span class='ocrx_word' id='word_1_59' title='bbox 1499 1077 1555 1124; x_wconf 89' lang='lat' dir='ltr'><strong>et</strong></span> <span class='ocrx_word' id='word_1_60' title='bbox 1580 1084 1644 1125; x_wconf 89' lang='lat' dir='ltr'><strong>ea</strong></span> <span class='ocrx_word' id='word_1_61' title='bbox 1674 1070 1816 1126; x_wconf 79' lang='lat' dir='ltr'><strong>infra</strong></span> <span class='ocrx_word' id='word_1_62' title='bbox 1845 1072 2116 1143; x_wconf 84' lang='lat' dir='ltr'><strong>legitimos</strong></span> <span class='ocrx_word' id='word_1_63' title='bbox 2142 1092 2239 1131; x_wconf 91' lang='lat' dir='ltr'><strong>an-</strong></span> 
     </span>
    </p>
   </div>
   <div class='ocr_carea' id='block_1_11' title="bbox 658 1156 2240 1236">
    <p class='ocr_par' dir='ltr' id='par_1_11' title="bbox 658 1156 2240 1236">
     <span class='ocr_line' id='line_1_11' title="bbox 658 1156 2240 1236; baseline 0.008 -27"><span class='ocrx_word' id='word_1_64' title='bbox 658 1170 757 1210; x_wconf 90' lang='lat' dir='ltr'><strong>nos</strong></span> <span class='ocrx_word' id='word_1_65' title='bbox 783 1156 1041 1211; x_wconf 88' lang='lat' dir='ltr'><strong>canonice</strong></span> <span class='ocrx_word' id='word_1_66' title='bbox 1068 1165 1123 1211; x_wconf 91' lang='lat' dir='ltr'><strong>et</strong></span> <span class='ocrx_word' id='word_1_67' title='bbox 1150 1157 1360 1229; x_wconf 80' lang='lat' dir='ltr'><strong>legibus</strong></span> <span class='ocrx_word' id='word_1_68' title='bbox 1383 1160 1581 1215; x_wconf 88' lang='lat' dir='ltr'><strong>vestita</strong></span> <span class='ocrx_word' id='word_1_69' title='bbox 1615 1161 1888 1229; x_wconf 87' lang='lat' dir='ltr'><strong>viderunt,</strong></span> <span class='ocrx_word' id='word_1_70' title='bbox 1917 1170 1971 1218; x_wconf 89' lang='lat' dir='ltr'><strong>et</strong></span> <span class='ocrx_word' id='word_1_71' title='bbox 2007 1165 2240 1236; x_wconf 90' lang='lat' dir='ltr'><strong>pleniter</strong></span> 
     </span>
    </p>
   </div>
   <div class='ocr_carea' id='block_1_12' title="bbox 657 1246 2238 1326">
    <p class='ocr_par' dir='ltr' id='par_1_12' title="bbox 657 1246 2238 1326">
     <span class='ocr_line' id='line_1_12' title="bbox 657 1246 2238 1326; baseline 0.009 -26"><span class='ocrx_word' id='word_1_72' title='bbox 657 1256 822 1317; x_wconf 84' lang='lat' dir='ltr'><strong>atque</strong></span> <span class='ocrx_word' id='word_1_73' title='bbox 871 1247 1077 1318; x_wconf 80' lang='lat' dir='ltr'><strong>legibus</strong></span> <span class='ocrx_word' id='word_1_74' title='bbox 1106 1246 1536 1306; x_wconf 77' lang='lat' dir='ltr'><strong>testiﬁcaba‘ntur</strong></span> <span class='ocrx_word' id='word_1_75' title='bbox 1578 1254 1698 1323; x_wconf 87' lang='lat' dir='ltr'><strong>plus</strong></span> <span class='ocrx_word' id='word_1_76' title='bbox 1747 1271 1844 1326; x_wconf 90' lang='lat' dir='ltr'><strong>per</strong></span> <span class='ocrx_word' id='word_1_77' title='bbox 1867 1254 2135 1324; x_wconf 83' lang='lat' dir='ltr'><strong>justitiam</strong></span> <span class='ocrx_word' id='word_1_78' title='bbox 2182 1268 2238 1315; x_wconf 93' lang='lat' dir='ltr'><strong>et</strong></span> 
     </span>
    </p>
   </div>
   <div class='ocr_carea' id='block_1_13' title="bbox 655 1332 2236 1419">
    <p class='ocr_par' dir='ltr' id='par_1_13' title="bbox 655 1332 2236 1419">
     <span class='ocr_line' id='line_1_13' title="bbox 655 1332 2236 1419; baseline 0.009 -25"><span class='ocrx_word' id='word_1_79' title='bbox 655 1340 828 1412; x_wconf 81' lang='lat' dir='ltr'><strong>legem</strong></span> <span class='ocrx_word' id='word_1_80' title='bbox 856 1342 1171 1398; x_wconf 85' lang='lat' dir='ltr'><strong>canonicam</strong></span> <span class='ocrx_word' id='word_1_81' title='bbox 1196 1348 1250 1399; x_wconf 91' lang='lat' dir='ltr'><strong>et</strong></span> <span class='ocrx_word' id='word_1_82' title='bbox 1279 1346 1608 1401; x_wconf 85' lang='lat' dir='ltr'><strong>mundanam</strong></span> <span class='ocrx_word' id='word_1_83' title='bbox 1644 1332 1959 1419; x_wconf 76' lang='lat' dir='ltr'><strong>praedictum</strong></span> <span class='ocrx_word' id='word_1_84' title='bbox 2000 1348 2236 1408; x_wconf 69' lang='lat' dir='ltr'><strong>Anisolze</strong></span> 
     </span>
    </p>
   </div>
   <div class='ocr_carea' id='block_1_14' title="bbox 654 1436 2235 1511">
    <p class='ocr_par' dir='ltr' id='par_1_14' title="bbox 654 1436 2235 1511">
     <span class='ocr_line' id='line_1_14' title="bbox 654 1436 2235 1511; baseline 0.008 -23"><span class='ocrx_word' id='word_1_85' title='bbox 654 1436 1042 1490; x_wconf 84' lang='lat' dir='ltr'><strong>monasterium</strong></span> <span class='ocrx_word' id='word_1_86' title='bbox 1079 1450 1204 1491; x_wconf 91' lang='lat' dir='ltr'><strong>cum</strong></span> <span class='ocrx_word' id='word_1_87' title='bbox 1237 1437 1488 1493; x_wconf 90' lang='lat' dir='ltr'><strong>omnibus</strong></span> <span class='ocrx_word' id='word_1_88' title='bbox 1534 1439 1601 1494; x_wconf 90' lang='lat' dir='ltr'><strong>ad</strong></span> <span class='ocrx_word' id='word_1_89' title='bbox 1632 1455 1691 1496; x_wconf 91' lang='lat' dir='ltr'><strong>se</strong></span> <span class='ocrx_word' id='word_1_90' title='bbox 1717 1440 2120 1511; x_wconf 86' lang='lat' dir='ltr'><strong>pertinentibus</strong></span> <span class='ocrx_word' id='word_1_91' title='bbox 2166 1446 2235 1501; x_wconf 91' lang='lat' dir='ltr'><strong>ad</strong></span> 
     </span>
    </p>
   </div>
   <div class='ocr_carea' id='block_1_15' title="bbox 2348 614 3783 710">
    <p class='ocr_par' dir='ltr' id='par_1_15' title="bbox 2348 614 3783 710">
     <span class='ocr_line' id='line_1_15' title="bbox 2348 614 3783 710; baseline 0.013 -36"><span class='ocrx_word' id='word_1_92' title='bbox 2348 629 2660 677; x_wconf 89' lang='lat' dir='ltr'><strong>sanctorum</strong></span> <span class='ocrx_word' id='word_1_93' title='bbox 2674 621 2898 678; x_wconf 80' lang='lat' dir='ltr'><strong>Patrum</strong></span> <span class='ocrx_word' id='word_1_94' title='bbox 2920 620 3241 682; x_wconf 85' lang='lat' dir='ltr'><strong>traditiones</strong></span> <span class='ocrx_word' id='word_1_95' title='bbox 3262 614 3504 698; x_wconf 74' lang='lat' dir='ltr'><strong>potestate</strong></span> <span class='ocrx_word' id='word_1_96' title='bbox 3520 648 3783 710; x_wconf 71' lang='lat' dir='ltr'><strong>permaneant,</strong></span> 
     </span>
    </p>
   </div>
   <div class='ocr_carea' id='block_1_16' title="bbox 2344 717 3783 792">
    <p class='ocr_par' dir='ltr' id='par_1_16' title="bbox 2344 717 3783 792">
     <span class='ocr_line' id='line_1_16' title="bbox 2344 717 3783 792; baseline 0.013 -26"><span class='ocrx_word' id='word_1_97' title='bbox 2344 727 2520 782; x_wconf 90' lang='lat' dir='ltr'><strong>neque</strong></span> <span class='ocrx_word' id='word_1_98' title='bbox 2552 729 2651 785; x_wconf 90' lang='lat' dir='ltr'><strong>per</strong></span> <span class='ocrx_word' id='word_1_99' title='bbox 2676 717 3075 771; x_wconf 85' lang='lat' dir='ltr'><strong>contumaciam</strong></span> <span class='ocrx_word' id='word_1_100' title='bbox 3102 719 3170 774; x_wconf 87' lang='lat' dir='ltr'><strong>ab</strong></span> <span class='ocrx_word' id='word_1_101' title='bbox 3197 721 3439 792; x_wconf 83' lang='lat' dir='ltr'><strong>episcopo</strong></span> <span class='ocrx_word' id='word_1_102' title='bbox 3474 740 3557 780; x_wconf 90' lang='lat' dir='ltr'><strong>suo</strong></span> <span class='ocrx_word' id='word_1_103' title='bbox 3589 728 3783 791; x_wconf 62' lang='lat' dir='ltr'><strong>disil&#39;nnt.</strong></span> 
     </span>
    </p>
   </div>
   <div class='ocr_carea' id='block_1_17' title="bbox 2343 801 3785 893">
    <p class='ocr_par' dir='ltr' id='par_1_17' title="bbox 2343 801 3785 893">
     <span class='ocr_line' id='line_1_17' title="bbox 2343 801 3785 893; baseline 0.017 -37"><span class='ocrx_word' id='word_1_104' title='bbox 2343 801 2446 870; x_wconf 83' lang='lat' dir='ltr'><strong>Qui</strong></span> <span class='ocrx_word' id='word_1_105' title='bbox 2493 820 2624 861; x_wconf 92' lang='lat' dir='ltr'><strong>vero</strong></span> <span class='ocrx_word' id='word_1_106' title='bbox 2668 807 2870 881; x_wconf 77' lang='lat' dir='ltr'><strong>audent</strong></span> <span class='ocrx_word' id='word_1_107' title='bbox 2899 815 3143 867; x_wconf 79' lang='lat' dir='ltr'><strong>evertere</strong></span> <span class='ocrx_word' id='word_1_108' title='bbox 3185 810 3681 881; x_wconf 76' lang='lat' dir='ltr'><strong>huiusmodiformam</strong></span> <span class='ocrx_word' id='word_1_109' title='bbox 3701 840 3785 893; x_wconf 84' lang='lat' dir='ltr'><strong>quo-</strong></span> 
     </span>
    </p>
   </div>
   <div class='ocr_carea' id='block_1_18' title="bbox 2342 898 3785 983">
    <p class='ocr_par' dir='ltr' id='par_1_18' title="bbox 2342 898 3785 983">
     <span class='ocr_line' id='line_1_18' title="bbox 2342 898 3785 983; baseline 0.015 -35"><span class='ocrx_word' id='word_1_110' title='bbox 2342 909 2556 965; x_wconf 90' lang='lat' dir='ltr'><strong>cunque</strong></span> <span class='ocrx_word' id='word_1_111' title='bbox 2580 898 2761 963; x_wconf 92' lang='lat' dir='ltr'><strong>modo,</strong></span> <span class='ocrx_word' id='word_1_112' title='bbox 2790 914 2892 954; x_wconf 90' lang='lat' dir='ltr'><strong>nec</strong></span> <span class='ocrx_word' id='word_1_113' title='bbox 2913 901 3138 971; x_wconf 88' lang='lat' dir='ltr'><strong>proprio</strong></span> <span class='ocrx_word' id='word_1_114' title='bbox 3162 902 3504 974; x_wconf 84' lang='lat' dir='ltr'><strong>subjiciuntur</strong></span> <span class='ocrx_word' id='word_1_115' title='bbox 3529 910 3731 983; x_wconf 82' lang='lat' dir='ltr'><strong>episcopo,</strong></span> <span class='ocrx_word' id='word_1_116' title='bbox 3759 918 3785 973; x_wconf 86' lang='lat' dir='ltr'><strong>si</strong></span> 
     </span>
    </p>
   </div>
   <div class='ocr_carea' id='block_1_19' title="bbox 2340 987 3786 1079">
    <p class='ocr_par' dir='ltr' id='par_1_19' title="bbox 2340 987 3786 1079">
     <span class='ocr_line' id='line_1_19' title="bbox 2340 987 3786 1079; baseline 0.012 -37"><span class='ocrx_word' id='word_1_117' title='bbox 2340 987 2570 1058; x_wconf 79' lang='lat' dir='ltr'><strong>quidem</strong></span> <span class='ocrx_word' id='word_1_118' title='bbox 2588 988 2776 1046; x_wconf 88' lang='lat' dir='ltr'><strong>clerici</strong></span> <span class='ocrx_word' id='word_1_119' title='bbox 2801 1000 2948 1059; x_wconf 88' lang='lat' dir='ltr'><strong>sunt,</strong></span> <span class='ocrx_word' id='word_1_120' title='bbox 2973 1008 3243 1051; x_wconf 88' lang='lat' dir='ltr'><strong>canonum</strong></span> <span class='ocrx_word' id='word_1_121' title='bbox 3268 1000 3648 1079; x_wconf 79' lang='lat' dir='ltr'><strong>correptionibns</strong></span> <span class='ocrx_word' id='word_1_122' title='bbox 3674 1008 3786 1076; x_wconf 74' lang='lat' dir='ltr'><strong>subia-</strong></span> 
     </span>
    </p>
   </div>
   <div class='ocr_carea' id='block_1_20' title="bbox 2339 1080 3787 1159">
    <p class='ocr_par' dir='ltr' id='par_1_20' title="bbox 2339 1080 3787 1159">
     <span class='ocr_line' id='line_1_20' title="bbox 2339 1080 3787 1159; baseline 0.012 -22"><span class='ocrx_word' id='word_1_123' title='bbox 2339 1080 2569 1147; x_wconf 86' lang='lat' dir='ltr'><strong>cebunt;</strong></span> <span class='ocrx_word' id='word_1_124' title='bbox 2600 1082 2650 1137; x_wconf 89' lang='lat' dir='ltr'><strong>si</strong></span> <span class='ocrx_word' id='word_1_125' title='bbox 2677 1097 2807 1138; x_wconf 86' lang='lat' dir='ltr'><strong>vero</strong></span> <span class='ocrx_word' id='word_1_126' title='bbox 2835 1080 2963 1141; x_wconf 84' lang='lat' dir='ltr'><strong>laici</strong></span> <span class='ocrx_word' id='word_1_127' title='bbox 3007 1086 3092 1141; x_wconf 87' lang='lat' dir='ltr'><strong>vel</strong></span> <span class='ocrx_word' id='word_1_128' title='bbox 3120 1089 3368 1145; x_wconf 85' lang='lat' dir='ltr'><strong>monachi</strong></span> <span class='ocrx_word' id='word_1_129' title='bbox 3412 1091 3600 1159; x_wconf 82' lang='lat' dir='ltr'><strong>fuerint,</strong></span> <span class='ocrx_word' id='word_1_130' title='bbox 3630 1112 3787 1155; x_wconf 81' lang='lat' dir='ltr'><strong>commu-</strong></span> 
     </span>
    </p>
   </div>
   <div class='ocr_carea' id='block_1_21' title="bbox 2338 1170 3784 1256">
    <p class='ocr_par' dir='ltr' id='par_1_21' title="bbox 2338 1170 3784 1256">
     <span class='ocr_line' id='line_1_21' title="bbox 2338 1170 3784 1256; baseline 0.015 -33"><span class='ocrx_word' id='word_1_131' title='bbox 2338 1170 2501 1225; x_wconf 87' lang='lat' dir='ltr'><strong>nione</strong></span> <span class='ocrx_word' id='word_1_132' title='bbox 2543 1172 2845 1240; x_wconf 88' lang='lat' dir='ltr'><strong>priventur.</strong></span> <span class='ocrx_word' id='word_1_133' title='bbox 2885 1194 2905 1228; x_wconf 69' lang='grc' dir='ltr'><strong><em>ι</em></strong></span> <span class='ocrx_word' id='word_1_134' title='bbox 2950 1173 3196 1233; x_wconf 86' lang='lat' dir='ltr'><strong>Perlecta</strong></span> <span class='ocrx_word' id='word_1_135' title='bbox 3246 1188 3417 1237; x_wconf 88' lang='lat' dir='ltr'><strong>autem</strong></span> <span class='ocrx_word' id='word_1_136' title='bbox 3461 1183 3551 1239; x_wconf 89' lang='lat' dir='ltr'><strong>hac</strong></span> <span class='ocrx_word' id='word_1_137' title='bbox 3587 1192 3784 1256; x_wconf 76' lang='lat' dir='ltr'><strong>sententia,</strong></span> 
     </span>
    </p>
   </div>
   <div class='ocr_carea' id='block_1_22' title="bbox 2338 1259 3785 1336">
    <p class='ocr_par' dir='ltr' id='par_1_22' title="bbox 2338 1259 3785 1336">
     <span class='ocr_line' id='line_1_22' title="bbox 2338 1259 3785 1336; baseline 0.014 -23"><span class='ocrx_word' id='word_1_138' title='bbox 2338 1259 2535 1314; x_wconf 84' lang='lat' dir='ltr'><strong>iterum</strong></span> <span class='ocrx_word' id='word_1_139' title='bbox 2576 1262 2897 1336; x_wconf 78' lang='lat' dir='ltr'><strong>interrogati</strong></span> <span class='ocrx_word' id='word_1_140' title='bbox 2929 1275 3057 1323; x_wconf 89' lang='lat' dir='ltr'><strong>sunt</strong></span> <span class='ocrx_word' id='word_1_141' title='bbox 3099 1268 3143 1323; x_wconf 90' lang='lat' dir='ltr'><strong>si</strong></span> <span class='ocrx_word' id='word_1_142' title='bbox 3184 1270 3356 1327; x_wconf 88' lang='lat' dir='ltr'><strong>adhuc</strong></span> <span class='ocrx_word' id='word_1_143' title='bbox 3388 1283 3549 1330; x_wconf 85' lang='lat' dir='ltr'><strong>essent</strong></span> <span class='ocrx_word' id='word_1_144' title='bbox 3583 1276 3643 1330; x_wconf 83' lang='lat' dir='ltr'><strong>ita</strong></span> <span class='ocrx_word' id='word_1_145' title='bbox 3668 1278 3785 1334; x_wconf 75' lang='lat' dir='ltr'><strong>inobe-</strong></span> 
     </span>
    </p>
   </div>
   <div class='ocr_carea' id='block_1_23' title="bbox 2337 1351 3787 1441">
    <p class='ocr_par' dir='ltr' id='par_1_23' title="bbox 2337 1351 3787 1441">
     <span class='ocr_line' id='line_1_23' title="bbox 2337 1351 3787 1441; baseline 0.014 -36"><span class='ocrx_word' id='word_1_146' title='bbox 2337 1351 2549 1408; x_wconf 89' lang='lat' dir='ltr'><strong>dientes</strong></span> <span class='ocrx_word' id='word_1_147' title='bbox 2590 1364 2651 1409; x_wconf 92' lang='lat' dir='ltr'><strong>ut</strong></span> <span class='ocrx_word' id='word_1_148' title='bbox 2678 1356 2851 1425; x_wconf 92' lang='lat' dir='ltr'><strong>prius.</strong></span> <span class='ocrx_word' id='word_1_149' title='bbox 2882 1356 2962 1412; x_wconf 91' lang='lat' dir='ltr'><strong>Illi</strong></span> <span class='ocrx_word' id='word_1_150' title='bbox 3006 1375 3137 1441; x_wconf 70' lang='lat' dir='ltr'><strong>vero</strong></span> <span class='ocrx_word' id='word_1_151' title='bbox 3174 1360 3228 1415; x_wconf 91' lang='lat' dir='ltr'><strong>in</strong></span> <span class='ocrx_word' id='word_1_152' title='bbox 3257 1363 3434 1419; x_wconf 90' lang='lat' dir='ltr'><strong>eadem</strong></span> <span class='ocrx_word' id='word_1_153' title='bbox 3462 1368 3699 1435; x_wconf 78' lang='lat' dir='ltr'><strong>pertinacia</strong></span> <span class='ocrx_word' id='word_1_154' title='bbox 3713 1386 3787 1441; x_wconf 80' lang='lat' dir='ltr'><strong>per-</strong></span> 
     </span>
    </p>
   </div>
   <div class='ocr_carea' id='block_1_24' title="bbox 2336 1442 3789 1526">
    <p class='ocr_par' dir='ltr' id='par_1_24' title="bbox 2336 1442 3789 1526">
     <span class='ocr_line' id='line_1_24' title="bbox 2336 1442 3789 1526; baseline 0.012 -28"><span class='ocrx_word' id='word_1_155' title='bbox 2336 1452 2641 1514; x_wconf 87' lang='lat' dir='ltr'><strong>manentes,</strong></span> <span class='ocrx_word' id='word_1_156' title='bbox 2668 1455 2796 1503; x_wconf 92' lang='lat' dir='ltr'><strong>tunc</strong></span> <span class='ocrx_word' id='word_1_157' title='bbox 2818 1442 3027 1520; x_wconf 82' lang='lat' dir='ltr'><strong>judicio</strong></span> <span class='ocrx_word' id='word_1_158' title='bbox 3052 1453 3292 1507; x_wconf 91' lang='lat' dir='ltr'><strong>omnium</strong></span> <span class='ocrx_word' id='word_1_159' title='bbox 3317 1455 3643 1526; x_wconf 84' lang='lat' dir='ltr'><strong>episcoporum</strong></span> <span class='ocrx_word' id='word_1_160' title='bbox 3661 1469 3700 1514; x_wconf 88' lang='lat' dir='ltr'><strong>et</strong></span> <span class='ocrx_word' id='word_1_161' title='bbox 3716 1463 3789 1518; x_wconf 86' lang='lat' dir='ltr'><strong>uni-</strong></span> 
     </span>
    </p>
   </div>
   <div class='ocr_carea' id='block_1_25' title="bbox 647 1524 3787 1610">
    <p class='ocr_par' dir='ltr' id='par_1_25' title="bbox 647 1524 3787 1610">
     <span class='ocr_line' id='line_1_25' title="bbox 647 1524 3787 1610; baseline 0.009 -29"><span class='ocrx_word' id='word_1_162' title='bbox 647 1524 736 1595; x_wconf 77' lang='lat' dir='ltr'><strong>jus</strong></span> <span class='ocrx_word' id='word_1_163' title='bbox 781 1527 1157 1584; x_wconf 66' lang='lat' dir='ltr'><strong>Cenoman‘icze</strong></span> <span class='ocrx_word' id='word_1_164' title='bbox 1211 1530 1401 1585; x_wconf 84' lang='lat' dir='ltr'><strong>matris</strong></span> <span class='ocrx_word' id='word_1_165' title='bbox 1447 1530 1690 1587; x_wconf 80' lang='lat' dir='ltr'><strong>ecclesiae</strong></span> <span class='ocrx_word' id='word_1_166' title='bbox 1737 1532 2013 1603; x_wconf 90' lang='lat' dir='ltr'><strong>pertinere</strong></span> <span class='ocrx_word' id='word_1_167' title='bbox 2069 1536 2232 1606; x_wconf 85' lang='lat' dir='ltr'><strong>quam</strong></span> <span class='ocrx_word' id='word_1_168' title='bbox 2333 1537 2563 1593; x_wconf 76' lang='lat' dir='ltr'><strong>versatis</strong></span> <span class='ocrx_word' id='word_1_169' title='bbox 2607 1538 2781 1595; x_wconf 89' lang='lat' dir='ltr'><strong>sancti</strong></span> <span class='ocrx_word' id='word_1_170' title='bbox 2810 1542 3025 1598; x_wconf 87' lang='lat' dir='ltr'><strong>concilii</strong></span> <span class='ocrx_word' id='word_1_171' title='bbox 3072 1524 3365 1601; x_wconf 86' lang='lat' dir='ltr'><strong>secundum</strong></span> <span class='ocrx_word' id='word_1_172' title='bbox 3403 1524 3530 1605; x_wconf 76' lang='lat' dir='ltr'><strong>hanc</strong></span> <span class='ocrx_word' id='word_1_173' title='bbox 3562 1553 3787 1610; x_wconf 76' lang='lat' dir='ltr'><strong>sententiam</strong></span> 
     </span>
    </p>
   </div>
   <div class='ocr_carea' id='block_1_26' title="bbox 652 1612 3788 1711">
    <p class='ocr_par' dir='ltr' id='par_1_26' title="bbox 652 1612 3788 1711">
     <span class='ocr_line' id='line_1_26' title="bbox 652 1612 3788 1711; baseline 0.01 -39"><span class='ocrx_word' id='word_1_174' title='bbox 652 1619 839 1685; x_wconf 84' lang='lat' dir='ltr'><strong>aliubi,</strong></span> <span class='ocrx_word' id='word_1_175' title='bbox 885 1630 981 1674; x_wconf 90' lang='lat' dir='ltr'><strong>aut</strong></span> <span class='ocrx_word' id='word_1_176' title='bbox 1011 1620 1175 1676; x_wconf 85' lang='lat' dir='ltr'><strong>ﬁscus</strong></span> <span class='ocrx_word' id='word_1_177' title='bbox 1227 1620 1532 1678; x_wconf 89' lang='lat' dir='ltr'><strong>dominicus</strong></span> <span class='ocrx_word' id='word_1_178' title='bbox 1563 1632 1656 1679; x_wconf 90' lang='lat' dir='ltr'><strong>aut</strong></span> <span class='ocrx_word' id='word_1_179' title='bbox 1707 1616 1986 1705; x_wconf 84' lang='lat' dir='ltr'><strong>proprium</strong></span> <span class='ocrx_word' id='word_1_180' title='bbox 2027 1612 2231 1684; x_wconf 84' lang='lat' dir='ltr'><strong>domini</strong></span> <span class='ocrx_word' id='word_1_181' title='bbox 2336 1629 2403 1683; x_wconf 91' lang='lat' dir='ltr'><strong>ab</strong></span> <span class='ocrx_word' id='word_1_182' title='bbox 2433 1631 2685 1687; x_wconf 90' lang='lat' dir='ltr'><strong>omnibus</strong></span> <span class='ocrx_word' id='word_1_183' title='bbox 2730 1634 2999 1709; x_wconf 89' lang='lat' dir='ltr'><strong>episcopis</strong></span> <span class='ocrx_word' id='word_1_184' title='bbox 3037 1646 3092 1692; x_wconf 90' lang='lat' dir='ltr'><strong>et</strong></span> <span class='ocrx_word' id='word_1_185' title='bbox 3141 1638 3379 1711; x_wconf 76' lang='lat' dir='ltr'><strong>reliquis</strong></span> <span class='ocrx_word' id='word_1_186' title='bbox 3408 1645 3710 1703; x_wconf 87' lang='lat' dir='ltr'><strong>sacerdotibus</strong></span> <span class='ocrx_word' id='word_1_187' title='bbox 3731 1665 3788 1703; x_wconf 75' lang='lat' dir='ltr'><strong>e1-</strong></span> 
     </span>
    </p>
   </div>
   <div class='ocr_carea' id='block_1_27' title="bbox 648 1710 3788 1807">
    <p class='ocr_par' dir='ltr' id='par_1_27' title="bbox 648 1710 3788 1807">
     <span class='ocr_line' id='line_1_27' title="bbox 648 1710 3788 1807; baseline 0.01 -42"><span class='ocrx_word' id='word_1_188' title='bbox 648 1710 994 1807; x_wconf 71' lang='lat' dir='ltr'><strong>imperatoris</strong></span> <span class='ocrx_word' id='word_1_189' title='bbox 1038 1720 1132 1766; x_wconf 90' lang='lat' dir='ltr'><strong>aut</strong></span> <span class='ocrx_word' id='word_1_190' title='bbox 1161 1711 1387 1782; x_wconf 84' lang='lat' dir='ltr'><strong>alicujus</strong></span> <span class='ocrx_word' id='word_1_191' title='bbox 1427 1712 1663 1770; x_wconf 91' lang='lat' dir='ltr'><strong>hominis</strong></span> <span class='ocrx_word' id='word_1_192' title='bbox 1697 1729 1818 1771; x_wconf 87' lang='lat' dir='ltr'><strong>esse</strong></span> <span class='ocrx_word' id='word_1_193' title='bbox 1856 1717 2257 1805; x_wconf 40' lang='lat' dir='ltr'><strong>dcbcreHSed,</strong></span> <span class='ocrx_word' id='word_1_194' title='bbox 2333 1719 2469 1776; x_wconf 89' lang='lat' dir='ltr'><strong>clusi</strong></span> <span class='ocrx_word' id='word_1_195' title='bbox 2501 1730 2627 1778; x_wconf 90' lang='lat' dir='ltr'><strong>sunt</strong></span> <span class='ocrx_word' id='word_1_196' title='bbox 2668 1723 2737 1779; x_wconf 91' lang='lat' dir='ltr'><strong>ab</strong></span> <span class='ocrx_word' id='word_1_197' title='bbox 2762 1722 2909 1780; x_wconf 84' lang='lat' dir='ltr'><strong>omni</strong></span> <span class='ocrx_word' id='word_1_198' title='bbox 2937 1710 3276 1784; x_wconf 87' lang='lat' dir='ltr'><strong>sacerdotali</strong></span> <span class='ocrx_word' id='word_1_199' title='bbox 3304 1731 3530 1807; x_wconf 83' lang='lat' dir='ltr'><strong>catalogo</strong></span> <span class='ocrx_word' id='word_1_200' title='bbox 3553 1746 3598 1791; x_wconf 89' lang='lat' dir='ltr'><strong>et</strong></span> <span class='ocrx_word' id='word_1_201' title='bbox 3630 1753 3788 1796; x_wconf 82' lang='lat' dir='ltr'><strong>commu-</strong></span> 
     </span>
    </p>
   </div>
   <div class='ocr_carea' id='block_1_28' title="bbox 608 1795 3787 1897">
    <p class='ocr_par' dir='ltr' id='par_1_28' title="bbox 608 1795 3787 1897">
     <span class='ocr_line' id='line_1_28' title="bbox 608 1795 3787 1897; baseline 0.01 -42"><span class='ocrx_word' id='word_1_202' title='bbox 608 1828 613 1831; x_wconf 81' lang='grc'><strong><em>-</em></strong></span> <span class='ocrx_word' id='word_1_203' title='bbox 647 1795 826 1858; x_wconf 80' lang='lat' dir='ltr'><strong>nullus</strong></span> <span class='ocrx_word' id='word_1_204' title='bbox 864 1804 1113 1859; x_wconf 90' lang='lat' dir='ltr'><strong>inventus</strong></span> <span class='ocrx_word' id='word_1_205' title='bbox 1142 1812 1227 1859; x_wconf 90' lang='lat' dir='ltr'><strong>est</strong></span> <span class='ocrx_word' id='word_1_206' title='bbox 1267 1805 1358 1875; x_wconf 90' lang='lat' dir='ltr'><strong>qui</strong></span> <span class='ocrx_word' id='word_1_207' title='bbox 1410 1813 1600 1860; x_wconf 90' lang='lat' dir='ltr'><strong>contra</strong></span> <span class='ocrx_word' id='word_1_208' title='bbox 1651 1807 1767 1862; x_wconf 68' lang='lat' dir='ltr'><strong>haec</strong></span> <span class='ocrx_word' id='word_1_209' title='bbox 1809 1806 2009 1893; x_wconf 87' lang='lat' dir='ltr'><strong>aliquid</strong></span> <span class='ocrx_word' id='word_1_210' title='bbox 2048 1795 2230 1866; x_wconf 77' lang='lat' dir='ltr'><strong>dicere</strong></span> <span class='ocrx_word' id='word_1_211' title='bbox 2256 1882 2301 1897; x_wconf 41' lang='lat' dir='ltr'><strong>ﬁ</strong></span> <span class='ocrx_word' id='word_1_212' title='bbox 2331 1812 2514 1880; x_wconf 77' lang='lat' dir='ltr'><strong>nibhe,</strong></span> <span class='ocrx_word' id='word_1_213' title='bbox 2568 1812 2624 1871; x_wconf 82' lang='lat' dir='ltr'><strong>et</strong></span> <span class='ocrx_word' id='word_1_214' title='bbox 2665 1825 2934 1885; x_wconf 82' lang='lat' dir='ltr'><strong>extorres,</strong></span> <span class='ocrx_word' id='word_1_215' title='bbox 2966 1820 3014 1875; x_wconf 88' lang='lat' dir='ltr'><strong>si</strong></span> <span class='ocrx_word' id='word_1_216' title='bbox 3060 1802 3434 1881; x_wconf 84' lang='lat' dir='ltr'><strong>irrevocabiles</strong></span> <span class='ocrx_word' id='word_1_217' title='bbox 3456 1795 3787 1897; x_wconf 51' lang='lat' dir='ltr'><strong>persistere)“</strong></span> 
     </span>
    </p>
   </div>
   <div class='ocr_carea' id='block_1_29' title="bbox 646 1882 3789 1990">
    <p class='ocr_par' dir='ltr' id='par_1_29' title="bbox 646 1882 3789 1990">
     <span class='ocr_line' id='line_1_29' title="bbox 646 1882 3789 1990; baseline 0.001 -16"><span class='ocrx_word' id='word_1_218' title='bbox 646 1894 997 1990; x_wconf 47' lang='lat' dir='ltr'><strong>“&quot;‘Rmba’e</strong></span> <span class='ocrx_word' id='word_1_219' title='bbox 1028 1893 1307 1950; x_wconf 59' lang='lat' dir='ltr'><strong>Vomisset-</strong></span> <span class='ocrx_word' id='word_1_220' title='bbox 1334 1894 1485 1950; x_wconf 76' lang='grc' dir='ltr'><strong>Τυηο</strong></span> <span class='ocrx_word' id='word_1_221' title='bbox 1511 1896 1767 1965; x_wconf 63' lang='grc' dir='ltr'><strong>βτίὲἷθιιιε</strong></span> <span class='ocrx_word' id='word_1_222' title='bbox 1789 1888 2019 1987; x_wconf 77' lang='lat' dir='ltr'><strong>domnus</strong></span> <span class='ocrx_word' id='word_1_223' title='bbox 2046 1900 2225 1987; x_wconf 85' lang='lat' dir='ltr'><strong>Drogo</strong></span> <span class='ocrx_word' id='word_1_224' title='bbox 2255 1882 2303 1942; x_wconf 81' lang='grc' dir='ltr'><strong>Β</strong></span> <span class='ocrx_word' id='word_1_225' title='bbox 2329 1905 2597 1963; x_wconf 86' lang='lat' dir='ltr'><strong>catholica</strong></span> <span class='ocrx_word' id='word_1_226' title='bbox 2627 1906 2869 1966; x_wconf 87' lang='lat' dir='ltr'><strong>Ecclesia</strong></span> <span class='ocrx_word' id='word_1_227' title='bbox 2898 1882 3029 1968; x_wconf 82' lang='lat' dir='ltr'><strong>facti</strong></span> <span class='ocrx_word' id='word_1_228' title='bbox 3055 1910 3204 1969; x_wconf 83' lang='lat' dir='ltr'><strong>sunt.</strong></span> <span class='ocrx_word' id='word_1_229' title='bbox 3240 1914 3386 1973; x_wconf 92' lang='lat' dir='ltr'><strong>Tunc</strong></span> <span class='ocrx_word' id='word_1_230' title='bbox 3406 1882 3521 1990; x_wconf 66' lang='lat' dir='ltr'><strong>ergo</strong></span> <span class='ocrx_word' id='word_1_231' title='bbox 3542 1882 3789 1979; x_wconf 84' lang='lat' dir='ltr'><strong>ab</strong></span> 
     </span>
    </p>
   </div>
   <div class='ocr_carea' id='block_1_30' title="bbox 634 1980 2225 2061">
    <p class='ocr_par' dir='ltr' id='par_1_30' title="bbox 634 1980 2225 2061">
     <span class='ocr_line' id='line_1_30' title="bbox 634 1980 2225 2061; baseline 0.006 -25"><span class='ocrx_word' id='word_1_232' title='bbox 634 1983 1087 2055; x_wconf 81' lang='lat' dir='ltr'><strong>archiepiscopus</strong></span> <span class='ocrx_word' id='word_1_233' title='bbox 1136 1992 1191 2039; x_wconf 91' lang='lat' dir='ltr'><strong>et</strong></span> <span class='ocrx_word' id='word_1_234' title='bbox 1235 1985 1420 2040; x_wconf 90' lang='lat' dir='ltr'><strong>senior</strong></span> <span class='ocrx_word' id='word_1_235' title='bbox 1463 1985 1775 2057; x_wconf 85' lang='lat' dir='ltr'><strong>capellanus</strong></span> <span class='ocrx_word' id='word_1_236' title='bbox 1822 1982 1878 2044; x_wconf 84' lang='lat' dir='ltr'><strong>et</strong></span> <span class='ocrx_word' id='word_1_237' title='bbox 1920 1990 2103 2044; x_wconf 84' lang='lat' dir='ltr'><strong>caeteri</strong></span> <span class='ocrx_word' id='word_1_238' title='bbox 2131 1980 2225 2061; x_wconf 86' lang='lat' dir='ltr'><strong>qui</strong></span> 
     </span>
    </p>
   </div>
   <div class='ocr_carea' id='block_1_31' title="bbox 641 2076 2226 2152">
    <p class='ocr_par' dir='ltr' id='par_1_31' title="bbox 641 2076 2226 2152">
     <span class='ocr_line' id='line_1_31' title="bbox 641 2076 2226 2152; baseline 0.006 -24"><span class='ocrx_word' id='word_1_239' title='bbox 641 2076 919 2144; x_wconf 64' lang='lat' dir='ltr'><strong>praeterito</strong></span> <span class='ocrx_word' id='word_1_240' title='bbox 934 2084 1180 2146; x_wconf 89' lang='lat' dir='ltr'><strong>tempore</strong></span> <span class='ocrx_word' id='word_1_241' title='bbox 1198 2077 1530 2149; x_wconf 85' lang='lat' dir='ltr'><strong>Aquisgrani</strong></span> <span class='ocrx_word' id='word_1_242' title='bbox 1546 2078 1747 2150; x_wconf 88' lang='lat' dir='ltr'><strong>palatio</strong></span> <span class='ocrx_word' id='word_1_243' title='bbox 1769 2078 1991 2135; x_wconf 86' lang='lat' dir='ltr'><strong>fuerunt</strong></span> <span class='ocrx_word' id='word_1_244' title='bbox 2011 2083 2226 2152; x_wconf 84' lang='lat' dir='ltr'><strong>quando</strong></span> 
     </span>
    </p>
   </div>
   <div class='ocr_carea' id='block_1_32' title="bbox 640 2169 2226 2241">
    <p class='ocr_par' dir='ltr' id='par_1_32' title="bbox 640 2169 2226 2241">
     <span class='ocr_line' id='line_1_32' title="bbox 640 2169 2226 2241; baseline 0.004 -18"><span class='ocrx_word' id='word_1_245' title='bbox 640 2169 757 2223; x_wconf 89' lang='lat' dir='ltr'><strong>haec</strong></span> <span class='ocrx_word' id='word_1_246' title='bbox 779 2169 919 2225; x_wconf 90' lang='lat' dir='ltr'><strong>ratio</strong></span> <span class='ocrx_word' id='word_1_247' title='bbox 947 2169 1207 2241; x_wconf 76' lang='lat' dir='ltr'><strong>ventilata</strong></span> <span class='ocrx_word' id='word_1_248' title='bbox 1230 2177 1378 2226; x_wconf 90' lang='lat' dir='ltr'><strong>estet</strong></span> <span class='ocrx_word' id='word_1_249' title='bbox 1397 2170 1466 2227; x_wconf 89' lang='lat' dir='ltr'><strong>ad</strong></span> <span class='ocrx_word' id='word_1_250' title='bbox 1485 2169 1749 2241; x_wconf 89' lang='lat' dir='ltr'><strong>liquidum</strong></span> <span class='ocrx_word' id='word_1_251' title='bbox 1776 2180 2111 2241; x_wconf 87' lang='lat' dir='ltr'><strong>perscrutata</strong></span> <span class='ocrx_word' id='word_1_252' title='bbox 2135 2189 2226 2229; x_wconf 90' lang='lat' dir='ltr'><strong>ca-</strong></span> 
     </span>
    </p>
   </div>
   <div class='ocr_carea' id='block_1_33' title="bbox 639 2259 2218 2345">
    <p class='ocr_par' dir='ltr' id='par_1_33' title="bbox 639 2259 2218 2345">
     <span class='ocr_line' id='line_1_33' title="bbox 639 2259 2218 2345; baseline 0.002 -31"><span class='ocrx_word' id='word_1_253' title='bbox 639 2260 941 2345; x_wconf 78' lang='lat' dir='ltr'><strong>noniceque</strong></span> <span class='ocrx_word' id='word_1_254' title='bbox 962 2268 1017 2315; x_wconf 92' lang='lat' dir='ltr'><strong>et</strong></span> <span class='ocrx_word' id='word_1_255' title='bbox 1032 2259 1240 2328; x_wconf 64' lang='lat' dir='ltr'><strong>legibus</strong></span> <span class='ocrx_word' id='word_1_256' title='bbox 1253 2259 1497 2327; x_wconf 83' lang='lat' dir='ltr'><strong>deﬁnita,</strong></span> <span class='ocrx_word' id='word_1_257' title='bbox 1526 2262 1916 2333; x_wconf 88' lang='lat' dir='ltr'><strong>respondentes</strong></span> <span class='ocrx_word' id='word_1_258' title='bbox 1937 2263 2218 2320; x_wconf 81' lang='lat' dir='ltr'><strong>dixerunt:</strong></span> 
     </span>
    </p>
   </div>
   <div class='ocr_carea' id='block_1_34' title="bbox 638 2346 2223 2427">
    <p class='ocr_par' dir='ltr' id='par_1_34' title="bbox 638 2346 2223 2427">
     <span class='ocr_line' id='line_1_34' title="bbox 638 2346 2223 2427; baseline 0.004 -22"><span class='ocrx_word' id='word_1_259' title='bbox 638 2346 759 2419; x_wconf 68' lang='lat' dir='ltr'><strong>Non</strong></span> <span class='ocrx_word' id='word_1_260' title='bbox 789 2358 872 2408; x_wconf 88' lang='lat' dir='ltr'><strong>est</strong></span> <span class='ocrx_word' id='word_1_261' title='bbox 901 2365 1124 2409; x_wconf 87' lang='lat' dir='ltr'><strong>necesse</strong></span> <span class='ocrx_word' id='word_1_262' title='bbox 1153 2352 1269 2408; x_wconf 65' lang='lat' dir='ltr'><strong>haec</strong></span> <span class='ocrx_word' id='word_1_263' title='bbox 1295 2354 1456 2410; x_wconf 90' lang='lat' dir='ltr'><strong>modo</strong></span> <span class='ocrx_word' id='word_1_264' title='bbox 1485 2354 1684 2409; x_wconf 89' lang='lat' dir='ltr'><strong>iterum</strong></span> <span class='ocrx_word' id='word_1_265' title='bbox 1709 2370 1809 2426; x_wconf 90' lang='lat' dir='ltr'><strong>per</strong></span> <span class='ocrx_word' id='word_1_266' title='bbox 1833 2356 2019 2427; x_wconf 88' lang='lat' dir='ltr'><strong>omnia</strong></span> <span class='ocrx_word' id='word_1_267' title='bbox 2048 2370 2223 2412; x_wconf 90' lang='lat' dir='ltr'><strong>remo-</strong></span> 
     </span>
    </p>
   </div>
   <div class='ocr_carea' id='block_1_35' title="bbox 639 2442 2222 2515">
    <p class='ocr_par' dir='ltr' id='par_1_35' title="bbox 639 2442 2222 2515">
     <span class='ocr_line' id='line_1_35' title="bbox 639 2442 2222 2515; baseline 0.006 -20"><span class='ocrx_word' id='word_1_268' title='bbox 639 2458 764 2497; x_wconf 85' lang='lat' dir='ltr'><strong>vere</strong></span> <span class='ocrx_word' id='word_1_269' title='bbox 789 2454 964 2513; x_wconf 87' lang='lat' dir='ltr'><strong>neque</strong></span> <span class='ocrx_word' id='word_1_270' title='bbox 993 2442 1201 2513; x_wconf 88' lang='lat' dir='ltr'><strong>singula</strong></span> <span class='ocrx_word' id='word_1_271' title='bbox 1230 2449 1548 2511; x_wconf 87' lang='lat' dir='ltr'><strong>retractare,</strong></span> <span class='ocrx_word' id='word_1_272' title='bbox 1577 2445 1705 2515; x_wconf 88' lang='lat' dir='ltr'><strong>quia</strong></span> <span class='ocrx_word' id='word_1_273' title='bbox 1735 2445 1936 2501; x_wconf 88' lang='lat' dir='ltr'><strong>scimus</strong></span> <span class='ocrx_word' id='word_1_274' title='bbox 1962 2456 2016 2503; x_wconf 90' lang='lat' dir='ltr'><strong>te</strong></span> <span class='ocrx_word' id='word_1_275' title='bbox 2056 2446 2222 2504; x_wconf 80' lang='lat' dir='ltr'><strong>ca&#39;no-</strong></span> 
     </span>
    </p>
   </div>
   <div class='ocr_carea' id='block_1_36' title="bbox 637 2535 2220 2608">
    <p class='ocr_par' dir='ltr' id='par_1_36' title="bbox 637 2535 2220 2608">
     <span class='ocr_line' id='line_1_36' title="bbox 637 2535 2220 2608; baseline 0.003 -16"><span class='ocrx_word' id='word_1_276' title='bbox 637 2536 760 2592; x_wconf 89' lang='lat' dir='ltr'><strong>nice</strong></span> <span class='ocrx_word' id='word_1_277' title='bbox 804 2544 859 2592; x_wconf 94' lang='lat' dir='ltr'><strong>et</strong></span> <span class='ocrx_word' id='word_1_278' title='bbox 906 2535 1116 2608; x_wconf 77' lang='lat' dir='ltr'><strong>legibus</strong></span> <span class='ocrx_word' id='word_1_279' title='bbox 1165 2544 1523 2592; x_wconf 90' lang='lat' dir='ltr'><strong>memoratum</strong></span> <span class='ocrx_word' id='word_1_280' title='bbox 1574 2539 1963 2594; x_wconf 86' lang='lat' dir='ltr'><strong>monasterium</strong></span> <span class='ocrx_word' id='word_1_281' title='bbox 2020 2540 2220 2597; x_wconf 90' lang='lat' dir='ltr'><strong>habere</strong></span> 
     </span>
    </p>
   </div>
   <div class='ocr_carea' id='block_1_37' title="bbox 636 2624 2215 2699">
    <p class='ocr_par' dir='ltr' id='par_1_37' title="bbox 636 2624 2215 2699">
     <span class='ocr_line' id='line_1_37' title="bbox 636 2624 2215 2699; baseline 0.002 -15"><span class='ocrx_word' id='word_1_282' title='bbox 636 2627 1001 2699; x_wconf 87' lang='lat' dir='ltr'><strong>conquisitum</strong></span> <span class='ocrx_word' id='word_1_283' title='bbox 1029 2635 1085 2682; x_wconf 90' lang='lat' dir='ltr'><strong>et</strong></span> <span class='ocrx_word' id='word_1_284' title='bbox 1113 2627 1477 2683; x_wconf 83' lang='lat' dir='ltr'><strong>evindicatum</strong></span> <span class='ocrx_word' id='word_1_285' title='bbox 1502 2647 1516 2683; x_wconf 86' lang='lat'><strong>:</strong></span> <span class='ocrx_word' id='word_1_286' title='bbox 1546 2628 1640 2684; x_wconf 89' lang='lat' dir='ltr'><strong>sed</strong></span> <span class='ocrx_word' id='word_1_287' title='bbox 1668 2627 1735 2684; x_wconf 91' lang='lat' dir='ltr'><strong>de</strong></span> <span class='ocrx_word' id='word_1_288' title='bbox 1767 2624 1888 2685; x_wconf 80' lang='lat' dir='ltr'><strong>istis</strong></span> <span class='ocrx_word' id='word_1_289' title='bbox 1918 2632 2215 2699; x_wconf 88' lang='lat' dir='ltr'><strong>monachis,</strong></span> 
     </span>
    </p>
   </div>
   <div class='ocr_carea' id='block_1_38' title="bbox 634 2719 2216 2791">
    <p class='ocr_par' dir='ltr' id='par_1_38' title="bbox 634 2719 2216 2791">
     <span class='ocr_line' id='line_1_38' title="bbox 634 2719 2216 2791; baseline 0.003 -16"><span class='ocrx_word' id='word_1_290' title='bbox 634 2722 729 2791; x_wconf 85' lang='lat' dir='ltr'><strong>qui</strong></span> <span class='ocrx_word' id='word_1_291' title='bbox 760 2720 921 2776; x_wconf 91' lang='lat' dir='ltr'><strong>modo</strong></span> <span class='ocrx_word' id='word_1_292' title='bbox 959 2735 1019 2776; x_wconf 87' lang='lat' dir='ltr'><strong>se</strong></span> <span class='ocrx_word' id='word_1_293' title='bbox 1050 2720 1350 2775; x_wconf 89' lang='lat' dir='ltr'><strong>reclamant</strong></span> <span class='ocrx_word' id='word_1_294' title='bbox 1376 2719 1581 2790; x_wconf 75' lang='lat' dir='ltr'><strong>eiectos</strong></span> <span class='ocrx_word' id='word_1_295' title='bbox 1611 2736 1733 2776; x_wconf 90' lang='lat' dir='ltr'><strong>esse</strong></span> <span class='ocrx_word' id='word_1_296' title='bbox 1774 2722 1839 2776; x_wconf 89' lang='lat' dir='ltr'><strong>de</strong></span> <span class='ocrx_word' id='word_1_297' title='bbox 1868 2737 2056 2780; x_wconf 88' lang='lat' dir='ltr'><strong>eorum</strong></span> <span class='ocrx_word' id='word_1_298' title='bbox 2096 2739 2216 2779; x_wconf 92' lang='lat' dir='ltr'><strong>mo-</strong></span> 
     </span>
    </p>
   </div>
   <div class='ocr_carea' id='block_1_39' title="bbox 634 2815 2216 2887">
    <p class='ocr_par' dir='ltr' id='par_1_39' title="bbox 634 2815 2216 2887">
     <span class='ocr_line' id='line_1_39' title="bbox 634 2815 2216 2887; baseline 0.003 -18"><span class='ocrx_word' id='word_1_299' title='bbox 634 2815 894 2880; x_wconf 85' lang='lat' dir='ltr'><strong>nasterio,</strong></span> <span class='ocrx_word' id='word_1_300' title='bbox 948 2815 1091 2885; x_wconf 88' lang='lat' dir='ltr'><strong>quod</strong></span> <span class='ocrx_word' id='word_1_301' title='bbox 1120 2815 1352 2871; x_wconf 89' lang='lat' dir='ltr'><strong>domnus</strong></span> <span class='ocrx_word' id='word_1_302' title='bbox 1387 2815 1685 2886; x_wconf 89' lang='lat' dir='ltr'><strong>imperator</strong></span> <span class='ocrx_word' id='word_1_303' title='bbox 1736 2816 1893 2872; x_wconf 88' lang='lat' dir='ltr'><strong>nobis</strong></span> <span class='ocrx_word' id='word_1_304' title='bbox 1939 2817 2216 2887; x_wconf 81' lang='lat' dir='ltr'><strong>inquirere</strong></span> 
     </span>
    </p>
   </div>
   <div class='ocr_carea' id='block_1_40' title="bbox 632 2900 2211 2977">
    <p class='ocr_par' dir='ltr' id='par_1_40' title="bbox 632 2900 2211 2977">
     <span class='ocr_line' id='line_1_40' title="bbox 632 2900 2211 2977; baseline 0 -16"><span class='ocrx_word' id='word_1_305' title='bbox 632 2906 908 2977; x_wconf 77' lang='lat' dir='ltr'><strong>praecepit,</strong></span> <span class='ocrx_word' id='word_1_306' title='bbox 959 2906 1120 2960; x_wconf 89' lang='lat' dir='ltr'><strong>modo</strong></span> <span class='ocrx_word' id='word_1_307' title='bbox 1161 2906 1429 2977; x_wconf 88' lang='lat' dir='ltr'><strong>agendum</strong></span> <span class='ocrx_word' id='word_1_308' title='bbox 1474 2913 1575 2961; x_wconf 88' lang='lat' dir='ltr'><strong>est.</strong></span> <span class='ocrx_word' id='word_1_309' title='bbox 1611 2904 1721 2961; x_wconf 91' lang='lat' dir='ltr'><strong>Sed</strong></span> <span class='ocrx_word' id='word_1_310' title='bbox 1769 2915 2055 2977; x_wconf 86' lang='lat' dir='ltr'><strong>postquam</strong></span> <span class='ocrx_word' id='word_1_311' title='bbox 2086 2900 2211 2977; x_wconf 85' lang='lat' dir='ltr'><strong>pcr-</strong></span> 
     </span>
    </p>
   </div>
   <div class='ocr_carea' id='block_1_41' title="bbox 631 2998 2211 3071">
    <p class='ocr_par' dir='ltr' id='par_1_41' title="bbox 631 2998 2211 3071">
     <span class='ocr_line' id='line_1_41' title="bbox 631 2998 2211 3071; baseline -0.001 -17"><span class='ocrx_word' id='word_1_312' title='bbox 631 3006 934 3054; x_wconf 86' lang='lat' dir='ltr'><strong>scrutatum</strong></span> <span class='ocrx_word' id='word_1_313' title='bbox 980 3007 1065 3053; x_wconf 82' lang='lat' dir='ltr'><strong>est</strong></span> <span class='ocrx_word' id='word_1_314' title='bbox 1109 2998 1457 3069; x_wconf 67' lang='lat' dir='ltr'><strong>praescriptos</strong></span> <span class='ocrx_word' id='word_1_315' title='bbox 1512 2999 1808 3054; x_wconf 91' lang='lat' dir='ltr'><strong>monachos</strong></span> <span class='ocrx_word' id='word_1_316' title='bbox 1859 2998 2060 3054; x_wconf 91' lang='lat' dir='ltr'><strong>nullius</strong></span> <span class='ocrx_word' id='word_1_317' title='bbox 2100 2999 2211 3071; x_wconf 88' lang='lat' dir='ltr'><strong>eje-</strong></span> 
     </span>
    </p>
   </div>
   <div class='ocr_carea' id='block_1_42' title="bbox 629 3088 2214 3161">
    <p class='ocr_par' dir='ltr' id='par_1_42' title="bbox 629 3088 2214 3161">
     <span class='ocr_line' id='line_1_42' title="bbox 629 3088 2214 3161; baseline 0.001 -16"><span class='ocrx_word' id='word_1_318' title='bbox 629 3090 828 3156; x_wconf 86' lang='lat' dir='ltr'><strong>ctione,</strong></span> <span class='ocrx_word' id='word_1_319' title='bbox 876 3103 980 3145; x_wconf 86' lang='lat' dir='ltr'><strong>uec</strong></span> <span class='ocrx_word' id='word_1_320' title='bbox 1021 3088 1202 3158; x_wconf 90' lang='lat' dir='ltr'><strong>aliqua</strong></span> <span class='ocrx_word' id='word_1_321' title='bbox 1252 3089 1563 3160; x_wconf 75' lang='lat' dir='ltr'><strong>indigentia,</strong></span> <span class='ocrx_word' id='word_1_322' title='bbox 1596 3104 1699 3144; x_wconf 91' lang='lat' dir='ltr'><strong>nec</strong></span> <span class='ocrx_word' id='word_1_323' title='bbox 1740 3089 1898 3161; x_wconf 90' lang='lat' dir='ltr'><strong>culpa</strong></span> <span class='ocrx_word' id='word_1_324' title='bbox 1943 3100 2037 3145; x_wconf 91' lang='lat' dir='ltr'><strong>aut</strong></span> <span class='ocrx_word' id='word_1_325' title='bbox 2067 3090 2214 3146; x_wconf 81' lang='lat' dir='ltr'><strong>facto</strong></span> 
     </span>
    </p>
   </div>
   <div class='ocr_carea' id='block_1_43' title="bbox 630 3180 2212 3254">
    <p class='ocr_par' dir='ltr' id='par_1_43' title="bbox 630 3180 2212 3254">
     <span class='ocr_line' id='line_1_43' title="bbox 630 3180 2212 3254; baseline 0.001 -17"><span class='ocrx_word' id='word_1_326' title='bbox 630 3180 871 3254; x_wconf 70' lang='lat' dir='ltr'><strong>praedicti</strong></span> <span class='ocrx_word' id='word_1_327' title='bbox 900 3180 1103 3238; x_wconf 84' lang='lat' dir='ltr'><strong>Aldrici</strong></span> <span class='ocrx_word' id='word_1_328' title='bbox 1137 3180 1377 3254; x_wconf 85' lang='lat' dir='ltr'><strong>episcopi</strong></span> <span class='ocrx_word' id='word_1_329' title='bbox 1404 3180 1584 3237; x_wconf 75' lang='lat' dir='ltr'><strong>exisse</strong></span> <span class='ocrx_word' id='word_1_330' title='bbox 1616 3182 1684 3238; x_wconf 90' lang='lat' dir='ltr'><strong>ab</strong></span> <span class='ocrx_word' id='word_1_331' title='bbox 1707 3198 1897 3237; x_wconf 90' lang='lat' dir='ltr'><strong>eorum</strong></span> <span class='ocrx_word' id='word_1_332' title='bbox 1938 3195 2212 3239; x_wconf 80' lang='lat' dir='ltr'><strong>monaste-</strong></span> 
     </span>
    </p>
   </div>
   <div class='ocr_carea' id='block_1_44' title="bbox 2326 1996 3788 2082">
    <p class='ocr_par' dir='ltr' id='par_1_44' title="bbox 2326 1996 3788 2082">
     <span class='ocr_line' id='line_1_44' title="bbox 2326 1996 3788 2082; baseline 0.012 -30"><span class='ocrx_word' id='word_1_333' title='bbox 2326 1996 2597 2071; x_wconf 87' lang='lat' dir='ltr'><strong>episcopis</strong></span> <span class='ocrx_word' id='word_1_334' title='bbox 2608 2009 2662 2056; x_wconf 90' lang='lat' dir='ltr'><strong>et</strong></span> <span class='ocrx_word' id='word_1_335' title='bbox 2676 2002 2899 2075; x_wconf 90' lang='lat' dir='ltr'><strong>reliquis</strong></span> <span class='ocrx_word' id='word_1_336' title='bbox 2913 2005 3009 2061; x_wconf 89' lang='lat' dir='ltr'><strong>Dei</strong></span> <span class='ocrx_word' id='word_1_337' title='bbox 3029 2007 3205 2064; x_wconf 81' lang='lat' dir='ltr'><strong>servis</strong></span> <span class='ocrx_word' id='word_1_338' title='bbox 3222 2008 3335 2064; x_wconf 89' lang='lat' dir='ltr'><strong>sive</strong></span> <span class='ocrx_word' id='word_1_339' title='bbox 3347 2026 3376 2064; x_wconf 90' lang='lat' dir='ltr'><strong>a</strong></span> <span class='ocrx_word' id='word_1_340' title='bbox 3394 2012 3597 2082; x_wconf 79' lang='lat' dir='ltr'><strong>generali</strong></span> <span class='ocrx_word' id='word_1_341' title='bbox 3609 2020 3788 2069; x_wconf 80' lang='lat' dir='ltr'><strong>conventu</strong></span> 
     </span>
    </p>
   </div>
   <div class='ocr_carea' id='block_1_45' title="bbox 2320 2087 3788 2174">
    <p class='ocr_par' dir='ltr' id='par_1_45' title="bbox 2320 2087 3788 2174">
     <span class='ocr_line' id='line_1_45' title="bbox 2320 2087 3788 2174; baseline 0.012 -30"><span class='ocrx_word' id='word_1_342' title='bbox 2320 2087 2623 2159; x_wconf 79' lang='lat' dir='ltr'><strong>judicatum</strong></span> <span class='ocrx_word' id='word_1_343' title='bbox 2666 2106 2751 2151; x_wconf 91' lang='lat' dir='ltr'><strong>est</strong></span> <span class='ocrx_word' id='word_1_344' title='bbox 2795 2104 2855 2150; x_wconf 92' lang='lat' dir='ltr'><strong>ut</strong></span> <span class='ocrx_word' id='word_1_345' title='bbox 2896 2098 3165 2168; x_wconf 89' lang='lat' dir='ltr'><strong>reciperet</strong></span> <span class='ocrx_word' id='word_1_346' title='bbox 3204 2100 3447 2173; x_wconf 74' lang='lat' dir='ltr'><strong>prmfatus</strong></span> <span class='ocrx_word' id='word_1_347' title='bbox 3494 2102 3692 2161; x_wconf 83' lang='lat' dir='ltr'><strong>Aldricus</strong></span> <span class='ocrx_word' id='word_1_348' title='bbox 3720 2104 3788 2174; x_wconf 85' lang='lat' dir='ltr'><strong>epi-</strong></span> 
     </span>
    </p>
   </div>
   <div class='ocr_carea' id='block_1_46' title="bbox 2325 2190 3787 2268">
    <p class='ocr_par' dir='ltr' id='par_1_46' title="bbox 2325 2190 3787 2268">
     <span class='ocr_line' id='line_1_46' title="bbox 2325 2190 3787 2268; baseline 0.01 -30"><span class='ocrx_word' id='word_1_349' title='bbox 2325 2196 2520 2254; x_wconf 88' lang='lat' dir='ltr'><strong>scopus</strong></span> <span class='ocrx_word' id='word_1_350' title='bbox 2570 2202 2696 2242; x_wconf 88' lang='lat' dir='ltr'><strong>suos</strong></span> <span class='ocrx_word' id='word_1_351' title='bbox 2730 2190 3047 2256; x_wconf 88' lang='lat' dir='ltr'><strong>monachos,</strong></span> <span class='ocrx_word' id='word_1_352' title='bbox 3096 2201 3153 2247; x_wconf 90' lang='lat' dir='ltr'><strong>ct</strong></span> <span class='ocrx_word' id='word_1_353' title='bbox 3194 2191 3393 2249; x_wconf 82' lang='lat' dir='ltr'><strong>faceret</strong></span> <span class='ocrx_word' id='word_1_354' title='bbox 3428 2212 3488 2250; x_wconf 83' lang='lat' dir='ltr'><strong>ex</strong></span> <span class='ocrx_word' id='word_1_355' title='bbox 3524 2198 3590 2252; x_wconf 90' lang='lat' dir='ltr'><strong>eis</strong></span> <span class='ocrx_word' id='word_1_356' title='bbox 3613 2196 3787 2268; x_wconf 80' lang='lat' dir='ltr'><strong>quidquid</strong></span> 
     </span>
    </p>
   </div>
   <div class='ocr_carea' id='block_1_47' title="bbox 2324 2274 3786 2358">
    <p class='ocr_par' dir='ltr' id='par_1_47' title="bbox 2324 2274 3786 2358">
     <span class='ocr_line' id='line_1_47' title="bbox 2324 2274 3786 2358; baseline 0.01 -27"><span class='ocrx_word' id='word_1_357' title='bbox 2324 2274 2375 2331; x_wconf 84' lang='lat' dir='ltr'><strong>ei</strong></span> <span class='ocrx_word' id='word_1_358' title='bbox 2414 2276 2626 2334; x_wconf 90' lang='lat' dir='ltr'><strong>libitum</strong></span> <span class='ocrx_word' id='word_1_359' title='bbox 2659 2279 2844 2349; x_wconf 87' lang='lat' dir='ltr'><strong>fuerit,</strong></span> <span class='ocrx_word' id='word_1_360' title='bbox 2887 2292 2943 2336; x_wconf 88' lang='lat' dir='ltr'><strong>et</strong></span> <span class='ocrx_word' id='word_1_361' title='bbox 2983 2282 3154 2356; x_wconf 90' lang='lat' dir='ltr'><strong>aliqui</strong></span> <span class='ocrx_word' id='word_1_362' title='bbox 3198 2285 3247 2341; x_wconf 92' lang='lat' dir='ltr'><strong>ei</strong></span> <span class='ocrx_word' id='word_1_363' title='bbox 3287 2302 3380 2358; x_wconf 90' lang='lat' dir='ltr'><strong>per</strong></span> <span class='ocrx_word' id='word_1_364' title='bbox 3420 2304 3588 2344; x_wconf 88' lang='lat' dir='ltr'><strong>manus</strong></span> <span class='ocrx_word' id='word_1_365' title='bbox 3621 2298 3786 2345; x_wconf 80' lang='lat' dir='ltr'><strong>asancto</strong></span> 
     </span>
    </p>
   </div>
   <div class='ocr_carea' id='block_1_48' title="bbox 2323 2371 3784 2449">
    <p class='ocr_par' dir='ltr' id='par_1_48' title="bbox 2323 2371 3784 2449">
     <span class='ocr_line' id='line_1_48' title="bbox 2323 2371 3784 2449; baseline 0.007 -22"><span class='ocrx_word' id='word_1_366' title='bbox 2323 2371 2553 2428; x_wconf 92' lang='lat' dir='ltr'><strong>concilio</strong></span> <span class='ocrx_word' id='word_1_367' title='bbox 2596 2374 2794 2430; x_wconf 90' lang='lat' dir='ltr'><strong>redditi</strong></span> <span class='ocrx_word' id='word_1_368' title='bbox 2836 2376 2981 2433; x_wconf 81' lang='lat' dir='ltr'><strong>sont.</strong></span> <span class='ocrx_word' id='word_1_369' title='bbox 3023 2376 3091 2433; x_wconf 88' lang='lat' dir='ltr'><strong>Et</strong></span> <span class='ocrx_word' id='word_1_370' title='bbox 3123 2376 3424 2449; x_wconf 88' lang='lat' dir='ltr'><strong>judicatum</strong></span> <span class='ocrx_word' id='word_1_371' title='bbox 3461 2390 3536 2438; x_wconf 86' lang='lat' dir='ltr'><strong>est</strong></span> <span class='ocrx_word' id='word_1_372' title='bbox 3567 2383 3605 2438; x_wconf 92' lang='lat' dir='ltr'><strong>ei</strong></span> <span class='ocrx_word' id='word_1_373' title='bbox 3642 2381 3691 2436; x_wconf 83' lang='lat' dir='ltr'><strong>ab</strong></span> <span class='ocrx_word' id='word_1_374' title='bbox 3710 2383 3784 2437; x_wconf 82' lang='lat' dir='ltr'><strong>uni-</strong></span> 
     </span>
    </p>
   </div>
   <div class='ocr_carea' id='block_1_49' title="bbox 2321 2467 3787 2547">
    <p class='ocr_par' dir='ltr' id='par_1_49' title="bbox 2321 2467 3787 2547">
     <span class='ocr_line' id='line_1_49' title="bbox 2321 2467 3787 2547; baseline 0.009 -32"><span class='ocrx_word' id='word_1_375' title='bbox 2321 2476 2480 2517; x_wconf 90' lang='lat' dir='ltr'><strong>versa</strong></span> <span class='ocrx_word' id='word_1_376' title='bbox 2511 2472 2701 2547; x_wconf 82' lang='lat' dir='ltr'><strong>sancta</strong></span> <span class='ocrx_word' id='word_1_377' title='bbox 2733 2467 2941 2538; x_wconf 88' lang='lat' dir='ltr'><strong>synodo</strong></span> <span class='ocrx_word' id='word_1_378' title='bbox 2982 2471 3127 2540; x_wconf 90' lang='lat' dir='ltr'><strong>quod</strong></span> <span class='ocrx_word' id='word_1_379' title='bbox 3168 2471 3374 2545; x_wconf 84' lang='lat' dir='ltr'><strong>legibus</strong></span> <span class='ocrx_word' id='word_1_380' title='bbox 3412 2474 3706 2529; x_wconf 85' lang='lat' dir='ltr'><strong>cvindicatam</strong></span> <span class='ocrx_word' id='word_1_381' title='bbox 3731 2475 3787 2528; x_wconf 80' lang='lat' dir='ltr'><strong>ba-</strong></span> 
     </span>
    </p>
   </div>
   <div class='ocr_carea' id='block_1_50' title="bbox 2319 2550 3784 2635">
    <p class='ocr_par' dir='ltr' id='par_1_50' title="bbox 2319 2550 3784 2635">
     <span class='ocr_line' id='line_1_50' title="bbox 2319 2550 3784 2635; baseline 0.008 -28"><span class='ocrx_word' id='word_1_382' title='bbox 2319 2550 2483 2608; x_wconf 87' lang='lat' dir='ltr'><strong>bebat</strong></span> <span class='ocrx_word' id='word_1_383' title='bbox 2553 2571 2709 2610; x_wconf 90' lang='lat' dir='ltr'><strong>suam</strong></span> <span class='ocrx_word' id='word_1_384' title='bbox 2778 2574 2997 2614; x_wconf 88' lang='lat' dir='ltr'><strong>causam</strong></span> <span class='ocrx_word' id='word_1_385' title='bbox 3062 2569 3118 2617; x_wconf 92' lang='lat' dir='ltr'><strong>et</strong></span> <span class='ocrx_word' id='word_1_386' title='bbox 3183 2554 3457 2635; x_wconf 64' lang='lat' dir='ltr'><strong>praefatum</strong></span> <span class='ocrx_word' id='word_1_387' title='bbox 3502 2565 3784 2620; x_wconf 70' lang='lat' dir='ltr'><strong>monasterium</strong></span> 
     </span>
    </p>
   </div>
   <div class='ocr_carea' id='block_1_51' title="bbox 2321 2649 3786 2728">
    <p class='ocr_par' dir='ltr' id='par_1_51' title="bbox 2321 2649 3786 2728">
     <span class='ocr_line' id='line_1_51' title="bbox 2321 2649 3786 2728; baseline 0.008 -30"><span class='ocrx_word' id='word_1_388' title='bbox 2321 2659 2442 2699; x_wconf 91' lang='lat' dir='ltr'><strong>cum</strong></span> <span class='ocrx_word' id='word_1_389' title='bbox 2474 2649 2724 2727; x_wconf 81' lang='lat' dir='ltr'><strong>onmibus</strong></span> <span class='ocrx_word' id='word_1_390' title='bbox 2755 2650 2823 2706; x_wconf 91' lang='lat' dir='ltr'><strong>ad</strong></span> <span class='ocrx_word' id='word_1_391' title='bbox 2866 2666 2925 2708; x_wconf 92' lang='lat' dir='ltr'><strong>se</strong></span> <span class='ocrx_word' id='word_1_392' title='bbox 2951 2655 3348 2724; x_wconf 90' lang='lat' dir='ltr'><strong>pertinentibus</strong></span> <span class='ocrx_word' id='word_1_393' title='bbox 3382 2658 3606 2714; x_wconf 88' lang='lat' dir='ltr'><strong>canonice</strong></span> <span class='ocrx_word' id='word_1_394' title='bbox 3642 2668 3682 2713; x_wconf 87' lang='lat' dir='ltr'><strong>et</strong></span> <span class='ocrx_word' id='word_1_395' title='bbox 3703 2656 3786 2728; x_wconf 64' lang='lat' dir='ltr'><strong>iesi—</strong></span> 
     </span>
    </p>
   </div>
   <div class='ocr_carea' id='block_1_52' title="bbox 2318 2728 3783 2811">
    <p class='ocr_par' dir='ltr' id='par_1_52' title="bbox 2318 2728 3783 2811">
     <span class='ocr_line' id='line_1_52' title="bbox 2318 2728 3783 2811; baseline 0.005 -17"><span class='ocrx_word' id='word_1_396' title='bbox 2318 2730 2420 2794; x_wconf 24' lang='lat' dir='ltr'><strong>b‘us</strong></span> <span class='ocrx_word' id='word_1_397' title='bbox 2449 2728 2833 2811; x_wconf 85' lang='lat' dir='ltr'><strong>conquisitum,</strong></span> <span class='ocrx_word' id='word_1_398' title='bbox 2880 2752 2936 2800; x_wconf 91' lang='lat' dir='ltr'><strong>et</strong></span> <span class='ocrx_word' id='word_1_399' title='bbox 2962 2745 3209 2803; x_wconf 76' lang='lat' dir='ltr'><strong>ecclesia:</strong></span> <span class='ocrx_word' id='word_1_400' title='bbox 3239 2732 3342 2805; x_wconf 84' lang='lat' dir='ltr'><strong>sibi</strong></span> <span class='ocrx_word' id='word_1_401' title='bbox 3369 2734 3631 2806; x_wconf 73' lang='lat' dir='ltr'><strong>commissa:</strong></span> <span class='ocrx_word' id='word_1_402' title='bbox 3652 2748 3783 2803; x_wconf 78' lang='lat' dir='ltr'><strong>tuturis</strong></span> 
     </span>
    </p>
   </div>
   <div class='ocr_carea' id='block_1_53' title="bbox 2318 2832 3785 2917">
    <p class='ocr_par' dir='ltr' id='par_1_53' title="bbox 2318 2832 3785 2917">
     <span class='ocr_line' id='line_1_53' title="bbox 2318 2832 3785 2917; baseline 0.009 -32"><span class='ocrx_word' id='word_1_403' title='bbox 2318 2833 2653 2903; x_wconf 89' lang='lat' dir='ltr'><strong>temporibus</strong></span> <span class='ocrx_word' id='word_1_404' title='bbox 2681 2832 2902 2909; x_wconf 83' lang='lat' dir='ltr'><strong>suisque</strong></span> <span class='ocrx_word' id='word_1_405' title='bbox 2930 2843 3338 2900; x_wconf 90' lang='lat' dir='ltr'><strong>successoribus</strong></span> <span class='ocrx_word' id='word_1_406' title='bbox 3357 2843 3612 2917; x_wconf 81' lang='lat' dir='ltr'><strong>lucratum,</strong></span> <span class='ocrx_word' id='word_1_407' title='bbox 3631 2843 3785 2913; x_wconf 63' lang='lat' dir='ltr'><strong>etquid</strong></span> 
     </span>
    </p>
   </div>
   <div class='ocr_carea' id='block_1_54' title="bbox 2317 2918 3784 3006">
    <p class='ocr_par' dir='ltr' id='par_1_54' title="bbox 2317 2918 3784 3006">
     <span class='ocr_line' id='line_1_54' title="bbox 2317 2918 3784 3006; baseline 0.008 -28"><span class='ocrx_word' id='word_1_408' title='bbox 2317 2925 2447 2995; x_wconf 91' lang='lat' dir='ltr'><strong>quid</strong></span> <span class='ocrx_word' id='word_1_409' title='bbox 2482 2926 2604 2982; x_wconf 88' lang='lat' dir='ltr'><strong>inde</strong></span> <span class='ocrx_word' id='word_1_410' title='bbox 2637 2918 3008 2987; x_wconf 89' lang='lat' dir='ltr'><strong>ecclesiastico</strong></span> <span class='ocrx_word' id='word_1_411' title='bbox 3053 2935 3246 2991; x_wconf 90' lang='lat' dir='ltr'><strong>ordine</strong></span> <span class='ocrx_word' id='word_1_412' title='bbox 3291 2934 3462 3001; x_wconf 78' lang='lat' dir='ltr'><strong>facere</strong></span> <span class='ocrx_word' id='word_1_413' title='bbox 3499 2946 3548 2992; x_wconf 89' lang='lat' dir='ltr'><strong>et</strong></span> <span class='ocrx_word' id='word_1_414' title='bbox 3584 2936 3784 3006; x_wconf 67' lang='lat' dir='ltr'><strong>disponere</strong></span> 
     </span>
    </p>
   </div>
   <div class='ocr_carea' id='block_1_55' title="bbox 2318 3013 3781 3099">
    <p class='ocr_par' dir='ltr' id='par_1_55' title="bbox 2318 3013 3781 3099">
     <span class='ocr_line' id='line_1_55' title="bbox 2318 3013 3781 3099; baseline 0.01 -29"><span class='ocrx_word' id='word_1_415' title='bbox 2318 3013 2546 3070; x_wconf 90' lang='lat' dir='ltr'><strong>Domino</strong></span> <span class='ocrx_word' id='word_1_416' title='bbox 2597 3030 2869 3077; x_wconf 88' lang='lat' dir='ltr'><strong>annuente</strong></span> <span class='ocrx_word' id='word_1_417' title='bbox 2916 3022 3241 3099; x_wconf 83' lang='lat' dir='ltr'><strong>decreverit,</strong></span> <span class='ocrx_word' id='word_1_418' title='bbox 3289 3026 3500 3083; x_wconf 88' lang='lat' dir='ltr'><strong>liberam</strong></span> <span class='ocrx_word' id='word_1_419' title='bbox 3527 3028 3574 3083; x_wconf 90' lang='lat' dir='ltr'><strong>in</strong></span> <span class='ocrx_word' id='word_1_420' title='bbox 3609 3025 3781 3085; x_wconf 74' lang='lat' dir='ltr'><strong>omnibus</strong></span> 
     </span>
    </p>
   </div>
   <div class='ocr_carea' id='block_1_56' title="bbox 2316 3098 3781 3179">
    <p class='ocr_par' dir='ltr' id='par_1_56' title="bbox 2316 3098 3781 3179">
     <span class='ocr_line' id='line_1_56' title="bbox 2316 3098 3781 3179; baseline 0.005 -19"><span class='ocrx_word' id='word_1_421' title='bbox 2316 3106 2514 3162; x_wconf 89' lang='lat' dir='ltr'><strong>habeat</strong></span> <span class='ocrx_word' id='word_1_422' title='bbox 2541 3116 2868 3179; x_wconf 86' lang='lat' dir='ltr'><strong>potestatem</strong></span> <span class='ocrx_word' id='word_1_423' title='bbox 2918 3110 3174 3171; x_wconf 80' lang='lat' dir='ltr'><strong>faciendi.</strong></span> <span class='ocrx_word' id='word_1_424' title='bbox 3212 3098 3412 3175; x_wconf 86' lang='lat' dir='ltr'><strong>Idcirco</strong></span> <span class='ocrx_word' id='word_1_425' title='bbox 3445 3098 3629 3174; x_wconf 87' lang='lat' dir='ltr'><strong>necesse</strong></span> <span class='ocrx_word' id='word_1_426' title='bbox 3659 3117 3728 3170; x_wconf 84' lang='lat' dir='ltr'><strong>luit</strong></span> <span class='ocrx_word' id='word_1_427' title='bbox 3746 3123 3781 3168; x_wconf 89' lang='lat' dir='ltr'><strong>ut</strong></span> 
     </span>
    </p>
   </div>
   <div class='ocr_carea' id='block_1_57' title="bbox 2314 3194 3779 3281">
    <p class='ocr_par' dir='ltr' id='par_1_57' title="bbox 2314 3194 3779 3281">
     <span class='ocr_line' id='line_1_57' title="bbox 2314 3194 3779 3281; baseline 0.007 -29"><span class='ocrx_word' id='word_1_428' title='bbox 2314 3197 2571 3269; x_wconf 72' lang='lat' dir='ltr'><strong>przel‘atus</strong></span> <span class='ocrx_word' id='word_1_429' title='bbox 2602 3202 2885 3276; x_wconf 78' lang='lat' dir='ltr'><strong>epiSCOpus</strong></span> <span class='ocrx_word' id='word_1_430' title='bbox 2932 3214 2987 3261; x_wconf 89' lang='lat' dir='ltr'><strong>et</strong></span> <span class='ocrx_word' id='word_1_431' title='bbox 3034 3207 3271 3265; x_wconf 89' lang='lat' dir='ltr'><strong>ministri</strong></span> <span class='ocrx_word' id='word_1_432' title='bbox 3311 3194 3416 3267; x_wconf 48' lang='lat' dir='ltr'><strong>suae</strong></span> <span class='ocrx_word' id='word_1_433' title='bbox 3458 3209 3581 3281; x_wconf 73' lang='lat' dir='ltr'><strong>sedis</strong></span> <span class='ocrx_word' id='word_1_434' title='bbox 3615 3207 3779 3263; x_wconf 74' lang='lat' dir='ltr'><strong>ecclesia</strong></span> 
     </span>
    </p>
   </div>
   <div class='ocr_carea' id='block_1_58' title="bbox 631 3274 2214 3366">
    <p class='ocr_par' dir='ltr' id='par_1_58' title="bbox 631 3274 2209 3347">
     <span class='ocr_line' id='line_1_58' title="bbox 631 3274 2209 3347; baseline 0.001 -16"><span class='ocrx_word' id='word_1_435' title='bbox 631 3279 744 3343; x_wconf 92' lang='lat' dir='ltr'><strong>rio,</strong></span> <span class='ocrx_word' id='word_1_436' title='bbox 772 3277 869 3333; x_wconf 88' lang='lat' dir='ltr'><strong>sed</strong></span> <span class='ocrx_word' id='word_1_437' title='bbox 895 3291 1084 3332; x_wconf 89' lang='lat' dir='ltr'><strong>eorum</strong></span> <span class='ocrx_word' id='word_1_438' title='bbox 1112 3274 1270 3332; x_wconf 88' lang='lat' dir='ltr'><strong>libitu</strong></span> <span class='ocrx_word' id='word_1_439' title='bbox 1299 3283 1352 3330; x_wconf 91' lang='lat' dir='ltr'><strong>et</strong></span> <span class='ocrx_word' id='word_1_440' title='bbox 1381 3276 1719 3331; x_wconf 88' lang='lat' dir='ltr'><strong>contumacia</strong></span> <span class='ocrx_word' id='word_1_441' title='bbox 1767 3276 1869 3332; x_wconf 92' lang='lat' dir='ltr'><strong>hoc</strong></span> <span class='ocrx_word' id='word_1_442' title='bbox 1899 3292 1992 3332; x_wconf 92' lang='lat' dir='ltr'><strong>eos</strong></span> <span class='ocrx_word' id='word_1_443' title='bbox 2018 3288 2209 3347; x_wconf 86' lang='lat' dir='ltr'><strong>perpe-</strong></span> 
     </span>
    </p>
   </div>
   <div class='ocr_carea' id='block_1_59' title="bbox 2223 3274 3777 3366">
    <p class='ocr_par' dir='ltr' id='par_1_59' title="bbox 2234 3274 3777 3366">
     <span class='ocr_line' id='line_1_59' title="bbox 2234 3274 3777 3366; baseline 0.003 -19"><span class='ocrx_word' id='word_1_444' title='bbox 2234 3276 2280 3339; x_wconf 68' lang='grc' dir='ltr'><strong>(ἶ</strong></span> <span class='ocrx_word' id='word_1_445' title='bbox 2311 3290 2413 3347; x_wconf 85' lang='lat' dir='ltr'><strong>hoc</strong></span> <span class='ocrx_word' id='word_1_446' title='bbox 2445 3274 2807 3349; x_wconf 83' lang='lat' dir='ltr'><strong>evindicatum</strong></span> <span class='ocrx_word' id='word_1_447' title='bbox 2833 3295 2914 3351; x_wconf 88' lang='lat' dir='ltr'><strong>vel</strong></span> <span class='ocrx_word' id='word_1_448' title='bbox 2946 3298 3087 3353; x_wconf 90' lang='lat' dir='ltr'><strong>hanc</strong></span> <span class='ocrx_word' id='word_1_449' title='bbox 3112 3296 3361 3355; x_wconf 86' lang='lat' dir='ltr'><strong>notitiam</strong></span> <span class='ocrx_word' id='word_1_450' title='bbox 3394 3274 3593 3356; x_wconf 83' lang='lat' dir='ltr'><strong>consilio</strong></span> <span class='ocrx_word' id='word_1_451' title='bbox 3614 3306 3656 3356; x_wconf 84' lang='lat' dir='ltr'><strong>et</strong></span> <span class='ocrx_word' id='word_1_452' title='bbox 3679 3297 3777 3366; x_wconf 82' lang='lat' dir='ltr'><strong>judi-</strong></span> 
     </span>
    </p>
   </div>
   <div class='ocr_carea' id='block_1_60' title="bbox 630 3365 2209 3438">
    <p class='ocr_par' dir='ltr' id='par_1_60' title="bbox 630 3365 2209 3438">
     <span class='ocr_line' id='line_1_60' title="bbox 630 3365 2209 3438; baseline -0.001 -15"><span class='ocrx_word' id='word_1_453' title='bbox 630 3377 825 3433; x_wconf 89' lang='lat' dir='ltr'><strong>trasse,</strong></span> <span class='ocrx_word' id='word_1_454' title='bbox 857 3375 917 3420; x_wconf 83' lang='lat' dir='ltr'><strong>et</strong></span> <span class='ocrx_word' id='word_1_455' title='bbox 933 3375 993 3421; x_wconf 89' lang='lat' dir='ltr'><strong>ut</strong></span> <span class='ocrx_word' id='word_1_456' title='bbox 1013 3365 1127 3434; x_wconf 87' lang='lat' dir='ltr'><strong>jam</strong></span> <span class='ocrx_word' id='word_1_457' title='bbox 1156 3366 1359 3421; x_wconf 91' lang='lat' dir='ltr'><strong>dictum</strong></span> <span class='ocrx_word' id='word_1_458' title='bbox 1386 3367 1777 3421; x_wconf 86' lang='lat' dir='ltr'><strong>monasterium</strong></span> <span class='ocrx_word' id='word_1_459' title='bbox 1805 3366 2067 3437; x_wconf 63' lang='lat' dir='ltr'><strong>praedicto</strong></span> <span class='ocrx_word' id='word_1_460' title='bbox 2092 3368 2209 3438; x_wconf 91' lang='lat' dir='ltr'><strong>epi-</strong></span> 
     </span>
    </p>
   </div>
   <div class='ocr_carea' id='block_1_61' title="bbox 628 3455 2208 3531">
    <p class='ocr_par' dir='ltr' id='par_1_61' title="bbox 628 3455 2208 3531">
     <span class='ocr_line' id='line_1_61' title="bbox 628 3455 2208 3531; baseline 0.001 -16"><span class='ocrx_word' id='word_1_461' title='bbox 628 3473 794 3528; x_wconf 83' lang='lat' dir='ltr'><strong>scopo</strong></span> <span class='ocrx_word' id='word_1_462' title='bbox 839 3455 1122 3512; x_wconf 83' lang='lat' dir='ltr'><strong>auferrent</strong></span> <span class='ocrx_word' id='word_1_463' title='bbox 1146 3464 1208 3511; x_wconf 84' lang='lat' dir='ltr'><strong>et</strong></span> <span class='ocrx_word' id='word_1_464' title='bbox 1245 3471 1276 3510; x_wconf 90' lang='lat' dir='ltr'><strong>a</strong></span> <span class='ocrx_word' id='word_1_465' title='bbox 1298 3455 1422 3525; x_wconf 85' lang='lat' dir='ltr'><strong>jure</strong></span> <span class='ocrx_word' id='word_1_466' title='bbox 1459 3474 1571 3513; x_wconf 70' lang='lat' dir='ltr'><strong>sua:</strong></span> <span class='ocrx_word' id='word_1_467' title='bbox 1598 3458 1744 3514; x_wconf 85' lang='lat' dir='ltr'><strong>sedis</strong></span> <span class='ocrx_word' id='word_1_468' title='bbox 1785 3459 2027 3514; x_wconf 78' lang='lat' dir='ltr'><strong>ecclesiae.</strong></span> <span class='ocrx_word' id='word_1_469' title='bbox 2070 3474 2208 3531; x_wconf 87' lang='lat' dir='ltr'><strong>quo-</strong></span> 
     </span>
    </p>
   </div>
   <div class='ocr_carea' id='block_1_62' title="bbox 627 3537 2208 3629">
    <p class='ocr_par' dir='ltr' id='par_1_62' title="bbox 627 3537 2208 3629">
     <span class='ocr_line' id='line_1_62' title="bbox 627 3537 2208 3629; baseline 0.002 -25"><span class='ocrx_word' id='word_1_470' title='bbox 627 3567 735 3622; x_wconf 87' lang='lat' dir='ltr'><strong>quo</strong></span> <span class='ocrx_word' id='word_1_471' title='bbox 762 3551 921 3605; x_wconf 83' lang='lat' dir='ltr'><strong>modo</strong></span> <span class='ocrx_word' id='word_1_472' title='bbox 948 3537 1253 3619; x_wconf 82' lang='lat' dir='ltr'><strong>potuissent</strong></span> <span class='ocrx_word' id='word_1_473' title='bbox 1279 3549 1660 3629; x_wconf 84' lang='lat' dir='ltr'><strong>subtraherent</strong></span> <span class='ocrx_word' id='word_1_474' title='bbox 1688 3550 1773 3605; x_wconf 89' lang='lat' dir='ltr'><strong>vel</strong></span> <span class='ocrx_word' id='word_1_475' title='bbox 1808 3551 2110 3607; x_wconf 88' lang='lat' dir='ltr'><strong>alienarent</strong></span> <span class='ocrx_word' id='word_1_476' title='bbox 2135 3553 2208 3607; x_wconf 91' lang='lat' dir='ltr'><strong>si-</strong></span> 
     </span>
    </p>
   </div>
   <div class='ocr_carea' id='block_1_63' title="bbox 630 3632 2209 3716">
    <p class='ocr_par' dir='ltr' id='par_1_63' title="bbox 630 3632 2209 3716">
     <span class='ocr_line' id='line_1_63' title="bbox 630 3632 2209 3716; baseline -0.001 -15"><span class='ocrx_word' id='word_1_477' title='bbox 630 3647 790 3716; x_wconf 87' lang='lat' dir='ltr'><strong>bique</strong></span> <span class='ocrx_word' id='word_1_478' title='bbox 817 3644 1210 3709; x_wconf 88' lang='lat' dir='ltr'><strong>evindicarent,</strong></span> <span class='ocrx_word' id='word_1_479' title='bbox 1238 3644 1369 3697; x_wconf 84' lang='lat' dir='ltr'><strong>tunc</strong></span> <span class='ocrx_word' id='word_1_480' title='bbox 1384 3642 1463 3699; x_wconf 85' lang='lat' dir='ltr'><strong>eis</strong></span> <span class='ocrx_word' id='word_1_481' title='bbox 1489 3632 1818 3714; x_wconf 70' lang='lat' dir='ltr'><strong>praeceptum</strong></span> <span class='ocrx_word' id='word_1_482' title='bbox 1840 3652 1922 3699; x_wconf 92' lang='lat' dir='ltr'><strong>est</strong></span> <span class='ocrx_word' id='word_1_483' title='bbox 1946 3654 2007 3699; x_wconf 89' lang='lat' dir='ltr'><strong>ut</strong></span> <span class='ocrx_word' id='word_1_484' title='bbox 2030 3660 2209 3699; x_wconf 87' lang='lat' dir='ltr'><strong>rever-</strong></span> 
     </span>
    </p>
   </div>
   <div class='ocr_carea' id='block_1_64' title="bbox 634 3734 2209 3805">
    <p class='ocr_par' dir='ltr' id='par_1_64' title="bbox 634 3734 2209 3805">
     <span class='ocr_line' id='line_1_64' title="bbox 634 3734 2209 3805; baseline 0 -12"><span class='ocrx_word' id='word_1_485' title='bbox 634 3749 882 3794; x_wconf 84' lang='lat' dir='ltr'><strong>terentur</strong></span> <span class='ocrx_word' id='word_1_486' title='bbox 923 3736 991 3791; x_wconf 90' lang='lat' dir='ltr'><strong>ad</strong></span> <span class='ocrx_word' id='word_1_487' title='bbox 1042 3734 1230 3790; x_wconf 82' lang='lat' dir='ltr'><strong>eorum</strong></span> <span class='ocrx_word' id='word_1_488' title='bbox 1281 3735 1669 3790; x_wconf 90' lang='lat' dir='ltr'><strong>monasterium</strong></span> <span class='ocrx_word' id='word_1_489' title='bbox 1717 3750 1825 3805; x_wconf 90' lang='lat' dir='ltr'><strong>quo</strong></span> <span class='ocrx_word' id='word_1_490' title='bbox 1864 3740 2209 3793; x_wconf 70' lang='lat' dir='ltr'><strong>renuntiave-</strong></span> 
     </span>
    </p>
   </div>
   <div class='ocr_carea' id='block_1_65' title="bbox 626 3812 2207 3899">
    <p class='ocr_par' dir='ltr' id='par_1_65' title="bbox 626 3812 2207 3899">
     <span class='ocr_line' id='line_1_65' title="bbox 626 3812 2207 3899; baseline -0.001 -12"><span class='ocrx_word' id='word_1_491' title='bbox 626 3840 783 3898; x_wconf 72' lang='lat' dir='ltr'><strong>runt,</strong></span> <span class='ocrx_word' id='word_1_492' title='bbox 829 3831 1011 3899; x_wconf 88' lang='lat' dir='ltr'><strong>ibique</strong></span> <span class='ocrx_word' id='word_1_493' title='bbox 1057 3818 1277 3898; x_wconf 74' lang='lat' dir='ltr'><strong>ieiuniis</strong></span> <span class='ocrx_word' id='word_1_494' title='bbox 1324 3812 1378 3884; x_wconf 81' lang='lat' dir='ltr'><strong>et</strong></span> <span class='ocrx_word' id='word_1_495' title='bbox 1423 3827 1758 3883; x_wconf 90' lang='lat' dir='ltr'><strong>orationibus</strong></span> <span class='ocrx_word' id='word_1_496' title='bbox 1790 3828 2105 3885; x_wconf 89' lang='lat' dir='ltr'><strong>insisterent</strong></span> <span class='ocrx_word' id='word_1_497' title='bbox 2152 3836 2207 3885; x_wconf 90' lang='lat' dir='ltr'><strong>et</strong></span> 
     </span>
    </p>
   </div>
   <div class='ocr_carea' id='block_1_66' title="bbox 628 3918 2205 3995">
    <p class='ocr_par' dir='ltr' id='par_1_66' title="bbox 628 3918 2205 3995">
     <span class='ocr_line' id='line_1_66' title="bbox 628 3918 2205 3995; baseline -0.001 -16"><span class='ocrx_word' id='word_1_498' title='bbox 628 3924 854 3979; x_wconf 86' lang='lat' dir='ltr'><strong>Domino</strong></span> <span class='ocrx_word' id='word_1_499' title='bbox 890 3919 1211 3993; x_wconf 75' lang='lat' dir='ltr'><strong>regulariter</strong></span> <span class='ocrx_word' id='word_1_500' title='bbox 1237 3919 1549 3974; x_wconf 87' lang='lat' dir='ltr'><strong>militarent.</strong></span> <span class='ocrx_word' id='word_1_501' title='bbox 1584 3918 1675 3995; x_wconf 67' lang='lat' dir='ltr'><strong>illi</strong></span> <span class='ocrx_word' id='word_1_502' title='bbox 1703 3935 1833 3976; x_wconf 88' lang='lat' dir='ltr'><strong>vero</strong></span> <span class='ocrx_word' id='word_1_503' title='bbox 1871 3931 2059 3976; x_wconf 90' lang='lat' dir='ltr'><strong>contra</strong></span> <span class='ocrx_word' id='word_1_504' title='bbox 2090 3930 2205 3977; x_wconf 85' lang='lat' dir='ltr'><strong>sto-</strong></span> 
     </span>
    </p>
   </div>
   <div class='ocr_carea' id='block_1_67' title="bbox 626 4006 2205 4091">
    <p class='ocr_par' dir='ltr' id='par_1_67' title="bbox 626 4006 2205 4091">
     <span class='ocr_line' id='line_1_67' title="bbox 626 4006 2205 4091; baseline 0 -22"><span class='ocrx_word' id='word_1_505' title='bbox 626 4014 932 4070; x_wconf 79' lang='lat' dir='ltr'><strong>macbando</strong></span> <span class='ocrx_word' id='word_1_506' title='bbox 944 4012 1528 4091; x_wconf 83' lang='lat' dir='ltr'><strong>responderunt,atque</strong></span> <span class='ocrx_word' id='word_1_507' title='bbox 1544 4006 1670 4067; x_wconf 88' lang='lat' dir='ltr'><strong>illuc</strong></span> <span class='ocrx_word' id='word_1_508' title='bbox 1685 4011 1887 4068; x_wconf 85' lang='lat' dir='ltr'><strong>reverti</strong></span> <span class='ocrx_word' id='word_1_509' title='bbox 1904 4012 2045 4068; x_wconf 92' lang='lat' dir='ltr'><strong>nolle</strong></span> <span class='ocrx_word' id='word_1_510' title='bbox 2059 4012 2205 4069; x_wconf 81' lang='lat' dir='ltr'><strong>dixe—</strong></span> 
     </span>
    </p>
   </div>
   <div class='ocr_carea' id='block_1_68' title="bbox 625 4092 2203 4176">
    <p class='ocr_par' dir='ltr' id='par_1_68' title="bbox 625 4092 2203 4176">
     <span class='ocr_line' id='line_1_68' title="bbox 625 4092 2203 4176; baseline -0.001 -14"><span class='ocrx_word' id='word_1_511' title='bbox 625 4116 773 4162; x_wconf 88' lang='lat' dir='ltr'><strong>runt.</strong></span> <span class='ocrx_word' id='word_1_512' title='bbox 806 4104 959 4159; x_wconf 89' lang='lat' dir='ltr'><strong>Tunc</strong></span> <span class='ocrx_word' id='word_1_513' title='bbox 987 4103 1233 4159; x_wconf 84' lang='lat' dir='ltr'><strong>videntes</strong></span> <span class='ocrx_word' id='word_1_514' title='bbox 1265 4119 1358 4159; x_wconf 91' lang='lat' dir='ltr'><strong>eos</strong></span> <span class='ocrx_word' id='word_1_515' title='bbox 1393 4092 1584 4159; x_wconf 85' lang='lat' dir='ltr'><strong>omnes</strong></span> <span class='ocrx_word' id='word_1_516' title='bbox 1614 4103 1854 4175; x_wconf 89' lang='lat' dir='ltr'><strong>episcopi</strong></span> <span class='ocrx_word' id='word_1_517' title='bbox 1897 4112 1951 4160; x_wconf 91' lang='lat' dir='ltr'><strong>et</strong></span> <span class='ocrx_word' id='word_1_518' title='bbox 2008 4104 2203 4176; x_wconf 87' lang='lat' dir='ltr'><strong>reliqui</strong></span> 
     </span>
    </p>
   </div>
   <div class='ocr_carea' id='block_1_69' title="bbox 623 4197 2205 4269">
    <p class='ocr_par' dir='ltr' id='par_1_69' title="bbox 623 4197 2205 4269">
     <span class='ocr_line' id='line_1_69' title="bbox 623 4197 2205 4269; baseline -0.002 -13"><span class='ocrx_word' id='word_1_519' title='bbox 623 4200 934 4256; x_wconf 85' lang='lat' dir='ltr'><strong>sacerdotes</strong></span> <span class='ocrx_word' id='word_1_520' title='bbox 951 4206 1114 4254; x_wconf 65' lang='lat' dir='ltr'><strong>tantae</strong></span> <span class='ocrx_word' id='word_1_521' title='bbox 1141 4197 1382 4254; x_wconf 72' lang='lat' dir='ltr'><strong>stultitia:</strong></span> <span class='ocrx_word' id='word_1_522' title='bbox 1405 4212 1524 4253; x_wconf 89' lang='lat' dir='ltr'><strong>esse</strong></span> <span class='ocrx_word' id='word_1_523' title='bbox 1537 4204 1591 4253; x_wconf 89' lang='lat' dir='ltr'><strong>et</strong></span> <span class='ocrx_word' id='word_1_524' title='bbox 1618 4197 1801 4253; x_wconf 91' lang='lat' dir='ltr'><strong>taliter</strong></span> <span class='ocrx_word' id='word_1_525' title='bbox 1814 4198 2013 4254; x_wconf 91' lang='lat' dir='ltr'><strong>domno</strong></span> <span class='ocrx_word' id='word_1_526' title='bbox 2036 4199 2205 4269; x_wconf 87' lang='lat' dir='ltr'><strong>impe-</strong></span> 
     </span>
    </p>
   </div>
   <div class='ocr_carea' id='block_1_70' title="bbox 624 4291 2202 4363">
    <p class='ocr_par' dir='ltr' id='par_1_70' title="bbox 624 4291 2202 4363">
     <span class='ocr_line' id='line_1_70' title="bbox 624 4291 2202 4363; baseline -0.001 -15"><span class='ocrx_word' id='word_1_527' title='bbox 624 4294 792 4349; x_wconf 91' lang='lat' dir='ltr'><strong>ratori</strong></span> <span class='ocrx_word' id='word_1_528' title='bbox 819 4301 874 4350; x_wconf 88' lang='lat' dir='ltr'><strong>et</strong></span> <span class='ocrx_word' id='word_1_529' title='bbox 902 4292 1050 4348; x_wconf 90' lang='lat' dir='ltr'><strong>omni</strong></span> <span class='ocrx_word' id='word_1_530' title='bbox 1076 4291 1535 4363; x_wconf 65' lang='lat' dir='ltr'><strong>sanctzesynodo,</strong></span> <span class='ocrx_word' id='word_1_531' title='bbox 1562 4299 1725 4361; x_wconf 88' lang='lat' dir='ltr'><strong>atque</strong></span> <span class='ocrx_word' id='word_1_532' title='bbox 1767 4307 1955 4347; x_wconf 92' lang='lat' dir='ltr'><strong>eorum</strong></span> <span class='ocrx_word' id='word_1_533' title='bbox 1981 4291 2202 4363; x_wconf 89' lang='lat' dir='ltr'><strong>proprio</strong></span> 
     </span>
    </p>
   </div>
   <div class='ocr_carea' id='block_1_71' title="bbox 621 4371 2232 4457">
    <p class='ocr_par' dir='ltr' id='par_1_71' title="bbox 621 4371 2232 4457">
     <span class='ocr_line' id='line_1_71' title="bbox 621 4371 2232 4457; baseline 0.001 -18"><span class='ocrx_word' id='word_1_534' title='bbox 621 4386 874 4457; x_wconf 86' lang='lat' dir='ltr'><strong>episcopo</strong></span> <span class='ocrx_word' id='word_1_535' title='bbox 900 4384 1269 4440; x_wconf 90' lang='lat' dir='ltr'><strong>inobedientes</strong></span> <span class='ocrx_word' id='word_1_536' title='bbox 1289 4383 1524 4438; x_wconf 82' lang='lat' dir='ltr'><strong>existere</strong></span> <span class='ocrx_word' id='word_1_537' title='bbox 1546 4398 1843 4454; x_wconf 89' lang='lat' dir='ltr'><strong>eorumque</strong></span> <span class='ocrx_word' id='word_1_538' title='bbox 1866 4371 2232 4454; x_wconf 47' lang='lat' dir='ltr'><strong>jussionibus‘</strong></span> 
     </span>
    </p>
   </div>
   <div class='ocr_carea' id='block_1_72' title="bbox 620 4478 2202 4555">
    <p class='ocr_par' dir='ltr' id='par_1_72' title="bbox 620 4478 2202 4555">
     <span class='ocr_line' id='line_1_72' title="bbox 620 4478 2202 4555; baseline -0.003 -16"><span class='ocrx_word' id='word_1_539' title='bbox 620 4492 677 4539; x_wconf 92' lang='lat' dir='ltr'><strong>et</strong></span> <span class='ocrx_word' id='word_1_540' title='bbox 703 4485 808 4555; x_wconf 88' lang='lat' dir='ltr'><strong>piis</strong></span> <span class='ocrx_word' id='word_1_541' title='bbox 837 4499 900 4538; x_wconf 86' lang='lat' dir='ltr'><strong>ac</strong></span> <span class='ocrx_word' id='word_1_542' title='bbox 928 4481 1092 4553; x_wconf 85' lang='lat' dir='ltr'><strong>justis</strong></span> <span class='ocrx_word' id='word_1_543' title='bbox 1132 4478 1373 4536; x_wconf 88' lang='lat' dir='ltr'><strong>consiliis</strong></span> <span class='ocrx_word' id='word_1_544' title='bbox 1403 4480 1675 4545; x_wconf 78' lang='lat' dir='ltr'><strong>resistere,</strong></span> <span class='ocrx_word' id='word_1_545' title='bbox 1704 4486 2082 4551; x_wconf 83' lang='lat' dir='ltr'><strong>praeceperunt</strong></span> <span class='ocrx_word' id='word_1_546' title='bbox 2121 4480 2202 4535; x_wconf 79' lang='lat' dir='ltr'><strong>af-</strong></span> 
     </span>
    </p>
   </div>
   <div class='ocr_carea' id='block_1_73' title="bbox 622 4571 2197 4648">
    <p class='ocr_par' dir='ltr' id='par_1_73' title="bbox 622 4571 2197 4648">
     <span class='ocr_line' id='line_1_73' title="bbox 622 4571 2197 4648; baseline -0.002 -17"><span class='ocrx_word' id='word_1_547' title='bbox 622 4577 763 4633; x_wconf 83' lang='lat' dir='ltr'><strong>ferre</strong></span> <span class='ocrx_word' id='word_1_548' title='bbox 787 4576 1031 4648; x_wconf 85' lang='lat' dir='ltr'><strong>regulam</strong></span> <span class='ocrx_word' id='word_1_549' title='bbox 1060 4575 1231 4631; x_wconf 89' lang='lat' dir='ltr'><strong>sancti</strong></span> <span class='ocrx_word' id='word_1_550' title='bbox 1273 4571 1555 4628; x_wconf 80' lang='lat' dir='ltr'><strong>Benedicti</strong></span> <span class='ocrx_word' id='word_1_551' title='bbox 1577 4581 1633 4628; x_wconf 90' lang='lat' dir='ltr'><strong>et</strong></span> <span class='ocrx_word' id='word_1_552' title='bbox 1660 4573 1713 4628; x_wconf 92' lang='lat' dir='ltr'><strong>in</strong></span> <span class='ocrx_word' id='word_1_553' title='bbox 1740 4582 2031 4644; x_wconf 86' lang='lat' dir='ltr'><strong>conspectu</strong></span> <span class='ocrx_word' id='word_1_554' title='bbox 2080 4590 2197 4629; x_wconf 89' lang='lat' dir='ltr'><strong>om-</strong></span> 
     </span>
    </p>
   </div>
   <div class='ocr_carea' id='block_1_74' title="bbox 621 4666 2198 4739">
    <p class='ocr_par' dir='ltr' id='par_1_74' title="bbox 621 4666 2198 4739">
     <span class='ocr_line' id='line_1_74' title="bbox 621 4666 2198 4739; baseline -0.001 -14"><span class='ocrx_word' id='word_1_555' title='bbox 621 4671 771 4725; x_wconf 90' lang='lat' dir='ltr'><strong>nium</strong></span> <span class='ocrx_word' id='word_1_556' title='bbox 843 4668 1139 4725; x_wconf 87' lang='lat' dir='ltr'><strong>sententias</strong></span> <span class='ocrx_word' id='word_1_557' title='bbox 1184 4666 1300 4739; x_wconf 85' lang='lat' dir='ltr'><strong>ejus</strong></span> <span class='ocrx_word' id='word_1_558' title='bbox 1349 4666 1569 4738; x_wconf 84' lang='lat' dir='ltr'><strong>legere,</strong></span> <span class='ocrx_word' id='word_1_559' title='bbox 1619 4667 1896 4736; x_wconf 87' lang='lat' dir='ltr'><strong>quibusin</strong></span> <span class='ocrx_word' id='word_1_560' title='bbox 1945 4668 2198 4724; x_wconf 90' lang='lat' dir='ltr'><strong>omnibus</strong></span> 
     </span>
    </p>
   </div>
   <div class='ocr_carea' id='block_1_75' title="bbox 620 4756 2195 4834">
    <p class='ocr_par' dir='ltr' id='par_1_75' title="bbox 620 4756 2195 4834">
     <span class='ocr_line' id='line_1_75' title="bbox 620 4756 2195 4834; baseline -0.003 -17"><span class='ocrx_word' id='word_1_561' title='bbox 620 4761 1013 4834; x_wconf 85' lang='lat' dir='ltr'><strong>repugnabant,</strong></span> <span class='ocrx_word' id='word_1_562' title='bbox 1071 4769 1127 4815; x_wconf 92' lang='lat' dir='ltr'><strong>et</strong></span> <span class='ocrx_word' id='word_1_563' title='bbox 1178 4759 1246 4816; x_wconf 91' lang='lat' dir='ltr'><strong>ad</strong></span> <span class='ocrx_word' id='word_1_564' title='bbox 1305 4756 1557 4813; x_wconf 82' lang='lat' dir='ltr'><strong>ultimum</strong></span> <span class='ocrx_word' id='word_1_565' title='bbox 1587 4757 1653 4813; x_wconf 90' lang='lat' dir='ltr'><strong>de</strong></span> <span class='ocrx_word' id='word_1_566' title='bbox 1696 4757 2021 4813; x_wconf 90' lang='lat' dir='ltr'><strong>humilitatis</strong></span> <span class='ocrx_word' id='word_1_567' title='bbox 2068 4775 2195 4830; x_wconf 77' lang='lat' dir='ltr'><strong>gra-</strong></span> 
     </span>
    </p>
   </div>
   <div class='ocr_carea' id='block_1_76' title="bbox 621 4849 2198 4923">
    <p class='ocr_par' dir='ltr' id='par_1_76' title="bbox 621 4849 2198 4923">
     <span class='ocr_line' id='line_1_76' title="bbox 621 4849 2198 4923; baseline -0.002 -13"><span class='ocrx_word' id='word_1_568' title='bbox 621 4856 778 4910; x_wconf 85' lang='lat' dir='ltr'><strong>dibus</strong></span> <span class='ocrx_word' id='word_1_569' title='bbox 848 4851 1173 4909; x_wconf 89' lang='lat' dir='ltr'><strong>sententiam</strong></span> <span class='ocrx_word' id='word_1_570' title='bbox 1233 4849 1413 4923; x_wconf 85' lang='lat' dir='ltr'><strong>legere</strong></span> <span class='ocrx_word' id='word_1_571' title='bbox 1472 4850 1756 4922; x_wconf 79' lang='lat' dir='ltr'><strong>jusserunt</strong></span> <span class='ocrx_word' id='word_1_572' title='bbox 1781 4891 1798 4919; x_wconf 92' lang='lat'><strong>,</strong></span> <span class='ocrx_word' id='word_1_573' title='bbox 1863 4849 1930 4905; x_wconf 91' lang='lat' dir='ltr'><strong>de</strong></span> <span class='ocrx_word' id='word_1_574' title='bbox 1999 4850 2198 4922; x_wconf 87' lang='lat' dir='ltr'><strong>quibus</strong></span> 
     </span>
    </p>
   </div>
   <div class='ocr_carea' id='block_1_77' title="bbox 618 4942 2199 5014">
    <p class='ocr_par' dir='ltr' id='par_1_77' title="bbox 618 4942 2199 5014">
     <span class='ocr_line' id='line_1_77' title="bbox 618 4942 2199 5014; baseline -0.003 -12"><span class='ocrx_word' id='word_1_575' title='bbox 618 4950 699 5003; x_wconf 84' lang='lat' dir='ltr'><strong>eis</strong></span> <span class='ocrx_word' id='word_1_576' title='bbox 746 4946 951 5002; x_wconf 90' lang='lat' dir='ltr'><strong>nullum</strong></span> <span class='ocrx_word' id='word_1_577' title='bbox 1003 4954 1190 5001; x_wconf 89' lang='lat' dir='ltr'><strong>tenere</strong></span> <span class='ocrx_word' id='word_1_578' title='bbox 1227 4944 1405 5001; x_wconf 90' lang='lat' dir='ltr'><strong>visum</strong></span> <span class='ocrx_word' id='word_1_579' title='bbox 1443 4952 1561 5010; x_wconf 90' lang='lat' dir='ltr'><strong>est,</strong></span> <span class='ocrx_word' id='word_1_580' title='bbox 1612 4943 1706 4998; x_wconf 89' lang='lat' dir='ltr'><strong>sed</strong></span> <span class='ocrx_word' id='word_1_581' title='bbox 1750 4942 1922 5014; x_wconf 85' lang='lat' dir='ltr'><strong>magis</strong></span> <span class='ocrx_word' id='word_1_582' title='bbox 1961 4942 2199 5014; x_wconf 90' lang='lat' dir='ltr'><strong>propriis</strong></span> 
     </span>
    </p>
   </div>
   <div class='ocr_carea' id='block_1_78' title="bbox 623 5030 2205 5098">
    <p class='ocr_par' dir='ltr' id='par_1_78' title="bbox 623 5030 2205 5098">
     <span class='ocr_line' id='line_1_78' title="bbox 623 5030 2205 5098; baseline -0.003 -3"><span class='ocrx_word' id='word_1_583' title='bbox 623 5041 986 5098; x_wconf 81' lang='lat' dir='ltr'><strong>voluntatibus</strong></span> <span class='ocrx_word' id='word_1_584' title='bbox 1026 5037 1293 5096; x_wconf 89' lang='lat' dir='ltr'><strong>inservire</strong></span> <span class='ocrx_word' id='word_1_585' title='bbox 1333 5044 1388 5093; x_wconf 90' lang='lat' dir='ltr'><strong>et</strong></span> <span class='ocrx_word' id='word_1_586' title='bbox 1428 5052 1619 5092; x_wconf 89' lang='lat' dir='ltr'><strong>eorum</strong></span> <span class='ocrx_word' id='word_1_587' title='bbox 1660 5030 1826 5093; x_wconf 87' lang='lat' dir='ltr'><strong>libido</strong></span> <span class='ocrx_word' id='word_1_588' title='bbox 1854 5036 2116 5092; x_wconf 89' lang='lat' dir='ltr'><strong>inservire</strong></span> <span class='ocrx_word' id='word_1_589' title='bbox 2144 5038 2205 5091; x_wconf 80' lang='lat' dir='ltr'><strong>et</strong></span> 
     </span>
    </p>
   </div>
   <div class='ocr_carea' id='block_1_79' title="bbox 620 5124 2198 5200">
    <p class='ocr_par' dir='ltr' id='par_1_79' title="bbox 620 5124 2198 5200">
     <span class='ocr_line' id='line_1_79' title="bbox 620 5124 2198 5200; baseline -0.003 -14"><span class='ocrx_word' id='word_1_590' title='bbox 620 5130 893 5188; x_wconf 88' lang='lat' dir='ltr'><strong>insistere.</strong></span> <span class='ocrx_word' id='word_1_591' title='bbox 941 5130 1113 5198; x_wconf 85' lang='lat' dir='ltr'><strong>Quam</strong></span> <span class='ocrx_word' id='word_1_592' title='bbox 1169 5124 1409 5200; x_wconf 86' lang='lat' dir='ltr'><strong>regulam</strong></span> <span class='ocrx_word' id='word_1_593' title='bbox 1441 5135 1571 5182; x_wconf 90' lang='lat' dir='ltr'><strong>tunc</strong></span> <span class='ocrx_word' id='word_1_594' title='bbox 1601 5126 2008 5182; x_wconf 90' lang='lat' dir='ltr'><strong>considerantes</strong></span> <span class='ocrx_word' id='word_1_595' title='bbox 2045 5126 2198 5182; x_wconf 84' lang='lat' dir='ltr'><strong>dixe-</strong></span> 
     </span>
    </p>
   </div>
   <div class='ocr_carea' id='block_1_80' title="bbox 618 5216 2197 5291">
    <p class='ocr_par' dir='ltr' id='par_1_80' title="bbox 618 5216 2197 5291">
     <span class='ocr_line' id='line_1_80' title="bbox 618 5216 2197 5291; baseline -0.003 -13"><span class='ocrx_word' id='word_1_596' title='bbox 618 5231 767 5289; x_wconf 87' lang='lat' dir='ltr'><strong>runt,</strong></span> <span class='ocrx_word' id='word_1_597' title='bbox 798 5221 1054 5291; x_wconf 82' lang='lat' dir='ltr'><strong>quoniam</strong></span> <span class='ocrx_word' id='word_1_598' title='bbox 1096 5235 1160 5275; x_wconf 89' lang='lat' dir='ltr'><strong>ea</strong></span> <span class='ocrx_word' id='word_1_599' title='bbox 1207 5234 1328 5291; x_wconf 64' lang='lat' dir='ltr'><strong>quae</strong></span> <span class='ocrx_word' id='word_1_600' title='bbox 1357 5218 1462 5273; x_wconf 87' lang='lat' dir='ltr'><strong>levi</strong></span> <span class='ocrx_word' id='word_1_601' title='bbox 1506 5226 1563 5273; x_wconf 90' lang='lat' dir='ltr'><strong>et</strong></span> <span class='ocrx_word' id='word_1_602' title='bbox 1599 5216 1794 5273; x_wconf 87' lang='lat' dir='ltr'><strong>blando</strong></span> <span class='ocrx_word' id='word_1_603' title='bbox 1840 5217 2197 5273; x_wconf 90' lang='lat' dir='ltr'><strong>medicamine</strong></span> 
     </span>
    </p>
   </div>
   <div class='ocr_carea' id='block_1_81' title="bbox 619 5306 2197 5384">
    <p class='ocr_par' dir='ltr' id='par_1_81' title="bbox 619 5306 2197 5384">
     <span class='ocr_line' id='line_1_81' title="bbox 619 5306 2197 5384; baseline -0.006 -12"><span class='ocrx_word' id='word_1_604' title='bbox 619 5314 802 5372; x_wconf 87' lang='lat' dir='ltr'><strong>sanari</strong></span> <span class='ocrx_word' id='word_1_605' title='bbox 847 5328 952 5368; x_wconf 91' lang='lat' dir='ltr'><strong>non</strong></span> <span class='ocrx_word' id='word_1_606' title='bbox 981 5319 1226 5384; x_wconf 91' lang='lat' dir='ltr'><strong>possunt,</strong></span> <span class='ocrx_word' id='word_1_607' title='bbox 1270 5309 1415 5366; x_wconf 80' lang='lat' dir='ltr'><strong>ferro</strong></span> <span class='ocrx_word' id='word_1_608' title='bbox 1453 5309 1703 5366; x_wconf 87' lang='lat' dir='ltr'><strong>abscindi</strong></span> <span class='ocrx_word' id='word_1_609' title='bbox 1732 5324 1951 5365; x_wconf 89' lang='lat' dir='ltr'><strong>necesse</strong></span> <span class='ocrx_word' id='word_1_610' title='bbox 1979 5317 2080 5363; x_wconf 91' lang='lat' dir='ltr'><strong>est.</strong></span> <span class='ocrx_word' id='word_1_611' title='bbox 2127 5306 2197 5363; x_wconf 89' lang='lat' dir='ltr'><strong>Et</strong></span> 
     </span>
    </p>
   </div>
   <div class='ocr_carea' id='block_1_82' title="bbox 615 5396 2213 5481">
    <p class='ocr_par' dir='ltr' id='par_1_82' title="bbox 615 5396 2213 5481">
     <span class='ocr_line' id='line_1_82' title="bbox 615 5396 2213 5481; baseline -0.004 -17"><span class='ocrx_word' id='word_1_612' title='bbox 615 5414 992 5481; x_wconf 69' lang='lat' dir='ltr'><strong>prmceperunt</strong></span> <span class='ocrx_word' id='word_1_613' title='bbox 1028 5404 1222 5461; x_wconf 80' lang='lat' dir='ltr'><strong>aﬂ&#39;erre</strong></span> <span class='ocrx_word' id='word_1_614' title='bbox 1248 5418 1501 5469; x_wconf 85' lang='lat' dir='ltr'><strong>canones,</strong></span> <span class='ocrx_word' id='word_1_615' title='bbox 1552 5418 1583 5457; x_wconf 92' lang='lat' dir='ltr'><strong>e</strong></span> <span class='ocrx_word' id='word_1_616' title='bbox 1624 5402 1820 5474; x_wconf 90' lang='lat' dir='ltr'><strong>quibus</strong></span> <span class='ocrx_word' id='word_1_617' title='bbox 1864 5403 1916 5457; x_wconf 93' lang='lat' dir='ltr'><strong>in</strong></span> <span class='ocrx_word' id='word_1_618' title='bbox 1956 5396 2213 5472; x_wconf 50' lang='lat' dir='ltr'><strong>prmsenJ</strong></span> 
     </span>
    </p>
   </div>
   <div class='ocr_carea' id='block_1_83' title="bbox 618 5493 2189 5568">
    <p class='ocr_par' dir='ltr' id='par_1_83' title="bbox 618 5493 2189 5568">
     <span class='ocr_line' id='line_1_83' title="bbox 618 5493 2189 5568; baseline -0.006 -11"><span class='ocrx_word' id='word_1_619' title='bbox 618 5504 691 5557; x_wconf 88' lang='lat' dir='ltr'><strong>tia</strong></span> <span class='ocrx_word' id='word_1_620' title='bbox 718 5500 960 5557; x_wconf 83' lang='lat' dir='ltr'><strong>omnium</strong></span> <span class='ocrx_word' id='word_1_621' title='bbox 988 5497 1044 5553; x_wconf 93' lang='lat' dir='ltr'><strong>in</strong></span> <span class='ocrx_word' id='word_1_622' title='bbox 1073 5496 1310 5568; x_wconf 87' lang='lat' dir='ltr'><strong>plenaria</strong></span> <span class='ocrx_word' id='word_1_623' title='bbox 1350 5495 1555 5567; x_wconf 87' lang='lat' dir='ltr'><strong>synodo</strong></span> <span class='ocrx_word' id='word_1_624' title='bbox 1582 5494 1779 5549; x_wconf 89' lang='lat' dir='ltr'><strong>relecta</strong></span> <span class='ocrx_word' id='word_1_625' title='bbox 1808 5498 1893 5550; x_wconf 89' lang='lat' dir='ltr'><strong>est</strong></span> <span class='ocrx_word' id='word_1_626' title='bbox 1923 5493 2189 5549; x_wconf 88' lang='lat' dir='ltr'><strong>sententia</strong></span> 
     </span>
    </p>
   </div>
   <div class='ocr_carea' id='block_1_84' title="bbox 618 5587 2196 5658">
    <p class='ocr_par' dir='ltr' id='par_1_84' title="bbox 618 5587 2196 5658">
     <span class='ocr_line' id='line_1_84' title="bbox 618 5587 2196 5658; baseline -0.005 -7"><span class='ocrx_word' id='word_1_627' title='bbox 618 5593 833 5651; x_wconf 83' lang='lat' dir='ltr'><strong>concilii</strong></span> <span class='ocrx_word' id='word_1_628' title='bbox 862 5588 1322 5649; x_wconf 77' lang='lat' dir='ltr'><strong>Chalcedenensis</strong></span> <span class='ocrx_word' id='word_1_629' title='bbox 1350 5588 1418 5643; x_wconf 88' lang='lat' dir='ltr'><strong>de</strong></span> <span class='ocrx_word' id='word_1_630' title='bbox 1455 5587 1670 5643; x_wconf 74' lang='lat' dir='ltr'><strong>clericis</strong></span> <span class='ocrx_word' id='word_1_631' title='bbox 1697 5587 1789 5657; x_wconf 90' lang='lat' dir='ltr'><strong>qui</strong></span> <span class='ocrx_word' id='word_1_632' title='bbox 1813 5594 2052 5658; x_wconf 66' lang='lat' dir='ltr'><strong>praesunt</strong></span> <span class='ocrx_word' id='word_1_633' title='bbox 2077 5594 2196 5658; x_wconf 84' lang='lat' dir='ltr'><strong>pto-</strong></span> 
     </span>
    </p>
   </div>
   <div class='ocr_carea' id='block_1_85' title="bbox 616 5677 2187 5749">
    <p class='ocr_par' dir='ltr' id='par_1_85' title="bbox 616 5677 2187 5749">
     <span class='ocr_line' id='line_1_85' title="bbox 616 5677 2187 5749; baseline -0.003 -9"><span class='ocrx_word' id='word_1_634' title='bbox 616 5686 755 5740; x_wconf 91' lang='lat' dir='ltr'><strong>chiis</strong></span> <span class='ocrx_word' id='word_1_635' title='bbox 783 5685 868 5739; x_wconf 92' lang='lat' dir='ltr'><strong>vel</strong></span> <span class='ocrx_word' id='word_1_636' title='bbox 898 5680 1264 5745; x_wconf 89' lang='lat' dir='ltr'><strong>monasteriis,</strong></span> <span class='ocrx_word' id='word_1_637' title='bbox 1319 5680 1613 5749; x_wconf 86' lang='lat' dir='ltr'><strong>capitulum</strong></span> <span class='ocrx_word' id='word_1_638' title='bbox 1647 5677 1680 5734; x_wconf 90' lang='lat'>8</span> <span class='ocrx_word' id='word_1_639' title='bbox 1718 5679 2001 5736; x_wconf 90' lang='lat' dir='ltr'><strong>continens</strong></span> <span class='ocrx_word' id='word_1_640' title='bbox 2031 5678 2187 5735; x_wconf 61' lang='lat' dir='ltr'><strong>haec:</strong></span> 
     </span>
    </p>
   </div>
   <div class='ocr_carea' id='block_1_86' title="bbox 622 5772 2193 5845">
    <p class='ocr_par' dir='ltr' id='par_1_86' title="bbox 622 5772 2193 5845">
     <span class='ocr_line' id='line_1_86' title="bbox 622 5772 2193 5845; baseline 0 -18"><span class='ocrx_word' id='word_1_641' title='bbox 622 5794 642 5827; x_wconf 70' lang='grc' dir='ltr'>ς</span> <span class='ocrx_word' id='word_1_642' title='bbox 686 5776 884 5832; x_wconf 88' lang='lat' dir='ltr'><strong>Clerici</strong></span> <span class='ocrx_word' id='word_1_643' title='bbox 924 5776 1015 5845; x_wconf 88' lang='lat' dir='ltr'><strong>qui</strong></span> <span class='ocrx_word' id='word_1_644' title='bbox 1044 5772 1409 5843; x_wconf 72' lang='lat' dir='ltr'><strong>praeliciuntur</strong></span> <span class='ocrx_word' id='word_1_645' title='bbox 1435 5772 1689 5839; x_wconf 84' lang='lat' dir='ltr'><strong>ptochiis,</strong></span> <span class='ocrx_word' id='word_1_646' title='bbox 1714 5772 1799 5826; x_wconf 88' lang='lat' dir='ltr'><strong>vel</strong></span> <span class='ocrx_word' id='word_1_647' title='bbox 1820 5772 1911 5842; x_wconf 91' lang='lat' dir='ltr'><strong>qui</strong></span> <span class='ocrx_word' id='word_1_648' title='bbox 1937 5772 2193 5827; x_wconf 80' lang='lat' dir='ltr'><strong>ordinan-</strong></span> 
     </span>
    </p>
   </div>
   <div class='ocr_carea' id='block_1_87' title="bbox 619 5861 2231 5949">
    <p class='ocr_par' dir='ltr' id='par_1_87' title="bbox 619 5861 2231 5949">
     <span class='ocr_line' id='line_1_87' title="bbox 619 5861 2231 5949; baseline -0.007 -22"><span class='ocrx_word' id='word_1_649' title='bbox 619 5878 710 5929; x_wconf 87' lang='lat' dir='ltr'><strong>tur</strong></span> <span class='ocrx_word' id='word_1_650' title='bbox 738 5868 794 5923; x_wconf 90' lang='lat' dir='ltr'><strong>in</strong></span> <span class='ocrx_word' id='word_1_651' title='bbox 840 5864 1189 5949; x_wconf 76' lang='lat' dir='ltr'><strong>monasteriis</strong></span> <span class='ocrx_word' id='word_1_652' title='bbox 1214 5871 1269 5918; x_wconf 90' lang='lat' dir='ltr'><strong>et</strong></span> <span class='ocrx_word' id='word_1_653' title='bbox 1290 5861 1542 5937; x_wconf 77' lang='lat' dir='ltr'><strong>basilicis</strong></span> <span class='ocrx_word' id='word_1_654' title='bbox 1584 5872 1903 5937; x_wconf 77' lang='lat' dir='ltr'><strong>martyrum,</strong></span> <span class='ocrx_word' id='word_1_655' title='bbox 1949 5864 2050 5923; x_wconf 87' lang='lat' dir='ltr'><strong>sub</strong></span> <span class='ocrx_word' id='word_1_656' title='bbox 2076 5863 2193 5938; x_wconf 81' lang='lat' dir='ltr'><strong>epi-</strong></span> <span class='ocrx_word' id='word_1_657' title='bbox 2216 5909 2231 5940; x_wconf 49' lang='grc' dir='ltr'><em>ι</em></span> 
     </span>
    </p>
   </div>
   <div class='ocr_carea' id='block_1_88' title="bbox 2313 3382 3779 3463">
    <p class='ocr_par' dir='ltr' id='par_1_88' title="bbox 2313 3382 3779 3463">
     <span class='ocr_line' id='line_1_88' title="bbox 2313 3382 3779 3463; baseline 0.001 -25"><span class='ocrx_word' id='word_1_658' title='bbox 2313 3382 2397 3438; x_wconf 93' lang='lat' dir='ltr'><strong>cio</strong></span> <span class='ocrx_word' id='word_1_659' title='bbox 2427 3385 2669 3439; x_wconf 86' lang='lat' dir='ltr'><strong>omnium</strong></span> <span class='ocrx_word' id='word_1_660' title='bbox 2700 3384 2768 3441; x_wconf 87' lang='lat' dir='ltr'><strong>ad</strong></span> <span class='ocrx_word' id='word_1_661' title='bbox 2812 3384 3124 3461; x_wconf 67' lang='lat' dir='ltr'><strong>praedictam</strong></span> <span class='ocrx_word' id='word_1_662' title='bbox 3172 3389 3430 3463; x_wconf 89' lang='lat' dir='ltr'><strong>synodum</strong></span> <span class='ocrx_word' id='word_1_663' title='bbox 3453 3388 3779 3447; x_wconf 80' lang='lat' dir='ltr'><strong>convenientium</strong></span> 
     </span>
    </p>
   </div>
   <div class='ocr_carea' id='block_1_89' title="bbox 2309 3474 3775 3557">
    <p class='ocr_par' dir='ltr' id='par_1_89' title="bbox 2309 3474 3775 3557">
     <span class='ocr_line' id='line_1_89' title="bbox 2309 3474 3775 3557; baseline 0.008 -29"><span class='ocrx_word' id='word_1_664' title='bbox 2309 3474 2686 3545; x_wconf 89' lang='lat' dir='ltr'><strong>episcoporum</strong></span> <span class='ocrx_word' id='word_1_665' title='bbox 2717 3482 2772 3532; x_wconf 92' lang='lat' dir='ltr'><strong>et</strong></span> <span class='ocrx_word' id='word_1_666' title='bbox 2804 3476 3134 3557; x_wconf 87' lang='lat' dir='ltr'><strong>reliquorum</strong></span> <span class='ocrx_word' id='word_1_667' title='bbox 3173 3481 3497 3537; x_wconf 82' lang='lat' dir='ltr'><strong>sacerdotum</strong></span> <span class='ocrx_word' id='word_1_668' title='bbox 3522 3480 3775 3557; x_wconf 58' lang='lat' dir='ltr'><strong>acciperent;</strong></span> 
     </span>
    </p>
   </div>
   <div class='ocr_carea' id='block_1_90' title="bbox 2308 3556 3776 3642">
    <p class='ocr_par' dir='ltr' id='par_1_90' title="bbox 2308 3556 3776 3642">
     <span class='ocr_line' id='line_1_90' title="bbox 2308 3556 3776 3642; baseline 0.008 -21"><span class='ocrx_word' id='word_1_669' title='bbox 2308 3574 2369 3621; x_wconf 90' lang='lat' dir='ltr'><strong>ut</strong></span> <span class='ocrx_word' id='word_1_670' title='bbox 2395 3566 2437 3622; x_wconf 90' lang='lat' dir='ltr'><strong>si</strong></span> <span class='ocrx_word' id='word_1_671' title='bbox 2466 3575 2587 3637; x_wconf 91' lang='lat' dir='ltr'><strong>post</strong></span> <span class='ocrx_word' id='word_1_672' title='bbox 2633 3568 2777 3624; x_wconf 90' lang='lat' dir='ltr'><strong>hunc</strong></span> <span class='ocrx_word' id='word_1_673' title='bbox 2803 3568 2962 3636; x_wconf 92' lang='lat' dir='ltr'><strong>diem,</strong></span> <span class='ocrx_word' id='word_1_674' title='bbox 3006 3556 3153 3642; x_wconf 76' lang='lat' dir='ltr'><strong>quod</strong></span> <span class='ocrx_word' id='word_1_675' title='bbox 3192 3572 3307 3629; x_wconf 87' lang='lat' dir='ltr'><strong>ﬁeri</strong></span> <span class='ocrx_word' id='word_1_676' title='bbox 3336 3574 3539 3629; x_wconf 87' lang='lat' dir='ltr'><strong>minime</strong></span> <span class='ocrx_word' id='word_1_677' title='bbox 3561 3571 3776 3633; x_wconf 65' lang='lat' dir='ltr'><strong>credimus.</strong></span> 
     </span>
    </p>
   </div>
   <div class='ocr_carea' id='block_1_91' title="bbox 2309 3650 3774 3738">
    <p class='ocr_par' dir='ltr' id='par_1_91' title="bbox 2309 3650 3774 3738">
     <span class='ocr_line' id='line_1_91' title="bbox 2309 3650 3774 3738; baseline 0.001 -25"><span class='ocrx_word' id='word_1_678' title='bbox 2309 3656 2374 3713; x_wconf 88' lang='lat' dir='ltr'><strong>de</strong></span> <span class='ocrx_word' id='word_1_679' title='bbox 2403 3659 2503 3713; x_wconf 82' lang='lat' dir='ltr'><strong>hac</strong></span> <span class='ocrx_word' id='word_1_680' title='bbox 2541 3676 2706 3715; x_wconf 89' lang='lat' dir='ltr'><strong>causa</strong></span> <span class='ocrx_word' id='word_1_681' title='bbox 2736 3661 2913 3735; x_wconf 86' lang='lat' dir='ltr'><strong>aliqua</strong></span> <span class='ocrx_word' id='word_1_682' title='bbox 2945 3650 3192 3722; x_wconf 88' lang='lat' dir='ltr'><strong>causatio</strong></span> <span class='ocrx_word' id='word_1_683' title='bbox 3220 3665 3303 3723; x_wconf 88' lang='lat' dir='ltr'><strong>vel</strong></span> <span class='ocrx_word' id='word_1_684' title='bbox 3326 3650 3556 3738; x_wconf 70' lang='lat' dir='ltr'><strong>repetitio</strong></span> <span class='ocrx_word' id='word_1_685' title='bbox 3593 3661 3660 3718; x_wconf 83' lang='lat' dir='ltr'><strong>vel</strong></span> <span class='ocrx_word' id='word_1_686' title='bbox 3678 3674 3774 3730; x_wconf 72' lang='lat' dir='ltr'><strong>que-</strong></span> 
     </span>
    </p>
   </div>
   <div class='ocr_carea' id='block_1_92' title="bbox 2306 3742 3776 3828">
    <p class='ocr_par' dir='ltr' id='par_1_92' title="bbox 2306 3742 3776 3828">
     <span class='ocr_line' id='line_1_92' title="bbox 2306 3742 3776 3828; baseline -0.001 -22"><span class='ocrx_word' id='word_1_687' title='bbox 2306 3746 2430 3806; x_wconf 88' lang='lat' dir='ltr'><strong>dam</strong></span> <span class='ocrx_word' id='word_1_688' title='bbox 2458 3742 2724 3810; x_wconf 84' lang='lat' dir='ltr'><strong>calumnia</strong></span> <span class='ocrx_word' id='word_1_689' title='bbox 2749 3755 3129 3828; x_wconf 86' lang='lat' dir='ltr'><strong>instigantibus</strong></span> <span class='ocrx_word' id='word_1_690' title='bbox 3143 3750 3417 3816; x_wconf 82' lang='lat' dir='ltr'><strong>malevolis</strong></span> <span class='ocrx_word' id='word_1_691' title='bbox 3435 3756 3684 3814; x_wconf 86' lang='lat' dir='ltr'><strong>hominibus</strong></span> <span class='ocrx_word' id='word_1_692' title='bbox 3700 3762 3776 3807; x_wconf 80' lang='lat' dir='ltr'><strong>om</strong></span> 
     </span>
    </p>
   </div>
   <div class='ocr_carea' id='block_1_93' title="bbox 2307 3830 3776 3912">
    <p class='ocr_par' dir='ltr' id='par_1_93' title="bbox 2307 3830 3776 3912">
     <span class='ocr_line' id='line_1_93' title="bbox 2307 3830 3776 3912; baseline -0.002 -16"><span class='ocrx_word' id='word_1_693' title='bbox 2307 3839 2493 3912; x_wconf 80' lang='lat' dir='ltr'><strong>fuerit,</strong></span> <span class='ocrx_word' id='word_1_694' title='bbox 2548 3830 2731 3900; x_wconf 83' lang='lat' dir='ltr'><strong>coram</strong></span> <span class='ocrx_word' id='word_1_695' title='bbox 2762 3847 3012 3904; x_wconf 88' lang='lat' dir='ltr'><strong>omnibus</strong></span> <span class='ocrx_word' id='word_1_696' title='bbox 3059 3848 3177 3905; x_wconf 74' lang='lat' dir='ltr'><strong>haec</strong></span> <span class='ocrx_word' id='word_1_697' title='bbox 3222 3834 3409 3906; x_wconf 88' lang='lat' dir='ltr'><strong>notitia</strong></span> <span class='ocrx_word' id='word_1_698' title='bbox 3446 3840 3776 3904; x_wconf 76' lang='lat' dir='ltr'><strong>velevindicalio</strong></span> 
     </span>
    </p>
   </div>
   <div class='ocr_carea' id='block_1_94' title="bbox 2307 3928 3775 4012">
    <p class='ocr_par' dir='ltr' id='par_1_94' title="bbox 2307 3928 3775 4012">
     <span class='ocr_line' id='line_1_94' title="bbox 2307 3928 3775 4012; baseline -0.004 -22"><span class='ocrx_word' id='word_1_699' title='bbox 2307 3934 2584 3991; x_wconf 82' lang='lat' dir='ltr'><strong>declarata</strong></span> <span class='ocrx_word' id='word_1_700' title='bbox 2616 3928 2897 4009; x_wconf 51' lang='lat' dir='ltr'><strong>apﬂreat,</strong></span> <span class='ocrx_word' id='word_1_701' title='bbox 2927 3948 2986 3994; x_wconf 91' lang='lat' dir='ltr'><strong>ut</strong></span> <span class='ocrx_word' id='word_1_702' title='bbox 3016 3940 3160 4012; x_wconf 88' lang='lat' dir='ltr'><strong>quod</strong></span> <span class='ocrx_word' id='word_1_703' title='bbox 3190 3942 3382 4012; x_wconf 89' lang='lat' dir='ltr'><strong>repetit</strong></span> <span class='ocrx_word' id='word_1_704' title='bbox 3427 3937 3678 3995; x_wconf 84' lang='lat' dir='ltr'><strong>cvindicare</strong></span> <span class='ocrx_word' id='word_1_705' title='bbox 3707 3944 3775 3984; x_wconf 85' lang='lat' dir='ltr'><strong>non</strong></span> 
     </span>
    </p>
   </div>
   <div class='ocr_carea' id='block_1_95' title="bbox 2305 4018 3775 4105">
    <p class='ocr_par' dir='ltr' id='par_1_95' title="bbox 2305 4018 3775 4105">
     <span class='ocr_line' id='line_1_95' title="bbox 2305 4018 3775 4105; baseline 0.003 -22"><span class='ocrx_word' id='word_1_706' title='bbox 2305 4028 2502 4097; x_wconf 83' lang='lat' dir='ltr'><strong>valeat,</strong></span> <span class='ocrx_word' id='word_1_707' title='bbox 2558 4031 2650 4085; x_wconf 88' lang='lat' dir='ltr'><strong>sed</strong></span> <span class='ocrx_word' id='word_1_708' title='bbox 2692 4047 2932 4101; x_wconf 60' lang='lat' dir='ltr'><strong>praesens</strong></span> <span class='ocrx_word' id='word_1_709' title='bbox 2961 4034 3291 4105; x_wconf 86' lang='lat' dir='ltr'><strong>conscriptio</strong></span> <span class='ocrx_word' id='word_1_710' title='bbox 3336 4033 3473 4090; x_wconf 87' lang='lat' dir='ltr'><strong>omni</strong></span> <span class='ocrx_word' id='word_1_711' title='bbox 3511 4039 3700 4099; x_wconf 78' lang='lat' dir='ltr'><strong>tempore</strong></span> <span class='ocrx_word' id='word_1_712' title='bbox 3723 4018 3775 4077; x_wconf 63' lang='lat' dir='ltr'><strong>id</strong></span> 
     </span>
    </p>
   </div>
   <div class='ocr_carea' id='block_1_96' title="bbox 2306 4112 3775 4196">
    <p class='ocr_par' dir='ltr' id='par_1_96' title="bbox 2306 4112 3775 4196">
     <span class='ocr_line' id='line_1_96' title="bbox 2306 4112 3775 4196; baseline -0.005 -21"><span class='ocrx_word' id='word_1_713' title='bbox 2306 4112 2501 4177; x_wconf 87' lang='lat' dir='ltr'><strong>notitia</strong></span> <span class='ocrx_word' id='word_1_714' title='bbox 2530 4120 2683 4177; x_wconf 81' lang='lat' dir='ltr'><strong>ﬁrma</strong></span> <span class='ocrx_word' id='word_1_715' title='bbox 2715 4132 2769 4178; x_wconf 90' lang='lat' dir='ltr'><strong>et</strong></span> <span class='ocrx_word' id='word_1_716' title='bbox 2797 4125 3001 4179; x_wconf 90' lang='lat' dir='ltr'><strong>stabilis</strong></span> <span class='ocrx_word' id='word_1_717' title='bbox 3030 4134 3365 4196; x_wconf 87' lang='lat' dir='ltr'><strong>permaneat.</strong></span> <span class='ocrx_word' id='word_1_718' title='bbox 3402 4123 3488 4180; x_wconf 89' lang='lat' dir='ltr'><strong>llis</strong></span> <span class='ocrx_word' id='word_1_719' title='bbox 3511 4112 3775 4193; x_wconf 66' lang='lat' dir='ltr'><strong>prrseutibus</strong></span> 
     </span>
    </p>
   </div>
   <div class='ocr_carea' id='block_1_97' title="bbox 2306 4200 3770 4289">
    <p class='ocr_par' dir='ltr' id='par_1_97' title="bbox 2306 4200 3770 4289">
     <span class='ocr_line' id='line_1_97' title="bbox 2306 4200 3770 4289; baseline -0.001 -22"><span class='ocrx_word' id='word_1_720' title='bbox 2306 4220 2484 4289; x_wconf 86' lang='lat' dir='ltr'><strong>actum</strong></span> <span class='ocrx_word' id='word_1_721' title='bbox 2519 4202 2635 4267; x_wconf 82' lang='lat' dir='ltr'><strong>fuit.</strong></span> <span class='ocrx_word' id='word_1_722' title='bbox 2669 4212 2845 4287; x_wconf 86' lang='lat' dir='ltr'><strong>Drogo</strong></span> <span class='ocrx_word' id='word_1_723' title='bbox 2876 4200 3319 4288; x_wconf 86' lang='lat' dir='ltr'><strong>archiepisc0pus</strong></span> <span class='ocrx_word' id='word_1_724' title='bbox 3356 4225 3405 4271; x_wconf 90' lang='lat' dir='ltr'><strong>et</strong></span> <span class='ocrx_word' id='word_1_725' title='bbox 3439 4212 3593 4289; x_wconf 78' lang='lat' dir='ltr'><strong>senior</strong></span> <span class='ocrx_word' id='word_1_726' title='bbox 3611 4202 3770 4278; x_wconf 59' lang='lat' dir='ltr'><strong>capella-</strong></span> 
     </span>
    </p>
   </div>
   <div class='ocr_carea' id='block_1_98' title="bbox 2304 4290 3771 4378">
    <p class='ocr_par' dir='ltr' id='par_1_98' title="bbox 2304 4290 3771 4378">
     <span class='ocr_line' id='line_1_98' title="bbox 2304 4290 3771 4378; baseline -0.002 -21"><span class='ocrx_word' id='word_1_727' title='bbox 2304 4302 2409 4357; x_wconf 82' lang='lat' dir='ltr'><strong>nus</strong></span> <span class='ocrx_word' id='word_1_728' title='bbox 2454 4291 2793 4375; x_wconf 90' lang='lat' dir='ltr'><strong>subscripsit.</strong></span> <span class='ocrx_word' id='word_1_729' title='bbox 2840 4304 3132 4360; x_wconf 83' lang='lat' dir='ltr'><strong>Autcarius</strong></span> <span class='ocrx_word' id='word_1_730' title='bbox 3165 4306 3571 4378; x_wconf 87' lang='lat' dir='ltr'><strong>archiepiscopus</strong></span> <span class='ocrx_word' id='word_1_731' title='bbox 3606 4290 3771 4354; x_wconf 64' lang='lat' dir='ltr'><strong>subscri&#39;</strong></span> 
     </span>
    </p>
   </div>
   <div class='ocr_carea' id='block_1_99' title="bbox 2303 4382 3771 4468">
    <p class='ocr_par' dir='ltr' id='par_1_99' title="bbox 2303 4382 3771 4468">
     <span class='ocr_line' id='line_1_99' title="bbox 2303 4382 3771 4468; baseline -0.009 -19"><span class='ocrx_word' id='word_1_732' title='bbox 2303 4395 2431 4464; x_wconf 87' lang='lat' dir='ltr'><strong>psit.</strong></span> <span class='ocrx_word' id='word_1_733' title='bbox 2491 4394 2806 4467; x_wconf 87' lang='lat' dir='ltr'><strong>Agobardus</strong></span> <span class='ocrx_word' id='word_1_734' title='bbox 2860 4396 3298 4468; x_wconf 84' lang='lat' dir='ltr'><strong>archiepiscopus</strong></span> <span class='ocrx_word' id='word_1_735' title='bbox 3347 4382 3640 4467; x_wconf 84' lang='lat' dir='ltr'><strong>subscripsit.</strong></span> <span class='ocrx_word' id='word_1_736' title='bbox 3681 4382 3771 4437; x_wconf 82' lang='lat' dir='ltr'><strong>Ber-</strong></span> 
     </span>
    </p>
   </div>
   <div class='ocr_carea' id='block_1_100' title="bbox 2301 4471 3766 4571">
    <p class='ocr_par' dir='ltr' id='par_1_100' title="bbox 2301 4471 3766 4571">
     <span class='ocr_line' id='line_1_100' title="bbox 2301 4471 3766 4571; baseline -0.008 -29"><span class='ocrx_word' id='word_1_737' title='bbox 2301 4488 2501 4542; x_wconf 87' lang='lat' dir='ltr'><strong>nardus</strong></span> <span class='ocrx_word' id='word_1_738' title='bbox 2582 4488 3017 4571; x_wconf 65' lang='lat' dir='ltr'><strong>archiepiscopus</strong></span> <span class='ocrx_word' id='word_1_739' title='bbox 3084 4487 3419 4559; x_wconf 88' lang='lat' dir='ltr'><strong>subscripsit.</strong></span> <span class='ocrx_word' id='word_1_740' title='bbox 3470 4471 3766 4571; x_wconf 15' lang='lat' dir='ltr'><strong>‘Bemegaril‘ls</strong></span> 
     </span>
    </p>
   </div>
   <div class='ocr_carea' id='block_1_101' title="bbox 2306 4559 3771 4654">
    <p class='ocr_par' dir='ltr' id='par_1_101' title="bbox 2306 4559 3771 4654">
     <span class='ocr_line' id='line_1_101' title="bbox 2306 4559 3771 4654; baseline -0.012 -18"><span class='ocrx_word' id='word_1_741' title='bbox 2306 4560 2808 4654; x_wconf 73' lang='lat' dir='ltr'><strong>[Bartholorncetls]</strong></span> <span class='ocrx_word' id='word_1_742' title='bbox 2838 4568 3207 4638; x_wconf 83' lang='lat' dir='ltr'><strong>Narbonensis</strong></span> <span class='ocrx_word' id='word_1_743' title='bbox 3261 4576 3649 4651; x_wconf 77' lang='lat' dir='ltr'><strong>archiepiscOpus</strong></span> <span class='ocrx_word' id='word_1_744' title='bbox 3688 4559 3771 4619; x_wconf 80' lang='lat' dir='ltr'><strong>sub-</strong></span> 
     </span>
    </p>
   </div>
   <div class='ocr_carea' id='block_1_102' title="bbox 2223 4641 3771 4745">
    <p class='ocr_par' dir='ltr' id='par_1_102' title="bbox 2223 4641 3771 4745">
     <span class='ocr_line' id='line_1_102' title="bbox 2223 4641 3771 4745; baseline -0.01 -16"><span class='ocrx_word' id='word_1_745' title='bbox 2223 4641 2541 4745; x_wconf 69' lang='lat' dir='ltr'><strong>Dscrifsit.</strong></span> <span class='ocrx_word' id='word_1_746' title='bbox 2611 4641 2857 4745; x_wconf 71' lang='lat' dir='ltr'><strong>Agiulfus</strong></span> <span class='ocrx_word' id='word_1_747' title='bbox 2909 4672 3162 4729; x_wconf 84' lang='lat' dir='ltr'><strong>Bituricae</strong></span> <span class='ocrx_word' id='word_1_748' title='bbox 3229 4673 3378 4728; x_wconf 90' lang='lat' dir='ltr'><strong>urbis</strong></span> <span class='ocrx_word' id='word_1_749' title='bbox 3433 4641 3771 4745; x_wconf 53' lang='lat' dir='ltr'><strong>archiepiscopus</strong></span> 
     </span>
    </p>
   </div>
   <div class='ocr_carea' id='block_1_103' title="bbox 2306 4742 3771 4847">
    <p class='ocr_par' dir='ltr' id='par_1_103' title="bbox 2306 4742 3771 4847">
     <span class='ocr_line' id='line_1_103' title="bbox 2306 4742 3771 4847; baseline -0.012 -25"><span class='ocrx_word' id='word_1_750' title='bbox 2306 4742 2856 4847; x_wconf 31' lang='lat' dir='ltr'><strong>subscripsit.vNotlio</strong></span> <span class='ocrx_word' id='word_1_751' title='bbox 2889 4764 3223 4847; x_wconf 84' lang='lat' dir='ltr'><strong>Arelatensis</strong></span> <span class='ocrx_word' id='word_1_752' title='bbox 3263 4760 3652 4847; x_wconf 81' lang='lat' dir='ltr'><strong>archiepiscopus</strong></span> 
     </span>
    </p>
   </div>
   <div class='ocr_carea' id='block_1_104' title="bbox 2305 4836 3767 4929">
    <p class='ocr_par' dir='ltr' id='par_1_104' title="bbox 2305 4836 3767 4929">
     <span class='ocr_line' id='line_1_104' title="bbox 2305 4836 3767 4929; baseline -0.009 -16"><span class='ocrx_word' id='word_1_753' title='bbox 2305 4836 2543 4928; x_wconf 70' lang='lat' dir='ltr'><strong>scripsit.</strong></span> <span class='ocrx_word' id='word_1_754' title='bbox 2573 4836 2815 4913; x_wconf 76' lang='lat' dir='ltr'><strong>Abtadus</strong></span> <span class='ocrx_word' id='word_1_755' title='bbox 2843 4840 3178 4929; x_wconf 84' lang='lat' dir='ltr'><strong>Genevensis</strong></span> <span class='ocrx_word' id='word_1_756' title='bbox 3205 4852 3477 4929; x_wconf 83' lang='lat' dir='ltr'><strong>episcopus</strong></span> <span class='ocrx_word' id='word_1_757' title='bbox 3517 4836 3767 4929; x_wconf 45' lang='lat' dir='ltr'><strong>subserit,“</strong></span> 
     </span>
    </p>
   </div>
   <div class='ocr_carea' id='block_1_105' title="bbox 2305 4924 3770 5029">
    <p class='ocr_par' dir='ltr' id='par_1_105' title="bbox 2305 4924 3770 5029">
     <span class='ocr_line' id='line_1_105' title="bbox 2305 4924 3770 5029; baseline -0.013 -26"><span class='ocrx_word' id='word_1_758' title='bbox 2305 4924 2662 5004; x_wconf 79' lang='lat' dir='ltr'><strong>Harinbertus</strong></span> <span class='ocrx_word' id='word_1_759' title='bbox 2706 4928 3015 5020; x_wconf 77' lang='lat' dir='ltr'><strong>Bajocensis</strong></span> <span class='ocrx_word' id='word_1_760' title='bbox 3046 4924 3330 5019; x_wconf 80' lang='lat' dir='ltr'><strong>episcopus</strong></span> <span class='ocrx_word' id='word_1_761' title='bbox 3372 4924 3770 5029; x_wconf 82' lang='lat' dir='ltr'><strong>subscripsit.</strong></span> 
     </span>
    </p>
   </div>
   <div class='ocr_carea' id='block_1_106' title="bbox 2306 5024 3767 5116">
    <p class='ocr_par' dir='ltr' id='par_1_106' title="bbox 2306 5024 3767 5116">
     <span class='ocr_line' id='line_1_106' title="bbox 2306 5024 3767 5116; baseline -0.008 -17"><span class='ocrx_word' id='word_1_762' title='bbox 2306 5041 2482 5099; x_wconf 71' lang='lat' dir='ltr'><strong>cultus</strong></span> <span class='ocrx_word' id='word_1_763' title='bbox 2503 5041 2853 5099; x_wconf 76' lang='lat' dir='ltr'><strong>Lexovicnsis</strong></span> <span class='ocrx_word' id='word_1_764' title='bbox 2883 5043 3168 5116; x_wconf 87' lang='lat' dir='ltr'><strong>episcopus</strong></span> <span class='ocrx_word' id='word_1_765' title='bbox 3201 5036 3521 5110; x_wconf 90' lang='lat' dir='ltr'><strong>subscripsit.</strong></span> <span class='ocrx_word' id='word_1_766' title='bbox 3549 5024 3767 5116; x_wconf 62' lang='lat' dir='ltr'><strong>Theodoti-</strong></span> 
     </span>
    </p>
   </div>
   <div class='ocr_carea' id='block_1_107' title="bbox 2301 5115 3767 5215">
    <p class='ocr_par' dir='ltr' id='par_1_107' title="bbox 2301 5115 3767 5215">
     <span class='ocr_line' id='line_1_107' title="bbox 2301 5115 3767 5215; baseline -0.008 -23"><span class='ocrx_word' id='word_1_767' title='bbox 2301 5152 2397 5215; x_wconf 90' lang='lat' dir='ltr'><strong>cus</strong></span> <span class='ocrx_word' id='word_1_768' title='bbox 2443 5133 2853 5194; x_wconf 88' lang='lat' dir='ltr'><strong>Cameracensis</strong></span> <span class='ocrx_word' id='word_1_769' title='bbox 2900 5115 3186 5209; x_wconf 86' lang='lat' dir='ltr'><strong>episcopus</strong></span> <span class='ocrx_word' id='word_1_770' title='bbox 3238 5129 3554 5215; x_wconf 83' lang='lat' dir='ltr'><strong>subscripsit.</strong></span> <span class='ocrx_word' id='word_1_771' title='bbox 3599 5115 3767 5215; x_wconf 65' lang='lat' dir='ltr'><strong>Eﬂtdus</strong></span> 
     </span>
    </p>
   </div>
   <div class='ocr_carea' id='block_1_108' title="bbox 2302 5212 3764 5335">
    <p class='ocr_par' dir='ltr' id='par_1_108' title="bbox 2302 5212 3764 5335">
     <span class='ocr_line' id='line_1_108' title="bbox 2302 5212 3764 5335; baseline -0.002 -54"><span class='ocrx_word' id='word_1_772' title='bbox 2302 5214 2632 5301; x_wconf 79' lang='lat' dir='ltr'><strong>Tungrcnsis</strong></span> <span class='ocrx_word' id='word_1_773' title='bbox 2668 5218 2950 5301; x_wconf 87' lang='lat' dir='ltr'><strong>episcopus</strong></span> <span class='ocrx_word' id='word_1_774' title='bbox 2980 5212 3315 5335; x_wconf 65' lang='lat' dir='ltr'><strong>subscripsit.</strong></span> <span class='ocrx_word' id='word_1_775' title='bbox 3360 5218 3649 5335; x_wconf 47' lang='lat' dir='ltr'><strong>Bagenazius</strong></span> <span class='ocrx_word' id='word_1_776' title='bbox 3677 5212 3764 5265; x_wconf 69' lang='lat' dir='ltr'><strong>Am‘</strong></span> 
     </span>
     <span class='ocr_line' id='line_1_109' title="bbox 2302 5305 3763 5335; baseline 0 0"><span class='ocrx_word' id='word_1_777' title='bbox 2302 5320 2314 5335; x_wconf 92' lang='lat' dir='ltr'><strong>I</strong></span> <span class='ocrx_word' id='word_1_778' title='bbox 2340 5321 2351 5333; x_wconf 76' lang='grc' dir='ltr'><strong>ο</strong></span> <span class='ocrx_word' id='word_1_779' title='bbox 2530 5318 2543 5334; x_wconf 74' lang='grc' dir='ltr'><strong><em>σ</em></strong></span> <span class='ocrx_word' id='word_1_780' title='bbox 2675 5323 2685 5334; x_wconf 76' lang='grc' dir='ltr'><strong>ο</strong></span> <span class='ocrx_word' id='word_1_781' title='bbox 2984 5324 2995 5335; x_wconf 81' lang='grc'><strong><em>-</em></strong></span> <span class='ocrx_word' id='word_1_782' title='bbox 3112 5325 3121 5335; x_wconf 78' lang='grc' dir='ltr'><strong><em>ο</em></strong></span> <span class='ocrx_word' id='word_1_783' title='bbox 3217 5332 3226 5335; x_wconf 38' lang='grc' dir='ltr'><em>Α</em></span> <span class='ocrx_word' id='word_1_784' title='bbox 3280 5308 3320 5335; x_wconf 59' lang='lat' dir='ltr'><strong>in</strong></span> <span class='ocrx_word' id='word_1_785' title='bbox 3394 5308 3402 5335; x_wconf 65' lang='grc' dir='ltr'>ζ</span> <span class='ocrx_word' id='word_1_786' title='bbox 3456 5316 3530 5335; x_wconf 67' lang='grc'><strong>1,--</strong></span> <span class='ocrx_word' id='word_1_787' title='bbox 3594 5305 3763 5335; x_wconf 60' lang='grc' dir='ltr'><strong>Απῖηιηαο</strong></span> 
     </span>
    </p>
   </div>
   <div class='ocr_carea' id='block_1_109' title="bbox 2297 5305 3763 5401">
    <p class='ocr_par' dir='ltr' id='par_1_109' title="bbox 2297 5305 3763 5401">
     <span class='ocr_line' id='line_1_110' title="bbox 2297 5305 3763 5401; baseline -0.016 -25"><span class='ocrx_word' id='word_1_788' title='bbox 2297 5318 2575 5377; x_wconf 87' lang='lat' dir='ltr'><strong>biancnsis</strong></span> <span class='ocrx_word' id='word_1_789' title='bbox 2602 5323 2887 5397; x_wconf 79' lang='lat' dir='ltr'><strong>episcopus</strong></span> <span class='ocrx_word' id='word_1_790' title='bbox 2917 5305 3251 5399; x_wconf 80' lang='lat' dir='ltr'><strong>subscripsit.</strong></span> <span class='ocrx_word' id='word_1_791' title='bbox 3280 5305 3533 5401; x_wconf 81' lang='lat' dir='ltr'><strong>Eccardus</strong></span> <span class='ocrx_word' id='word_1_792' title='bbox 3553 5305 3763 5401; x_wconf 65' lang='lat' dir='ltr'><strong>Novioma-</strong></span> 
     </span>
    </p>
   </div>
   <div class='ocr_carea' id='block_1_110' title="bbox 2299 5397 3765 5486">
    <p class='ocr_par' dir='ltr' id='par_1_110' title="bbox 2299 5397 3765 5486">
     <span class='ocr_line' id='line_1_111' title="bbox 2299 5397 3765 5486; baseline -0.012 -19"><span class='ocrx_word' id='word_1_793' title='bbox 2299 5412 2480 5467; x_wconf 84' lang='lat' dir='ltr'><strong>censis</strong></span> <span class='ocrx_word' id='word_1_794' title='bbox 2509 5400 2792 5485; x_wconf 81' lang='lat' dir='ltr'><strong>cpiscopus</strong></span> <span class='ocrx_word' id='word_1_795' title='bbox 2837 5397 3175 5485; x_wconf 87' lang='lat' dir='ltr'><strong>subscripsit.</strong></span> <span class='ocrx_word' id='word_1_796' title='bbox 3204 5397 3464 5468; x_wconf 86' lang='lat' dir='ltr'><strong>Ebroinus</strong></span> <span class='ocrx_word' id='word_1_797' title='bbox 3501 5397 3765 5486; x_wconf 60' lang='lat' dir='ltr'><strong>Pictaviensts</strong></span> 
     </span>
    </p>
   </div>
   <div class='ocr_carea' id='block_1_111' title="bbox 2298 5488 3765 5579">
    <p class='ocr_par' dir='ltr' id='par_1_111' title="bbox 2298 5488 3765 5579">
     <span class='ocr_line' id='line_1_112' title="bbox 2298 5488 3765 5579; baseline -0.014 -22"><span class='ocrx_word' id='word_1_798' title='bbox 2298 5494 2584 5573; x_wconf 87' lang='lat' dir='ltr'><strong>episcopus</strong></span> <span class='ocrx_word' id='word_1_799' title='bbox 2645 5490 2980 5575; x_wconf 90' lang='lat' dir='ltr'><strong>subscripsit.</strong></span> <span class='ocrx_word' id='word_1_800' title='bbox 3054 5503 3373 5561; x_wconf 89' lang='lat' dir='ltr'><strong>Gundacher</strong></span> <span class='ocrx_word' id='word_1_801' title='bbox 3425 5488 3765 5579; x_wconf 60' lang='lat' dir='ltr'><strong>Limoticincnsts</strong></span> 
     </span>
    </p>
   </div>
   <div class='ocr_carea' id='block_1_112' title="bbox 2297 5576 3765 5677">
    <p class='ocr_par' dir='ltr' id='par_1_112' title="bbox 2297 5576 3765 5677">
     <span class='ocr_line' id='line_1_113' title="bbox 2297 5576 3765 5677; baseline -0.014 -28"><span class='ocrx_word' id='word_1_802' title='bbox 2297 5592 2580 5665; x_wconf 88' lang='lat' dir='ltr'><strong>episcopus</strong></span> <span class='ocrx_word' id='word_1_803' title='bbox 2611 5595 2951 5667; x_wconf 87' lang='lat' dir='ltr'><strong>subscripsit.</strong></span> <span class='ocrx_word' id='word_1_804' title='bbox 2978 5592 3142 5651; x_wconf 82' lang='lat' dir='ltr'><strong>Jonas</strong></span> <span class='ocrx_word' id='word_1_805' title='bbox 3159 5587 3537 5650; x_wconf 82' lang='lat' dir='ltr'><strong>Aurelianensis</strong></span> <span class='ocrx_word' id='word_1_806' title='bbox 3563 5576 3678 5677; x_wconf 75' lang='lat' dir='ltr'><strong>urbis</strong></span> <span class='ocrx_word' id='word_1_807' title='bbox 3690 5576 3765 5639; x_wconf 71' lang='lat' dir='ltr'><strong>ept-</strong></span> 
     </span>
    </p>
   </div>
   <div class='ocr_carea' id='block_1_113' title="bbox 2298 5674 3763 5770">
    <p class='ocr_par' dir='ltr' id='par_1_113' title="bbox 2298 5674 3763 5770">
     <span class='ocr_line' id='line_1_114' title="bbox 2298 5674 3763 5770; baseline -0.006 -29"><span class='ocrx_word' id='word_1_808' title='bbox 2298 5680 2494 5757; x_wconf 86' lang='lat' dir='ltr'><strong>scopus</strong></span> <span class='ocrx_word' id='word_1_809' title='bbox 2519 5687 2857 5761; x_wconf 83' lang='lat' dir='ltr'><strong>subscripsit.</strong></span> <span class='ocrx_word' id='word_1_810' title='bbox 2913 5684 3194 5765; x_wconf 76' lang='lat' dir='ltr'><strong>Moduinus</strong></span> <span class='ocrx_word' id='word_1_811' title='bbox 3220 5676 3582 5770; x_wconf 63' lang='lat' dir='ltr'><strong>Ostudunensil</strong></span> 
     </span>
    </p>
   </div>
   <div class='ocr_carea' id='block_1_114' title="bbox 2295 5768 3763 5854">
    <p class='ocr_par' dir='ltr' id='par_1_114' title="bbox 2295 5768 3763 5854">
     <span class='ocr_line' id='line_1_115' title="bbox 2295 5768 3763 5854; baseline -0.003 -19"><span class='ocrx_word' id='word_1_812' title='bbox 2295 5793 2399 5848; x_wconf 83' lang='lat' dir='ltr'><strong>pus</strong></span> <span class='ocrx_word' id='word_1_813' title='bbox 2440 5778 2782 5854; x_wconf 86' lang='lat' dir='ltr'><strong>subscripsit.</strong></span> <span class='ocrx_word' id='word_1_814' title='bbox 2815 5777 3141 5836; x_wconf 83' lang='lat' dir='ltr'><strong>Heribaldus</strong></span> <span class='ocrx_word' id='word_1_815' title='bbox 3180 5768 3587 5833; x_wconf 71' lang='lat' dir='ltr'><strong>Altisiodorcasis</strong></span> <span class='ocrx_word' id='word_1_816' title='bbox 3609 5768 3763 5830; x_wconf 52' lang='grc' dir='ltr'><strong>φίεαν</strong></span> 
     </span>
    </p>
   </div>
   <div class='ocr_carea' id='block_1_115' title="bbox 2294 5856 3763 5965">
    <p class='ocr_par' dir='ltr' id='par_1_115' title="bbox 2294 5856 3763 5965">
     <span class='ocr_line' id='line_1_116' title="bbox 2294 5856 3763 5965; baseline 0.005 -7"><span class='ocrx_word' id='word_1_817' title='bbox 2294 5873 2422 5958; x_wconf 52' lang='lat' dir='ltr'><strong>eis</strong></span> <span class='ocrx_word' id='word_1_818' title='bbox 2440 5869 2782 5964; x_wconf 46' lang='lat' dir='ltr'><strong>suberinis</strong></span> <span class='ocrx_word' id='word_1_819' title='bbox 2812 5870 3151 5965; x_wconf 57' lang='lat' dir='ltr'><strong>Adsum“</strong></span> <span class='ocrx_word' id='word_1_820' title='bbox 3166 5865 3511 5965; x_wconf 58' lang='lat' dir='ltr'><strong>sum</strong></span> <span class='ocrx_word' id='word_1_821' title='bbox 3551 5856 3763 5939; x_wconf 40' lang='lat' dir='ltr'><strong>si???”</strong></span> 
     </span>
    </p>
   </div>
  </div>
