4050 6340
291 424 428 493 I293

1454 395 1850 535 arenosum
1887 445 2437 510 ECCLESIASTICA.

3398 455 3535 523 1994

290 546 630 618 subscripsit.
663 546 814 618 Dedo
853 511 1256 624 Andegavensis
1288 527 1573 629 episcopus
1615 561 1855 616 subscri-
1883 572 1936 632 Α
1961 565 2118 644 rabili
2141 567 2360 638 Aldrico
2390 569 2639 642 episcopo
2668 573 2734 628 ad
2754 579 2965 643 patrem
2990 579 3316 651 praescripta
3362 583 3536 638 eccle-

286 642 416 711 psit.
465 641 884 713 Herchenradus
927 644 1218 702 Parisiacae
1246 647 1395 703 urbis
1422 651 1705 722 episcopus
1739 654 1866 707 sub-

287 732 521 804 scripsit.
571 732 902 792 Humbertus
929 737 1150 793 humilis
1183 739 1469 813 episcopus
1516 745 1862 818 subscripsit.

284 826 570 883 Fulcarius
596 829 816 900 humilis
841 833 1125 903 episcopus
1152 836 1488 911 subscripsit.
1523 837 1862 896 Godofredus

285 917 610 976 Senlitensis
636 922 919 995 episcopus
943 925 1287 1000 subscripsit.
1329 927 1511 984 Favvo
1539 929 1863 1000 Cavilonen-

282 1009 364 1066 sis
389 1011 675 1082 episcopus
700 1013 1041 1086 subscripsit.
1074 1015 1217 1072 Hildi
1249 1017 1606 1076 Virduneusis
1643 1023 1859 1097 episco-
1895 1074 1902 1082 .

279 1116 381 1172 pus
411 1103 751 1172 subscripsit.
790 1104 971 1176 Lupus
1009 1105 1397 1183 Cadolonensis
1437 1111 1718 1184 episcopus
1739 1114 1862 1180 sub-

281 1192 519 1261 scripsit.
571 1191 884 1265 Stephanus
927 1196 1147 1254 humilis
1193 1199 1476 1271 episcopus
1517 1203 1855 1276 subscripsit.

278 1282 610 1358 walafridus
624 1288 882 1344 diaconus
903 1299 1119 1360 rogatus
1135 1294 1428 1362 recognovi
1459 1302 1514 1348 et
1530 1296 1852 1368 subscripsi.

347 1373 483 1428 Data
505 1391 600 1430 vm
643 1376 770 1433 ldus
801 1378 1134 1451 Septembris
1165 1397 1327 1448 anno,
1357 1383 1574 1440 Christo
1595 1389 1854 1459 propitio,

276 1462 491 1534 imperii
537 1467 720 1522 domni
765 1468 1023 1527 Ludovici
1049 1473 1280 1544 piissimi
1326 1474 1555 1548 Augusti
1594 1477 1686 1545 25,
1720 1482 1857 1537 iudi-

273 1557 458 1615 ctione
485 1560 538 1614 I.
565 1559 762 1618 Actum
789 1563 1116 1636 Aquisgrani
1143 1569 1347 1640 palatio
1374 1571 1525 1642 regio
1550 1572 1607 1628 in
1636 1574 1735 1631 Dei
1761 1590 1857 1631 no-

273 1649 423 1708 mine
450 1650 706 1710 feliciter.
732 1653 925 1713 Amen.

935 1750 1211 1810 CCXXIV.

271 1852 375 1897 PRO
397 1855 645 1898 BCCLESIA
675 1856 1022 1901 CENOIANICE
1047 1863 1202 1904 URBIS
1241 1865 1311 1907 ET
1341 1867 1571 1910 ALDRICO
1593 1868 1716 1910 ειυς
1739 1870 1855 1911 EPI-

964 1933 1146 1975 SCOPO.

884 1985 1057 2057 (Anno
1087 1989 1237 2061 858.)

349 2142 354 2155 λ
637 2144 642 2148 ι
765 2074 944 2148 [Apud
965 2069 1150 2135 Baluz.
1182 2079 1338 2155 ibid]

337 2153 396 2216 In
424 2163 643 2220 nomine
691 2165 905 2223 Domini
942 2169 1038 2226 Dei
1081 2183 1136 2226 et
1179 2153 1477 2230 Salvatoris
1518 2176 1691 2231 nostri
1723 2171 1856 2232 Iesu

265 2248 486 2320 Christi,
505 2254 825 2327 Ludovicus,
841 2260 1021 2316 divina
1032 2263 1422 2334 repr0pitiante
1436 2265 1741 2335 clementia,
1758 2255 1852 2324 im;

262 2346 488 2414 peratdr
513 2345 805 2419 Augustus.
1376 2357 1392 2364 ’

336 2432 396 2489 Si
424 2435 662 2492 ﬁdelium
694 2449 1001 2496 nostrorum
1029 2442 1207 2514 justas
1241 2453 1295 2501 et
1316 2445 1666 2504 rationabiles
1709 2451 1849 2520 peti-

262 2525 438 2582 tiones
462 2543 526 2584 ac
546 2531 956 2600 postulatiOnes,
981 2552 1116 2606 quas
1131 2553 1232 2608 pro
1245 2539 1478 2596 utilitate
1490 2551 1543 2596 et
1565 2544 1848 2600 exactione

260 2624 463 2672 sancta
489 2618 584 2700 Dei
611 2621 867 2679 Ecclesiae
889 2637 1205 2697 exposcunt,
1244 2631 1310 2686 ad
1331 2641 1574 2701 optatum
1595 2634 1846 2691 effectum

257 2709 620 2779 perducimus,
671 2728 778 2768 non
825 2717 996 2771 solum
1040 2721 1241 2791 regiam
1287 2733 1449 2793 atque
1510 2723 1844 2795 imperialem

258 2801 695 2859 consuetudinem
721 2807 776 2860 in
802 2809 904 2863 hoc
927 2824 1268 2878 exercemus,
1301 2814 1394 2868 sed
1422 2815 1584 2869 etiam
1628 2831 1723 2872 eos
1744 2833 1842 2873 no-

256 2888 342 2945 bis
364 2895 740 2964 promptiores,
783 2908 843 2953 ut
870 2903 1163 2969 credimus,
1197 2913 1361 2975 atque
1379 2905 1686 2963 devotiores
1715 2908 1847 2965 faci-

253 2983 394 3034 mus.
441 2983 644 3040 Idcirco
667 2988 916 3045 omnibus
938 2990 1180 3050 fidelibus
1211 3005 1413 3051 sanctae
1441 2997 1537 3052 Dei
1581 2999 1846 3055 Ecclesia}

254 3079 312 3125 et
336 3076 554 3142 nostris,
578 3083 935 3147 praesentibus
957 3086 1165 3142 scilicet
1190 3097 1244 3143 et
1264 3089 1484 3156 futuris,
1507 3102 1691 3147 notum
1717 3091 1848 3150 esse'

252 3161 499 3221 volumus
539 3170 663 3237 quia
705 3172 846 3228 Bavo
873 3177 1136 3233 vassallus
1176 3187 1365 3235 noster
1412 3181 1568 3239 nobis
1608 3185 1838 3241 innotuit

252 3255 396 3324 quod
439 3261 728 3344 quamdam
775 3265 955 3321 villam
989 3269 1145 3324 sitam
1192 3271 1247 3326 in
1286 3285 1423 3345 pago
1475 3261 1894 3345 Cenomauicof

249 3347 468 3403 neruine
499 3342 805 3410 Tridentem
835 3357 1036 3428 dejure
1061 3361 1434 3422 Cenomanicze
1457 3368 1644 3422 matris
1665 3369 1847 3426 ecclev

249 3439 344 3537 site
374 3455 471 3537 per
501 3455 743 3503 nostrum
769 3452 1084 3510 beneficium
1115 3459 1439 3528 possideret,
1480 3463 1545 3516 de
1591 3480 1694 3534 qua
1733 3482 1834 3537 per

247 3528 490 3598 singulos
519 3549 688 3592 annos
714 3556 885 3597 nouas
917 3550 971 3599 et
997 3544 1233 3604 decimas
1260 3557 1315 3606 et
1334 3550 1602 3623 legitimos
1639 3528 1832 3616 census

244 3620 492 3712 partibus
529 3625 766 3694 przefatae
795 3635 982 3690 matris
1011 3637 1255 3695 ecclesize
1281 3650 1336 3696 et
1363 3620 1608 3712 ejusdem
1650 3657 1830 3705 recto-

250 3711 404 3766 ribus
449 3717 799 3784 persolveret.
828 3724 942 3790 Qua
973 3726 1040 3782 de
1077 3729 1136 3784 re
1163 3711 1494 3791 memoratus
1515 3734 1663 3793 Bavo
1706 3754 1832 3809 per-

246 3809 488 3860 tractans
510 3821 694 3864 casum
717 3811 1021 3884 fragilitatis
1062 3820 1325 3887 humanm,
1362 3833 1416 3878 et
1440 3840 1734 3894 pavescens
1755 3829 1831 3882 ul-

244 3896 436 3952 timum
484 3903 786 3959 vocationis
811 3906 975 3974 diem,
1015 3910 1319 3981 timensque
1349 3930 1417 3968 ne
1453 3916 1679 3986 pnefata
1702 3919 1840 3974 villa-

242 3991 425 4061 aliquo
453 3995 761 4066 cupiditatis
791 3993 900 4054 suae
940 4002 1157 4058 stimulo
1203 4004 1288 4059 vel
1325 4006 1566 4077 quolibet
1611 4009 1828 4080 ingenio

242 4101 280 4138 ετ
289 4083 414 4152 jure
438 4089 673 4158 praefatae
698 4092 889 4148 matris
914 4095 1155 4151 ecclesiae
1185 4096 1419 4154 alienata
1443 4099 1620 4168 fleret,
1673 4103 1824 4159 ideo-

240 4189 347 4243 que
398 4177 580 4233 divino
624 4179 838 4237 fervens
901 4199 1106 4253 amore,
1151 4189 1285 4244 adiit
1327 4189 1671 4248 clementiam
1726 4211 1825 4250 no-

240 4275 435 4335 stram,
479 4273 794 4343 suppliciter
818 4277 1115 4348 deprecans
1161 4289 1221 4337 ut
1257 4282 1610 4341 memoratam
1640 4287 1820 4344 villam

239 4353 458 4416 nomine
483 4360 792 4420 Tridentém
823 4382 945 4423 cum
973 4371 1222 4428 omnibus
1249 4376 1315 4429 ad
1345 4391 1404 4430 se
1428 4378 1821 4446 pertinentibus

237 4454 486 4523 partibus
529 4458 798 4526 praedicta:
842 4461 1220 4521 Cenomanicze
1258 4469 1449 4524 matris
1479 4471 1724 4528 ecclesia:
1768 4483 1822 4529 et

234 4541 458 4601 Aldrico
483 4548 725 4619 ejusdem
755 4553 906 4610 urbis
933 4557 1227 4613 venerabili
1253 4560 1494 4631 pontifici
1533 4575 1822 4634 prtesenta-

1962 659 2056 714 sia:
2075 675 2186 716 sua:
2223 664 2616 731 praesentaliter
2639 668 2986 736 reddidimus,
3035 673 3165 728 utin
3212 685 3542 755 perpetuum

1962 749 2018 803 in
2063 751 2321 808 utilitates
2344 762 2398 808 et
2417 755 2653 826 ejusdem
2689 758 2929 815 ecclesia:
2961 761 3198 837 episcopi
3227 765 3445 836 Deoque
3476 749 3542 842 id

1961 856 2024 896 ea
2064 843 2483 902 deservicntium
2509 861 2841 918 permaneat.
2883 851 3089 908 Idcirco
3117 845 3537 927 suggerentibus

1960 944 2123 1006 atque
2149 938 2421 994 humiliter
2443 942 2842 1012 postulantibus
2876 945 3146 1014 przedictis
3172 947 3415 1014 fidelibus
3437 937 3536 1004 no¥

1959 1033 2110 1097 stris,
2153 1043 2454 1090 memorato
2476 1035 2726 1093 videlicet
2754 1037 2972 1094 Aldrico
2999 1039 3250 1111 episcopo
3275 1049 3330 1097 et
3365 1041 3538 1098 Bavo-

1959 1140 2025 1179 ne
2053 1125 2280 1181 vassallo
2317 1136 2526 1194 nostro,
2566 1130 2669 1184 hoc
2691 1139 2887 1185 nostrae
2907 1119 3329 1188 confirmationis
3370 1141 3547 1203 atque~

1958 1217 2277 1274 redditionis
2325 1229 2653 1292 praeceptum
2699 1223 2986 1294 saepedicto
3030 1223 3246 1280 Aldrico
3282 1226 3536 1297 episcopo

1957 1309 2038 1363 vel
2091 1310 2161 1365 ad
2185 1319 2393 1380 partem
2424 1311 2539 1382 jam
2577 1314 2731 1369 dictae
2773 1316 2924 1370 urbis
2954 1315 3072 1372 fieri
3113 1317 3391 1385 jussimus,
3436 1332 3538 1388 per

1957 1399 2100 1471 quod
2115 1402 2455 1479 decernimus
2478 1413 2638 1476 atque
2658 1405 2910 1476 jubemus
2928 1415 2987 1462 ut
3008 1408 3188 1465 nullus
3202 1409 3302 1464 sub
3329 1409 3536 1466 ditione

1958 1493 2168 1562 imperii
2198 1497 2368 1550 nostri
2403 1497 2600 1567 degens
2626 1497 2733 1553 ullo
2756 1515 2993 1570 unquam
3031 1507 3271 1570 tempore
3307 1497 3373 1556 de
3394 1516 3538 1571 prae-

1956 1584 2101 1640 dicta
2143 1585 2270 1641 villa
2291 1586 2375 1641 vel
2403 1587 2469 1643 de
2509 1588 2758 1644 omnibus
2787 1591 2856 1645 ad
2899 1605 3019 1645 eam
3047 1590 3438 1660 pertinentibus
3477 1592 3538 1647 in

1955 1677 2364 1748 (Illibllscunque
2390 1681 2542 1750 pagis
2555 1680 2639 1736 vel
2670 1680 2804 1738 locis
2824 1682 3110 1752 saepedicto
3153 1681 3372 1738 Aldrico
3416 1682 3533 1754 epi-
3587 1685 3594 1690 ’

1955 1785 2117 1852 scopo
2155 1772 2374 1844 suisque
2413 1775 2820 1843 successoribus
2866 1775 2976 1844 ullo
3020 1791 3254 1846 unquam
3291 1783 3537 1846 tempore

1895 1897 1927 1910 ι.
1957 1862 2382 1932 inquietudinem
2408 1865 2588 1922 facere
2614 1876 2709 1922 aut
2750 1867 3045 1938 quamlibet
3087 1868 3410 1923 calumniam
3449 1869 3536 1923 in—

1881 1942 1927 2003 B
1954 1969 2144 2025 gerere
2179 1968 2503 2026 praesumat;
2526 1959 2622 2014 sed
2641 1959 2802 2016 liceat
2821 1960 2872 2015 ei
2910 1967 2966 2016 et
2987 1958 3391 2016 successoribus
3415 1960 3534 2030 ejus

1955 2047 2138 2119 quieto
2181 2051 2370 2106 ordine
2395 2062 2750 2108 memoratam
2787 2053 2966 2108 villam
3009 2069 3130 2108 cum
3171 2053 3420 2109 omnibus
3459 2053 3539 2108 Io-

1953 2138 2032 2194 cis
2061 2148 2118 2195 et
2150 2143 2442 2198 territoriis
2491 2145 2604 2200 sive
2636 2146 2920 2216 mancipiis
2955 2153 3155 2201 etcum
3193 2137 3444 2202 omnibus
3464 2147 3534 2202 ad

1951 2246 2011 2286 se
2031 2231 2427 2302 pertinentibus
2449 2233 2574 2304 jure
2611 2237 2979 2305 ecclesiastico
3005 2247 3190 2294 tenere
3211 2248 3264 2294 et
3291 2239 3535 2308 posside-

1950 2339 2032 2389 re,
2082 2333 2136 2378 et
2161 2327 2424 2396 quidquid
2468 2343 2567 2398 pro
2594 2330 2998 2400 opportunitate
3028 2336 3084 2386 et
3127 2331 3522 2386 commoditate

1948 2415 2186 2486 praefata:
2227 2418 2372 2474 sedis
2415 2419 2658 2475 ecclesia:
2698 2421 2893 2478 exinde
2944 2421 3124 2478 facere
3168 2423 3531 2493 decreverint,

1947 2507 2172 2563 liberam
2193 2508 2246 2563 in
2269 2511 2520 2566 omnibus
2538 2512 2775 2573 habeant
2799 2513 2996 2569 futuris
3018 2516 3352 2585 temporibus
3376 2524 3532 2587 pote-

1947 2610 2144 2657 statem
2169 2603 2421 2659 faciendi.
2451 2605 2518 2660 Et
2547 2615 2607 2660 ut
2625 2607 2740 2662 haec
2776 2616 2974 2662 nostrae
2993 2607 3314 2665 redditionis
3344 2617 3534 2666 aucto-

1946 2695 2080 2752 ritas
2101 2707 2418 2768 perpetuam
2439 2697 2680 2753 obtineat
2720 2698 3058 2765 firmitatem,
3112 2717 3275 2756 manu
3308 2701 3532 2772 propria

1944 2789 2130 2844 subter
2154 2804 2276 2845 eam
2299 2789 2652 2857 firmavimus,
2681 2799 2736 2847 et
2763 2791 2830 2847 de
2859 2791 3056 2848 annulo
3075 2801 3263 2849 nostro
3302 2792 3530 2865 sigillari

1937 2879 2218 2951 jussimus.

2015 2972 2239 3045 Signum
2267 2974 2525 3032 Ludovici
2547 2977 2881 3057 serenissimi
2921 2978 3286 3050 imperatoris.

2010 3065 2409 3124 Hirminmarus
2432 3069 2675 3126 notarius
2703 3071 2772 3126 ad
2791 3071 2964 3126 vicem
2993 3072 3235 3144 Hugonis
3267 3086 3529 3146 recogno-

1936 3157 1990 3212 vi
2022 3167 2078 3212 et
2097 3159 2414 3228 subscripsi.
2568 3221 2570 3223 ,

2011 3249 2144 3306 Data
2173 3268 2229 3307 ιι
2277 3251 2502 3309 Kalend.
2549 3253 2718 3310 Maias
2742 3268 2904 3320 anno,
2933 3255 3149 3312 Christo
3176 3257 3428 3328 propitio,
3453 3257 3546 3314 25-

1939 3341 2151 3412 imperii
2218 3343 2403 3399 domui
2467 3344 2727 3401 Ludovici
2777 3346 3004 3417 piissimi
3063 3347 3323 3421 Augusti,
3377 3349 3523 3405 indi-

1936 3433 2113 3488 ctione
2143 3435 2339 3504 prima.
3499 3495 3502 3498 .

2001 3525 2194 3581 Actum
2224 3527 2552 3600 Aquisgrani
2571 3528 2772 3601 palatio
2793 3530 2942 3602 regio
2962 3530 3020 3586 in
3045 3528 3142 3587 Dei
3167 3531 3385 3590 nomine
3405 3529 3524 3588 feli'

1931 3617 2091 3674 citer.
2112 3617 2306 3674 Amen.

2594 3713 2849 3771 CCXXV.

2413 3823 2515 3864 PRO
2551 3824 2728 3862 EADEI
2761 3822 3030 3864 ECCLESIA.

2541 3901 2714 3972 (Anno
2747 3902 2908 3976 858.).

2261 3994 2438 4067 [Apud
2463 3990 2674 4062 Baluz.,
2699 3996 2851 4061 ibid.,
2882 4011 3004 4069 pag.
3045 3996 3190 4071 II7.]

2000 4106 2057 4162 In
2093 4108 2310 4163 nomine
2354 4107 2567 4163 Domini
2601 4108 2696 4164 Dei
2723 4117 2778 4165 et
2827 4108 3126 4168 Salvatoris
3166 4111 3340 4169 nostri
3381 4110 3513 4170 Jesu

1926 4200 2153 4268 Christi,
2198 4185 2524 4268 Ludovicus,
2550 4201 2730 4257 divina
2778 4203 3167 4274 repropitiante
3197 4204 3508 4274 clementia,

1926 4295 2225 4365 imperator
2250 4295 2542 4367 Augustus.

1997 4386 2053 4442 Si
2098 4387 2347 4457 precibus
2386 4387 2750 4454 sacerdotum,
2779 4390 2993 4458 quando
3018 4406 3118 4461 pro
3155 4391 3269 4447 suis
3298 4391 3382 4448 vel
3409 4406 3506 4448 ομ

1924 4481 2208 4537 clesiarum
2252 4481 2352 4536 sibi
2393 4481 2807 4537 commissarum
2856 4483 3271 4542 necessitatibus
3301 4481 3504 4556 aliquid

1923 4573 2180 4627 intimare
2205 4572 2492 4638 voluerint,
2531 4588 2718 4628 aurem
2751 4572 2986 4629 libenter
3008 4565 3499 4644 accommodamus,

235 4636 366 4742 liter
412 4649 595 4742 nostra
632 4643 901 4714 imperiali
958 4651 1280 4707 auctoritate
1333 4655 1700 4725 redderemus,
1763 4666 1817 4714 et
1922 4681 2218 4736 eorumque
2244 4666 2421 4735 justas
2449 4636 2512 4720 ac
2536 4665 2883 4721 rationabiles
2908 4668 3199 4737 petitiones
3224 4684 3287 4725 ac
3313 4677 3500 4740 postu-

231 4725 378 4786 hanc
418 4731 774 4792 redditionem
821 4753 920 4810 per
965 4751 1212 4798 nostrum
1245 4755 1574 4818 praeceptum
1621 4749 1817 4807 futuris

231 4825 567 4894 temporibus
597 4827 805 4888 firmius
835 4833 1010 4889 eidem
1054 4837 1296 4894 ecclesiae
1341 4841 1560 4910 suisque
1587 4845 1816 4898 rectori-

228 4918 335 4974 bus
360 4922 732 4991 possidendam
764 4929 1259 4990 conflrmassemus.
1304 4935 1469 5007 Cujus
1496 4937 1814 5008 petitionem

229 5013 302 5068 ob
343 5030 582 5072 amorem
608 5017 703 5075 Dei
740 5029 793 5076 et
832 5026 1191 5083 reverentiam
1222 5027 1470 5100 ejusdem
1513 5034 1683 5088 sancti
1713 5033 1817 5090 loci

227 5122 617 5179 servorumque
648 5111 740 5167 Dei
763 5107 896 5171 inibi
925 5113 1298 5176 famulantium
1345 5119 1575 5178 libenter
1613 5125 1818 5180 audivi-

226 5217 372 5268 mus,
425 5210 480 5258 et
510 5204 945 5276 deprecationem
973 5226 1036 5266 ac
1059 5213 1207 5282 pium
1255 5214 1581 5270 desiderium
1610 5213 1725 5285 ejus
1745 5217 1813 5272 ad

224 5303 470 5366 optatum
498 5297 748 5355 effectum
777 5302 1071 5373 adimplere
1095 5305 1313 5377 dignum
1343 5307 1612 5363 duximus.
1669 5309 1813 5377 Qua-

222 5396 447 5459 propter
481 5405 579 5460 per
631 5390 736 5447 hoc
778 5400 975 5449 nostra:
1021 5397 1357 5452 auctoritatis
1397 5399 1655 5468 scriptum
1702 5409 1812 5456 sta-

223 5490 438 5538 tuentes
460 5484 796 5542 decernimus
828 5497 986 5557 atque
1003 5487 1252 5557 iubemus
1272 5497 1330 5543 ut
1357 5493 1807 5559 quemadmodum

223 5574 542 5643 smpedictus
583 5575 725 5631 Bavo
771 5577 940 5634 fidelis
981 5588 1164 5635 noster
1215 5590 1569 5636 memoratam
1616 5581 1800 5638 villam

223 5681 350 5720 cum
400 5668 545 5722 omni
593 5669 915 5740 integritate,
981 5672 1119 5727 sicut
1160 5671 1248 5726 illa
1290 5672 1392 5728 sub
1437 5683 1636 5730 nostra:
1681 5673 1806 5743 jure

224 5759 526 5826 potestatis,
568 5761 780 5830 quando
806 5777 834 5815 a
863 5761 1142 5833 largitione
1187 5773 1370 5819 nostra
1417 5765 1591 5835 ipsum
1641 5765 1807 5820 bene-

224 5849 408 5905 ficium
457 5856 729 5923 accepisse
777 5866 1009 5922 constat,
1064 5875 1160 5928 pro
1207 5859 1571 5914 emolumento
1610 5859 1804 5915 animae

224 5953 428 6006 nostrae
455 5956 509 6006 et
527 5950 816 6008 stabilitate
853 5951 1065 6024 imperii
1089 5952 1260 6010 nostri
1289 5959 1589 6012 memorato
1636 5966 1812 6039 venc-p

1919 4759 2151 4814 lationes
2201 4760 2268 4814 ad
2323 4767 2568 4830 Optatum
2615 4757 2866 4814 effectum
2906 4760 3194 4828 pervenire
3246 4760 3498 4828 facimus,

1919 4868 2027 4907 non
2058 4852 2230 4908 solum
2261 4852 2463 4921 regiam
2495 4859 2656 4921 atque
2689 4851 3022 4922 imperialem
3053 4853 3499 4910 consuetudinem

1919 4945 1972 4999 in
2000 4946 2105 5000 hoc
2133 4959 2469 5007 exercemus,
2499 4944 2594 4997 sed
2623 4943 2786 4997 etiam
2832 4944 3048 5000 eosdem
3089 4946 3398 5001 sacerdotes
3429 4946 3499 5002 ad

1918 5035 2132 5090 Domini
2162 5034 2590 5089 misericordiam
2637 5050 2738 5104 pro
2782 5021 2938 5089 nobis
2961 5035 3291 5090 exorandam
3318 5039 3497 5106 prom-

1920 5129 2126 5201 ptiores
2147 5135 2306 5198 atque
2327 5127 2630 5182 devotiores
2654 5125 2898 5183 facimus.
2931 5127 3138 5183 Idcirco
3164 5135 3348 5183 uotum
3376 5129 3493 5185 fieri

1918 5219 2165 5276 volumus
2205 5218 2446 5273 omnium
2481 5217 2720 5274 fidelium
2762 5228 3072 5274 nostrorum
3103 5227 3212 5275 tam
3252 5231 3490 5292 praesen-

1919 5311 2055 5367 tium
2111 5325 2274 5380 quam
2317 5317 2374 5364 et
2425 5307 2728 5364 futurorum
2775 5309 3051 5364 industriae
3072 5311 3196 5379 quia
3240 5311 3493 5370 Aldricus

1915 5401 2242 5458 venerabilis
2297 5400 2670 5456 Cenomanica:
2715 5401 2866 5456 urbis
2907 5401 3191 5473 episcopus
3227 5407 3491 5462 accedens

1917 5494 1983 5551 ad
2012 5509 2172 5549 aures
2206 5500 2404 5547 nostrae
2431 5491 2647 5562 pietatis
2682 5492 2865 5546 retulit
2890 5493 3044 5548 nobis
3075 5495 3139 5549 de
3165 5496 3490 5565 quibusdam

1906 5584 2187 5643 beneficiis
2214 5599 2332 5653 qum
2357 5591 2480 5637 ante
2510 5583 2818 5653 complures
2848 5598 3018 5639 annos
3037 5585 3100 5639 de
3123 5585 3246 5656 jure
3269 5602 3379 5641 sum
3401 5599 3488 5639 se-
3513 5597 3517 5600 ·

1906 5676 1990 5732 dis
2014 5691 2136 5730 cum
2163 5674 2493 5746 appendiciis
2523 5689 2712 5728 eorum
2740 5673 2968 5729 fuissent
3013 5676 3288 5732 subtracta
3321 5686 3376 5731 et
3416 5677 3483 5732 ad

1901 5765 2175 5839 publicum
2206 5775 2450 5820 nostrum
2473 5764 2711 5828 redacta,
2745 5781 2866 5834 quae
2892 5767 3052 5821 modo
3077 5765 3477 5829 Ghermuudus,

1903 5857 2227 5922 Berthadus,
2277 5855 2585 5921 Vulfardus,
2630 5855 2796 5922 Bodo,
2849 5865 2904 5912 et
2947 5857 3076 5911 socii
3105 5857 3221 5928 ejus
3260 5857 3475 5913 vassalli

1901 5950 2076 6012 nostri
2102 5950 2174 6027 in
2207 5949 2530 6011 beneﬁcium
2570 5950 2696 6010 data
2729 5949 3029 6024 possident,
3069 5957 3124 6006 et
3168 5950 3246 6008 sic
3271 5965 3482 6022 praecer-
