4050 6340
642 367 666 420 1
676 360 779 421 295

1775 339 2095 403 LUDOVlCl
2130 338 2152 396 Ι
2188 330 2664 397 COGNOMENTO
2698 327 2786 389 PII

3692 330 3782 391 l1“

639 479 790 539 denti
819 484 1064 546 tempore
1099 467 1167 527 de
1195 465 1448 523 manibus
1471 472 1747 520 rectorum
1772 459 2044 531 praedicta:
2068 456 2220 512 urbis
2247 453 2301 515 Α
2323 449 2631 546 devotiores
2672 447 2923 546 facimus.
2966 440 3174 546 Idcirco
3198 437 3675 546 omnibus-ﬁdelibus
3705 462 3786 546 ιφ.

639 576 1067 627 memoratorum
1100 557 1455 617 vassallorum
1499 551 1762 608 beneﬁcia
1790 566 1911 606 cum
1959 547 2221 619 appendi-

642 663 745 722 ciis
776 669 831 716 et
859 657 1111 714 omnibus
1140 653 1209 709 ad
1234 667 1293 707 se
1320 647 1717 721 pertinentibus
1737 643 1917 714 elapsa
1947 656 2085 698 esse.
2114 639 2223 696 Sed

641 773 765 815 cum
805 769 902 808 nos
923 751 992 806 ad
1022 750 1099 804 rei
1127 747 1415 801 veritatem
1442 740 1753 810 diligentius
1793 732 2224 805 investigandam

640 840 828 904 ﬁdeles
888 845 1085 899 missos
1137 847 1351 895 nostros
1403 832 1813 889 Helisacharum
1860 825 2224 884 venerabilem

642 940 890 994 abbatem
939 945 991 988 et
1017 932 1299 989 Widonem
1347 927 1601 984 comitem
1634 923 1990 982 mitteremus,
2027 933 2226 973 remm-

643 1030 914 1082 tiavcrunt
945 1022 1101 1078 nobis
1138 1035 1236 1090 per
1263 1017 1446 1072 omnia
1493 1016 1567 1070 ita
1596 1028 1784 1068 verum
1815 1025 1953 1066 esse.
1980 1008 2226 1078 Cumque

641 1118 953 1173 eorumdem
996 1112 1253 1167 relatione
1274 1109 1657 1180 prmdictorum
1682 1103 2035 1159 vassallorum
2061 1101 2227 1155 bene-

643 1208 765 1264 ﬁcia
814 1223 919 1261 non
955 1204 1039 1258 ad
1075 1202 1350 1275 publicum
1388 1208 1660 1263 nostrum,
1691 1196 1785 1252 sed
1814 1197 1882 1251 ad
1905 1195 1997 1266 jus
2037 1190 2229 1263 praefa-

640 1307 711 1354 tae
737 1296 1111 1353 Cenomanico:
1143 1293 1386 1349 ecclesia:
1410 1292 1555 1363 juste
1587 1289 1860 1361 pertinere
1882 1286 2227 1356 cognovisse-

637 1406 780 1452 mus,
819 1376 1145 1460 complacuit
1169 1386 1474 1443 clementia:
1500 1392 1699 1440 nostrae
1733 1372 2225 1456 suprascriptorum

637 1470 989 1537 vassallorum
1036 1478 1299 1534 beneﬁcia
1327 1494 1449 1533 cum
1478 1477 1624 1531 omni
1680 1474 2009 1546 integritate,
2038 1486 2228 1542 quem-

638 1573 928 1627 admodum
960 1572 1106 1642 ipsos
1140 1586 1204 1625 ea
1230 1585 1328 1640 per
1354 1568 1564 1640 singula
1594 1567 1712 1623 loca
1752 1583 1783 1621 a
1811 1565 2102 1637 largitione
2130 1577 2229 1618 no-

638 1668 767 1721 stra
788 1665 1067 1734 accepisse
1098 1670 1334 1729 constat,
1378 1677 1479 1732 pro
1508 1660 1875 1717 emolumento
1904 1657 2100 1711 anima:
2128 1670 2228 1712 no-

636 1760 766 1815 strae
795 1753 1095 1815 memorato
1127 1757 1425 1813 venerabili
1466 1756 1686 1811 Aldrico
1712 1755 1969 1825 episcopo
2007 1752 2075 1806 ad
2100 1766 2228 1821 par-

636 1857 745 1905 tem
778 1836 1047 1920 przcdictae
1073 1849 1317 1905 ecclesiae
1346 1863 1456 1904 suae
1507 1819 1763 1913 reddere,
1789 1854 1850 1900 ut
1878 1819 2139 1917 perpetuo
2171 1843 2226 1898 in
2253 1819 2302 1878 Β

633 1940 901 1996 utilitates
940 1949 995 1996 et
1022 1955 1153 1996 usus
1181 1940 1423 2009 ejusdem
1455 1939 1701 1996 ecclesiae
1722 1940 1944 2009 Deoque
1968 1938 2024 1992 in
2047 1952 2113 1992 ea
2135 1932 2229 1992 de-

636 2034 992 2089 servientium
1049 2042 1386 2105 permaneat.
1440 2032 1647 2088 Idcirco
1693 2038 2018 2103 suggerente
2068 2036 2231 2099 atque

635 2136 867 2198 rogante
910 2113 1507 2196 przedicto'venerabili
1554 2124 1811 2194 episcOpo
1853 2122 1993 2177 hanc
2028 2127 2230 2176 nostra:

638 2218 1078 2274 conﬁrmationis
1120 2227 1282 2288 atque
1310 2212 1651 2272 redditionis
1706 2215 2125 2286 praeceptionem
2178 2214 2231 2270 ei

634 2309 723 2365 vel
753 2312 821 2366 ad
869 2320 1079 2381 partem
1126 2310 1399 2381 priedictze
1442 2309 1593 2365 urbis
1641 2308 1756 2364 ﬁeri
1786 2308 2082 2379 jussimus;
2132 2322 2232 2380 per

637 2416 803 2471 quam
831 2401 1174 2457 decernimus
1210 2409 1372 2472 atque
1395 2400 1651 2471 jubemus
1680 2408 1742 2455 ut
1774 2400 1952 2455 nullus
1990 2398 2231 2455 ﬁdelium

635 2501 948 2547 nostrorum
981 2493 1048 2548 de
1084 2491 1366 2561 jamdictis
1409 2492 1691 2549 beneﬁciis
1715 2492 1801 2547 vel
1830 2493 1896 2547 de
1937 2492 2025 2547 his
2049 2491 2230 2548 omni-

633 2580 740 2638 bus
776 2597 896 2652 qua:
942 2583 1010 2637 ad
1059 2583 1443 2653 prtedictorum
1494 2582 1848 2639 vassallorum
1894 2589 2228 2649 nostrorum,

634 2670 1051 2744 quibuscunque
1074 2672 1127 2728 in
1158 2674 1290 2729 locis
1319 2674 1642 2740 consistant,
1669 2673 1931 2730 beneﬁcia
1956 2675 2232 2746 pertinere

633 2774 957 2832 noscuntur,
1003 2776 1303 2823 memorato
1356 2768 1576 2824 Aldrico
1620 2768 1918 2824 venerabili
1973 2768 2230 2839 episcopo

633 2856 754 2914 sive
797 2860 1204 2914 successoribus
1252 2858 1368 2928 ejus
1407 2860 1517 2915 ullo
1573 2875 1812 2930 unquam
1853 2868 2098 2931 tempore
2149 2860 2232 2915 in—

636 2951 1014 3021 quietudinem
1053 2953 1235 3009 facere
1271 2962 1365 3009 aut
1389 2954 1688 3025 quamlibet
1716 2954 2044 3011 calumniam
2078 2955 2233 3026 inge-

636 3056 766 3098 rere
809 3053 1121 3115 prazsumat,
1156 3047 1251 3101 sed
1291 3046 1455 3103 liceat
1498 3048 1548 3103 ei
1591 3056 1647 3102 et
1684 3046 2091 3103 successoribus
2114 3045 2233 3115 ejus

638 3137 826 3205 quieto
864 3137 1056 3193 ordine
1100 3148 1401 3194 memorata
1442 3139 1556 3194 loca
1609 3155 1732 3194 cum
1768 3139 2021 3194 omnibus
2057 3138 2127 3193 ad
2173 3152 2232 3194 se

635 3230 1176 3301 pertinentibusjure
1214 3232 1591 3288 ecclesiastico
1630 3240 1815 3288 tenere
1844 3240 1899 3287 et
1928 3231 2227 3303 possidere,

638 3331 698 3379 et
735 3325 995 3394 quidquid
1025 3341 1125 3395 pro
1152 3327 1560 3396 opportunitate
1603 3334 1658 3382 et
1686 3326 2073 3382 commoditate
2097 3339 2234 3396 prae-

637 3413 769 3469 fatae
796 3402 1040 3470 ecclesia:
1079 3418 1277 3471 exinde
1308 3416 1489 3473 facere
1518 3418 1886 3482 decreverint,‘
1910 3416 2135 3472 liberam
2175 3416 2233 3470 in

639 3506 902 3562 omnibus
931 3507 1168 3562 habeant
1192 3517 1518 3577 potestatem
1537 3508 1789 3565 faciendi.
1824 3509 1892 3563 Et
1918 3517 1977 3563 ut
1997 3510 2115 3565 haec
2136 3523 2234 3564 au-

640 3600 873 3656 ctoritas
893 3608 1079 3656 nostra
1100 3610 1421 3671 perpetuam
1446 3600 1690 3658 obtineat
1709 3601 2044 3670 ﬁrmitatem,
2067 3617 2232 3657 manu

641 3690 864 3760 propria
918 3690 1105 3747 subter
1151 3692 1526 3760 ﬁrmavimus,
1580 3701 1637 3748 ct
1684 3693 1751 3750 de
1804 3694 2003 3751 annulo
2046 3702 2234 3751 nostro

643 3782 903 3849 lussimus
932 3782 1179 3854 sigillari.

644 3867 651 3875 ’
717 3874 945 3947 Signum
975 3875 1235 3932 Ludovici
1271 3878 1503 3948 piissimi
1534 3881 1900 3951 imperatoris.

715 3966 1115 4025 Hirminmarus
1150 3965 1513 4029 notarius‘ad
1566 3973 1743 4030 vicem
1783 3973 2026 4045 Hugonis
2075 3988 2233 4030 reco-

645 4060 810 4133 gnovi
839 4068 893 4115 et
920 4062 1240 4133 subscripsi.

719 4149 857 4205 Data
885 4165 983 4205 vm
1026 4150 1147 4207 Kal.
1183 4150 1356 4208 Julias
1383 4170 1549 4221 anno,
1585 4154 1806 4213 Christo
1834 4156 2090 4227 propitio,
2117 4155 2189 4211 22
2209 4168 2236 4197 ι

647 4241 861 4312 imperii
902 4243 1085 4299 domni
1135 4243 1393 4302 Ludovici
1423 4247 1655 4319 piissimi
1702 4248 2069 4320 imperatoris,
2099 4249 2240 4305 indi—

648 4335 829 4392 ctione
858 4336 945 4392 15.

718 4425 915 4483 Actum
938 4426 1240 4487 Stramiaco
1267 4432 1683 4503 suprarﬁuvium
1711 4433 2035 4491 Rhodanum
2065 4434 2121 4489 in
2144 4433 2239 4490 Dei

649 4519 873 4578 nomine
901 4519 1153 4577 feliciter.
1190 4522 1385 4579 Amen.

1309 4633 1588 4692 CCXXV].

1131 4721 1232 4763 PRO
1267 4721 1443 4762 EADEM
1477 4724 1749 4765 ECCLESIA.

1273 4797 1444 4870 (Anno
1472 4798 1634 4870 858.)

978 4887 1155 4961 [Apud
1200 4887 1409 4953 Baluz.,
1441 4888 1598 4954 ibid.,
1636 4903 1757 4960 pag.
1793 4886 1943 4963 118.]

723 4981 786 5038 In
831 4982 1049 5038 nomine
1094 4981 1308 5036 Domini
1349 4980 1446 5037 Dei
1473 4990 1530 5037 et
1569 4981 1869 5040 Salvatoris
1906 4984 2080 5041 nostri
2107 4982 2263 5057 Jesu‘

656 5072 886 5141 Christi,
912 5073 1241 5140 Ludovicus,
1277 5072 1462 5129 divina
1509 5076 1898 5147 repropitiante
1925 5076 2239 5144 clementia,

659 5167 957 5239 imperator
975 5168 1274 5240 Augustus.

734 5260 792 5313 Si
825 5259 1064 5315 ﬁdelium
1110 5269 1421 5317 nostrorum
1442 5260 1621 5332 justas
1645 5270 1701 5317 et
1736 5261 2085 5319 rationabiles
2106 5262 2241 5331 peti‘

658 5349 841 5408 tiones
869 5366 934 5407 ac
974 5354 1370 5423 postulationes
1394 5369 1531 5424 quas
1557 5369 1658 5424 pro
1686 5351 1921 5408 utilitate
1945 5360 2000 5408 et
2037 5352 2251 5421 exalta-_

660 5443 811 5498 tione
848 5450 1049 5497 sancta:
1082 5430 1184 5500 Dei
1229 5443 1486 5500 Ecclesiae
1523 5450 1845 5514 exposcunt,
1892 5442 1961 5498 ad
1998 5450 2244 5513 optatum

658 5532 913 5590 ellectum
950 5534 1320 5605 perducimus,
1368 5550 1474 5590 non
1504 5534 1679 5590 solum
1707 5534 1910 5603 regiam
1954 5543 2115 5605 atque
2143 5535 2269 5607 im-.

661 5624 920 5696 perialem
976 5626 1424 5680 consuetudinem
1480 5626 1536 5680 in
1584 5626 1691 5681 hoc
1754 5641 2089 5692 exercemus,
2148 5626 2246 5682 sed

663 5717 832 5770 etiam
879 5732 977 5774 eos
1013 5717 1170 5771 nobis
1210 5718 1587 5787 promptiores,
1620 5727 1703 5773 'ut
1746 5720 2039 5786 credimus,
2085 5728 2247 5792 atque

736 5838 767 5902 ξ
787 5826 1097 5901 Legendum
1112 5820 1342 5883 videtur
1360 5828 1450 5883 24.

2321 554 2424 602 ctae
2453 544 2551 601 Dei
2587 530 2850 599 Ecclesiae
2882 545 2938 595 et
2965 535 3190 602 nostris,
3216 535 3550 606 praesentibus
3572 546 3618 593 et
3639 537 3787 612 futuris,

2321 648 2512 696 notum
2546 652 2667 694 esse
2692 636 2941 693 volumus
2972 633 3097 704 quia
3118 632 3384 704 Agbertus
3406 647 3567 689 comes
3598 645 3645 692 et
3672 640 3785 694 ostia-

2323 734 2442 790 rius
2472 740 2636 804 atque
2684 728 3028 788 consiliarius
3068 735 3255 782 noster
3284 725 3433 783 nobis
3469 727 3663 785 innotuit
3694 734 3789 803 quod

2323 827 2615 899 quamdam
2641 825 2826 881 villam
2855 824 3016 879 sitam
3046 822 3103 878 in
3132 836 3273 894 pago
3297 820 3623 880 Cenomanico
3645 828 3791 884 nomine

2324 918 2633 976 Calisamen
2660 919 2727 973 de
2749 917 2873 988 jure
2907 914 3285 972 Cenomanicae
3324 913 3506 970 matris
3531 916 3793 989 ecclesiam

2324 1019 2575 1067 nostrum
2597 1007 2922 1065 beneﬁcium
2956 1005 3281 1078 possideret,
3319 1006 3383 1061 de
3406 1021 3504 1076 qua
3528 1022 3611 1077 per
3630 1008 3793 1080 singulos

2326 1120 2498 1161 annos
2528 1119 2700 1161 nonas
2722 1111 2778 1159 et
2801 1101 3043 1158 decimas
3072 1109 3233 1171 atque
3270 1099 3525 1170 legitimos
3544 1114 3699 1156 census
3715 1116 3795 1172 par-

2328 1198 2471 1253 tibus
2504 1194 2747 1268 praefatae
2786 1192 2981 1248 matris
3016 1190 3260 1247 ecclesia:
3293 1197 3349 1244 et
3398 1187 3609 1258 ejusdem
3631 1189 3793 1246 ecclesia

2326 1288 2632 1345 rectoribus
2662 1285 3033 1357 persolveret.
3074 1280 3192 1349 Qua
3239 1280 3307 1335 de
3335 1294 3394 1336 re
3430 1287 3706 1335 memoratus
3732 1280 3798 1353 Ag-

2325 1381 2515 1437 bertus
2582 1387 2927 1450 pertractans
2992 1388 3181 1431 casum
3244 1369 3540 1442 fragilitatis
3596 1370 3798 1439 humans,

2326 1481 2384 1529 et
2415 1484 2713 1543 pavescens
2752 1467 3005 1522 ultimum
3061 1462 3363 1520 vocationis
3412 1462 3560 1528 diem,
3585 1462 3798 1532 timensque

2327 1579 2397 1620 ne
2427 1562 2655 1634 praefata
2691 1560 2819 1615 villa
2867 1559 3053 1630 aliquo
3095 1556 3405 1629 cupiditatis
3429 1571 3530 1611 sua:
3566 1555 3733 1611 stimulo
3749 1556 3801 1611 vel

2328 1653 2569 1725 quolibet
2601 1651 2817 1723 ingenio
2863 1666 2893 1705 a
2916 1648 3043 1719 jure
3071 1648 3401 1720 praescripta:
3436 1645 3602 1700 matris
3630 1644 3797 1701 ecclesia

2330 1744 2569 1800 alienata
2599 1741 2787 1807 ﬁeret;
2828 1740 3062 1811 ideoque
3095 1739 3282 1795 divino
3306 1738 3510 1794 fervens
3533 1751 3698 1803 amore,
3718 1737 3803 1793 adiit

2331 1835 2678 1892 clementiam
2723 1840 2972 1889 nostram
3017 1831 3336 1903 suppliciter
3379 1828 3644 1901 deprecans
3664 1838 3712 1883 ut
3736 1842 3805 1883 me-

2332 1936 2603 1984 moratam
2642 1925 2837 1981 ‘villam
2881 1924 3100 1980 nomine
3144 1914 3444 1979 Calisamen
3492 1937 3601 1978 cum
3635 1919 3805 1976 omnibus

2333 2021 2400 2076 ad
2433 2034 2492 2076 se
2521 2018 2922 2091 pertinentibus
2958 2016 3209 2087 partibus
3247 2016 3504 2087 praedicta:
3535 2015 3805 2072 Cenomanis:

2333 2113 2480 2170 sedis
2514 2111 2761 2169 ecclesiae
2800 2119 2857 2167 et
2903 2109 3126 2166 Aldrico
3153 2108 3395 2180 ejusdem
3438 2106 3571 2165 urbis
3596 2106 3804 2173 venerabili

2333 2206 2592 2277 episcopo
2618 2203 3018 2276 prmsentaliter
3044 2210 3239 2258 nostra
3291 2201 3541 2274 imperiali
3574 2201 3805 2257 auctoritate

2334 2297 2709 2364 redderemus,
2742 2305 2800 2352 et
2818 2296 2971 2352 banc
3009 2293 3367 2350 redditionem
3390 2307 3481 2364 per
3502 2301 3702 2348 nostrum
3721 2306 3807 2363 pre-

2336 2398 2553 2465 ceptu'm
2583 2390 2785 2449 futuris
2828 2392 3174 2463 temporibus
3224 2390 3429 2446 ﬁrmius
3461 2389 3614 2446 eidem
3643 2387 3806 2445 ecclesia

2333 2484 2561 2556 ejusque
2580 2485 2887 2542 rectoribus
2908 2482 3297 2554 possidendam
3321 2480 3719 2538 contirmaremns.
3737 2476 3800 2534 Cu-

2328 2575 2420 2647 jus
2449 2576 2772 2647 petitionem
2796 2577 2868 2633 ob
2896 2590 3142 2630 amorem
3182 2573 3282 2630 Dei
3322 2583 3372 2630 et
3404 2573 3708 2629 reverentiam
3721 2569 3808 2640 eius

2336 2669 2459 2724 dem
2503 2668 2677 2724 sancti
2710 2667 2815 2724 loci
2852 2680 3251 2737 servorumque
3296 2664 3388 2720 Dei
3433 2663 3552 2720 inibi
3574 2659 3809 2719 Dominab—

2334 2761 2660 2817 mulantium
2689 2759 2924 2817 libenter
2951 2758 3288 2825 audivimus,
3320 2765 3375 2815 et
3401 2754 3808 2829 deprecationem:

2334 2850 2487 2923 pium
2505 2850 2837 2907 desiderium
2854 2848 2973 2921 ejus
2999 2848 3068 2904 ad
3090 2856 3340 2919 optatum
3361 2846 3587 2904 effectum
3599 2844 3808 2916 perducere

2335 2943 2559 3015 dignum
2592 2942 2866 2998 duximus.
2894 2939 3244 3012 Quapropter
3267 2955 3365 3012 per
3382 2940 3480 3005 hoc
3502 2946 3667 2994 nostra
3686 2940 3806 2988 aucto-

2334 3035 2517 3092 ritatis
2551 3042 2880 3106 prmeeptum
2919 3040 3230 3090 statuentes
3269 3020 3585 3089 decernimus
3613 3035 3734 3099 atque
3758 3022 3808 3093 ju-

2244 3144 2304 3195 ἠ
2335 3126 2530 3184 bemus
2552 3132 2613 3181 nt
2652 3123 3113 3195 quemadmodum
3150 3121 3707 3194 saepedictus-Agbertns
3724 3113 3808 3169 tide-

2260 3180 2305 3244 Ο
2339 3218 2407 3275 lis
2441 3226 2632 3275 noster
2658 3180 3018 3273 memoratam
3040 3180 3376 3270 villam.cum
3407 3211 3543 3268 omni
3571 3205 3807 3279 integritate,

2336 3315 2480 3372 sicut
2509 3313 2601 3369 illa
2628 3311 2717 3368 die
2740 3311 2842 3368 sub
2861 3309 2990 3380 jure
3027 3317 3234 3367 nostrae
3258 3307 3529 3380 potestatis
3549 3310 3646 3360 erat
3669 3294 3809 3369 quando

2337 3424 2370 3466 a
2392 3407 2678 3479 largitione
2706 3388 2895 3461 nostra
2918 3404 3100 3474 ipsum
3127 3401 3458 3459 beneﬁcium
3487 3394 3710 3468 accepisse
3728 3401 3809 3444 con-

2339 3509 2469 3567 stat,
2499 3515 2599 3572 pro
2622 3498 2992 3555 emolumento
3039 3496 3243 3552 anima:
3290 3501 3482 3551 nostra:
3523 3499 3571 3548 et
3609 3482 3808 3544 stabilitate

2338 3590 2553 3662 imperii
2580 3589 2757 3645 nostri
2783 3595 3088 3645 memorato
3109 3585 3409 3643 venerabili
3430 3580 3621 3638 Aldrico
3638 3576 3807 3647 episeopo

2337 3683 2407 3739 ad
2432 3690 2646 3755 partem
2674 3679 3006 3753 praescripta
3036 3693 3152 3734 suae
3188 3677 3335 3734 sedis
3371 3672 3592 3732 ecclesiae
3610 3668 3805 3740 presenti-

2335 3775 2462 3832 liter
2493 3773 2851 3839 reddidimus,
2882 3779 2945 3827 ut
2978 3770 3035 3826 in
3064 3778 3331 3842 perpetuo
3358 3768 3411 3823 in
3435 3764 3808 3821 utilitatesetusnt

2337 3866 2582 3939 ejusdem
2610 3863 2856 3921 ecclesia:
2882 3862 3105 3933 Deoque
3143 3862 3201 3918 in
3244 3876 3310 3918 ea
3353 3852 3709 3916 deservientium
3735 3857 3804 3917 per

2339 3965 2578 4015 maneat.
2618 3956 2827 4012 Idcirco
2866 3953 3291 4027 suggerentibus
3335 3958 3489 4021 atque
3512 3941 3808 4034 humilitatu-

2339 4048 2667 4109 stulantibus
2694 4046 2967 4119 praedictis
2992 4044 3247 4101 ﬁdelibus
3270 4041 3482 4106 nostris,
3512 4038 3803 4119 memorato“-

2342 4143 2539 4200 delicet
2564 4118 2786 4197 Aldrico
2817 4138 3122 4195 venerabili
3150 4137 3406 4209 episcopo
3440 4144 3493 4188 et
3516 4128 3703 4198 Agberto
3719 4118 3808 4188 jam-

2343 4237 2489 4295 dicto
2517 4234 2663 4291 ﬁdeli
2692 4242 2903 4300 nostro,
2927 4232 3033 4289 hoc
3067 4239 3273 4287 nostra
3306 4218 3681 4286 conﬁrmationis
3707 4220 3809 4280 atque

2342 4328 2663 4387 redditionis
2706 4334 3034 4398 praeceptum
3070 4322 3360 4394 smpedicto
3405 4315 3598 4374 Aldrico
3638 4307 3808 4380 episctho

2343 4420 2430 4477 vel
2469 4420 2538 4476 ad
2574 4427 2787 4491 partem
2814 4419 2929 4490 jam
2973 4418 3133 4473 dictae
3156 4415 3313 4472 urbis
3356 4411 3468 4468 ﬁeri
3502 4404 3732 4491 iussimus,

2345 4511 2490 4584 quod
2531 4481 2877 4568 decernimus
2917 4516 3082 4579 atque
3101 4506 3358 4577 jubemus
3397 4509 3455 4557 ut
3499 4493 3649 4552 nullus
3676 4481 3810 4584 subd?

2345 4571 2491 4660 tione
2511 4603 2724 4675 imperii
2753 4601 2927 4658 nostri
2956 4571 3162 4672 degens
3203 4597 3315 4654 ullo
3333 4606 3554 4666 unquam
3578 4571 3809 4678 tempori?

2344 4666 2606 4773 praedicta
2638 4694 2765 4752 villa
2806 4693 2894 4750 vel
2918 4692 2986 4748 de
3014 4666 3267 4749 omnibus
3295 4689 3364 4744 ad
3391 4666 3810 4773 eam-967W???

2257 4848 2260 4852 λ
2345 4753 2861 4861 inquibuscunque
2900 4784 3053 4857 pagis
3098 4782 3186 4838 vel
3213 4780 3346 4838 locis
3388 4772 3640 4847 saepedicto
3666 4753 3809 4861 meo

2348 4857 2603 4953 episcopo
2651 4880 2872 4950 suisque
2923 4874 3329 4933 successoribus
3372 4869 3473 4925 ullo
3506 4868 3700 4953 uatiufm

2346 4947 2481 5047 pore
2510 4947 2943 5044 inquietudinem
2967 4969 3148 5025 facere
3170 4973 3264 5022 aut
3284 4956 3561 5036 quamlibet
3577 4947 3808 5047 calum”?

2344 5029 2603 5137 ingerere
2643 5069 2975 5134 praesumat:
3008 5060 3103 5116 sed
3150 5058 3313 5113 liceat
3348 5053 3398 5111 ei
3430 5057 3482 5107 et
3511 5029 3808 5137 successor???

2256 5214 2259 5219 _
2346 5120 2465 5228 ejus
2493 5120 2681 5228 quieto
2707 5154 2898 5211 ordine
2928 5159 3285 5209 memoratam
3315 5145 3488 5201 villam
3507 5150 3611 5195 cum

2347 5204 2464 5228 *δ”*
2495 5204 2676 5228 Ὶ“’⁷’⁷
2712 5204 2897 5211 ”””“““⁷
2928 5204 3211 5209 """"_""
3236 5204 3245 5205 ί
3669 5222 3679 5233 0

2344 5250 2483 5307 locis
2508 5257 2563 5305 et
2589 5232 2887 5304 territoriis'
2907 5246 3024 5302 sive
3049 5242 3330 5314 mancipiis
3355 5250 3410 5293 et
3428 5246 3539 5292 cum
3563 5204 3807 5311 omni!)thd

2349 5360 2411 5403 se
2435 5324 2834 5417 pertinentibus
2872 5341 2996 5413 jure
3042 5334 3412 5396 ecclesiastico
3442 5336 3601 5386 tenere
3629 5322 3672 5373 ει

2351 5396 2892 5503 ξίξξιῖεῑέῖάιιίάξιυίάσ
2911 5444 3013 5499 pro
3041 5425 3437 5500 opportunitate
3463 5396 3808 5503 et

2346 5522 2585 5596 praefata:
2625 5487 2782 5578 Isedis
2829 5487 3093 5577 ecclesiae.
3112 5518 3305 5574 exinde
3345 5515 3512 5570 facere
3548 5487 3807 5599 de“???

2345 5586 2575 5673 liberam
2619 5616 2673 5671 in
2705 5616 2959 5672 omnibus
2988 5614 3223 5670 habeant
3247 5608 3439 5664 futuris
3466 5586 3807 5690 tetulit-itm???

2352 5716 2601 5769 testatem
2637 5706 2887 5763 faciendi.
2919 5706 2988 5763 Et
3027 5716 3088 5764 ut
3113 5705 3226 5760 haec
3267 5707 3460 5758 nostra
3483 5675 3735 5749 redditionis
3751 5675 3794 5718 ³η
