4050 6340
251 390 387 452 I297

1419 362 1816 423 DIPLOMATA
1853 309 2407 422 ECCLESIASTICA.

3377 308 3515 413 £295

249 511 475 571 ctoritas
503 511 817 578 perpetuam
844 501 1086 558 obtineat
1137 495 1474 560 ﬁrmitatem,
1518 509 1681 548 manu
1702 507 1828 563 pro-
1854 495 1907 552 A
1931 493 2168 550 dientem
2216 492 2462 549 invenire
2499 491 2722 546 minime
2755 499 2960 560 posset,
2996 497 3058 543 ut
3101 489 3331 544 haberet
3359 484 3526 539 licen-

251 606 367 678 pria
393 601 581 658 subter
607 612 728 653 eam
774 592 1128 655 ﬁrmavimus,
1160 597 1215 645 et
1241 588 1306 644 de
1336 586 1536 643 annulo
1561 595 1748 641 nostro
1767 584 1836 638 si-

251 695 429 770 gillari
450 691 730 762 jussimus.

324 788 552 859 Signum
588 778 848 838 Ludovici
874 771 1208 830 serenissimi
1234 769 1596 842 imperatoris.

323 856 654 948 Maginarius
680 870 924 927 notarius
951 867 1020 922 ad
1041 865 1216 921 vicem
1262 862 1506 933 llugonis
1550 856 1838 930 recognovi

253 978 308 1027 et
342 963 660 1035 subscripsi.

323 1061 457 1117 Data
471 1075 560 1113 xvi
574 1055 692 1111 Kal.
719 1051 1052 1128 Decembris,
1070 1064 1212 1105 anno
1225 1047 1466 1112 Christo,
1490 1045 1746 1116 propitio,
1767 1043 1839 1097 26

254 1152 468 1224 imperii
497 1148 680 1205 domni
709 1144 966 1202 Ludovici
993 1141 1223 1214 piissimi
1259 1137 1510 1210 Augusti,
1544 1135 1840 1192 indictione

255 1243 512 1303 secunda.

325 1337 522 1394 Actum
578 1331 814 1388 Pictavis
857 1327 1079 1386 civitate
1121 1323 1335 1396 publice
1389 1322 1447 1378 in
1489 1321 1587 1380 Dei
1623 1320 1843 1378 nomine

255 1429 508 1488 feliciter.
531 1426 726 1483 Amen.

899 1511 1197 1572 CCXXVII.

706 1623 807 1666 PRO
843 1619 1072 1662 ALDBICO
1109 1615 1378 1658 EPISCOPO.

873 1696 1046 1769 (Anno
1069 1692 1221 1762 8'58.)

576 1789 755 1866 [Apud
782 1787 992 1853 Baluz.,
1032 1785 1188 1850 ibid.,
1225 1799 1349 1854 pag.
1380 1778 1529 1853 Il9.]

331 1858 624 1948 lnnomine
648 1858 888 1940 'Domini
941 1879 1037 1937 Dei
1078 1885 1134 1934 et
1185 1874 1482 1930 Salvatoris
1519 1870 1691 1928 nostri
1721 1868 1851 1926 Jesu
1878 1858 1927 1920 B

262 1982 486 2046 Christi,
533 1975 860 2040 Ludovicus,
889 1971 1071 2028 divina
1119 1967 1507 2037 repropitiante
1537 1961 1848 2028 clementia,

265 2078 559 2148 imperator
592 2070 889 2143 Augustus.

339 2170 398 2224 Si
431 2167 776 2223 sacerdotum
805 2158 1083 2232 Deijustis
1118 2164 1172 2214 et
1201 2152 1616 2211 rationabilibus
1634 2149 1854 2221 petitio-

264 2258 424 2315 nibus
478 2268 664 2310 aurem
707 2251 939 2306 libenter
981 2245 1487 2308 accommodamus,
1536 2254 1738 2310 easque
1785 2238 1856 2293 ad

265 2357 508 2419 optatum
534 2344 789 2402 efl‘ectum
818 2339 1185 2412 perducimus,
1217 2351 1322 2405 non
1354 2334 1528 2390 solum
1560 2331 1766 2403 regiam
1802 2339 1858 2387 et

267 2435 675 2510 imperatoriam
699 2445 1019 2488 exercemus
1066 2425 1531 2490 consuetudinem,
1560 2424 1656 2479 sed
1691 2423 1858 2478 etiam

267 2531 488 2588 eosdem
532 2539 632 2599 pro
678 2522 882 2580 nostris
930 2519 1244 2576 excessibus
1283 2515 1498 2571 Domini
1550 2514 1860 2570 misericor—

269 2622 417 2680 diam
439 2616 747 2676 exorandos
772 2612 1084 2669 devotiores
1109 2609 1583 2682 promptioresque
1607 2605 1855 2669 facimus,

269 2725 435 2787 atque
471 2727 570 2785 per
602 2711 706 2766 hoc
755 2709 1079 2764 immensam
1119 2706 1215 2760 Dei
1255 2702 1683 2760 misericordiam
1731 2701 1864 2757 faci-

270 2810 376 2866 lius
425 2806 583 2862 nobis
635 2800 1028 2860 conciliandam
1065 2813 1186 2854 esse
1253 2796 1596 2854 conﬁdimus.
1655 2795 1865 2850 Idcirco

271 2907 460 2958 notum
493 2910 614 2953 esse
654 2895 904 2951 volumus
946 2891 1199 2947 omnibus
1240 2888 1489 2945 ﬁdelibus
1522 2895 1728 2943 sanctae
1768 2886 1863 2943 Dei

273 2990 528 3048 Ecclesia:
567 2995 626 3043 et
653 2981 1258 3055 nostris,pr:esentibus
1289 2979 1499 3036 scilicet
1529 2985 1694 3050 atque
1720 2976 1867 3032 futu-

274 3084 376 3150 ris,
413 3081 541 3152 quia
585 3079 836 3135 Aldricus
903 3073 1231 3132 venerabilis
1286 3071 1664 3128 Cenomanica:
1714 3069 1868 3125 urbis

275 3179 561 3250 episcopus
590 3173 829 3230 innotuit
853 3168 1160 3226 celsitudini
1205 3173 1406 3223 nostra:
1428 3164 1572 3236 quod
1605 3163 1773 3218 multa
1800 3177 1866 3217 ex

276 3270 364 3326 his
395 3283 516 3339 quae
551 3267 606 3321 in
635 3281 731 3320 sua
773 3261 1033 3334 parochia
1056 3273 1219 3329 agere
1245 3257 1498 3322 debebat,
1530 3264 1586 3312 et
1610 3255 1679 3310 ad
1709 3269 1866 3309 suum

278 3358 639 3417 ministerium
668 3354 993 3426 pertinebat,
1023 3359 1312 3421 propterea
1337 3347 1480 3418 quod
1501 3346 1615 3416 jam
1653 3345 1868 3401 assidue

278 3458 336 3514 in
366 3463 553 3510 nostro
579 3450 802 3506 servitio
845 3447 930 3503 vel
959 3448 1126 3502 etiam
1165 3445 1450 3501 nobiscum
1479 3444 1730 3499 detentus
1755 3450 1868 3496 tan-

278 3549 370 3605 diu
405 3542 868 3606 commorabatur,
915 3540 1159 3612 neglecta
1187 3547 1346 3594 erant
1371 3545 1483 3593 tam
1512 3538 1568 3592 in
1607 3537 1872 3608 praedica-

281 3639 432 3694 tione
458 3650 550 3691 seu
584 3633 999 3690 conﬁrmatione
1045 3640 1206 3701 atque
1244 3631 1493 3686 doctrina
1539 3645 1702 3699 quam
1726 3637 1781 3685 et
1814 3629 1868 3684 in

282 3726 678 3784 restaurationc
712 3723 1089 3787 ecclesiarum,
1132 3721 1215 3776 vel
1259 3737 1553 3792 pravorum
1590 3721 1869 3776 hominum

283 3821 644 3884 correctione,
683 3818 798 3872 sive
829 3819 884 3872 in
907 3817 1030 3871 aliis
1065 3824 1226 3885 atque
1252 3817 1307 3870 in
1350 3816 1470 3870 aliis
1502 3815 1746 3870 ecclesia:
1769 3815 1870 3870 sibi

284 3918 589 3978 commissa:
615 3913 962 3977 utilitatibus,
992 3920 1047 3966 et
1087 3911 1220 3966 cleri
1247 3910 1330 3965 vel
1355 3909 1548 3980 populi
1579 3908 1874 3964 necessita-

288 4011 449 4065 tibus.
479 4005 718 4062 Innotuit
742 4004 908 4058 etiam
939 4002 1081 4071 quod
1109 4010 1282 4056 mater
1307 3999 1536 4054 ecclesia
1567 3998 1708 4053 infra
1728 4013 1870 4068 prte-

288 4101 490 4158 dictam
532 4099 809 4155 civitatem
852 4112 881 4150 a
934 4095 1120 4149 multis
1172 4092 1508 4164 temporibus
1561 4099 1872 4147 constructa

287 4201 509 4266 propter
541 4188 901 4244 maceriarum
930 4184 1355 4240 imbecillitatem
1398 4183 1641 4256 quotidie
1677 4183 1746 4238 ad
1782 4198 1874 4238 ca-

291 4302 410 4342 sum
436 4299 493 4340 se
523 4280 885 4354 prmparabat,
917 4293 1078 4349 quam
1105 4277 1227 4332 ideo
1257 4291 1287 4330 a
1311 4290 1454 4331 novo
1481 4275 1710 4330 fundare
1737 4282 1794 4328 et
1820 4274 1876 4328 in

291 4378 572 4435 meliorem
603 4382 805 4430 statum
833 4379 888 4427 et
936 4371 1115 4426 locum
1143 4369 1414 4425 :ediﬁcare
1462 4385 1521 4424 se
1550 4367 1687 4422 velle
1729 4368 1878 4422 dice-

289 4472 403 4528 bat.
434 4465 798 4544 Laerymabili
821 4479 1038 4534 quoque
1067 4463 1218 4517 vultu
1248 4477 1432 4518 coram
1468 4459 1623 4515 nobis
1656 4467 1712 4514 et
1757 4459 1881 4514 ﬁde-

293 4562 441 4617 libus
468 4559 672 4615 nostris
713 4556 991 4611 asserebat
1025 4554 1168 4623 quod
1210 4553 1257 4607 si
1292 4551 1450 4606 aliter
1476 4551 1544 4606 ad
1571 4565 1726 4605 suum
1758 4565 1880 4620 per-

296 4651 564 4720 agendum
595 4647 956 4704 ministerium
983 4646 1154 4699 otium
1185 4659 1216 4699 a
1260 4643 1417 4698 nobis
1451 4644 1742 4712 impetrare
1771 4658 1880 4698 non

293 4751 498 4815 posset,
531 4742 704 4813 magis
742 4738 905 4794 vellet
936 4739 1173 4793 honores
1208 4737 1310 4791 sibi
1356 4735 1582 4791 collatos
1609 4736 1884 4791 dimittere

295 4849 460 4904 quam
482 4832 689 4887 clerum
709 4838 765 4884 et
783 4828 1039 4901 populum
1068 4827 1171 4882 sibi
1207 4827 1559 4882 commissum
1587 4825 1880 4896 negligere,

295 4934 351 4982 et
391 4933 673 4997 propterea
721 4922 775 4976 in
811 4920 1193 4991 perditionem,
1235 4919 1378 4988 quod
1417 4917 1581 4981 absit,
1617 4917 1880 4971 incidere.

297 5016 638 5086 Quapropter
680 5013 958 5069 humiliter
1000 5012 1324 5081 deprecatus
1369 5017 1454 5066 est
1497 5017 1739 5066 nostram
1778 5009 1884 5065 cle-

297 5109 558 5165 mentiam
583 5116 644 5162 ut
667 5107 859 5162 liceret
886 5107 935 5160 ei
961 5104 1116 5173 juxta
1149 5104 1471 5159 canonicam
1500 5103 1880 5158 auctoritatem

297 5203 501 5257 habere
527 5214 869 5254 ueconomum
903 5199 997 5267 qui
1021 5213 1123 5268 pro
1156 5197 1246 5251 illo
1273 5197 1574 5252 exteriores
1601 5211 1764 5251 curas
1792 5211 1884 5266 ge-

298 5302 465 5359 reret,
496 5301 551 5348 et
578 5299 764 5347 nostra
804 5289 1025 5344 servitia
1056 5297 1216 5358 atque
1248 5289 1466 5352 itinera,
1501 5294 1663 5358 prout
1687 5288 1882 5344 melius

299 5395 502 5456 posset,
537 5401 634 5441 sua
657 5384 774 5439 vice
817 5382 1046 5449 faceret,
1080 5391 1134 5438 et
1168 5381 1461 5452 praedictus
1486 5384 1774 5453 episcopus
1819 5383 1888 5438 ad

302 5493 364 5533 ea
392 5494 513 5549 quae
537 5477 632 5532 Dei
675 5483 801 5532 sunt
827 5475 1134 5530 intenderet
1163 5481 1216 5529 et
1237 5473 1305 5529 ad
1337 5488 1493 5528 suum
1523 5473 1886 5530 ministerium

302 5571 692 5641 perﬁciendum
723 5577 975 5626 certaret.
1019 5569 1350 5640 Deprecatus
1380 5577 1464 5624 est
1489 5569 1651 5625 etiam
1673 5578 1733 5624 ut
1755 5570 1799 5625 si
1832 5570 1887 5626 in

303 5664 525 5733 proprio
557 5662 702 5718 clero
741 5671 797 5718 et
839 5663 894 5718 in
924 5678 1021 5718 sua
1068 5661 1328 5732 parochia
1359 5660 1517 5717 talem
1543 5676 1887 5718 oeconomum

307 5756 520 5831 qualem
576 5755 810 5822 volebat,
850 5765 945 5811 aut
993 5754 1208 5827 qualem
1257 5747 1481 5812 necesse
1504 5762 1641 5823 erat,
1678 5755 1888 5828 sibique

307 5847 602 5905 secundum
649 5863 917 5906 canonum
953 5848 1351 5906 institutionem
1392 5837 1488 5920 per
1539 5848 1722 5906 omnia
1765 5849 1888 5908 obe-

1941 589 2072 644 tiam
2104 587 2462 656 undecunque
2486 593 2543 640 et
2561 597 2938 654 quemcunque
2958 585 3022 638 de
3050 582 3252 637 nostris
3275 579 3527 635 ﬁdelibus

1940 681 2104 736 vellet
2131 689 2243 735 tam
2272 679 2414 734 infra
2442 677 2703 748 palatium
2743 689 2907 746 quam
2944 683 3096 728 extra
3125 673 3385 743 palatium
3423 669 3529 727 sibi

1942 772 2295 841 ecclesiaeque
2327 773 2434 828 sibi
2465 759 2769 826 commissm
2791 768 2992 838 eligere
3021 766 3321 835 adjutorem
3352 773 3408 820 et
3436 764 3529 819 de-

1942 865 2236 929 fensorem,
2261 872 2318 919 et
2354 864 2790 934 quotiescunque
2825 874 3048 916 necesse
3089 858 3256 914 fuerit
3290 865 3530 925 mutare,

1944 965 2002 1014 et
2040 957 2324 1013 meliorem
2369 956 2453 1011 vel
2483 955 2754 1010 utiliorem
2803 961 3061 1008 statuere.
3091 949 3256 1019 Cujus
3279 949 3534 1021 precibus

1945 1063 2133 1104 aurem
2156 1047 2360 1103 favoris
2378 1047 2738 1103 libentissime
2765 1043 3259 1106 accommodantes,
3275 1040 3532 1112 praescri-

1943 1142 2054 1213 ptis
2086 1140 2199 1196 suis
2245 1139 2600 1211 petitionibus
2650 1151 2936 1192 assensum
2972 1134 3322 1206 praebuimus,
3351 1140 3408 1187 et
3443 1147 3538 1202 po-

1945 1235 2265 1291 stulationes
2287 1231 2403 1300 ejus
2428 1231 2498 1286 ad
2521 1228 2774 1286 effectum
2805 1242 2976 1297 usque
2997 1225 3369 1298 perduximus.
3399 1220 3540 1276 Con-

1947 1327 2192 1384 cedimus
2219 1325 2418 1396 quippe
2457 1328 2759 1377 memorato
2784 1317 3029 1390 pontiﬁci
3061 1332 3159 1388 per
3180 1315 3278 1370 has
3308 1311 3542 1368 auctori-

1946 1419 2078 1473 tatis
2104 1423 2302 1472 nostrze
2330 1414 2562 1478 litteras,
2600 1427 2737 1482 quas
2776 1412 2826 1464 ei
2855 1409 2972 1464 ﬁeri
2995 1407 3280 1479 jussimus,
3316 1417 3541 1460 conces-

1946 1521 2176 1576 sumque
2192 1507 2245 1561 in
2263 1504 2445 1558 futuro
2465 1518 2587 1558 esse
2606 1501 2857 1556 volumus
2882 1508 2943 1554 ut
2966 1496 3227 1568 praefatus
3247 1495 3538 1564 episcopus

1948 1600 2156 1671 quiete,
2189 1595 2614 1663 dumgvoluerit,
2644 1595 2699 1649 in
2749 1609 2845 1648 sua
2893 1591 3132 1648 resideat
3164 1587 3448 1667 parochia,
3489 1594 3546 1640 et

1949 1665 2050 1761 pro
2075 1688 2232 1745 nobis
2260 1697 2318 1742 et
2353 1702 2452 1759 pro
2483 1686 2775 1742 commisso
2816 1682 2974 1738 nobis
3000 1697 3031 1736 a
3076 1680 3188 1754 Deo
3213 1665 3410 1753 populo
3438 1677 3545 1733 Do-

1951 1781 2160 1837 minum
2213 1789 2423 1844 exoret,
2466 1793 2592 1834 suos
2635 1789 2765 1830 vero
2815 1773 3064 1830 homines
3091 1785 3216 1826 cum
3257 1783 3358 1825 suo
3399 1782 3547 1823 meo-

1955 1891 2118 1932 nomo
2145 1874 2230 1930 vel
2268 1885 2667 1943 quemcunque,
2715 1877 2769 1924 et
2804 1877 2864 1923 ut
2911 1867 3116 1922 dictum
3162 1870 3266 1928 est,
3293 1860 3545 1932 elegerit,

1957 1969 2267 2038 ubicunque
2295 1974 2482 2021 nostra
2513 1963 2676 2019 fuerit
2693 1961 2870 2032 jussio
2893 1960 2980 2016 vel
3006 1957 3308 2013 necessitas
3329 1955 3548 2025 ingrue-

1955 2061 2030 2116 rit
2053 2060 2268 2130 dirigat.
2321 2057 2709 2126 Przecipientes
2747 2068 2878 2124 ergo
2928 2066 3026 2122 per
3064 2049 3168 2103 hoc
3203 2055 3405 2102 nostra:
3446 2060 3547 2098 au-

1957 2152 2231 2208 ctoritatis
2277 2155 2610 2220 praeceptum
2641 2146 2891 2200 volumus
2938 2150 3100 2211 atque
3121 2139 3373 2210 jubemus
3405 2136 3548 2206 quod

1959 2245 2004 2301 si
2027 2243 2142 2314 jam
2167 2243 2346 2298 dictus
2366 2241 2653 2311 cpiscopus
2676 2237 2833 2292 nobis
2859 2241 3137 2306 superstes
3151 2231 3332 2296 fuerit,
3355 2237 3418 2284 ut
3435 2227 3554 2282 nul-

1959 2340 2046 2394 lus
2075 2337 2310 2391 ﬁliorum
2338 2342 2427 2389 aut
2459 2346 2839 2389 successorum
2859 2327 2944 2382 vel
2970 2326 3208 2382 ﬁdelium
3235 2331 3551 2378 nostrorum

1959 2428 2281 2501 praescripto
2310 2424 2558 2497 pontiﬁci
2599 2421 2953 2490 ecelesimque
2989 2418 3094 2473 sibi
3136 2415 3439 2472 commissae
3472 2411 3557 2468 ul-

1939 2526 2072 2598 ‘lam
2121 2520 2590 2594 perturbationem
2625 2523 2720 2570 aut
2770 2511 3098 2570 calumniam
3139 2511 3388 2580 ingerere
3416 2520 3555 2576 prte-

1964 2621 2162 2677 sumat,
2211 2619 2305 2665 aut
2351 2610 2536 2664 facere
2575 2604 2884 2661 volentibus
2914 2601 3237 2664 consentiat,
3268 2599 3364 2654 sed
3405 2610 3558 2652 mun-

1965 2705 2268 2762 deburdum
2323 2700 2409 2756 vel
2453 2697 2824 2754 defensionem
2853 2709 2956 2766 pro
2997 2693 3095 2748 Dei
3135 2705 3321 2747 amore
3361 2698 3418 2744 et
3457 2702 3558 2762 pro

1967 2806 2155 2855 nostra
2206 2793 2516 2851 reverentia
2568 2792 2618 2848 ei
2649 2790 2882 2863 pleniter
2925 2788 3150 2853 faciant,
3183 2794 3246 2840 ut
3283 2785 3464 2860 quiete
3503 2791 3559 2839 et

1944 2893 2212 2967 pacilice,
2253 2897 2314 2944 ut
2345 2887 2723 2960 praescriptum
2770 2890 2855 2938 est
2884 2889 2941 2937 et
2967 2882 3035 2957 ei
3068 2897 3100 2936 a
3147 2878 3304 2934 nobis
3331 2891 3562 2932 conces-

1969 2966 2110 3050 sum,
2162 2985 2220 3039 in
2253 2997 2351 3037 sua
2385 2978 2617 3036 ecclesia
2664 2976 2873 3047 absque
2895 2974 3060 3030 ullius
3096 2969 3484 3042 impedimento
3509 2966 3561 3025 ei

1969 3078 2210 3134 residere
2245 3083 2302 3130 et
2347 3088 2508 3129 suum
2546 3069 2912 3126 ministerium
2953 3080 3115 3137 agere
3145 3063 3304 3118 liceat
3331 3079 3347 3115 :
3375 3066 3565 3130 quate-

1971 3185 2076 3225 nus
2108 3173 2468 3222 memoratum
2510 3160 2824 3233 pontiﬁcem
2847 3173 2946 3230 pro
2973 3157 3131 3213 nobis
3156 3163 3211 3210 et
3233 3168 3331 3225 pro
3371 3151 3557 3208 liberis

1974 3259 2178 3316 nostris
2223 3257 2338 3313 sive
2365 3270 2465 3326 pro
2494 3252 2792 3308 stabilitate
2843 3256 2898 3304 et
2933 3262 3066 3320 pace
3098 3244 3312 3316 imperii
3349 3258 3381 3298 a
3404 3241 3563 3298 nobis

1971 3353 2084 3408 Deo
2112 3347 2392 3406 commissi
2422 3345 2683 3401 attentius
2713 3355 2944 3398 exorare
2965 3340 3217 3395 delectet.
3259 3336 3328 3390 Et
3352 3345 3414 3390 ut
3447 3335 3566 3390 haec

1971 3451 2158 3500 nostra
2203 3440 2499 3496 aucwritas
2541 3434 2913 3493 inviolabilem
2933 3442 2988 3488 et
3013 3430 3388 3486 inconvulsam
3428 3427 3567 3482 obti-

1973 3543 2100 3591 neat
2140 3533 2481 3596 ﬁrmitatem,
2514 3544 2678 3584 manu
2706 3525 2928 3596 propria
2957 3524 3148 3579 subter
3176 3537 3298 3590 eam
3328 3519 3568 3575 ﬁrmavi-

1973 3643 2114 3691 mus,
2169 3633 2226 3681 et
2276 3623 2464 3679 annuli
2518 3619 2695 3676 nostri
2745 3617 3104 3688 impressione
3149 3613 3412 3684 assignari
3456 3611 3568 3681 jus-

1949 3770 1952 3773 .
1972 3721 2164 3776 simus.

2049 3809 2276 3880 Signum
2307 3803 2565 3860 Ludovici
2592 3798 2825 3872 piissimi
2863 3795 3225 3867 imperatoris.

2050 3899 2383 3972 Maginarius
2415 3895 2662 3952 notarius
2687 3892 2755 3947 ad
2781 3892 2957 3946 vicem
2997 3889 3240 3961 llugonis
3275 3888 3566 3958 recognovi

1976 4002 2032 4050 et
2067 3990 2388 4061 subscripsi.

2050 4085 2186 4139 Data
2199 4097 2266 4135 xv
2284 4081 2403 4136 Kal.
2419 4079 2660 4143 Martias,
2677 4092 2840 4141 anno,
2857 4075 3074 4131 Christo
3091 4075 3344 4146 propitio,
3366 4075 3436 4129 Ἦ
3459 4075 3560 4130 im-

1977 4179 2115 4250 perii
2159 4175 2342 4232 domui
2390 4171 2647 4229 Ludovici
2693 4169 2926 4242 piissimi
2967 4169 3220 4240 Augusti,
3267 4169 3564 4225 indictione

1983 4270 2166 4326 tertia.

2050 4363 2249 4418 Actum
2283 4359 2523 4416 Pietavis
2557 4358 2777 4414 civitate
2811 4355 3025 4428 publica
3053 4356 3107 4412 in
3129 4355 3225 4412 Dei
3252 4355 3471 4412 nomine
3493 4353 3572 4412 fe-

1982 4458 2179 4516 liciter.
2213 4456 2407 4513 Amen.

2615 4545 2935 4609 CCXXVII].

2378 4658 2479 4698 P80
2516 4657 2766 4699 ECCLESIA
2818 4653 3176 4695 CENOMANICA.

2599 4735 2773 4805 (Anno
2823 4733 2974 4805 858.)

2485 4828 2661 4900 [Apud
2691 4827 2897 4893 Baluz.,
2916 4827 3071 4900 ibid.]

2055 4927 2114 4982 In
2161 4925 2382 4981 nomine
2420 4923 2630 4978 Domini
2678 4921 2770 4978 Dei
2810 4932 2866 4976 et
2896 4921 3193 4977 Salvatorts
3228 4921 3400 4976 nostri
3437 4919 3567 4979 Jesu

1984 5019 2210 5081 Christi,
2261 5016 2591 5080 Ludovicus,
2613 5015 2793 5070 divina
2826 5014 3220 5084 repropitiantc
3262 5013 3573 5082 clementia,

1985 5110 2283 5179 imperator
2303 5108 2599 5178 Augustus.

2059 5200 2118 5258 Si
2155 5198 2392 5256 ﬁdelium
2431 5208 2741 5254 nostrorum
2770 5198 2948 5269 justas
2977 5192 3034 5253 et
3065 5199 3416 5256 rationabiles
3438 5201 3579 5272 peti-

1985 5296 2164 5352 tiones
2187 5302 2242 5351 et
2265 5292 2681 5364 postulationes,
2720 5307 2856 5362 quas
2884 5307 2984 5363 pro
3021 5292 3251 5348 utilitate
3278 5302 3333 5348 et
3366 5294 3578 5349 exalta-

1962 5388 2136 5468 ttione
2179 5395 2384 5443 sanctae
2431 5380 2826 5442 Dei‘Ecclesize
2869 5397 3191 5456 exposcunt,
3218 5389 3286 5444 ad
3331 5399 3578 5460 optatum

1991 5481 2243 5537 effectum
2289 5478 2656 5550 perducimus,
2689 5493 2797 5533 non
2832 5478 3007 5534 solum
3047 5481 3250 5550 regiam
3288 5490 3449 5552 atque
3479 5481 3580 5535 im-

1993 5572 2252 5645 perialem
2307 5571 2754 5628 consuetudinem
2809 5571 2862 5625 in
2899 5571 3003 5628 hoc
3067 5588 3416 5639 exercemus,
3482 5574 3580 5630 sed

1966 5665 2158 5721 ‘etiam
2207 5680 2302 5720 eos
2344 5653 2504 5744 nobis
2535 5663 2914 5733 promptiores,
2958 5674 3019 5719 ut
3067 5666 3358 5730 credimus,
3415 5673 3580 5736 atque

1996 5760 2300 5815 devotiores
2325 5758 2574 5814 facimus.
2599 5758 2804 5815 Idcirco
2830 5760 3082 5816 omnibus
3104 5758 3352 5814 ﬁdelibus
3374 5768 3579 5816 sanctae

1997 5852 2092 5909 Dei
2132 5851 2386 5908 Ecclesia:
2415 5861 2470 5908 et
2495 5852 2717 5917 nostris,
2745 5851 3104 5923 praesentibus
3131 5851 3339 5910 scilicet
3356 5860 3410 5909 et
3431 5851 3575 5910 futu~
