4050 6340
211 5135 234 5172 1

204 5302 213 5316 ι

206 5317 214 5360 F

872 509 1144 572 CCXXIII.

553 642 655 686 PRO
686 640 1020 684 IONAS'I'ERIO
1053 631 1460 678 CAlPIDONENSI.
1499 628 1526 658 ⁸

660 739 835 811 (Anno
856 737 980 805 859,
1019 735 1046 790 1
1082 729 1369 805 Septemb.)

315 855 495 934 [Apud
515 839 774 925 Neugart,
801 850 978 907 Codex
1004 846 1394 910 Alamannicus,
1423 857 1547 914 pag.
1572 839 1726 912 239.]

298 971 361 1028 In
391 969 611 1026 nomine
637 963 852 1022 Domini
889 962 990 1019 Dei
1015 971 1072 1018 et
1118 955 1416 1015 Salvatoris
1459 952 1633 1009 nostri
1679 950 1810 1008 Iesu

229 1061 455 1128 Christi,
493 1057 818 1124 Ludovicus,
859 1054 1040 1111 divina
1059 1050 1345 1108 ordinante
1381 1043 1721 1118 providentia
1754 1043 1807 1110 ι’,

230 1156 532 1226 immrator
553 1149 849 1221 Augustus.

303 1244 362 1300 Si
397 1259 526 1314 erga
545 1241 666 1298 loca
691 1238 885 1296 divinis
913 1234 1148 1292 cultibus
1192 1231 1523 1303 mancipata,
1561 1236 1669 1284 etc.
1719 1226 1809 1283 ld-

231 1335 379 1390 circo
403 1340 591 1388 notum
618 1344 738 1386 esse
767 1328 1016 1400 volumus
1052 1324 1264 1381 cunctis
1289 1321 1537 1377 fidelibus
1582 1317 1811 1384 nostris,

231 1423 591 1499 praesentibus
621 1414 846 1476 scilicet
898 1425 955 1474 et
995 1415 1212 1480 futuris,
1265 1412 1393 1485 quia
1442 1408 1814 1467 concessimus

232 1512 585 1578 monasterio,
614 1511 760 1582 quod
786 1509 986 1564 dicitur
1008 1504 1356 1576 Campidona,
1390 1501 1651 1573 quod.est
1683 1512 1814 1553 cono

229 1611 500 1662 structum
519 1603 575 1657 in
601 1601 808 1656 honore
835 1606 1037 1654 sancta:
1083 1595 1268 1651 Mariae
1298 1606 1515 1663 semper
1542 1587 1770 1661 virginis
1794 1625 1812 1653 ,

232 1702 291 1752 et
327 1699 640 1750 sanctorum
680 1689 960 1755 Gordiani,
995 1695 1050 1743 et
1100 1683 1380 1758 Epimaehi
1409 1690 1708 1753 martyrum
1749 1689 1774 1718 ο
1795 1714 1814 1744 ,

232 1803 374 1860 quos
390 1788 546 1843 bonae
575 1785 848 1850 memoriae
875 1778 1202 1852 Hildegarda
1226 1784 1404 1832 mater
1457 1780 1647 1829 nostra
1693 1769 1722 1810 ά
1747 1768 1816 1824 ad

234 1880 486 1937 eumdem
525 1878 725 1943 locum,
753 1890 852 1948 pro
896 1873 1093 1930 divinis
1136 1872 1216 1928 eis
1261 1867 1454 1925 ciliciis
1499 1862 1817 1920 adhibendis

233 1972 543 2038 collocavit,
581 1970 672 2026 ubi
700 1977 755 2025 et
779 1983 923 2024 nunc
949 1963 1276 2023 venerabilis
1299 1961 1468 2017 abbas
1493 1958 1653 2014 Tatto
1680 1971 1820 2027 prae-

234 2076 364 2133 est,
402 2075 464 2123 ut
509 2065 949 2138 quandocunque,
989 2060 1171 2117 divina
1216 2056 1499 2114 vocatione
1529 2051 1821 2126 praedictus

234 2159 404 2216 abbas
426 2157 510 2215 vel
536 2171 879 2214 successores
906 2153 1026 2224 ejus
1050 2151 1118 2207 de
1141 2151 1244 2206 hac.
1265 2149 1385 2205 luce
1417 2141 1778 2219 migraverint
1803 2182 1819 2209 ,

236 2266 337 2324 pro
387 2250 581 2306 divina:
643 2245 986 2302 auctoritatis
1027 2242 1204 2312 gratia
1251 2247 1308 2296 et
1354 2250 1540 2293 amore
1581 2233 1822 2306 praefata:

238 2341 580 2413 Hildegardac
625 2339 816 2394 matris
841 2345 1059 2402 nostrae,
1077 2331 1327 2389 monachi
1350 2329 1552 2386 ibidem
1578 2328 1689 2383 Deo
1716 2325 1821 2381 mi-

238 2435 459 2491 litantes
487 2433 759 2489 licentiam
790 2431 1050 2495 habeant,
1098 2425 1339 2498 quandiu
1387 2423 1527 2478 inter
1573 2435 1633 2476 se
1683 2417 1823 2475 tales

240 2525 483 2583 invenire
514 2522 822 2596 potuerint,
865 2521 976 2592 qui,
1005 2520 1176 2592 ipsam
1222 2513 1693 2587 congregationem
1733 2524 1822 2566 se-

241 2619 476 2676 cundum
528 2616 768 2690 regulam
815 2614 990 2671 sancti
1019 2611 1298 2668 Benedicti
1328 2620 1520 2680 regere
1563 2605 1822 2670 valeant,

241 2728 342 2786 per
381 2713 521 2769 hanc
569 2721 815 2768 nostram
858 2708 1236 2765 auctoritatem
1263 2713 1320 2760 et
1373 2716 1706 2760 consensum
1729 2700 1824 2757 eli-

244 2805 403 2877 gendi
442 2803 684 2868 abbates,
719 2810 825 2858 etc.

317 2893 542 2967 Signum
576 2893 834 2951 Ludovici
863 2889 1196 2948 serenissimi
1222 2886 1588 2960 imperatoris.

316 2985 698 3042 Hirminmaris
742 2985 989 3042 notarius
1035 2983 1105 3039 ad
1146 2982 1322 3038 vicem
1379 2977 1622 3050 llugonis
1672 2989 1826 3034 reco-

249 3081 407 3152 gnovi
436 3087 493 3136 et
514 3079 829 3151 subscripsi.

320 3171 454 3226 Data
485 3169 710 3226 Kalend.
741 3167 1097 3241 Septembris,
1129 3181 1288 3230 anno,
1323 3164 1540 3221 Christo
1565 3161 1821 3235 propitio,

248 3261 320 3318 26
343 3262 554 3333 imperii
595 3248 774 3318 domui
817 3260 1076 3316 Ludovici
1118 3256 1350 3330 piissimi
1393 3253 1644 3326 Augusti,
1691 3251 1829 3308 iudi-

251 3356 434 3412 ctione
467 3356 505 3411 2
537 3368 581 3410 ο.
607 3355 799 3412 Actum
813 3354 1125 3411 Cabalauno
1151 3352 1170 3392 ῐ
1207 3351 1427 3408 civitate
1460 3347 1659 3421 palatio
1680 3346 1830 3418 regio

251 3446 312 3504 in
333 3447 431 3503 Dei
456 3447 673 3505 nomine
700 3446 951 3504 feliciter.
975 3445 1168 3500 Amen.

871 3576 1196 3636 CCXXXIV.

666 3686 762 3729 uno
799 3683 1136 3727 IONAS'I‘ERIO
1174 3679 1357 3722 neeusr
1388 3666 1415 3705 ⁸

832 3832 843 3842 ⁹
870 3759 1043 3833 (Anno
1077 3758 1228 3830 859.)

255 3877 436 3957 [Apud
448 3874 773 3957 Chiflletium
793 3874 849 3957 in
870 3873 1086 3957 probat1
1101 3871 1179 3957 ad
1193 3866 1473 3957 ‘Histtt‘xbb.
1486 3865 1834 3957 Ξνεηοηεὶίη-

325 3933 418 4032 iis,
464 3933 595 4020 pag.
629 3945 753 4005 194,
803 3951 858 3999 et
871 3933 1022 4014 'apud
1046 3943 1110 3996 D.
1140 3941 1426 4012 Bouquet.,
1476 3934 1693 3990 Recueil
1740 3933 1832 3990 des

329 4020 499 4086 Hist,
525 4027 658 4074 tom.
688 4014 775 4081 Vl,
804 4030 927 4086 pag.
955 4010 1107 4084 628.]

325 4131 386 4187 In
424 4128 642 4186 nomine
679 4124 893 4182 Domini
917 4124 1014 4180 Dei
1046 4130 1103 4180 et
1145 4121 1442 4178 Salvatoris
1483 4117 1658 4176 nostri
1706 4117 1835 4175 Jesu

259 4222 487 4288 Christi,
530 4219 854 4284 Ludovicus,
896 4215 1079 4273 divina
1108 4213 1494 4287 repropitiante
1523 4209 1833 4277 clementia,

261 4317 555 4389 imperator
579 4311 874 4385 Augustus.

340 4551 368 4580 ι
402 4537 596 4594 Exstat
614 4535 754 4607 apud
776 4529 1226 4607 Mabillon.,_Vet.
1258 4525 1526 4607 Analect.,
1555 4537 1698 4607 Anov.
1748 4524 1835 4581 ed.

262 4609 358 4668 fol.
387 4581 1588 4678 415:2}i313giJE'sBiéiiég.é§gies.ﬂag.
1617 4610 1837 4678 m,cap.
1864 4581 1920 4643 D

264 4666 510 4806 ῗῶῃρεὲἧί
552 4666 1114 4806 ιὲἓ.6ξξαεωειίιυω
1137 4666 1376 4728 "exhibet
1421 4666 1484 4724 D.
1528 4666 1793 4738 Bouquet.
1820 4705 1837 4732 ,

386 4792 400 4806 .
503 4791 518 4806 .
541 4767 576 4806 ι)
649 4790 662 4802 .
796 4787 812 4803 .

267 4748 401 4808 tom:
429 4748 518 4816 VI,
541 4765 662 4822 pag.
685 4748 812 4822 626.

337 4805 598 4876 rblnsoli'ta
611 4805 830 4892 quidem
852 4817 1074 4892 es_t_haa_c
1095 4810 1474 4892 formulapost
1494 4805 1836 4892 annum

270 4892 447 4962 Supra
459 4892 603 4947 enim
621 4877 856 4962 vidimus
882 4888 1023 4942 aliud
1035 4877 1385 4962 Ludoviciljii
1407 4880 1659 4962 diploma,
1677 4877 1840 4962 abba:

270 4948 366 5020 tia:-
379 4960 791 5031 Campidonensi
812 4973 1147 5031 concessum,
1167 4971 1221 5010 n.
1236 4953 1378 5031 232,
1392 4948 1483 5006 ubi
1499 4958 1758 5031 consueta
1769 4948 1838 5031 ab

269 5049 336 5091 eo
361 5020 603 5102 tempore
631 5032 877 5097 habetur,
916 5025 1502 5102 ιζὶηἰηα-τερνορίιὶαηξε
1543 5020 1835 5102 clementia,

269 5093 488 5176 quaque
495 5103 748 5176 deinceps
759 5093 913 5176 usuin
927 5099 1092 5176 fuisse
1103 5093 1432 5176 Ludovicum
1446 5093 1840 5176 Pium_ipsemet

271 5159 502 5232 testatur
531 5159 886 5236 Mabil'lonius,
909 5170 975 5224 de
1005 5169 1082 5224 Re
1106 5168 1327 5238 diplom.
1347 5165 1381 5219 l.
1417 5181 1486 5238 ιιἱ
1506 5179 1552 5238 c.
1583 5159 1649 5229 5,
1668 5179 1744 5238 ηε,
1747 5159 1836 5214 15.

269 5230 481 5303 Ᾰὲεθινίι
499 5251 684 5298 tamen
710 5241 797 5295 vir
829 5230 1222 5296 eruditissimus
1265 5237 1318 5290 in
1346 5249 1444 5290 suo
1470 5235 1664 5288 Itinere
1705 5230 1842 5286 Ger-

273 5317 508 5380 manico,
535 5313 808 5368 Analeetis
837 5310 1134 5382 praemisso,
1162 5323 1221 5362 se
1239 5307 1496 5382 pleraque
1522 5303 1722 5358 vidisse
1742 5303 1841 5356 hu-

207 5382 210 5384 ’
268 5386 358 5457 jus
399 5375 630 5442 abbatiae
659 5375 976 5457 diplomata,
1029 5380 1194 5435 etiam
1230 5375 1559 5457 authentica,
1611 5387 1842 5457 quorum

209 5482 224 5509 ,ε
268 5443 475 5527 aliqua,
506 5460 627 5527 quae
655 5443 797 5527 inter
825 5443 1152 5527 etpraesens
1171 5456 1278 5527 est,
1305 5449 1376 5527 in_
1389 5443 1842 5527 consequentibus

223 5571 240 5606 ξ

213 5606 239 5710 Ξ

277 5514 558 5585 referenda
584 5525 712 5581 sint.
737 5514 1108 5594 Nequidquam
1140 5520 1305 5594 igitur
1345 5518 1412 5594 de
1440 5514 1847 5594 integra__huj_us

277 5597 586 5671 diplomatis
631 5585 1107 5671 fide__a_d'dubi'_tavit
1150 5585 1233 5646 vir
1262 5590 1316 5645 in
1363 5585 1730 5645 discernendis
1763 5585 1850 5640 in-

279 5663 596 5726 strumentis
621 5666 850 5738 publicis
872 5663 1250 5736 peritissimus.

351 5752 374 5780 ο
399 5727 640 5810 Corpora
665 5739 858 5810 horum
871 5727 1181 5810 sanctorum
1211 5729 1422 5810 ξιιμ-774
1452 5731 1620 5786 Roma
1641 5728 1697 5784 in
1726 5727 1848 5810 Ale-

279 5804 554 5868 manniafn
599 5826 663 5866 ac
719 5808 937 5880 quidem
984 5806 1040 5862 in
1089 5804 1518 5880 Campidonense
1571 5808 1847 5880 monaste-

281 5882 446 5951 rium,
475 5895 664 5940 recens
692 5875 886 5950 némpe
909 5875 1267 5946 exstructum,
1303 5875 1479 5933 delata
1503 5886 1644 5940 esse,
1673 5879 1845 5929 testa-

1360 386 1755 451 DIPLOMATA
1791 376 2338 446 ECCLESIASTICA.

1826 507 1882 568 Α
1975 498 2034 554 Si
2058 492 2401 552 liberalitatis
2419 499 2620 550 nostrae
2643 503 2870 549 munere
2904 490 2974 548 de
3000 480 3479 550 beneficiis‘abco

3333 371 3476 430 1506

1906 592 2064 650 nobis
2091 587 2320 649 collatis,
2353 585 2488 642 locis
2513 585 2625 642 Deo
2646 584 2840 642 dicatis
2879 583 3083 656 aliquid
3109 585 3436 641 conterimus
3459 622 3477 651 .

1905 685 1962 743 id
1986 683 2144 741 nobis
2177 688 2232 739 et
2272 681 2340 737 ad
2372 678 2654 736 mortalem
2697 678 2867 734 vitam
2903 676 3132 734 feliciter
3176 678 3482 749 transigen-

1906 777 2054 844 dam,
2080 785 2136 834 et
2168 776 2236 832 ad
2261 783 2520 831 aeternam
2560 769 2948 842 perpetualiter
2980 767 3326 825 obtinendam
3355 782 3482 840 pro-

1908 866 2152 924 futurum
2185 866 2388 938 liquido
2416 861 2707 920 credimus.
2738 860 2944 919 Idcirco
2968 866 3154 916 notum
3182 874 3302 916 esse
3321 858 3481 914 volu-

1909 976 2031 1016 mus
2068 960 2280 1017 eunctis
2308 956 2555 1014 fidelibus
2586 961 2788 1010 sanetze
2812 953 2908 1008 Dei
2934 951 3176 1008 ecclesiae
3198 959 3255 1007 et
3280 951 3487 1007 nostris

1912 1053 2047 1128 [tam
2075 1052 2433 1126 praesentibus
2455 1063 2618 1120 quam
2638 1056 2696 1104 et
2719 1045 2961 1118 futuris,]
2993 1045 3118 1117 quia
3143 1044 3326 1101 divino
3351 1042 3484 1100 tacti

1910 1161 2096 1204 amore
2142 1144 2467 1201 contulimus
2509 1141 2580 1198 ad
2623 1139 3013 1196 monasterium
3061 1138 3219 1204 Deas,
3271 1137 3330 1193 in
3376 1149 3488 1209 quo

1911 1247 2133 1296 sanctus
2175 1236 2503 1292 Philibertus
2555 1230 2835 1289 confessor
2872 1222 3076 1286 Christi
3132 1242 3358 1298 corpore
3400 1242 3489 1284 re-

1911 1329 2163 1402 quiescit,
2190 1334 2564 1384 constructum
2600 1324 2657 1379 in
2691 1326 2895 1380 honore
2924 1320 3363 1378 beatissimorum
3388 1318 3496 1376 Pe-

1911 1421 1983 1477 tri
2013 1429 2069 1477 et
2087 1419 2237 1476 Pauli
2259 1418 2646 1491 apostolorum,
2667 1416 2760 1472 ubi
2774 1407 3106 1472 venerabilis
3126 1413 3209 1470 vir
3232 1413 3498 1471 Hilbodus

1913 1512 2081 1570 abbas
2125 1526 2360 1584 praeesse
2397 1507 2752 1582 dignoscitur,
2804 1505 3094 1577 quamdam
3129 1503 3313 1560 villam
3351 1503 3494 1575 juris

1912 1606 2105 1674 nostri,
2137 1604 2355 1662 nomine
2381 1602 2622 1668 Scobrit,
2654 1615 2776 1671 quae
2809 1608 2896 1655 est
2922 1598 2978 1654 in
3005 1611 3144 1670 pago
3172 1596 3412 1663 Pictavo,
3435 1597 3496 1653 in

1913 1697 2121 1755 vicaria
2145 1695 2400 1762 Racinse,
2445 1709 2570 1749 cum
2609 1691 2861 1748 omnibus
2896 1689 2966 1744 ad
3009 1702 3069 1744 se
3100 1686 3502 1758 pertinentibus

1915 1789 2002 1844 vel
2030 1786 2438 1859 aspicientibus,
2461 1793 2518 1840 et
2543 1799 2662 1840 cum
2696 1779 2984 1852 mancipiis
3026 1780 3311 1850 utriusque
3335 1793 3501 1836 sexus

1843 1869 1894 1928 Β
1917 1881 2006 1939 vel
2035 1881 2232 1937 aetatis.
2277 1879 2630 1936 Memoratam
2657 1877 2841 1947 itaque
2860 1874 3066 1940 villam,
3097 1888 3221 1930 eum
3267 1873 3500 1930 ecclesia

1922 1973 2111 2031 Sancti
2149 1973 2358 2039 Vitalis,
2397 1971 2644 2028 domibus
2671 1967 2988 2038 exterisque
3027 1966 3292 2032 aedificiis,
3337 1965 3503 2022 terris

1921 2067 2081 2125 cultis
2108 2075 2165 2124 et
2201 2065 2438 2132 incultis,
2465 2065 2661 2130 vineis,
2685 2062 2878 2134 pratis,
2907 2059 3147 2132 pascuis,
3174 2058 3346 2124 silvis,
3371 2057 3501 2114 sali-

1921 2162 2029 2229 nis,
2065 2159 2412 2231 molendinis,
2456 2156 2690 2214 exitibus
2721 2161 2777 2208 et
2810 2151 3171 2224 regressibus,
3206 2157 3500 2220 quantum-

1922 2265 2135 2320 cunque
2159 2249 2228 2304 ad
2251 2246 2564 2320 praadictam
2593 2244 2778 2299 villam
2794 2241 3052 2313 pertinet,
3078 2248 3136 2295 et
3160 2238 3335 2294 nostri
3359 2236 3507 2307 juris

1923 2351 2086 2414 atque
2110 2339 2468 2413 possessionis
2486 2337 2610 2407 jure
2635 2333 2986 2406 proprietatis
3010 2338 3115 2396 est,
3145 2339 3320 2386 totum
3350 2337 3407 2386 et
3435 2330 3508 2386 ad

1923 2435 2194 2507 integrum
2221 2433 2308 2488 vel
2341 2429 2752 2500 inexquisitum,
2784 2427 2850 2482 de
2869 2431 3060 2482 nostro
3093 2421 3220 2494 jure
3243 2423 3302 2478 in
3325 2421 3416 2494 jus
3448 2428 3510 2477 et

1923 2525 2348 2583 dominationem
2378 2519 2621 2593 praedicti
2640 2516 2958 2574 monasterii
2979 2514 3356 2571 transierimus
3380 2530 3394 2566 :
3425 2513 3509 2569 ita

1923 2617 2178 2673 videlicet
2205 2623 2269 2671 ut
2312 2611 2577 2686 quidquid
2617 2609 2686 2666 ab
2714 2609 2980 2666 hodierno
3026 2608 3113 2664 die
3145 2614 3204 2662 et
3251 2605 3512 2683 deinceps

1924 2717 2170 2765 rectores
2192 2715 2356 2778 atque
2379 2703 2618 2762 ministri
2644 2699 2884 2773 ejusdem
2920 2697 3234 2755 monasterii
3265 2697 3332 2752 de
3371 2711 3513 2768 prat-

1925 2801 2074 2859 dicta
2097 2799 2246 2864 villa,
2276 2797 2362 2854 vel
2387 2795 2476 2870 [de
2525 2793 2616 2869 iis]
2645 2809 2768 2865 qua:
2813 2791 2883 2848 ad
2923 2804 3048 2846 eam
3083 2787 3381 2860 pertinent,
3429 2784 3512 2844 fa-

1923 2906 2077 2958 cere,
2102 2889 2358 2948 ordinare
2377 2895 2542 2958 atque
2561 2885 2631 2942 ad
2651 2883 2940 2940 utilitatem
2963 2879 3208 2950 ejusdem
3235 2885 3512 2935 monaste-

1925 2985 1996 3042 rii
2031 2985 2212 3040 facere
2255 2980 2538 3053 elegerint,
2569 2977 2799 3034 liberam
2851 2982 3016 3045 atque
3041 2970 3411 3026 firmissimam
3453 2969 3512 3027 in

1926 3078 2178 3136 omnibus
2199 3076 2436 3133 habeant
2470 3079 2794 3145 potestatem
2819 3064 3074 3124 faciendi.
3102 3063 3172 3118 Et
3193 3070 3255 3118 ut
3278 3063 3395 3118 haec
3416 3076 3517 3118 no-

1929 3181 2059 3228 stra:
2091 3167 2394 3239 largitionis
2428 3173 2592 3236 atque
2639 3159 3008 3219 concessionis
3039 3152 3384 3229 [auctoritas]
3416 3167 3517 3224 per

1933 3263 2189 3320 diuturna
2222 3268 2469 3335 tempora
2512 3251 2878 3310 inviolabilem
2931 3257 3094 3318 atque
3141 3243 3520 3302 inconvulsam

1930 3356 2171 3412 obtineat
2196 3352 2530 3415 firmitatem,
2554 3361 2718 3402 manu
2741 3342 2960 3417 propria
2980 3347 3166 3396 nostra
3186 3353 3308 3394 eam
3326 3337 3516 3392 subter

1932 3448 2290 3514 firmavimus,
2327 3454 2384 3500 et
2409 3440 2596 3498 annuli
2635 3437 2810 3495 nostri
2860 3431 3215 3506 impressione
3246 3426 3519 3499 assignari

1926 3541 2207 3613 jussimus.

2004 3655 2231 3727 Signum
2258 3649 2516 3708 Ludovici
2549 3642 2880 3704 serenissimi
2901 3636 3262 3710 imperatoris.

2005 3726 2118 3818 Ego
2140 3744 2465 3817 Meginarius
2488 3739 2733 3796 notarius
2759 3734 2828 3790 ad
2866 3732 3040 3788 vicem
3087 3726 3330 3800 Hugonis
3362 3739 3518 3784 reco-

1935 3836 2097 3910 gnovi
2124 3844 2181 3890 et
2207 3831 2524 3903 subscripsi.

2008 3948 2146 4004 Data
2158 3963 2193 4002 v
2206 3944 2476 4002 Kalendas
2486 3939 2823 4006 Decembris,
2839 3952 3002 4006 anno,
3021 3934 3241 3992 Christo
3258 3931 3516 4004 propitio,

1937 4038 2009 4095 26
2035 4037 2246 4109 imperii
2277 4034 2462 4093 domui
2488 4031 2747 4090 Ludovici
2773 4029 3108 4087 serenissimi
3133 4025 3478 4097 ituperatoris
3498 4064 3516 4092 ,

1939 4128 2236 4186 indictione
2256 4127 2440 4184 tertia.
2466 4126 2663 4183 Actum
2686 4119 2924 4182 Pictavis
2951 4121 3008 4178 in
3049 4118 3148 4177 Dei
3177 4115 3398 4176 nomine
3440 4115 3520 4172 fe-

1938 4218 2136 4277 liciter.
2165 4218 2358 4276 Amen.

1943 4532 2036 4582 tur
2077 4521 2422 4578 Hermannus
2457 4517 2617 4576 Cont.
2647 4515 2704 4571 in
2749 4513 2951 4571 Chron.
2985 4511 3052 4570 ad
3106 4513 3251 4573 hunc
3294 4531 3518 4573 annum.

2013 4594 2042 4636 ά
2070 4593 2189 4649 Non
2211 4591 2441 4647 obscure
2463 4588 2550 4645 vel
2578 4604 2642 4644 ex
2676 4589 2779 4642 hoc
2806 4584 3220 4658 locerolligitur
3243 4587 3520 4658 abbatiam

1946 4662 2431 4735 Campidonensem
2452 4657 2880 4735 abliildegarde,
2908 4654 3295 4735 Caroli'Magni
3326 4673 3524 4735 uxore,

1947 4727 2225 4792 fundatam
2248 4732 2434 4797 fuisse,
2468 4729 2680 4786 etiamsi
2703 4727 2715 4728 ί
2733 4742 2832 4799 pro
2861 4727 3095 4799 genuino
3122 4727 3229 4799 non
3255 4729 3524 4799 habeatur

1947 4807 2184 4879 diploma
2205 4795 2444 4879 ejusdem
2462 4795 3045 4879 imperatorisleyitum
3063 4797 3116 4879 in
3130 4795 3338 4879 Lunigii
3355 4799 3526 4879 Spici:

1946 4868 2053 4950 leg.
2069 4868 2321 4950 eec1._loe.
2346 4874 2464 4938 cit.,
2490 4868 2584 4927 ubi
2611 4884 2784 4925 annus
2801 4868 2903 4950 7.75
2934 4883 3057 4950 cum
3075 4868 3372 4950 indictiOne
3454 4871 3522 4950 aq
3548 4917 3551 4919 ,

1946 4938 2111 5005 fin'em
2123 4947 2340 5016 legitur,
2359 4951 2550 5016 contra
2573 4956 2779 4996 morem
2791 4939 2909 5010 ejus
2918 4938 3052 5016 aevi.
3075 4938 3338 5016 gatrqnos
3362 4941 3524 4996 simul

1947 5035 2012 5075 ac
2041 5008 2448 5088 impugnatoi'es
2460 5008 2890 5088 _il_lius_reeenset
2918 5008 3189 5088 Dan._l§b._
3214 5009 3500 5082 Baringius

1946 5053 3521 5156 Eia'éi'ﬁi‘in‘cl'rii";ssi;zhgﬁzaaajagﬁgigj-mnf“,

2011 5171 2046 5288 ξ
2073 5149 2300 5283 ιιιᾱιίὶιίο
2328 5149 2451 5212 cum
2475 5168 2618 5210 anno
2649 5151 2863 5224 imperii
2894 5149 3151 5206 Ludovici
3197 5151 3281 5207 Pii
3319 5152 3524 5223 optime

2049 5244 2154 5286 aere
2185 5268 2198 5281 .

1943 5237 2198 5290 cohaeret.

2023 5305 2044 5342 ῐ
2076 5302 2134 5357 Id
2161 5307 2247 5355 est
2289 5295 2567 5361 Cabilone,
2611 5289 3190 5349 Chdlons-sur—Saone.
3245 5293 3525 5350 Consentit

1947 5381 2137 5432 auctor
2158 5373 2281 5426 vita:
2303 5367 2557 5424 Ludovici
2586 5365 2687 5429 Pii,
2705 5380 2822 5434 cap.
2845 5363 2932 5417 6|.
2964 5361 3210 5434 Narratis
3233 5366 3376 5421 enim
3405 5380 3526 5434 qua:

1948 5448 2056 5504 hoc
2078 5457 2221 5526 anno
2248 5440 2593 5523 acciderant:
2629 5456 2649 5488 ι
2685 5433 2981 5505 Imperator
3012 5433 3216 5560 itaque,
3247 5451 3411 5507 porro
3424 5433 3526 5490 ad-

1949 5517 2142 5560 diruti
2191 5513 2527 5560 cmrdixerat.
2575 5515 2819 5560 tempore
2857 5506 3152 5560 autumnai
3205 5506 3525 5560 Cabilonen-

1949 5517 2047 5583 dit,
2064 5514 2145 5571 uti
2191 5511 2527 5583 condixerat,
2575 5506 3152 5583 tempore_autumnali
3205 5506 3525 5583 Gabiqugn.

1946 5575 2065 5645 sem
2085 5585 2274 5642 urbem
2301 5581 2478 5663 petiit,
2511 5588 2564 5635 et
2592 5575 2706 5663 tam
2733 5575 3100 5633 ecclesiastica
3126 5593 3288 5649 quam
3313 5576 3524 5647 publica

1947 5674 2048 5731 pro
2070 5672 2170 5713 suo
2195 5653 2348 5711 more
2372 5653 2655 5722 disposuit.
2692 5669 2711 5704 ι

2024 5731 2050 5770 ε
2076 5727 2252 5799 Vulgo
2271 5725 2376 5780 Dee
2421 5738 2517 5778 seu
2543 5719 2929 5799 ⁸(ἐναηιί-ιίειι,
2959 5733 3104 5777 nunc
3149 5717 3422 5791 prioratus
3467 5717 3524 5775 in

1950 5799 2172 5859 dimcesi
2185 5794 2578 5856 'Namnetensi.
