4050 6340
1240 452 1244 459 ο
1287 433 1595 509 ccxxxv.

1154 566 1257 607 PRO
1274 567 1393 607 ASIA
1414 565 1721 607 ABBATISSL.

1264 664 1438 741 (Anno
1458 663 1607 735 839.)

665 778 999 853 Prioilegium
1022 774 1707 853 'Lothgrjljmperaloris,
1751 788 1854 853 quo
1885 772 2027 853 Asiae
2072 773 2235 853 abba-

680 858 691 863 “
726 843 880 907 (issu?
896 850 1200 905 monasterii
1226 843 1512 901 Ticinensis
1547 843 1773 900 Sancta!
1797 843 2006 907 Marica,
2034 844 2120 897 cui
2144 860 2242 897 no-

720 939 840 980 men
874 920 1175 985 Theodotie,
1207 918 1441 973 concedit
1464 930 1661 987 terram
1707 915 1932 987 positam
1962 915 2101 970 inter
2123 931 2241 971 mu-

723 1010 840 1051 rum
865 1002 914 1051 et
940 989 1263 1061 antemurale
1312 988 1538 1045 civitatis
1571 985 1880 1065 Ticinensis.

756 1103 1068 1178 [Muratori,
1091 1100 1348 1173 Antiquit.
1376 1099 1603 1165 Italicae,
1628 1107 1739 1156 tom
1761 1098 1807 1164 Ι,
1829 1112 1954 1168 pag.
1981 1095 2132 1170 918.]

720 1220 781 1275 In
804 1220 1020 1275 nomine
1058 1217 1272 1273 Domini
1293 1216 1463 1272 nostri
1494 1214 1627 1271 Jesu
1657 1213 1859 1271 Christi
1887 1212 1983 1269 Dei
2020 1211 2238 1279 aeterni,

616 1368 619 1373 ,
649 1311 958 1377 Lotbarius,
992 1311 1170 1365 divina
1215 1308 1500 1365 ordinante
1548 1305 1909 1379 providentia,
1946 1305 2243 1375 imperator

650 1403 941 1477 Augustus,
972 1409 1080 1458 etc.

716 1496 885 1569 Igitur
916 1497 1158 1553 omnium
1184 1494 1422 1551 ﬁdelium
1449 1501 1651 1550 sanctae
1693 1492 1793 1548 Dei
1840 1490 2097 1548 Ecclesia:
2142 1504 2243 1547 no-

650 1597 996 1658 strorumque
1024 1586 1338 1659 'cognoscat
1384 1585 1625 1649 solertia,
1672 1583 1924 1656 qualiter.
1952 1622 1965 1636 .
1996 1622 2010 1636 .
2043 1621 2056 1635 .
2103 1620 2118 1635 .
2164 1575 2176 1635 ζ
2222 1619 2238 1633 .

646 1681 867 1736 nomine
886 1681 1013 1736 Asia
1033 1680 1170 1736 abba
1193 1679 1258 1735 de
1278 1678 1527 1733 coenobio
1547 1677 1691 1748 quod
1722 1676 1921 1732 dicitur
1939 1674 2238 1740 Theodote,

1790 315 2116 381 LUDOVlCl
2152 316 2176 377 ι
2213 286 2682 379 εοςΝοΜεκτο
2717 313 2805 373 pn
3691 325 3779 391 ,π

2266 440 2328 507 ,Α
2350 430 2551 487 nullam
2587 429 2790 486 inferre
2816 434 3108 513 praesumat
3134 426 3423 509 molestiam
3449 426 3545 489 aut
3580 447 3780 501 conum.
3886 424 3887 487 ἒ

3691 325 3779 391 1508

2339 530 2529 589 tatem,
2552 522 2646 577 sed
2672 523 2771 577 sub
2804 521 2949 576 omni
2979 502 3301 593 integritate,
3331 523 3457 579 sicut
3488 525 3648 583 ibidem
3672 547 3697 589 ι
3722 552 3781 592 no.

2338 613 2424 671 bis
2447 628 2720 669 concessa:
2748 619 2893 678 sunt,
2913 620 2967 667 et
2995 626 3027 666 a
3057 620 3240 668 nostra
3263 602 3549 671 auctoritate
3565 620 3780 683 condensa

2337 704 2648 774 perenniter
2675 704 2749 759 ibi
2780 704 2832 758 in
2858 701 3088 758 utilitate
3109 702 3341 772 ejusdem
3362 708 3625 764 munastcrii
3650 712 3781 785 ιδεμ

2339 794 2625 864 cujuslibet
2683 793 3073 865 refragatione,
3118 800 3214 849 aut
3255 792 3478 865 qualibet
3523 796 3781 868 inquietatos

2338 894 2710 959 permaneant.
2740 884 2799 941 Si
2830 884 2951 956 quis
2977 897 3107 939 vero
3126 892 3320 941 contra
3364 885 3509 959 hujus
3544 891 3677 967 nostri
3703 907 3783 962 pra-

2302 1008 2307 1014 ς
2339 977 2480 1046 cepti
2507 977 2856 1034 securitatem
2876 975 3183 1032 violentiam
3202 976 3427 1048 aliquam
3456 979 3528 1034 vel
3552 981 3785 1039 occasionem

2339 1066 2540 1123 inferre
2572 1066 2882 1131 tentaverit,
2918 1066 3057 1121 sciat
3082 1080 3139 1121 se
3172 1068 3563 1137 compositurum
3587 1071 3675 1126 auri
3702 1066 3785 1142 οριὶο

2340 1160 2415 1215 mi
2438 1158 2607 1215 libras
2628 1174 2716 1225 1.x,
2749 1158 3098 1214 medietatem
3117 1158 3316 1233 palatio
3340 1168 3530 1226 nostro,
3572 1170 3620 1215 et
3652 1163 3783 1218 medie-

2340 1259 2506 1308 tatem
2535 1251 2675 1324 parti
2704 1249 2943 1325 ejusdem
2981 1252 3314 1307 mouasterii.
3358 1252 3423 1307 Et
3458 1261 3513 1307 ut
3550 1253 3643 1309 lucc
3672 1263 3789 1310 nostra

2341 1345 2635 1400 auctoritas
2659 1343 2955 1416 pleniorem
2975 1343 3028 1398 in
3044 1344 3138 1398 Dei
3158 1342 3372 1398 nomine
3388 1344 3598 1400 obtineat
3615 1346 3788 1421 vigorem,

2299 1449 2303 1451 ‘
2341 1452 2505 1493 manu
2524 1436 2741 1517 propria
2780 1435 2969 1491 subter
3012 1435 3363 1500 ﬁrmavimus,
3408 1442 3464 1488 et
3502 1433 3651 1489 annuli
3683 1433 3791 1490 nostri

2341 1531 2696 1602 impressione
2731 1527 2995 1599 jussimus
3032 1527 3299 1599 insigniri.

2408 1622 2640 1696 Signum
2667 1620 2912 1679 Lotbarii
2937 1620 3271 1676 serenissimi
3300 1618 3525 1691 Augusti.

2414 1715 2790 1771 Dructemirus
2813 1712 3180 1770 subdiaconus
3202 1721 3359 1785 atque
3382 1710 3662 1787 notariusad
3687 1710 3799 1787 rictu

648 1775 789 1852 quod
815 1773 1121 1830 estfactum
1153 1774 1207 1829 in
1235 1773 1442 1828 honore
1470 1772 1565 1826 Dri
1596 1770 1876 1881 genitricis
1913 1782 2238 1872 ξςξιιιρθτίιξιε
2264 1799 2314 1863 Β
2341 1807 2604 1881 Διείωπί
2634 1806 2970 1878 recognovit,

646 1866 874 1938 virginis
921 1864 1103 1920 Mariae
1151 1867 1353 1937 degens
1396 1865 1497 1920 sub
1543 1862 1728 1936 regula
1778 1860 1962 1917 eximii
2009 1860 2239 1915 sanctis-

647 1959 880 2030 simique
906 1958 1087 2014 Patris
1114 1958 1413 2025 Benedicti,
1466 1957 1623 2030 petiit
1670 1957 1817 2029 piam
1861 1954 2237 2011 celsitudinem

647 2059 891 2107 nostram
922 2058 982 2106 ut
1017 2052 1087 2106 ob
1139 2050 1233 2106 Dei
1289 2051 1651 2129 reverentiam
1699 2057 1754 2104 et
1801 2048 1994 2103 anima:
2039 2056 2241 2101 nostra:

646 2145 980 2209 mercedem,
1011 2143 1079 2199 ad
1107 2152 1456 2215 augmentum
1485 2141 1736 2197 utilitatis
1774 2140 2020 2209 ejusdem
2064 2138 2242 2195 sancti

649 2233 775 2301 loci,
807 2243 863 2291 et
892 2234 1326 2306 supplementum
1357 2232 1745 2289 necessitatum
1772 2232 1972 2288 ibidem
1998 2232 2112 2287 Deo
2163 2230 2242 2286 fa-

646 2328 995 2392 mulantium,
1024 2327 1269 2396 quaedam
1299 2335 1445 2382 terra
1490 2326 1691 2383 ibidem
1739 2326 2052 2383 necessaria
2098 2326 2244 2381 inter

647 2430 865 2474 murum
890 2417 1127 2474 civitatis
1154 2425 1210 2473 et
1234 2416 1626 2473 antemuralem
1650 2417 2044 2473 conferremus.
2074 2415 2243 2490 Cujus

590 2520 603 2535 ν
647 2504 968 2581 petitionem
994 2523 1095 2566 nos
1144 2508 1338 2565 anima:
1385 2516 1586 2565 nostra:
1629 2508 1892 2564 mercedis
1941 2508 2243 2579 proﬁcuam

652 2600 951 2657 recolentes
971 2600 1201 2658 libenter
1220 2603 1532 2669 annuimus,
1556 2600 1959 2673 etl‘ectuosaque
1982 2599 2244 2657 delibera-

648 2694 801 2750 tione
845 2695 1161 2766 perenniter
1204 2710 1521 2751 mansurum
1563 2711 1627 2751 ac
1672 2704 1856 2751 nostra
1917 2694 2244 2751 auctoritate

649 2786 1008 2857 perfecimus;
1038 2787 1133 2842 sed
1159 2793 1219 2842 ut
1245 2778 1546 2858 futuraper
1568 2796 1814 2857 tempora
1842 2786 2045 2842 nullam
2074 2785 2245 2842 refra—

647 2878 922 2947 gationem
976 2878 1100 2933 inde
1126 2880 1248 2948 quis
1288 2878 1491 2934 inferre
1537 2879 1751 2945 audeat,
1804 2887 1860 2935 et
1906 2879 1985 2935 rei
2032 2877 2244 2934 collatae

648 2958 940 3033 rationem,
968 2977 1023 3024 et
1052 2969 1184 3039 ipsis
1214 2968 1530 3039 adjacentiis
1563 2971 1619 3026 in
1649 2973 1750 3027 hac
1785 2977 1969 3026 nostra
2008 2979 2243 3026 auctor.-

649 3065 758 3115 tate
784 3060 1028 3117 inserere
1057 3063 1398 3118 decrevimus
1424 3080 1437 3117 :
1460 3064 1710 3119 terminia
1740 3078 1871 3120 vero
1900 3064 1967 3120 de
2016 3062 2242 3134 praefata

2411 1898 2546 1974 Data
2588 1897 2764 1969 pridie
2803 1895 2985 1955 Nonas
3024 1894 3216 1969 Maias,
3242 1907 3399 1960 anno,
3426 1891 3611 1951 Christo
3630 1892 3798 1966 propitio,

2343 1994 2555 2066 imperii
2602 1992 2788 2075 domui
2839 1990 3083 2049 Lotharii
3134 1990 3213 2064 pii
3252 1989 3569 2062 imperatoris
3612 1987 3681 2052 19,
3721 1985 3800 2041 indi-

2343 2085 2609 2237 cm‘cfu:
2643 2179 2809 2250 Papia
2836 2184 3041 2250 pa.atro
3064 2176 3238 2252 regio,
3269 2174 3325 2232 in
3362 2172 3453 2231 Dei
3487 2171 3666 2230 nomine
3695 2167 3802 2225 felid-

2343 2281 2451 2331 ter.
2478 2271 2672 2329 Amen.

3005 2380 3336 2449 CCXXX“.

2343 2541 2577 2585 DIPLOIA
2596 2538 2856 2601 ιοίζιιΑιιιι
2882 2538 2994 2580 ιιι).
3023 2537 3127 2577 PRO
3171 2506 3495 2578 IDNASTERIO
3514 2526 3756 2573 tantum
3770 2520 3799 2565 ⁸.

2352 2608 2359 2617 ’
2976 2633 3157 2708 (Anno
3186 2631 3334 2703 859.)

2417 2747 2595 2823 [Apud
2620 2747 2881 2819 Neugart,
2912 2744 3091 2801 Codex
3115 2743 3495 2808 Alemanntcsa,
3524 2753 3626 2811 pag.
3646 2736 3763 2808 ιιι,

2414 2882 2472 2938 in
2500 2882 2719 2964 nomine
2747 2879 2971 2937 Domini
2997 2877 3135 2961 Qesn
3178 2877 3378 2936 Christi
3422 2876 3509 2932 Dei
3548 2871 3714 2937 aeterni.

2343 2973 2575 3039 tharius,
2606 2960 2789 3028 divina
2810 2954 3096 3027 ordinante
3117 2954 3471 3043 providentia,
3492 2959 3805 3039 imperatoru-

2342 3074 2554 3138 gustus.
3564 3070 3569 3075 ’

647 3159 795 3206 terra
825 3151 942 3206 haec
970 3142 1098 3207 sunt
1128 3171 1140 3206 :
1168 3152 1235 3208 de
1264 3154 1528 3224 superiori
1553 3154 1731 3225 capite
1757 3162 1913 3227 porta
1941 3170 2062 3225 quae
2106 3153 2243 3209 dici-
2268 3162 2316 3227 α
2417 3156 2640 3215 Noverit
2689 3157 2955 3215 industria
3027 3156 3275 3214 omnium
3330 3155 3549 3213 ﬁdelium
3596 3156 3806 3207 nostrorum

646 3251 736 3299 tur
762 3241 1035 3309 Marenen,
1075 3259 1245 3315 usque
1274 3240 1342 3299 ad
1372 3246 1561 3300 turrim
1590 3245 1760 3315 ipsius
1791 3245 2237 3309 tnonasterii,ubi
2280 3228 2283 3235 ’

595 3393 600 3397 _
646 3342 731 3388 est
763 3335 1059 3390 oratorium
1092 3337 1147 3391 in
1178 3337 1381 3393 honore
1402 3337 1579 3393 sancti
1606 3335 1913 3409 archangeli
1936 3330 2237 3404 Michaelis,

650 3440 775 3480 cum
805 3426 1138 3496 ingressibus
1170 3434 1223 3481 et
1253 3430 1672 3499 egressibusque
1697 3427 1752 3483 in
1780 3427 1865 3481 via
1886 3427 2118 3498 publica.
2154 3428 2241 3482 ln—

648 3531 812 3588 super
837 3517 999 3573 etiam
1026 3533 1095 3574 ex
1121 3519 1413 3574 subteriori
1437 3528 1592 3590 parte
1618 3520 1783 3574 turris
1801 3517 1915 3588 jam
1944 3520 2102 3593 dictae
2145 3522 2242 3575 us-

651 3624 759 3680 que
787 3611 1063 3667 territoria
1094 3611 1410 3667 monasterii
1445 3627 1589 3683 saepe
1622 3612 1786 3667 dicti:
1812 3613 1880 3667 de
1924 3628 2031 3667 uno
2073 3612 2243 3668 latere

648 3712 793 3759 terra
819 3705 989 3777 ipsius
1024 3707 1362 3773 monasterii,
1405 3708 1473 3764 de
1523 3707 1630 3763 alio
1675 3706 1845 3764 latere
1892 3708 1982 3775 via
2024 3692 2242 3779 publica

648 3794 814 3851 habet
838 3796 891 3850 in
926 3796 1085 3869 longo
1112 3798 1277 3868 pedes
1304 3812 1530 3852 numero
1562 3813 1702 3851 Lxxx
1729 3805 1786 3854 et
1817 3813 1915 3851 vm
1943 3805 2000 3853 et
2026 3797 2081 3852 in
2132 3797 2243 3853 tato

648 3888 817 3967 pedes
844 3904 994 3969 nam.
1026 3888 1189 3945 Petiit
1213 3890 1378 3957 etiam
1400 3890 1751 3946 serenitatem
1773 3888 2026 3945 culminis
2069 3889 2244 3963 nostri

650 3986 792 4035 utet
823 3979 1326 4061 commutationem,
1373 3996 1541 4052 quam
1576 3989 1765 4037 nostra
1812 3981 2139 4038 auctoritate
2184 3996 2244 4037 se

624 4071 874 4141 'pmfata
914 4073 1223 4141 abbatissa,
1258 4089 1361 4131 nec
1412 4089 1522 4130 non
1578 4082 1634 4131 et
1679 4074 1983 4147 Teutberga
2026 4073 2095 4131 de
2156 4090 2244 4141 res
2278 4088 2281 4091 ‘

651 4172 855 4219 sancta:
883 4164 1063 4221 Maria:
1095 4181 1311 4236 semper
1340 4168 1567 4238 virginis
1610 4168 1678 4223 de
1722 4168 2095 4239 suprascripto
2133 4183 2247 4229 mo-
2276 4176 2283 4189 ‘

651 4257 894 4313 nasterio
920 4258 1102 4314 Deado
1135 4266 1191 4314 et
1220 4260 1609 4315 monasterium
1630 4275 1851 4327 novum,
1892 4261 2035 4331 quod
2062 4268 2150 4317 est
2172 4260 2247 4317 si-

652 4350 838 4407 tumin
854 4351 1063 4407 honore
1079 4359 1281 4407 sanctae
1298 4351 1545 4424 Agathre,
1559 4367 1854 4424 congruam
1875 4368 1993 4409 com
2001 4353 2247 4409 mutatio-

652 4458 779 4499 nem
805 4457 870 4499 ac
904 4443 1283 4525 rationabilem
1329 4443 1432 4499 sub
1478 4443 1734 4515 prmsenti
1786 4451 1970 4525 nostra
2009 4446 2247 4501 auctori—

2341 3252 2469 3324 quia
2509 3252 2594 3307 vir
2642 3248 2970 3307 venerabilis
3014 3247 3319 3333 Sigimarus
3360 3242 3582 3303 h‘abbas
3616 3260 3667 3300 et
3693 3252 3810 3297 mone

2348 3330 2522 3401 'stcrio
2557 3334 2701 3415 quod
2730 3344 2929 3401 dicitur
2965 3330 3251 3400 Vivarium
3272 3342 3657 3415 peregrinorum,
3691 3332 3809 3413 silum-

2343 3452 2448 3507 que
2486 3444 2570 3491 est
2601 3437 2657 3491 in
2684 3436 2882 3491 ducatu
2910 3434 3212 3491 Alsacense
3238 3448 3397 3505 super
3422 3430 3616 3487 ﬂuvium
3652 3423 3808 3483 Mortuo

2343 3526 2539 3581 detulit
2568 3526 2727 3582 nobis
2755 3540 2926 3581 sacrae
2974 3526 3258 3585 memoriae
3300 3522 3546 3596 genitoris
3586 3514 3716 3573 nostri
3743 3512 3808 3564 Lu-

2344 3618 2521 3672 dovici
2549 3618 2954 3683 auctoritatem,
2982 3618 3039 3673 in
3063 3631 3171 3687 qua
3219 3625 3340 3673 erat
3395 3616 3625 3671 insertum
3663 3602 3810 3677 qualiter

2344 3718 2536 3764 atavus
2563 3718 2749 3764 noster
2772 3709 3055 3779 Pippinus,
3081 3710 3354 3783 quondam
3391 3722 3498 3770 rex,
3524 3712 3572 3757 et
3597 3703 3697 3783 ipse.
3719 3700 3810 3765 post

2344 3799 2564 3855 modum
2593 3800 2649 3857 in
2674 3815 2771 3854 sua
2801 3798 3142 3870 eleemosyna
3162 3782 3517 3855 concessisset
3535 3782 3809 3850 monasteria!

2343 3885 2599 3946 Luciaria
2622 3901 2648 3930 ε
2679 3889 2767 3945 vel
2779 3891 3060 3946 monachis
3086 3890 3293 3946 ibidem
3314 3890 3552 3961 degentes
3575 3877 3808 3939 hominesu-

2345 3996 2552 4054 genuos
2582 3982 2821 4053 quinque
2868 3982 2952 4037 his
2996 3982 3310 4039 nominibus
3355 3978 3663 4038 Yualdonem,
3691 3967 3809 4025 Vult:-

2345 4076 2509 4140 rium,
2569 4073 2865 4141 Vulﬂnum,
2935 4073 3281 4133 Vuolt‘oldum
3324 4084 3381 4131 et
3431 4070 3710 4130 νυιιιεηω,
3735 4071 3810 4115 Cum

2346 4168 2475 4225 ﬁliis
2494 4178 2550 4224 et
2577 4168 2814 4239 posteris
2838 4184 3049 4235 eorum,
3081 4177 3482 4225 commanentes
3516 4166 3566 4221 in
3596 4162 3696 4221 loco
3723 4167 3809 4211 ιη’

2347 4268 2579 4331 cupante
2615 4259 2741 4314 villa
2772 4260 2944 4314 Eman
2978 4260 3005 4299 ἀ
3041 4275 3206 4330 super
3234 4260 3448 4316 ﬂuvium
3475 4256 3620 4313 Rion
3639 4249 3809 4316 ’ίαν

2345 4352 2593 4424 Aregava
2621 4351 2893 4419 videlicet,
2920 4359 2978 4407 at
2999 4351 3130 4407 illud
3152 4352 3299 4423 quod
3330 4351 3395 4406 ad
3421 4355 3607 4421 partem
3626 4337 3809 4414 publica“

2347 4442 2531 4527 facere
2585 4452 2999 4527 consueverant,
3038 4447 3124 4501 .ad
3158 4444 3481 4527 praedictum
3530 4429 3810 4527 ξυφᾳεξξτέπω

652 4546 765 4594 tate
790 4522 1262 4603 conﬁrmaremus,
1283 4552 1350 4593 ac
1376 4512 1711 4592 ﬁrmissimo
1732 4535 1856 4605 jure
1899 4512 1967 4593 ei
2012 4547 2245 4609 utraque
2268 4535 2324 4601 ἰ)
2346 4522 2629 4605 Iecissent.
2654 4522 3041 4607 Praecipientes
3071 4512 3237 4606 igitur
3274 4518 3547 4606 jubemus;
3576 4512 3662 4585 etc.
3684 4516 3746 4595 ’ξι
3777 4523 3812 4568 ¹¹

651 4639 809 4703 parte
828 4629 1232 4696 roboraremus,
1271 4629 1432 4685 sicuti
1472 4637 1529 4685 et
1561 4626 1811 4685 fecimus.
1859 4628 2244 4702 Pracipientes

652 4720 783 4793 ergo
804 4720 1083 4797 jubemus,
1116 4721 1277 4777 sicuti
1304 4731 1359 4777 et
1386 4722 1703 4794 perenniter
1723 4737 2041 4778 mansurum
2086 4722 2242 4778 volu-

655 4804 797 4881 mus,
830 4823 889 4868 ut
914 4830 1073 4871 nemo
1113 4813 1353 4871 ﬁdelium
1395 4822 1707 4870 nostrorum
1750 4812 1897 4885 parti
1942 4813 2245 4885 praescripti

656 4906 975 4964 monasterii
1001 4905 1068 4962 de
1088 4905 1175 4961 his
1200 4905 1451 4962 omnibus
1491 4905 1655 4961 rebus
1708 4904 1950 4977 quolibet
2002 4912 2245 4975 tempore

730 5141 759 5171 ι
787 5127 956 5200 Typis
988 5128 1303 5185 mandatum
1353 5129 1409 5183 in
1434 5126 1584 5200 ng.
1635 5123 1892 5200 Tschudji
1936 5125 2111 5200 Gallia
2136 5126 2244 5183 Co-

658 5196 982 5270 mata,'pag.
1008 5200 1133 5265 149,
1173 5209 1334 5269 atque
1359 5215 1388 5252 a
1418 5196 1959 5270 Guillimanno,_Rer.
1986 5197 2192 5253 Hetvet.
2229 5238 2246 5264 ,

660 5272 756 5327 lib.
790 5264 878 5342 tl};
904 5264 1024 5340 cap.
1058 5264 1126 5335 ις
1146 5264 1397 5342 Luriigio,
1430 5264 1911 5342 Spicileg._eccl9s.
1933 5307 1959 5342 Α,
1990 5274 2131 5339 part.
2161 5284 2243 5334 ιιι,

659 5356 782 5412 cap.
814 5339 871 5405 5,
892 5337 1015 5412 pag.
1041 5343 1173 5407 178;
1205 5337 1486 5411 Bouqueto
1505 5337 1799 5412 RerIGall.
1827 5337 2042 5412 Scripta,
2066 5378 2082 5405 ,
2110 5346 2244 5412 tom.

660 5410 797 5479 νιιι,
827 5424 951 5485 pag.
974 5410 1119 5479 366;
1144 5410 1491 5483 Scbmpﬂino,
1524 5412 1629 5466 loc.
1657 5410 1752 5465 cit.
1782 5449 1799 5476 ,
1825 5425 1891 5467 ex
1934 5410 2248 5467 authentico

662 5482 1023 5540 Inrbacensi.
1784 5525 1801 5539 ,

715 5497 1023 5540 urnacenst.
1784 5525 1801 5539 ,

676 5592 687 5597 -
734 5556 765 5598 δ
784 5552 1091 5628 Sigimarus
1114 5553 1484 5628 Murbacensjs
1508 5551 1830 5628 in_catalo_go
1860 5551 2117 5628 abbatum
2144 5552 2245 5610 hu-

655 5624 749 5698 jus
773 5621 1111 5686 monasterii.
1133 5639 1297 5697 quem
1324 5626 1387 5682 P.
1416 5621 1929 5682 Bucelinns'Germ.'
1948 5621 2076 5681 Sac.
2094 5634 2246 5698 part.

2071 5753 2088 5780 l

2344 4618 2462 4684 haec
2495 4629 2790 4684 auctoritas
2815 4636 2999 4685 nostra
3025 4614 3233 4685 ﬁrmior
3253 4639 3310 4685 et
3334 4642 3429 4700 per
3445 4626 3605 4680 futura
3644 4625 3810 4711 tangat?

2344 4721 2541 4778 melius
2562 4731 2931 4791 conservetur,
2945 4720 3010 4776 de
3031 4721 3233 4779 annulo
3258 4728 3441 4775 nostro
3456 4716 3618 4797 eum?

2346 4811 2589 4884 sigillari.
2826 4812 2829 4823 '
3692 4796 3713 4811 "

2421 4905 2726 4961 Eichardus
2751 4904 2821 4960 ad
2843 4905 3015 4961 vicem
3048 4903 3311 4976 Agilmari
3337 4909 3615 4971 recogito“

2347 5143 2409 5193 ιι,
2433 5142 2554 5199 pag.
2582 5126 2709 5199 258,
2739 5142 2807 5183 ex
2841 5128 3057 5183 schedia
3079 5127 3180 5199 sibi
3204 5118 3598 5199 communicatis
3632 5106 3808 5199 meo:

2345 5178 2646 5270 magna
2662 5178 3534 5270 'inasa'amrsigismm
3576 5178 3809 5244 κιιοίίθέυ

2347 5271 2627 5340 ponendus
2653 5278 2756 5325 est.
3674 5284 3677 5293 '

2350 5378 2355 5383 -
2422 5351 2444 5380 ε
2474 5342 2740 5398 Lucerna.
3759 5384 3768 5394 .

2417 5410 2446 5452 ει
2470 5380 2795 5492 ιζὲξῗὲἱῗιξιη
2822 5410 2937 5492 (die
2953 5409 3203 5483 Emmat),
3229 5408 3439 5492 nmina,
3458 5404 3681 5459 Εωωω,
3697 5384 3809 5453 υἱον

2350 5490 2406 5538 et
2428 5483 2628 5555 minor,
2658 5485 2715 5555 in
2753 5483 2891 5555 pago
2916 5483 3284 5555 ιιιεοεωοιιείη,
3492 5552 3499 5555 Α
3531 5541 3567 5555 ...
3602 5531 3714 5555 λη),

2649 5532 2852 5622 mia:
2861 5532 2957 5637 ξθῖ
3269 5549 3507 5637 legerunt
3531 5532 3762 5637 Tschttdtlti
3776 5532 3809 5577 α

2352 5619 2780 5694 (ἓιιὶιιὶιῐῐειωιιιες
2808 5619 2966 5700 vulgo
2980 5626 3069 5717 die
3087 5624 3241 5718 non,
3270 5619 3452 5677 Bias.
