4050 6340
318 310 461 374 I309

1746 313 2128 391 EPISTOLE.

3422 295 3559 362 1510

383 427 517 484 Data
541 441 641 486 vm
661 425 890 490 Kalend.
917 430 1169 507 Augusti,
1200 443 1362 501 anno,
1392 429 1607 489 Christo
1625 434 1878 505 propitio,
1908 437 1963 497 Α
1985 433 2019 487 '5
2058 431 2109 485 ι».
2139 428 2335 485 Actum
2361 424 2622 513 Strazbur
2660 426 2880 484 civitate
2902 424 2960 515 in
2985 421 3086 484 Dei
3127 423 3347 501 nomine
3386 426 3561 490 felici-

232 482 237 487 ’
284 482 526 589 .imperii
557 482 1879 594 muniant};aggessi{alii}:
1908 484 1917 549 ‘-

384 650 582 739 [Αρηί
606 656 756 739 regni
779 654 1089 739 Lothariani
1130 657 1185 711 in
1209 654 1361 739 Italia
1407 657 1476 739 ab
1502 673 1591 739 an.
1641 655 1747 739 $20
1774 672 1884 739 Are.

312 729 587 800 petuntur,
615 727 721 800 quo
770 742 949 800 regem
1002 727 1156 783 istius
1205 728 1883 800 provinciaeudeelaratum

304 794 773 869 {sae-Marium
796 794 1021 856 nécesse
1044 806 1161 869 est;
1197 794 1321 853 eum
1352 798 1409 853 in
1449 797 1585 869 aliis,
1617 798 1881 869 diplomae

312 862 458 919 tibus
484 864 647 939 hujus
665 868 1027 938 imperatoris,
1059 862 1153 925 ubi
1182 883 1356 929 mnus
1379 868 1595 939 imperii
1629 862 1690 923 et'
1730 868 1881 939 regni

311 936 599 1004 separatim
620 936 983 1009 designantur,
1007 939 1095 995 hic
1132 939 1404 1009 vicenario
1453 936 1693 1009 humero
1732 936 1885 994 illum

310 1015 527 1091 semper
560 1007 805 1097 excedat,
829 1010 1074 1085 quamvis
1107 1009 1254 1066 enim
1290 1007 1639 1065 Bernhardus
1672 1008 1884 1080 Lango-

1988 531 2093 579 ter.
2124 521 2296 577 Amen

1987 657 2282 715 bardorum
2314 670 2408 711 rex
2428 657 2540 727 jam
2566 670 2706 727 anno
2729 653 2833 727 8i8
2854 654 3199 727 onierit,_non
3224 655 3563 727 tamenillico

1990 728 2283 795 compressi
2308 724 2461 781 erant
2489 726 2708 792 subditi,
2752 724 2869 795 ejus
2926 725 3170 795 partibus
3217 725 3437 792 addicti,
3503 735 3565 782 ut

1989 796 2206 865 conjicit
2242 797 2539 852 Chilllctius
2575 796 2626 851 in
2659 796 3064 866 probationibus
3118 796 3255 852 llist.
3299 796 3559 862 Tornuc.,

1986 883 2109 939 pag.
2139 868 2261 939 268.
2286 868 2370 939 Cf.
2401 868 2462 920 ί).
2497 869 2561 922 de
2586 865 2743 939 Saint
2774 867 2939 939 Marc,
2973 865 3186 939 Abrégé_
3208 866 3556 939 'chronolugi.

1987 883 2109 939 pag.
2139 883 2261 922 106.
2288 883 2370 923 ω.
2401 883 2462 920 υ.
2497 883 2561 922 ue
2586 883 2743 921 Damt
2774 883 2939 932 mare,
2973 883 3169 935 aurege
3208 883 3556 992 “curamue?-

1987 955 2086 1010 que
2104 938 2168 992 de
2204 938 2449 991 l’histoire
2468 936 2710 1008 generale
2752 936 2987 1001 d'ltalie,
3015 935 3209 1003 tom.l,
3251 952 3375 1010 pag.
3434 936 3468 992 4
3508 936 3560 995 7.

2060 1006 2088 1047 δ
2115 1006 2337 1063 lndictio
2365 1008 2397 1063 5
2423 1007 2710 1078 respondet
2744 1022 2885 1062 anno
2913 1004 3036 1063 840.

2140 1023 2337 1063 ηαιυιιο
2365 1023 2397 1063 ὁ
2423 1023 2710 1063 Γεδοοηαθι
2744 1023 2885 1062 211110
2913 1023 3036 1063 δθυ.

323 1138 3539 1170 ww

928 1269 1689 1405 LUDOVICI
1738 1186 1743 1190 ’
1785 1270 1995 1400 PII
2105 1271 2960 1400 EPISTOUE.

1773 1491 2145 1509 *ιο-*³-

798 1580 1128 1649 EPISTOLA
1167 1579 1382 1638 PRIMA

1988 1578 2126 1636 Nam
2152 1590 2208 1636 et
2248 1588 2396 1636 tuam
2426 1578 2784 1641 nihilominus
2824 1579 3110 1651 providam
3155 1578 3401 1640 volumus
3442 1596 3566 1649 esse
3663 1565 3669 1571 ’

349 1707 588 1756 umova
625 1708 694 1753 an
729 1708 949 1751 lacunar
984 1704 1437 1749 Λιοιιιειιιεεονυι
1474 1704 1845 1749 θεηοπκεειί..

1982 1671 2393 1738 beatitudinem,
2410 1679 2469 1725 ut
2487 1686 2605 1726 eam
2622 1672 2806 1727 solerti
2821 1688 2949 1726 cura
2963 1672 3204 1747 praedicti
3219 1674 3370 1731 missi
3385 1677 3561 1732 nostri

1988 1779 2172 1786 -_.._.--
2222 1770 2377 1786 _....--s
2413 1763 2769 1786 :_-!_..-----_!-
2826 1764 3185 1786 .--..-....ει.-..-
3235 1766 3427 1786 -L-..__-
3460 1767 3553 1786 μη-

224 1761 233 1765 ”
308 1787 474 1847 nam
520 1783 815 1857 emplum
842 1797 870 1829 ,
900 1784 1093 1855 "gqu
1146 1785 1517 1838 canonicorum
1561 1782 1780 1839 ἀσοηιω
1822 1783 1880 1837 επ
1907 1761 2193 1828 "omnes,
2222 1770 2382 1834 prout
2413 1763 2792 1829 insinuaveris,
2826 1764 3191 1822 transcribere
3232 1766 3434 1837 absque
3460 1767 3565 1825 ulla

724 1853 972 1935 Iconcifio'
1000 1853 1430 1926 Aquisgrauemi.

926 1945 1102 2019 (Anno
1135 1944 1284 2018 816.)

426 2093 445 2111 ,
539 2037 773 2115 malum,
798 2035 1053 2110 Capitul.,
1087 2046 1217 2093 tom.
1251 2036 1293 2104 Ι,
1325 2051 1448 2108 pag.
1481 2034 1633 2109 454.]

374 2131 816 2203 Gloriosissimus
837 2128 1165 2192 Ludovicus.
1196 2145 1430 2200 superno
1458 2144 1683 2185 munere
1709 2127 1883 2186 victor

280 2238 515 2295 semper
546 2222 844 2299 Augustus,
870 2220 1167 2277 venerabili
1199 2220 1252 2275 in
1279 2219 1496 2299 Christo
1528 2219 1740 2292 Magno,
1780 2217 1881 2277 Se-

302 2316 512 2373 noniae
540 2296 694 2370 urbis
716 2310 1146 2381 archiepiscopo,
1177 2311 1233 2367 in
1259 2296 1487 2366 Domino
1511 2311 1760 2375 salutem.

290 2388 299 2396 ’
372 2409 530 2466 Sicut
571 2407 727 2464 vobis
773 2405 1085 2481 nuperrime
1110 2405 1171 2461 in
1198 2419 1355 2460 sacro
1380 2412 1680 2479 conventu,
1721 2419 1882 2476 quem

300 2503 417 2579 pce
468 2508 742 2557 annuente
798 2486 1131 2571 Aquisgrani
1178 2499 1382 2570 palatio
1425 2499 1834 2572 aggregavimus
1862 2538 1879 2565 ,

274 2592 396 2655 .nbi
422 2590 611 2657 multa,
636 2588 852 2647 favente
876 2587 1093 2657 Christo
1118 2588 1507 2656 eeelesiastice,
1554 2589 1664 2644 imo
1694 2589 1884 2645 catho-

217 2668 225 2733 ί
300 2681 444 2751 lice,
469 2689 591 2738 acta
619 2688 775 2746 sunt,
809 2679 1155 2736 meminimus
1193 2680 1543 2750 promisisse,
1590 2680 1836 2736 misimus
1864 2719 1880 2747 ,

220 2822 227 2826 .
300 2780 410 2845 tua:
444 2773 779 2829 venerandae
822 2770 1140 2845 paternitati
1198 2785 1299 2841 per
1347 2779 1638 2841 praesentes
1688 2771 1884 2827 missos

300 2842 538 2930 nostros,
567 2842 984 2935 Ermenfredum
1021 2861 1271 2921 videlicet
1304 2871 1362 2920 et
1388 2863 1741 2937 Haymonem,
1767 2863 1879 2919 for-

304 2956 506 3010 mulam
568 2956 842 3012 canonieze
902 2953 1260 3010 institutionis
1314 2970 1479 3025 quam
1532 2955 1673 3011 idem
1723 2950 1883 3010 sacer

304 3055 599 3103 conventus
645 3063 713 3103 ex
755 3054 1068 3133 sanctorum
1111 3044 1335 3103 Patrum
1390 3048 1618 3119 sparsim
1660 3047 1883 3120 digestis

1983 1855 2367 1925 depravatione
2409 1863 2467 1910 et
2519 1856 2930 1912 detruncatione
2983 1870 3389 1930 praemoneant;
3433 1876 3567 1931 quo-

1982 1946 2129 2003 niam
2179 1945 2411 2016 qualiter
2460 1947 2743 2019 diligenter
2790 1947 3137 2019 studioseque
3166 1990 3181 2017 ,
3229 1950 3483 2008 distincte
3512 1960 3568 2008 et

1982 2046 2172 2111 aperte
2204 2039 2596 2095 transcribatur
2623 2081 2639 2107 ,
2670 2040 2790 2097 illos
2836 2042 2969 2096 satis
3014 2043 3364 2100 instituimus.
3397 2043 3563 2114 Cujus

1964 2147 2179 2203 nempe
2223 2119 2498 2202 exemplar
2550 2132 2752 2188 idcirco
2806 2134 2860 2188 in
2914 2136 3151 2195 armario
3178 2136 3362 2206 palatii
3393 2138 3564 2194 nostri

1984 2212 2202 2277 recondi
2252 2219 2518 2288 fecimus,
2570 2229 2631 2276 ut
2679 2237 2777 2291 per
2822 2222 2926 2278 hoc
2981 2238 3141 2281 nosse
3184 2233 3241 2280 et
3290 2226 3567 2296 inquirere

1970 2326 2267 2383 possemus
2301 2320 2555 2366 utrumne
2579 2308 2646 2366 ab
2674 2310 2853 2382 aliquo
2880 2313 3215 2384 negligenter
3240 2316 3564 2385 transcripta

1970 2401 2180 2468 fuerit;
2219 2404 2342 2474 quia
2370 2443 2385 2469 ,
2421 2411 2483 2457 ut
2510 2406 2908 2474 comperimus,
2951 2406 3078 2462 dum
3107 2407 3162 2463 in
3189 2406 3378 2463 eodem
3408 2422 3564 2464 sacro

1983 2494 2212 2550 concilio
2252 2493 2675 2566 perlegeretur,
2712 2505 3003 2567 antequam
3046 2514 3230 2555 coram
3285 2501 3441 2556 nobis
3494 2501 3562 2556 ab

1983 2584 2173 2655 eodem
2203 2583 2432 2640 concilio
2456 2585 2664 2656 prolata
2691 2626 2707 2653 ,
2736 2593 2792 2641 et
2818 2586 3047 2642 necdum
3076 2604 3327 2644 mensura
3363 2589 3471 2645 cibi
3512 2597 3569 2646 et

1981 2682 2142 2746 potus
2172 2675 2331 2746 plane
2374 2684 2575 2731 statuta
2612 2676 2842 2743 fuisset,
2885 2677 3050 2737 invidi
3080 2693 3274 2751 magna
3315 2694 3381 2736 ex
3410 2688 3567 2750 parte

1970 2767 2130 2835 illam
2159 2767 2543 2824 detruncantes
2564 2808 2581 2835 ,
2617 2768 2865 2838 quaadam
2893 2770 3127 2840 capitula
3159 2771 3458 2828 inconsulte
3491 2786 3561 2828 ex

1982 2873 2048 2914 ea
2093 2860 2570 2930 transcripserunt.
2605 2860 2759 2918 Unde
2799 2877 3024 2919 necesse
3052 2872 3135 2919 est
3164 2873 3226 2919 ut
3251 2864 3298 2919 si
3323 2865 3559 2936 aliquem

1983 2950 2041 3006 in
2068 2959 2159 3007 tua
2182 2951 2403 3008 dioecesi
2436 2952 2543 3007 tale
2588 2952 2784 3010 fecisse
2832 2956 3102 3025 repereris
3130 2997 3146 3023 ,
3190 2957 3562 3029 hujuscemodi

1983 3037 2189 3096 factum
2231 3056 2416 3097 coram
2456 3042 2871 3113 provincialium
2918 3052 3135 3103 tuorum
3187 3048 3559 3118 episwporum

306 3135 591 3191 sententiis
645 3118 905 3209 colligere
942 3137 1190 3209 atquein
1232 3153 1400 3192 unum
1444 3152 1739 3209 congerere
1767 3146 1882 3193 stu-
1909 3110 1954 3173 (ἶ
1985 3140 2253 3209 conventu
2280 3172 2295 3198 ,
2349 3140 2405 3187 et
2465 3148 2650 3189 coram
2706 3136 3037 3206 praescriptis
3083 3137 3267 3192 missis
3312 3137 3515 3193 nostris
3547 3178 3564 3205 ,

305 3227 422 3282 duit
460 3245 473 3282 :
504 3242 666 3298 quam
696 3228 821 3298 quia
847 3226 1002 3284 vobis
1038 3228 1434 3284 transcribendi
1463 3226 1710 3301 angustia
1741 3239 1879 3285 tem-

290 3320 450 3407 yporis
488 3318 797 3393 facultatem
834 3320 1160 3392 denegavit,
1185 3319 1345 3379 studii
1394 3322 1564 3407 nostri
1610 3321 1715 3407 fuit
1762 3339 1883 3379 eam

301 3404 593 3483 diligenter
638 3412 930 3469 transcribi
970 3411 1163 3483 jubere
1191 3454 1206 3480 ,
1237 3423 1297 3469 ut
1324 3402 1527 3485 absque
1552 3402 1660 3470 ulla
1691 3416 1883 3486 depra-

299 3505 522 3580 vatione
549 3512 644 3561 aut
677 3506 1093 3563 detruncatione
1117 3515 1297 3564 textus
1340 3506 1459 3576 ejus
1495 3508 1563 3565 ad
1588 3523 1684 3564 vos
1713 3524 1884 3580 usque

296 3576 590 3655 incolumis
626 3596 977 3673 perferretur.
1009 3597 1243 3678 Proinde
1280 3599 1379 3656 has
1401 3599 1613 3657 litteras
1638 3601 1708 3678 ad
1735 3576 1881 3657 tuam

301 3684 602 3743 direximus
631 3686 994 3752 sanctitatem,
1024 3702 1124 3757 per
1149 3674 1286 3757 quas
1304 3686 1558 3757 jubemus
1586 3674 1653 3745 ut.
1675 3705 1884 3765 memor

301 3772 691 3834 admonitionis
728 3787 929 3836 nostra:
955 3819 971 3844 ,
1024 3777 1391 3852 suil‘raganeos
1433 3789 1537 3845 tuae
1585 3782 1883 3849 dioeceseos

294 3866 421 3947 ‘loco
452 3876 506 3924 et
560 3877 801 3940 tempore
849 3871 1177 3945 competenti
1226 3871 1295 3926 ad
1332 3879 1383 3926 te
1420 3886 1719 3929 convocare
1769 3883 1884 3930 stu-

302 3956 455 4023 deas,
484 3965 540 4035 et
569 3958 816 4014 eamdem
840 3957 1237 4015 lnstitutionem
1263 3977 1359 4032 per
1383 3962 1596 4034 singula
1647 3964 1883 4035 capitula

304 4062 487 4104 coram
546 4048 932 4106 ecclesiasticis
978 4050 1264 4108 ordinibus
1304 4051 1523 4125 praelegi
1569 4053 1739 4119 facias
1770 4097 1785 4123 ,
1827 4064 1884 4125 et

305 4134 538 4206 qualiter
566 4154 685 4197 eam
711 4155 865 4197 sacer
896 4126 1194 4199 conventus
1219 4143 1288 4198 ob
1312 4145 1735 4205 emolumentum
1766 4149 1883 4204 ani-

306 4243 516 4283 marum
542 4228 819 4287 instruere
841 4230 1131 4289 salubriter
1164 4236 1451 4300 curaverit,
1482 4246 1729 4308 patenter
1754 4239 1883 4296 edo-

305 4334 446 4383 ceas,
484 4329 541 4375 et
585 4320 670 4376 his
718 4322 812 4394 qui
861 4312 1137 4380 canonica:
1190 4325 1543 4396 professionis
1591 4338 1883 4387 censentur

304 4398 543 4476 nomine,
586 4413 881 4469 secundum
911 4414 1269 4472 ministerium
1306 4418 1403 4473 tibi
1428 4420 1686 4479 divinitus
1716 4422 1882 4478 colla-

302 4494 443 4569 tum,
471 4510 523 4558 et
551 4513 750 4561 nostra:
779 4507 1118 4564 auctoritatis
1142 4519 1473 4587 praeceptum
1496 4554 1512 4580 ,
1545 4529 1726 4571 coram
1767 4531 1883 4572 me-

302 4595 530 4651 moratis
579 4597 767 4654 missis
827 4601 1027 4656 nostris
1094 4601 1485 4660 observandam
1533 4622 1877 4677 percenseas.

298 4682 506 4761 Eorum
546 4697 728 4744 autem
761 4688 853 4762 qui
903 4691 1162 4748 tardioris
1208 4701 1335 4749 sunt
1377 4695 1613 4768 ingenii,
1668 4706 1726 4753 et
1757 4713 1881 4754 eam

300 4772 444 4863 forte
476 4778 634 4850 plene
656 4781 962 4854 intelligere
1006 4794 1311 4856 nequeunt,
1357 4795 1450 4843 tuo
1491 4789 1603 4845 sive
1631 4805 1882 4861 compro-

302 4869 616 4952 vincialium
648 4882 861 4931 tuorum
900 4874 1276 4947 episcoporum
1319 4878 1463 4935 dono
1488 4880 1732 4938 scientia
1760 4882 1877 4952 pol-

301 4950 529 5053 lentium
566 4965 780 5047 studio,
824 4967 942 5047 ejus
976 4967 1169 5025 notitia
1203 4968 1451 5026 sensibus
1504 4950 1875 5042 perfundatur.

372 5112 891 5195 sg'l'amnlaudabile
931 5118 1189 5174 Ludovici
1227 5117 1309 5175 Pii
1357 5122 1637 5195 consilium
1672 5164 1687 5189 ,
1736 5125 1879 5195 quod

302 5192 560 5262 auctores
587 5185 799 5262 illorum
818 5196 1119 5262 temporum
1146 5205 1487 5259 summopere
1513 5185 1874 5262 celebrarunt,

301 5256 414 5333 alii,
447 5272 507 5313 re
560 5258 740 5333 minus
788 5256 1128 5333 considerata
1157 5300 1174 5325 ,
1214 5256 1580 5333 reproharunt
1612 5256 1879 5333 posterio-l

304 5326 734 5401 ribusrsmculis;
784 5338 840 5401 et
882 5337 940 5384 ut
984 5330 1227 5401 opinioni
1273 5326 1384 5386 sua:
1420 5326 1683 5401 potiorem
1715 5335 1876 5391 fidem

305 5398 685 5477 conciliarent,
715 5399 933 5477 quidam
982 5398 1255 5477 finxerunt
1294 5398 1488 5477 vocem
1522 5403 1717 5477 insigni
1752 5422 1876 5476 pro-

303 5468 450 5546 digio
488 5470 699 5546 caelitus
734 5468 926 5526 eidem
958 5471 1337 5546 exprobrasse
1379 5468 1657 5532 Ludovico
1672 5516 1687 5541 ,
1735 5468 1877 5546 quod

302 5538 572 5616 Ecclesiae
586 5557 881 5616 venenum_
904 5538 1219 5598 addidisset.
1247 5542 1586 5616 Quapropter
1625 5538 1876 5603 Coin'tius

306 5612 573 5687 annum]
602 5653 618 5678 ,
646 5628 795 5687 num.
813 5614 925 5687 ibi)
958 5622 1014 5670 et
1040 5629 1217 5687 seqq.,
1239 5612 1514 5671 examinat
1531 5617 1658 5687 quid
1683 5617 1875 5675 Petrus

306 5678 689 5757 D_amiani,_q_ui
719 5684 938 5757 scripsit
960 5678 1276 5757 opusculum
1311 5702 1441 5741 xxiv
1478 5678 1665 5743 contra
1714 5704 1876 5744 cano-

304 5750 479 5821 nicos,
505 5753 598 5824 qui
617 5750 756 5811 licet
797 5750 853 5810 in
900 5750 1186 5813 commune
1230 5755 1495 5815 fructibus
1518 5758 1872 5815 ecclesiarum

1983 3205 2265 3279 frustreris
2292 3264 2306 3291 ,
2336 3232 2394 3278 et
2429 3222 2568 3280 hanc
2593 3226 2964 3283 authenticam
2988 3268 3004 3295 ,
3056 3236 3116 3283 ut
3155 3229 3516 3299 praemisimus
3538 3269 3555 3297 ,

1985 3312 2309 3385 diligenter,
2356 3315 2496 3370 sicut
2563 3317 2711 3372 missi
2770 3318 2945 3373 nostri
2994 3318 3074 3375 eis
3115 3319 3516 3375 insinuaverint
3544 3359 3561 3385 ,

1987 3404 2272 3458 transcribi
2298 3419 2640 3475 percenseas.
2675 3406 2935 3463 Volumus
2964 3423 3093 3478 ergo
3119 3417 3179 3464 ut
3214 3424 3404 3465 omnes
3424 3426 3565 3481 prae-

1974 3491 2079 3559 ,lati
2109 3496 2490 3550 canonicorum
2520 3495 2803 3569 diligenter
2830 3497 2974 3552 illam
3004 3499 3397 3564 transcribant,
3449 3507 3564 3557 stu-

1986 3586 2135 3642 diose
2164 3588 2481 3659 intelligant,
2514 3587 2824 3654 eﬂicaciter,
2876 3598 3135 3659 quantum
3180 3589 3441 3646 Dominus
3485 3591 3565 3646 eis

1976 3692 2145 3755 posse
2188 3678 2435 3745 dederit,
2483 3681 2552 3735 ob
2595 3696 2747 3735 suam
2788 3681 3231 3751 subditorumque
3274 3681 3565 3737 utilitatem

1986 3784 2148 3838 opere
2186 3770 2482 3840 adimplere
2522 3779 2815 3841 procurent
2843 3788 2858 3837 ;
2902 3778 2961 3825 ut
2993 3772 3210 3841 quando
3239 3787 3341 3829 nos
3363 3812 3379 3839 ,
3425 3773 3566 3830 sicut

1976 3862 2040 3933 in
2090 3878 2277 3918 eorum
2325 3880 2482 3920 sacro
2516 3873 2571 3919 et
2617 3866 2908 3923 venerabili
2966 3867 3194 3924 concilio
3237 3870 3567 3940 generaliter

1976 3953 2235 4035 .omnihus
2269 3954 2523 4023 diximus,
2556 3956 2751 4013 missos
2793 3966 3011 4015 nostros
3043 3958 3203 4028 hujus
3227 3962 3430 4034 negotii
3479 3964 3565 4019 in-

1974 4042 2232 4115 quirendi
2267 4046 2440 4115 gratia
2467 4062 2566 4118 per
2596 4048 2907 4104 universum
2957 4050 3243 4122 imperium
3272 4062 3517 4110 nostrum
3543 4096 3560 4125 ,

1985 4134 2239 4209 Kalendis
2267 4136 2601 4219 Septembris
2626 4141 2900 4208 venturis,
2936 4142 3313 4210 direxerimus,
3350 4160 3561 4214 omnes,

1984 4226 2190 4296 praelati
2240 4227 2487 4284 videlicet
2535 4238 2591 4284 et
2626 4228 2859 4297 subditi,
2910 4230 3067 4301 juxta
3114 4235 3471 4304 capacitatem
3507 4243 3565 4291 et

1970 4315 2401 4389 possibilitatem
2432 4333 2585 4373 suam
2610 4360 2626 4386 ,
2653 4319 2841 4375 eadem
2893 4321 3247 4378 instruetione
3288 4321 3561 4385 infamati

1990 4417 2151 4478 atque
2216 4409 2506 4478 instructi,
2567 4410 2807 4482 ejusdem
2853 4422 3168 4486 operatores
3218 4416 3564 4472 inveniantur

1983 4500 2211 4557 strenui.
2236 4500 2499 4569 Quoniam
2528 4502 2767 4575 diligenti
2797 4503 3071 4575 indagine,
3097 4506 3210 4561 vita
3232 4507 3449 4572 comite,
3478 4507 3561 4561 in-

1984 4590 2198 4661 quirere
2223 4590 2533 4660 jubebimus
2561 4592 2796 4663 qualiter
2830 4588 3198 4666 unusquisque
3217 4596 3560 4667 praelatorum

1982 4672 2341 4741 ministerium
2373 4702 2529 4741 suum
2558 4686 2812 4759 expleat,
2849 4689 3081 4758 qualiter
3101 4690 3335 4761 jussioni
3361 4701 3559 4748 nostra:

1982 4780 2039 4836 in
2064 4780 2316 4838 claustris
2343 4789 2399 4836 et
2422 4783 2633 4838 caeteris
2670 4784 3057 4840 canonicorum
3091 4787 3419 4843 necessariis
3457 4787 3555 4843 ha-

1979 4871 2338 4930 bitationibus
2360 4914 2376 4943 ,
2406 4882 2460 4929 et
2488 4873 2543 4928 in
2587 4889 2775 4929 eorum
2803 4876 3089 4946 stipendiis
3115 4878 3307 4934 dandis
3332 4917 3347 4945 ,
3379 4886 3436 4934 et
3469 4895 3559 4935 re-

1981 4964 2276 5035 ceptaculis
2312 4978 2607 5035 pauperum
2650 4967 3018 5036 przeparaudis
3043 4968 3559 5039 obtemperaverint,

1981 5123 2284 5199 alerentur,
2304 5124 2597 5199 pecuniam
2641 5124 2853 5199 aliaque
2882 5127 3024 5181 bona
3051 5140 3294 5199 seorsum
3319 5128 3562 5199 posside-

1980 5197 2142 5257 bant;
2193 5195 2319 5264 quid
2366 5194 2603 5250 Joannes
2652 5194 3018 5261 Mauhurnus,
3067 5197 3159 5266 qui
3225 5194 3558 5258 Livriacensi

1980 5267 2308 5338 monasterio
2340 5267 2590 5338 dimcesis
2617 5267 2938 5322 Parisiensis
2974 5275 3203 5337 praeerat
3227 5284 3369 5325 anno
3396 5271 3555 5338 1500,

1974 5337 2034 5399 in
2066 5337 2305 5409 regulam
2338 5336 2831 5409 Aquisgranensem
2863 5346 2917 5391 et
2943 5336 2997 5392 in
3020 5339 3194 5408 ipSum
3218 5336 3555 5399 Ludovicum

1979 5407 2198 5479 scripSit
2231 5425 2244 5461 :
2279 5422 2481 5479 eosque
2526 5407 2725 5479 hacin
2763 5422 2822 5462 re
2844 5409 3118 5479 deceptos
3153 5421 3273 5467 esse
3298 5412 3555 5479 ostendit,

1975 5487 2037 5532 ut
2066 5477 2273 5552 ibidem"
2297 5477 2485 5552 legere
2498 5486 2601 5533 est.
2628 5478 2762 5552 Vfide
2784 5477 3192 5552 cti_am_Pagium
3220 5481 3286 5536 ad
3318 5499 3408 5536 an.
3427 5477 3551 5548 816,

1978 5495 2037 5532 ut
2066 5495 2264 5532 mmem
2297 5495 2343 5533 te
2381 5495 2473 5533 ere
2498 5495 2601 5533 εει.
2636 5495 2762 5532 vme
2784 5495 2948 5532 etiam
2973 5495 3192 5552 regium
3220 5495 3286 5536 ad
3318 5499 3408 5536 an.
3427 5495 3551 5548 διϋ,

1978 5563 2126 5603 num.
2160 5548 2226 5603 16
2250 5557 2305 5622 et
2338 5495 2423 5622 13'].
2457 5550 2600 5622 Duas
2624 5549 2759 5604 alias
2787 5548 3049 5622 epistolas”
3066 5551 3135 5622 de
3164 5552 3354 5606 eodem
3400 5569 3552 5622 argu-

1976 5627 2159 5695 mento
2188 5621 2355 5695 misit
2370 5619 2674 5695 Ludovicus
2701 5659 2720 5695 ,_
2752 5619 2975 5695 alteram
3019 5620 3269 5695 Siehario
3306 5619 3550 5695 archiép.

1974 5688 2396 5769 Burdegale_ns_i_
2424 5706 2521 5761 per
2589 5689 2922 5769 Adalelrnum
2961 5733 2978 5758 ,
3045 5692 3271 5755 alteram
3341 5688 3551 5769 Armini

1970 5761 2212 5833 archiep.
2256 5760 2634 5837 Salzburgensi
2664 5777 2759 5833 per
2788 5760 3108 5819 Nothonem.
3360 5760 3371 5783 λ
