4050 6340
595 250 729 332 ista

1692 253 2015 327 LUDOVICl
2050 268 2072 326 ι
2110 261 2580 329 COGNOMENTO
2613 267 2700 330 Pll

3637 284 3737 343 ηις

590 393 678 450 vel
707 388 830 463 quis
855 387 1060 448 clerum
1095 401 1254 446 suum
1281 385 1576 444 secundum
1617 385 1777 455 hujus
1817 371 2331 464 institutionisAut
2382 385 2616 460 sciamus
2678 387 2873 458 quibus
2943 389 3239 461 gratiarum
3290 391 3510 450 actiones
3557 396 3738 468 referre,

591 500 839 542 normam
886 492 942 540 et
983 490 1180 539 caetera
1243 479 1508 552 spiritalia
1567 478 1824 534 exercitia
1873 478 2167 533 informare

590 578 898 642 studuerit,
931 583 1024 632 aut
1049 575 1094 632 si
1125 574 1248 645 quis
1269 587 1428 643 quem
1459 586 1644 627 eorum
1677 585 1813 640 quos
1842 570 1897 624 in
1922 570 2019 624 Dei
2050 585 2167 624 ser-

591 672 722 727 vitio
751 667 1145 726 rationabiliter
1172 666 1473 736 gubernare
1497 662 1708 733 potuit,
1735 676 1899 716 causa
1925 659 2167 714 avaritiae

590 762 855 833 abiecerit
903 779 917 815 :
950 761 1074 831 quia
1100 767 1159 814 ut
1196 759 1310 814 hazc
1355 772 1475 827 quae
1525 755 1885 827 praemisimus
1907 794 1922 818 ,
1961 753 2168 824 absque

590 855 752 911 ullius
809 851 1140 909 difﬁcultatis
1189 847 1526 921 oppositione
1553 887 1568 913 ,
1605 847 1660 902 in
1699 846 1833 901 locis
1874 845 1928 899 in
1972 844 2168 915 quibus

589 948 737 1004 facta
765 948 992 1006 necdum
1033 951 1222 1008 erant,
1266 942 1384 997 fieri
1424 939 1876 1011 opportunissime
1909 943 2166 1008 possent,

588 1042 750 1096 unius
776 1037 902 1093 anni
929 1036 1159 1107 spatium
1183 1074 1198 1098 ,
1253 1033 1394 1088 sicut
1435 1032 1600 1096 nosti,
1629 1031 1696 1085 ad
1721 1031 1836 1086 haec
1862 1027 2168 1100 peragenda

590 1128 901 1184 tribuimus.
943 1125 1046 1193 Qui
1099 1138 1230 1178 vero
1283 1123 1388 1178 hoc
1432 1136 1614 1177 annuo
1644 1129 1888 1189 tempore
1928 1126 2168 1182 nostrae,
2214 1171 2216 1173 .

590 1219 809 1288 imoque
859 1217 952 1272 Dei
991 1214 1246 1285 jussioni,
1292 1213 1443 1285 juxta
1481 1214 1628 1268 vires
1667 1215 2041 1283 obtemperare
2077 1226 2172 1266 ne-

590 1311 834 1384 glexerit,
865 1309 1108 1376 caeteris,
1142 1323 1212 1364 ne
1243 1307 1371 1363 talia
1399 1306 1578 1362 facere
1604 1305 1837 1360 audeant
1861 1345 1875 1368 ,
1905 1312 2171 1358 terrorem

588 1403 777 1473 procul
813 1401 976 1456 dubio
1015 1400 1258 1456 incutiet.
1313 1398 1552 1453 Misimus
1599 1397 1784 1466 itaque
1820 1396 1914 1451 tibi
1951 1395 2170 1449 institu-

587 1491 752 1548 tionis
809 1483 1042 1548 formam
1076 1505 1238 1561 quam
1291 1489 1438 1545 idem
1492 1503 1708 1544 sacrum
1763 1495 1820 1542 et
1866 1486 2173 1542 venerabile

589 1582 880 1638 concilium
908 1597 976 1652 ex
1007 1591 1317 1638 sanctorum
1339 1580 1563 1635 Patrum
1587 1579 1869 1634 sententiis
1887 1579 2174 1650 diligenter

588 1674 884 1745 excerpsit,
910 1683 967 1730 et
1001 1664 1500 1730 sanctimonialibus
1530 1674 1584 1728 in
1607 1687 1713 1728 uno
1743 1671 1971 1744 collegio
2007 1686 2174 1728 cano-

587 1767 712 1822 nice
759 1767 1076 1838 degentibus
1126 1764 1518 1823 observandam
1569 1764 1895 1835 percensuit
1936 1781 1949 1815 :

589 1856 707 1913 sive
733 1872 832 1929 per
870 1865 923 1912 te
948 1899 964 1920 ,
1015 1858 1128 1914 sive
1161 1872 1261 1929 per
1296 1856 1783 1928 comprovinciales
1806 1863 1927 1911 tuos
1953 1857 2166 1927 episco-

588 1963 719 2020 pos,
750 1948 805 2003 in
834 1948 1086 2004 omnibus
1114 1956 1222 2004 tuae
1264 1949 1560 2005 dioeceseos
1592 1947 1926 2018 puellaribus
1954 1963 2170 2003 monasc

589 2043 771 2110 teriis,
803 2042 860 2098 in
890 2043 1086 2114 quibus
1111 2043 1372 2097 canonice
1400 2042 1620 2106 vivitur,
1651 2041 1893 2096 studiose
1921 2040 2170 2110 prtescri-

587 2141 738 2204 ptam
775 2131 962 2190 haberi
1013 2133 1279 2188 volumus.
1339 2133 1446 2186 Sed
1497 2139 1554 2187 et
1590 2132 1694 2186 hoc
1727 2131 2070 2186 decernimus
2112 2138 2172 2186 ut

586 2241 622 2278 a
655 2225 808 2280 vobis
839 2233 946 2279 tam
976 2224 1268 2279 abbatissis
1295 2238 1455 2294 quam
1483 2222 1694 2278 caeteris
1743 2222 2170 2279 sanctimoniali-

589 2316 693 2371 bus
718 2315 981 2381 tradatur,
1014 2323 1069 2369 et
1095 2313 1325 2385 qualiter
1355 2329 1474 2369 eam
1509 2322 1694 2370 tenere
1724 2313 1954 2369 debeant
1988 2323 2170 2370 vestro

591 2406 768 2462 studio
795 2403 1169 2461 informentur.
1201 2404 1468 2460 Caeterum
1515 2405 1620 2460 nisi
1662 2404 1898 2474 aliquam
1927 2404 2170 2459 abbatis-

592 2511 777 2552 sarum
801 2497 1014 2566 quando
1072 2512 1172 2552 nos
1213 2497 1281 2552 ad
1314 2496 1659 2568 praesentiam
1697 2504 1941 2551 nostram
1982 2496 2173 2552 venire

588 2584 942 2655 iusserimus,
995 2585 1100 2641 alio
1162 2595 1404 2656 tempore
1454 2585 1704 2641 volumus
1759 2593 1820 2640 ut
1887 2585 2173 2642 abbatissae

585 2678 824 2749 propriis
875 2677 930 2732 in
990 2677 1336 2734 monasteriis
1387 2677 1704 2741 resideant,
1764 2683 1820 2731 et
1873 2675 2172 2732 secundum

591 2747 736 2825 hanc
760 2747 1133 2824 institutionis
1183 2766 1414 2824 formam
1447 2768 1628 2823 vivere
1671 2767 1882 2837 sibique
1906 2764 2175 2836 subiectas

588 2861 894 2934 gubernare
956 2860 1270 2925 decertent;
1329 2867 1385 2914 et
1440 2858 1602 2914 nullis
1641 2857 1855 2913 illarum
1893 2872 1992 2928 per
2018 2855 2176 2912 villas

588 2951 888 3018 residendi,
919 2963 1013 3007 aut
1040 2950 1190 3008 foras
1213 2951 1455 3023 qualibet
1481 2952 1768 3008 occasione
1797 2958 2020 3023 accepta
2047 2965 2175 3006 eva-

583 3044 790 3118 gandi,
819 3045 1039 3116 suisque
1069 3043 1440 3116 voluptatibus
1485 3043 1850 3110 deserviendi,
1897 3043 2174 3100 licentiam

587 3136 914 3192 attribuant.
964 3135 1286 3208 Quanquam
1330 3136 1474 3193 enim
1529 3136 1772 3192 nonnulli
1819 3135 2004 3192 clerici
2061 3141 2252 3207 mo-c
2295 3153 2306 3165 ·

589 3227 833 3282 nasteria
897 3227 1240 3296 puellarum,
1281 3235 1337 3283 et
1373 3227 1614 3283 nonnulli
1665 3226 1788 3283 laici
1841 3225 2169 3282 monasteria

590 3317 836 3372 virorum
871 3318 1037 3372 etiam
1092 3335 1156 3374 ac
1213 3318 1512 3390 puellarum
1550 3319 1827 3385 habeant,
1864 3325 1964 3374 tua‘t
1988 3327 2170 3373 tamen

595 3408 759 3468 debet
824 3410 1110 3480 providere
1163 3411 1518 3467 solertissima
1556 3412 1824 3467 industria
1872 3422 1933 3467 ut
1968 3411 2021 3466 in
2052 3426 2170 3466 om-

590 3504 756 3562 nibus
808 3503 944 3559 locis
1004 3504 1106 3560 sub
1161 3511 1254 3559 tua
1285 3504 1505 3560 dioecesi
1536 3505 1883 3570 constitutis,
1942 3504 2172 3559 ubicun-

589 3611 700 3670 que
744 3598 1196 3670 congregationes
1239 3596 1562 3654 clericorum
1593 3605 1649 3653 et
1676 3595 2172 3653 sanctimonialium

589 3696 739 3754 sunt,
765 3687 924 3759 juxta
957 3687 1368 3760 possibilitatem
1404 3695 1460 3744 et
1507 3685 1821 3743 facultatem
1856 3701 2039 3741 rerum
2091 3700 2177 3740 se-

592 3779 831 3837 cundum
887 3779 1047 3850 hujus
1093 3779 1450 3836 institutionis
1493 3777 1728 3834 formam
1773 3778 1988 3843 vivant;
2048 3777 2176 3848 quia

593 3870 742 3926 nulla
765 3878 848 3926 est
875 3871 1097 3926 omnino
1125 3869 1356 3927 ecclesia
1380 3910 1394 3936 ,
1435 3859 1556 3940 quae
1600 3869 1885 3926 facultates
1930 3867 2172 3934 habeat,

593 3957 687 4014 ubi
718 3974 824 4014 non
850 3959 1061 4028 possint
1085 3966 1165 4014 tot
1192 3957 1433 4029 talesque
1463 3958 1756 4030 gubernari
1795 3958 1888 4028 qui
1935 3958 2179 4014 divinum

593 4049 846 4120 expleant
872 4049 1128 4116 ofﬁcium,
1156 4059 1211 4106 et
1235 4050 1325 4107 ubi
1349 4050 1688 4122 hospitalitas
1713 4049 1872 4120 juxta
1898 4050 2044 4106 vires
2070 4065 2180 4106 non

594 4142 769 4213 possit
801 4141 973 4215 diligi.
1025 4142 1134 4200 Nos
1184 4159 1399 4216 quoque
1440 4144 1698 4216 praefatos
1725 4145 1919 4203 missos
1961 4155 2182 4204 nostros

597 4235 667 4291 ad
692 4245 840 4291 tuam
871 4238 1216 4294 sanctitatem
1250 4239 1375 4297 ideo
1400 4240 1697 4298 direximus
1724 4283 1740 4310 ,
1785 4251 1846 4298 ut
1888 4250 2041 4299 tuum
2083 4258 2183 4300 cae-

598 4337 951 4399 terorumque
1005 4329 1497 4388 ecclesiasticorum
1541 4333 1597 4388 in
1644 4341 1737 4388 tua
1791 4334 2012 4391 dimcesi
2050 4350 2182 4391 con-

2267 493 2511 549 quosque
2535 480 2698 534 etiam
2742 481 2918 552 dignis
2958 484 3380 554 correptionibus
3416 487 3642 561 corrigere
3673 493 3738 547 de-

2265 569 2510 626 beamus.
2537 571 2594 626 Si
2630 588 2754 628 vero
2782 574 2977 645 aliquis
3007 585 3111 632 tuae
3137 576 3384 633 dimcesis
3408 579 3561 635 eidem
3586 581 3739 638 instita

2267 662 2401 718 tioni
2431 677 2735 737 nostraeque
2757 668 3110 725 admonitioni
3132 671 3426 740 procaciter
3458 673 3594 728 reniti
3613 675 3740 732 volne-

2268 758 2361 824 rit,
2391 767 2447 812 et
2470 774 2532 814 ea
2558 775 2678 829 qua:
2697 761 2765 816 ab
2798 763 2986 817 eodem
3014 778 3172 818 sacro
3201 772 3256 819 et
3293 765 3557 820 venerabili
3579 768 3741 824 concilio

2267 851 2560 905 constituta
2599 860 2760 922 atque
2797 857 3016 910 decreta
3063 863 3230 922 sunt,
3277 865 3518 926 quantum
3559 857 3744 916 Dominus

2269 941 2348 995 cis
2381 956 2541 1012 posse
2567 943 2804 1010 dederit,
2833 945 3123 1000 observare
3151 947 3550 1016 contempserit,
3572 949 3746 1018 praecipi-

2268 1047 2388 1087 mus
2411 1041 2470 1087 ut
2505 1033 2549 1088 si
2588 1042 2742 1090 antea
2789 1034 3096 1104 huiusmodi
3126 1052 3233 1092 non
3258 1052 3315 1092 se
3346 1038 3638 1104 correxerit,
3667 1040 3746 1110 qui-

2269 1137 2479 1192 cunque
2525 1124 2614 1180 ille
2661 1133 2764 1191 est,
2814 1134 2941 1181 ante
2986 1128 3329 1197 praesentiam
3370 1137 3584 1183 nostram
3605 1137 3675 1183 tua
3691 1130 3747 1186 vel

2269 1213 2561 1269 missorum
2591 1225 2902 1272 nostrorum
2949 1219 3317 1274 admonitione
3366 1219 3535 1275 venire
3559 1218 3745 1287 festinet;

2271 1313 2535 1374 quatenus
2587 1322 2618 1361 a
2666 1307 2821 1362 nobis
2859 1309 3013 1380 juxta
3061 1310 3416 1380 quantitatem
3462 1310 3605 1381 culpa
3643 1312 3749 1381 digne

2271 1397 2595 1468 corrigatur.
2632 1398 2940 1454 Direximus
2967 1410 3232 1470 praeterea
3267 1399 3361 1454 tibi
3388 1398 3572 1470 pondus
3589 1409 3633 1456 et
3651 1417 3751 1457 men-

2269 1503 2456 1545 suram
2498 1489 2796 1546 secundum
2827 1507 2990 1562 quam
3023 1491 3242 1548 clericis
3273 1501 3327 1548 et
3356 1492 3752 1548 sanctimonialilns

2270 1581 2428 1651 panis
2452 1589 2508 1638 et
2532 1591 2692 1652 potus
2718 1583 3002 1653 aequaliter
3026 1583 3317 1639 tribuenda
3352 1591 3485 1649 sunt,
3523 1598 3622 1654 qua:
3647 1591 3692 1637 ut
3709 1583 3753 1640 ab

2271 1673 2521 1728 omnibus
2569 1672 2879 1730 firmissime
2925 1684 3088 1746 atque
3155 1675 3520 1731 inviolabiliter
3580 1684 3754 1730 teneatur

2004 1778 2167 1833 quam
2195 1764 2244 1824 B
2274 1762 2420 1837 [Leg.
2446 1764 2553 1819 vid.
2587 1763 2912 1838 teneantur]
2937 1806 2952 1829 ,
3005 1766 3370 1831 decernimus,
3399 1773 3449 1821 et
3481 1781 3540 1820 ne
3571 1766 3670 1837 quid
3701 1766 3754 1820 in-

2270 1857 2536 1913 crementi
2577 1865 2672 1913 aut
2699 1858 3009 1914 detrimenti
3039 1875 3069 1913 a
3102 1873 3373 1928 quoquam
3413 1858 3660 1928 patiantur,
3680 1872 3755 1911 mo-

2271 1948 2356 2004 dis
2381 1948 2635 2004 omnibus
2667 1949 2991 2004 inbibemus.
3030 1949 3206 2004 Tuam
3259 1949 3420 2018 igitur
3445 1949 3492 2003 in
3517 1945 3756 2015 calcebujus

2271 2039 2514 2110 epistolae
2548 2039 2903 2095 admonemus
2930 2041 3302 2106 sanctitatem,
3332 2047 3390 2094 ut
3418 2039 3663 2095 secundum
3693 2039 3757 2092 mi-

2275 2128 2561 2184 nisterium
2603 2128 2699 2184 tibi
2737 2129 2918 2184 divino
2968 2144 3197 2186 munere
3249 2129 3516 2196 collatum;
3545 2126 3756 2184 nostrain

2276 2220 2381 2276 hoc
2427 2220 2644 2292 negotio
2703 2219 3076 2276 saluberrima:
3137 2221 3480 2277 admonitioni
3530 2220 3756 2275 obedienter

2278 2322 2441 2382 atque
2466 2311 2907 2367 inexcusabiliter
2929 2327 3128 2381 pareas
3157 2353 3172 2378 ,
3209 2320 3266 2368 et
3291 2312 3487 2368 caeteris
3512 2312 3558 2365 in
3591 2308 3756 2380 parendo

2275 2403 2584 2473 exemplum
2632 2404 2832 2458 bonum
2871 2403 3104 2458 tribuas.
3163 2403 3390 2474 Dignum
3430 2403 3598 2472 quippe
3633 2407 3756 2455 estut

2277 2503 2481 2566 quanto
2525 2494 2810 2550 sublimius
2862 2493 3159 2549 sacerdotii
3207 2494 3456 2564 dignitate
3500 2491 3600 2547 aliis
3630 2504 3756 2559 super-

2275 2585 2515 2650 emiues,
2576 2595 2633 2641 et
2686 2600 2718 2639 a
2756 2585 2915 2640 nobis
2961 2584 3352 2641 venerabiliter
3382 2582 3622 2655 diligeris,
3659 2587 3755 2635 tanto

2274 2677 2450 2747 magis
2500 2677 2569 2732 ad
2622 2676 2720 2733 Dei
2763 2684 3118 2748 nostramque
3164 2676 3484 2732 voluntatem
3541 2671 3757 2729 faciendam

2277 2769 2609 2826 devotiorem
2671 2775 2726 2823 te
2766 2777 2931 2840 atque
2978 2769 3374 2841 promptiorem
3413 2767 3645 2824 exhibeas.
3677 2761 3758 2818 Vale

2277 2861 2334 2918 in
2360 2859 2615 2926 Domino,
2647 2867 2703 2916 et
2727 2874 2824 2916 ora
2850 2874 2950 2931 pro
2978 2859 3138 2915 nobis

2852 2973 3195 3032 EPISTOLA
3232 2975 3276 3032 Ῐῐ

2543 3082 2790 3124 ιυοονιει
2828 3085 2896 3123 ΔΙ)
2937 3083 3219 3125 ιοΝΔοιιοε
3250 3081 3562 3125 ANIANENSES.

2895 3159 3070 3230 (Anno
3106 3159 3262 3233 821.)

2274 3230 2560 3327 [Δριιᾶῡ.
2590 3251 2898 3327 Bouquet._,
2951 3250 3172 3327 _Recue_il
3223 3230 3615 3327 des‘lgistqtom.
3638 3243 3761 3310 για

2730 3320 3000 3378 tabulario
3023 3320 3384 3394 Anianensi.]

2342 3416 2403 3471 ln
2427 3416 2648 3493 nomine
2688 3413 2903 3469 Domini
2950 3413 3046 3468 Dei
3075 3421 3136 3468 et
3163 3412 3454 3469 Salvatorts
3502 3408 3641 3466 nostri
3677 3404 3758 3460 Iesu

2274 3507 2498 3574 Christi,
2523 3507 2826 3563 Ludovicus
2848 3505 3150 3577 imperator
3164 3506 3431 3578 Augustus
3461 3498 3758 3558 venerabilibus

2275 3600 2533 3657 fratribus
2545 3601 2600 3655 in
2612 3599 2826 3656 Aniano
2842 3600 2956 3655 sive
2967 3599 3196 3655 Gellone
3209 3598 3517 3655 monasterio
3526 3590 3758 3650 constitutis-

2345 3685 2598 3744 Proxime
2621 3688 2832 3744 accedit
2861 3700 2896 3752 ιι,
2925 3688 3277 3759 Agobardum
3303 3685 3694 3755 archiepiscopum
3719 3672 3760 3729 ad

2276 3786 2523 3835 nostram
2546 3780 2828 3858 devenisse
2853 3781 3223 3849 praesentiam,
3252 3779 3484 3839 iudicans
3520 3775 3644 3832 nobis
3677 3783 3760 3840 quo-

2279 3872 2440 3928 modo
2472 3888 2538 3930 eo
2578 3881 2845 3944 praesente
2872 3881 2926 3932 et
2976 3873 3224 3932 Nibridio
3259 3873 3651 3944 archiepiscopo,
3688 3862 3760 3917 sine

2280 3981 2435 4022 mora
2458 3981 2647 4022 omnes
2685 3965 2800 4036 pari
2833 3982 3103 4022 consensu
3133 3966 3528 4022 Tructesindum
3557 3971 3680 4028 super
3699 3965 3760 4005 τοῦ

2281 4053 2585 4126 elegissetis
2617 4055 2890 4111 abbatem.
2917 4055 3014 4110 Cui
3061 4055 3230 4123 facto,
3261 4057 3383 4125 quia
3412 4046 3674 4109 rationabile
3700 4053 3760 4096 no-

2282 4147 2367 4205 bis
2403 4149 2707 4213 videbatur,
2741 4163 3022 4204 assensum
3085 4151 3334 4218 praebere
3374 4163 3475 4202 non
3513 4138 3758 4199 distulimus.

2268 4239 2660 4295 desiderantes
2681 4254 2745 4294 ac
2769 4246 3023 4310 optantes
3045 4247 3105 4294 ut
3134 4241 3310 4310 pictas
3329 4239 3495 4294 divina
3518 4234 3560 4289 id
3583 4229 3634 4287 ad
3662 4235 3758 4280 suam

2285 4337 2341 4385 et
2366 4330 2433 4384 ad
2457 4337 2695 4384 vestram
2731 4345 3073 4385 communem
3102 4331 3328 4387 salutem
3353 4326 3586 4400 proﬁcere
3621 4316 3756 4373 faciat;

597 4420 906 4475 sistentium
936 4420 1220 4492 diligenter
1249 4429 1411 4491 atque
1455 4421 1725 4478 subtiliter
1751 4423 1805 4478 in
1835 4425 1939 4480 hoc
1968 4425 2186 4496 negotio
2209 4493 2243 4496 _
2287 4431 2343 4478 et
2381 4422 2472 4477 ille
2508 4423 2681 4493 patris
2707 4438 2769 4479 ac
2807 4425 3042 4493 pastoris
3072 4423 3221 4479 inter
3249 4441 3340 4480 vos
3378 4423 3534 4477 locum
3561 4413 3758 4470 obtineat.

595 4509 941 4565 intuerentur
972 4511 1208 4566 studium
1235 4553 1249 4576 ,
1285 4520 1342 4566 et
1372 4511 1471 4567 tibi
1502 4528 1662 4584 opem
1692 4515 1746 4569 in
1789 4516 2000 4571 caeteris
2031 4493 2181 4572 com—
2207 4493 2263 4553 Ῑ)
2287 4520 2344 4567 et
2369 4528 2486 4578 vos,
2516 4521 2576 4566 ut
2597 4511 2799 4569 Christi
2823 4529 2974 4579 oves,
3005 4515 3121 4585 pari
3153 4514 3447 4569 humilitate
3473 4519 3520 4566 et
3543 4500 3757 4585 devotione.

595 4599 882 4655 monendis
931 4599 1168 4668 ferrent;
1208 4602 1302 4673 qui
1331 4609 1387 4656 et
1437 4602 1592 4658 nobis
1635 4603 1903 4660 referrent
1950 4606 2184 4677 qualiter

597 4693 806 4763 praelati
839 4700 895 4749 et
927 4694 1162 4765 praelata:
1211 4709 1331 4751 eam
1386 4695 1618 4751 libenter
1646 4699 2007 4768 susceperint,
2061 4699 2186 4755 dili-

599 4794 894 4856 genterque
926 4787 1292 4843 transcribere
1321 4788 1642 4854 studuerint,
1675 4797 1732 4843 et
1780 4790 1971 4845 devote
2015 4792 2184 4846 adim-

601 4877 752 4948 plere
791 4876 946 4946 juxta
995 4877 1142 4932 vires
1188 4878 1533 4943 curaverint;
1567 4880 1824 4950 quoniam
1859 4882 2042 4937 tandiu
2067 4869 2193 4937 illos

602 4969 656 5023 in
687 4978 777 5023 tua
805 4969 888 5023 vel
919 4969 1456 5040 comprovincialium
1488 4979 1702 5026 tuorum
1729 4971 1950 5026 dimcesi
1986 4972 2194 5029 morari

603 5068 658 5115 et
739 5060 1051 5118 discurrere
1123 5079 1229 5116 una
1307 5079 1430 5116 cum
1506 5062 1673 5117 misso
1733 5071 1827 5118 tuo
1883 5064 2186 5134 jussimus,
2226 5099 2240 5110 -

605 5149 777 5206 donec
820 5151 886 5206 ab
924 5151 1176 5207 omnibus
1206 5159 1520 5207 memoratae
1567 5151 1814 5208 formula:
1864 5153 2192 5208 transcribe-

604 5250 825 5310 rentur;
883 5251 943 5299 ut
983 5245 1236 5301 videlicet
1276 5253 1470 5301 cuncta
1514 5253 1904 5313 procurantes,
1967 5247 2190 5320 diligen-

603 5341 796 5406 terque
844 5343 1136 5402 taxantes,
1195 5351 1319 5392 cum
1373 5335 1441 5390 ad
1487 5351 1592 5392 nos
1639 5336 1758 5392 illos
1805 5337 1986 5393 redire
2031 5353 2195 5410 opere

605 5427 820 5499 expleto
848 5436 1061 5497 tempus
1087 5429 1395 5498 permiserit
1420 5469 1435 5494 ,
1493 5437 1689 5484 cuncta
1736 5444 1856 5500 qua:
1897 5438 2017 5485 acta
2069 5438 2196 5486 sunt

607 5533 790 5580 vestro
819 5533 1175 5593 utrorumque
1203 5525 1406 5594 scripto
1437 5532 1710 5587 notentur,
1738 5533 1900 5594 atque
1927 5540 2024 5596 per
2050 5525 2194 5594 ipsos

610 5622 872 5686 tuumque
907 5616 1134 5671 missum
1162 5623 1363 5670 nostrae
1401 5615 1786 5687 dignoscentiae
1832 5615 2190 5684 intimentur;

2291 4603 2430 4659 sicut
2451 4604 2672 4675 dignum
2710 4614 2763 4661 et
2789 4583 3022 4660 rectum?
3047 4613 3150 4671 est,
3181 4605 3374 4661 subditi
3401 4614 3452 4658 et
3476 4583 3758 4685 obedientesa

2291 4695 2431 4774 sitis.
2498 4696 2565 4750 Et
2597 4695 2714 4752 haec
2769 4688 3075 4751 obedientia
3112 4697 3196 4750 vel
3232 4691 3530 4750 humilitatis
3576 4681 3756 4774 subiectio

2291 4772 2573 4842 charitatis
2598 4787 2895 4842 munimine
2921 4796 3006 4843 est
3041 4786 3368 4851 roboranda;
3409 4798 3515 4854 quae
3539 4779 3631 4835 sine
3651 4772 3758 4866 sistit:

2293 4878 2493 4932 latione
2520 4876 2670 4932 falsae
2697 4879 3034 4934 extrinsecus
3062 4877 3429 4934 ostentationis
3453 4875 3500 4929 in
3540 4866 3656 4922 vobis
3683 4859 3757 4914 ﬁcti

2292 4984 2516 5024 necesse
2551 4977 2652 5024 est.
2687 4969 2796 5024 Vos
2842 4971 2986 5024 cnim
3028 4971 3230 5041 Optime
3285 4968 3446 5025 nostis
3493 4976 3594 5018 cum
3625 4959 3756 5025 (Ιυληίθ

2291 5061 2469 5117 studio
2493 5077 2557 5116 ac
2582 5060 2779 5116 sudore
2803 5077 2835 5115 a
2866 5062 3038 5116 beatae
3065 5061 3336 5117 memoria:
3361 5060 3534 5115 domno
3557 5041 3756 5104 Benedic”

2290 5152 2451 5209 Patre
2471 5161 2654 5208 vestro
2690 5154 2840 5209 locus
2867 5155 2969 5210 iste
2993 5157 3168 5226 primo
3191 5155 3462 5209 inchoatus
3497 5153 3567 5201 est
3590 5154 3637 5194 ac
3673 5145 3757 5187 con‘

2295 5239 2534 5300 structus
2583 5253 2702 5300 est:
2742 5243 2937 5302 deinde
2970 5225 3075 5317 qua
3099 5245 3366 5318 diligentia
3389 5242 3467 5296 ille
3495 5225 3756 5318 nitebatur,“

2295 5351 2413 5414 vos,
2447 5352 2584 5406 quos
2609 5336 2789 5391 divina
2811 5339 3032 5408 superni
3057 5338 3293 5393 Pastoris
3318 5334 3476 5407 gratia
3495 5342 3576 5400 per
3595 5313 3754 5414 sua:

2297 5403 2530 5484 votionis
2552 5403 2894 5483 instantiam—
2918 5429 3052 5484 inibi
3101 5403 3476 5485 coadunaverat
3491 5460 3506 5486 ,
3550 5403 3754 5470 secundum

2295 5519 2607 5577 monasticre
2637 5520 2760 5574 vitm
2791 5521 3029 5592 regulam
3054 5531 3196 5577 recte
3224 5488 3753 5592 conversareminilll:0d

2296 5623 2347 5671 et
2377 5614 2487 5669 Deo
2516 5612 2798 5682 largiente,
2817 5583 2974 5682 jdxta
3017 5615 3089 5685 id,
3114 5613 3252 5688 quod
3287 5603 3592 5670 desideravit,
3612 5592 3660 5649 ad
3675 5583 3754 5642 etio-

685 5745 713 5775 ι
749 5731 1066 5799 Agobardus
1121 5730 1494 5798 Lugdunensis
1543 5741 1663 5788 erat
1719 5732 2188 5805 archiepiscopus,
2228 5731 2502 5790 Nibridius
2521 5728 2907 5787 Narbonensis.
