4050 6340
286 356 426 418 1513

1730 333 2114 402 EPISTOLJE.

3403 320 3537 394 ςδίτι

287 486 437 534 cum,
461 472 736 547 perduxit.
766 471 876 530 sed
911 478 966 528 ει
999 468 1068 527 de
1111 474 1463 526 sacrosanch
1495 463 1686 521 eodem
1731 473 1862 514 εχει.
1888 455 1943 516 Α
1966 460 2102 514 tres,
2134 443 2426 502 statuimus
2471 437 2762 494 admonere
2786 443 2848 490 ut
2875 435 2931 490 in
2958 432 3210 491 omnibus
3238 431 3420 488 abbati
3449 447 3545 491 ve-

2150 543 2158 547 .
2298 534 2310 546 .
2384 532 2416 547 ..
3078 525 3259 547 4.2--.
3287 523 3518 547 tum.--

285 570 435 627 mine
459 582 559 640 per
594 567 881 638 imperium
906 581 938 620 a
980 563 1092 620 Deo
1120 562 1280 619 nobis
1307 558 1660 616 commissum
1707 553 1866 623 longe

287 664 504 735 lateque
531 662 635 734 pia:
657 659 1082 719 conversationis
1105 671 1351 714 normam
1389 649 1732 723 coadoptavit
1751 688 1766 712 ,
1813 652 1870 700 et

289 756 446 811 vobis
503 754 857 810 disseminare
885 765 912 793 ιι
941 766 1046 806 non
1078 749 1304 806 destitit.
1354 746 1422 800 Et
1461 759 1584 798 cum
1625 736 1867 812 profecto

288 848 366 902 ita
392 861 449 902 se
477 860 566 902 res
587 846 801 910 habeat,
833 844 1057 915 dignum
1085 857 1182 898 vos
1212 834 1503 895 admonere
1544 831 1865 894 statuimus,

285 949 351 995 ut
375 938 484 993 Deo
510 944 835 1009 cooperante
864 935 920 990 id
949 933 1158 990 efﬁcere
1183 922 1466 994 studeatis,
1489 941 1558 982 ne
1597 926 1652 980 in
1680 923 1868 979 diebus

288 1032 490 1088 vestris
518 1047 607 1087 res
629 1039 738 1085 tam
763 1029 977 1100 egregie
1020 1027 1270 1082 inchoata
1297 1033 1352 1079 et
1377 1022 1444 1078 ad
1470 1022 1870 1076 incrementum

288 1127 571 1199 perducta,
609 1121 848 1193 quolibet
898 1135 1027 1176 casu
1083 1118 1374 1188 quidquam
1435 1108 1743 1169 detrimenti
1777 1121 1870 1161 su~

289 1226 443 1273 mat:
478 1216 573 1271 sed
620 1215 756 1270 tales
809 1227 1022 1282 semper
1044 1225 1144 1282 per
1166 1209 1262 1264 Dei
1296 1202 1729 1262 misericordiam
1750 1213 1871 1254 esse

290 1309 575 1373 studeatis,
603 1315 662 1364 ut
693 1306 760 1362 de
794 1303 950 1360 vobis
978 1302 1208 1374 possint,
1231 1300 1370 1356 sicut
1397 1297 1547 1369 prius
1569 1334 1586 1359 ,
1626 1287 1873 1362 magistri

290 1411 347 1459 et
369 1403 620 1458 doctores
643 1407 846 1455 sanctze
883 1411 990 1452 non
1010 1395 1184 1452 solum
1211 1389 1473 1462 regularis
1504 1386 1656 1449 vitre,
1686 1395 1871 1437 verum

291 1494 470 1552 onmis
502 1490 759 1562 spiritalis
784 1503 988 1545 norma:
1013 1494 1072 1542 et
1095 1481 1364 1557 'prazcipui
1408 1478 1578 1550 apicis
1627 1471 1871 1537 assumi,

293 1589 603 1658 ubicunque
671 1584 973 1642 necessitas
1029 1580 1116 1637 vel
1161 1577 1411 1635 voluntas
1473 1570 1654 1628 fuerit.
1704 1567 1875 1622 Porro

292 1677 710 1737 Tructesindum
740 1676 990 1732 abbatem
1017 1680 1258 1728 vestrum
1281 1664 1613 1722 admonitum
1638 1672 1759 1716 esse
1785 1670 1876 1711 vo-

292 1771 473 1827 lumus
498 1779 560 1825 ut
599 1769 744 1824 circa
784 1783 881 1823 vos
905 1776 1191 1837 paternum
1220 1765 1476 1814 exerceat
1521 1764 1784 1815 amorem,
1821 1752 1877 1800 et

294 1859 602 1918 consideret
629 1858 925 1916 secundum
971 1863 1210 1919 aetatem,
1243 1849 1327 1905 vel
1356 1844 1717 1902 valetudinem
1751 1854 1874 1896 cor-

293 1954 466 2025 poris,
492 1951 576 2007 vel
603 1947 935 2006 inﬁrmitatis
959 1944 1244 2016 cujuslibet
1293 1938 1596 1996 molestiam
1625 1935 1755 2004 quid
1788 1931 1876 1987 cui

297 2045 586 2101 conveniat
607 2059 675 2098 ex
703 2040 960 2110 subjectis
983 2038 1107 2103 sibi,
1141 2043 1197 2092 et
1237 2039 1429 2090 caveat
1457 2024 1782 2086 omnimodis
1808 2038 1878 2079 ne

297 2135 354 2191 in
389 2133 722 2206 negligentes
752 2132 888 2187 adeo
938 2128 1146 2184 fervida
1185 2125 1285 2180 zeli
1333 2120 1618 2192 castigatio
1660 2116 1877 2172 modum

297 2224 542 2290 excedat,
566 2233 628 2278 ut
655 2238 750 2278 eos
775 2220 1148 2292 pusillanimes
1193 2215 1410 2280 reddat;
1444 2227 1548 2267 nec
1594 2209 1736 2281 apud
1783 2207 1880 2263 ob-

299 2328 577 2375 servantes
598 2317 848 2372 mandata
875 2314 971 2369 Dei
1003 2312 1126 2368 talis
1145 2312 1239 2377 sit,
1264 2317 1324 2365 ut
1348 2315 1566 2377 torpore
1592 2311 1648 2359 et
1673 2300 1880 2358 desidia

299 2411 357 2466 in
387 2411 466 2466 eis
492 2410 726 2482 rigorem
748 2406 1066 2464 constantia
1092 2403 1337 2474 frangat;
1390 2399 1484 2456 sed
1513 2396 1747 2453 maxima
1773 2394 1883 2450 dis—

303 2505 542 2560 cretione
569 2502 725 2571 juxta
753 2498 1068 2572 Apostolum
1096 2498 1166 2554 sit
1187 2492 1440 2552 omnibus
1475 2491 1658 2546 omnia
1686 2489 1878 2554 factus,

303 2605 364 2653 ut
389 2611 578 2653 omnes
604 2595 673 2650 ad
721 2609 781 2650 se
822 2593 1156 2664 pertinentes
1189 2588 1400 2646 salvare
1427 2586 1620 2657 possit.
1654 2580 1808 2650 Quod
1837 2579 1884 2634 si

303 2690 444 2748 forte
469 2686 732 2754 evenerit,
759 2686 902 2758 quod
935 2699 1037 2740 nos
1067 2698 1176 2738 non
1221 2688 1490 2752 optamus,
1518 2684 1578 2731 ut
1616 2673 1706 2730 ille
1729 2680 1886 2728 extra

306 2781 548 2852 regulam
577 2778 731 2835 vobis
767 2793 800 2834 a
839 2784 1138 2833 memorato
1161 2772 1454 2829 Benedicto
1481 2769 1685 2841 Optime
1713 2765 1886 2822 tradi-

307 2885 421 2932 tam
463 2876 519 2932 in
570 2873 748 2943 aliquo
797 2869 1134 2934 deviaverit',
1181 2875 1236 2924 et
1276 2864 1451 2936 magis
1487 2856 1715 2918 voluerit
1768 2873 1888 2929 quae

307 2969 512 3040 agenda
534 2974 662 3023 sunt
688 2965 909 3038 pr0prio
935 2962 1160 3019 arbitrio
1201 2969 1258 3018 et
1285 2960 1562 3015 voluntate
1603 2969 1766 3026 quam
1789 2967 1884 3007 ve-

307 3069 422 3115 stro
445 3058 718 3116 communi
743 3056 969 3114 consilio
991 3069 1171 3128 agere,
1200 3069 1298 3110 vos
1318 3067 1466 3118 eum,
1490 3057 1551 3104 ut
1581 3045 1889 3104 charissimi

309 3151 506 3208 fratres
539 3157 596 3208 et
617 3150 733 3216 ﬁlii,
756 3165 878 3206 cum
901 3149 1048 3204 omni
1086 3144 1500 3202 mansuetudine
1535 3149 1592 3196 et
1630 3136 1889 3211 patientia

308 3244 584 3314 corrigite.
609 3242 677 3297 Et
707 3241 752 3297 si
777 3240 932 3296 vobis
961 3253 1240 3296 assensum
1265 3234 1574 3308 praebuerit,
1594 3241 1649 3288 et
1674 3246 1772 3302 per
1793 3243 1890 3284 vos

309 3344 588 3392 correctus
633 3333 829 3399 fuerit,
886 3333 990 3387 hoc
1016 3331 1113 3386 Dei
1152 3330 1294 3385 dono
1337 3325 1588 3382 tribuatis
1619 3341 1632 3376 :
1667 3322 1714 3379 si
1751 3335 1884 3378 vero

309 3431 400 3488 ille
433 3428 766 3501 pertinacior
794 3426 850 3481 in
877 3440 994 3489 sua,
1025 3438 1133 3494 quo
1155 3420 1318 3487 absit,
1345 3429 1670 3490 permanere
1700 3412 1892 3470 volue-

309 3524 384 3580 rit
409 3519 696 3585 sententia,
726 3525 856 3574 tunc
883 3516 1040 3572 nobis
1057 3514 1115 3570 id
1139 3510 1432 3584 signiﬁcari
1466 3508 1617 3580 prius
1644 3504 1858 3561 faciatis
1875 3540 1894 3570 ,

311 3628 476 3684 quam
505 3611 639 3667 foris
667 3609 860 3666 vicinis
880 3606 1079 3665 vestris
1121 3613 1308 3662 notum
1333 3604 1430 3659 ﬂat
1452 3642 1468 3668 ,
1499 3601 1624 3671 quia
1671 3613 1794 3668 cum
1839 3597 1897 3652 in

311 3705 434 3777 aliis
463 3702 698 3775 regalem
711 3715 1063 3758 exerceamus
1088 3703 1433 3769 potestatem,
1461 3694 1517 3748 in
1534 3691 1688 3748 vobis
1715 3698 1894 3745 tamen

311 3807 600 3872 paternum
645 3811 860 3868 semper
903 3793 1152 3849 volumus
1206 3789 1449 3845 obtinere
1504 3782 1774 3840 affectum.
1833 3779 1902 3836 Et

315 3890 562 3964 quamvis
588 3889 704 3944 hate
729 3884 950 3942 licentia
979 3899 1010 3938 a
1033 3881 1189 3937 nobis
1215 3880 1288 3934 sit
1310 3877 1463 3932 vobis
1494 3886 1777 3937 concessa,
1816 3877 1901 3924 ta-

315 3962 441 4040 men
489 3991 832 4048 summopere
876 3972 1175 4031 cavendum
1220 3977 1304 4026 est
1344 3981 1413 4023 ne
1444 3966 1510 4022 de
1557 3962 1798 4035 qualibet
1841 3972 1903 4015 re

318 4073 579 4128 adversus
605 4069 856 4126 abbatem
889 4072 1130 4122 vestrum
1174 4061 1278 4117 levi
1314 4058 1395 4114 ira
1427 4064 1519 4112 aut
1567 4067 1902 4126 parva-per-

317 4165 628 4223 turbatione
648 4160 986 4225 inﬂammati,
1012 4157 1214 4212 frustra
1253 4150 1520 4224 pertinaci
1558 4146 1782 4203 audacia
1809 4144 1904 4200 ad-

318 4273 511 4314 versus
538 4271 663 4311 eum
691 4247 1165 4310 commoveamini.
1207 4244 1342 4299 Nam
1369 4242 1414 4298 si
1449 4239 1640 4310 aliquis
1664 4246 1904 4292 vestrum

321 4351 442 4409 sine
465 4351 674 4406 ratione
697 4349 958 4403 adversus
979 4357 1103 4399 eum
1152 4336 1573 4395 inflammabitur
1598 4341 1654 4388 et
1690 4339 1904 4387 nostras

323 4459 483 4501 aures
507 4443 623 4498 sine
643 4455 806 4497 causa
834 4433 1157 4510 pulsaverit,
1200 4447 1298 4487 nos
1328 4428 1586 4485 adversus
1607 4439 1666 4480 se
1694 4420 1906 4478 noverit

325 4535 571 4591 districta
598 4528 1065 4588 animadversione
1085 4539 1206 4581 esse
1226 4531 1578 4584 commotum,
1609 4523 1668 4572 ut
1696 4514 1785 4570 ille
1810 4513 1901 4584 qui
1928 4560 1982 4620 Β

323 4627 584 4698 ejusmodi
612 4634 695 4682 est
717 4624 927 4680 creteris
962 4621 1056 4676 fiat
1092 4620 1504 4680 documentum;
1536 4627 1604 4668 ne
1635 4611 1689 4667 in
1717 4615 1900 4681 poste-

326 4735 448 4777 rum
476 4718 671 4790 aliquis
705 4716 898 4771 audeat
938 4713 1198 4769 adversus
1225 4709 1545 4780 magistrum
1586 4719 1743 4759 suum
1773 4698 1908 4768 inju-

327 4821 412 4870 ste
433 4825 778 4882 consurgere.
807 4808 916 4863 Vos
961 4818 1196 4876 quoque,
1227 4799 1501 4863 seniores,
1554 4795 1608 4850 in
1657 4793 1906 4849 omnibus

329 4904 579 4975 adiuvate
603 4917 747 4968 eum,
771 4909 882 4956 tam
915 4899 970 4954 in
999 4896 1334 4954 districtione
1351 4890 1629 4962 juniorum
1653 4885 1904 4951 fratrum,

329 5009 492 5066 quam
519 4994 682 5049 etiam
703 4999 758 5046 et
784 4989 990 5060 reliqua
1016 4988 1251 5042 utilitate
1278 4979 1729 5045 monasterii,nec
1755 4975 1906 5031 illum

330 5085 505 5143 solum
535 5083 634 5138 sub
658 5081 794 5137 tanti
823 5079 1079 5150 ponderis
1127 5091 1294 5133 onere
1322 5071 1537 5146 gravari
1582 5066 1862 5142 patiamini
1893 5084 1906 5119 :

333 5177 441 5234 Sed
463 5175 614 5247 juxta
640 5172 955 5244 Apostolum
981 5171 1197 5226 invicem
1220 5183 1378 5224 onera
1403 5171 1626 5237 portate,
1656 5169 1703 5215 et
1720 5161 1796 5214 sic
1817 5156 1913 5211 ad-

332 5268 608 5341 implebitis
658 5265 820 5337 legem
869 5264 1085 5320 Christi.
1122 5262 1232 5317 Vos
1260 5269 1440 5315 autem
1465 5297 1481 5324 ,
1532 5255 1778 5341 iuniores
1806 5250 1914 5306 fra-

407 5412 434 5442 ι
473 5397 710 5469 Corrigit
731 5394 974 5452 Cointius
998 5435 1014 5462 ,
1055 5389 1367 5448 coadunavit
1397 5404 1426 5442 ε
1450 5385 1593 5442 vobis
1620 5424 1636 5451 ,
1680 5389 1728 5437 et
1761 5380 1921 5436 disse-

333 5487 556 5526 mmare.

411 5542 438 5582 ιι
471 5524 570 5595 Hic
587 5538 889 5595 Ludovicus
918 5535 1046 5590 Pius
1076 5540 1302 5589 vocatur
1343 5530 1642 5602 imperator
1676 5524 1916 5602 Εηηςοη

340 5626 482 5676 rum,
511 5594 622 5666 non
649 5594 779 5666 vero
815 5610 1104 5680 imperator
1135 5594 1728 5680 Romanoruni._Grm§i
1765 5594 1913 5680 enim

342 5667 446 5741 nec
466 5667 719 5738 Carolum
741 5667 988 5751 Magn’um
1013 5690 1112 5731 nec
1131 5674 1246 5744 ejus
1273 5675 1329 5729 in
1353 5667 1918 5751 imperium_0cciden-

344 5736 454 5819 ἱᾶιὲ
481 5736 862 5818 ἐπίπεδοι-θεῖ
911 5736 1393 5821 quantumcunque
1418 5736 1498 5801 eis
1543 5736 1913 5813 indiguerint,

1969 547 2084 595 stro
2111 543 2166 592 et
2198 532 2504 590 senioribus
2529 528 2722 584 vestris
2741 527 3054 583 obedientes
3076 525 3196 581 sitis
3209 533 3263 579 et
3287 523 3544 592 humiles,

1969 647 2076 686 non
2103 625 2360 699 protervi,
2390 637 2498 679 non
2523 625 2969 682 murmuratores,
2998 617 3091 673 sed
3121 631 3244 671 cum
3266 614 3415 672 omni
3444 615 3548 670 hu-

1968 722 2195 779 militate
2235 733 2298 774 ac
2357 713 2768 771 mansuetudine
2812 719 3023 766 servate
3073 709 3406 780 propositum
3455 719 3551 762 vei

1971 819 2165 867 strum.
2204 807 2340 861 Nam
2360 805 2406 860 si
2434 818 2590 860 secus
2618 801 2935 872 egeritis,ut
2965 799 3158 868 aliquis
3189 807 3428 854 vestrum
3455 797 3550 852 ad-

1969 917 2160 959 versus
2182 899 2430 955 abbatem
2453 906 2508 952 et
2537 894 2733 950 fratres
2757 892 2991 957 infletur,
3015 901 3069 946 et
3093 906 3198 946 non
3220 891 3393 946 solum
3422 890 3548 955 sibi,

1971 995 2066 1051 sed
2092 992 2258 1048 etiam
2289 989 2408 1044 aliis
2436 1001 2702 1057 perversae
2749 982 3191 1053 transgressionis
3223 981 3386 1036 fuerit
3419 981 3555 1036 invi—

1973 1093 2294 1148 tamentum,
2320 1090 2374 1137 et
2403 1096 2508 1136 non
2545 1080 2628 1135 sui
2667 1077 2876 1132 abbatis
2901 1084 2955 1130 et
2983 1075 3212 1130 fratrum
3236 1075 3555 1129 sustinuerit

1973 1174 2386 1237 correctionem,
2400 1171 2545 1225 hunc
2565 1169 2722 1224 nobis
2748 1183 2869 1222 cum
2886 1165 3227 1222 festinatione
3254 1165 3392 1219 mitti
3414 1179 3556 1234 prae-

1974 1268 2226 1339 cipimus,
2255 1273 2313 1320 ut
2343 1278 2466 1319 eum
2505 1264 2559 1318 in
2607 1261 2772 1316 talem
2809 1259 2985 1315 locum
3034 1258 3358 1329 dirigamus,
3411 1255 3554 1310 unde

1975 1358 2065 1414 ille
2092 1358 2246 1413 vobis
2276 1355 2500 1410 minime
2524 1353 2697 1424 possit
2723 1351 3016 1422 quidquam
3067 1349 3269 1405 inferre
3292 1348 3553 1404 scandali.

1975 1449 2104 1506 Hec
2150 1449 2303 1506 vobis
2359 1449 2481 1503 ideo
2519 1447 2757 1502 scribere
2795 1442 3086 1514 iussimus,
3140 1451 3199 1496 ut
3234 1457 3559 1512 cognoscere

1974 1540 2198 1612 possitis
2225 1547 2482 1610 quantam
2510 1552 2697 1593 curam
2747 1552 2812 1592 ac
2835 1535 3254 1591 sollicitudinem
3290 1535 3356 1589 de
3406 1532 3561 1588 vobis

1978 1632 2178 1688 habere
2207 1632 2598 1687 desideramus.
2652 1629 2909 1684 Eamdem
2935 1629 3077 1683 enim
3105 1626 3523 1681 familiaritatem
3546 1663 3563 1689 ,

1979 1741 2140 1796 quam
2168 1741 2292 1780 cum
2320 1714 2420 1794 piae
2445 1720 3140 1780 recordationisBenedicto
3155 1721 3351 1774 abbate
3379 1725 3564 1772 vestro

1901 1815 1950 1875 B
1977 1819 2181 1874 habere
2209 1817 2311 1872 visi
2341 1831 2548 1881 sumus,
2577 1815 2622 1870 si
2651 1824 2921 1885 praecepta
2975 1811 3090 1881 ejus
3138 1810 3412 1866 custodire
3437 1810 3568 1864 obe-

1981 1911 2194 1968 dientes
2220 1909 2520 1974 volueritis,
2554 1908 2837 1963 vobiscum
2877 1904 3126 1961 similiter
3161 1903 3362 1958 habere
3408 1901 3564 1955 volu-

1980 2017 2121 2067 mus,
2149 2011 2202 2056 ct
2227 2015 2411 2056 curam
2437 1999 2618 2072 .vestri
2666 1998 2943 2068 ipsiusque
2985 1992 3299 2050 monasterii
3353 2005 3568 2060 semper

1981 2109 2162 2166 agere.
2179 2093 2246 2147 Et
2267 2093 2392 2162 quia
2409 2098 2620 2147 constat
2640 2103 2738 2160 per
2754 2083 2999 2143 chartam
3015 2084 3314 2141 donationis
3325 2080 3570 2152 praedicti

1982 2182 2160 2239 Patris
2180 2181 2348 2236 vestri
2377 2181 2626 2235 eumdem
2669 2177 3056 2234 monasterium
3103 2173 3361 2245 genitoris
3399 2167 3572 2227 nostri

1982 2276 2154 2346 prius,
2187 2283 2242 2330 et
2271 2275 2446 2329 denuo
2469 2281 2714 2328 nostrum
2735 2284 2857 2324 esse
2878 2268 3109 2333 alodem,
3135 2265 3381 2320 eamdem
3403 2261 3571 2317 licen-

1985 2370 2137 2434 tiam,
2172 2385 2333 2439 quam
2363 2369 2476 2438 ipse
2503 2368 2730 2438 priuset
2758 2381 2858 2441 nos
2880 2364 3134 2433 deinceps
3158 2377 3256 2432 per
3302 2365 3571 2430 praecepta

1986 2460 2342 2517 immunitatis
2370 2458 2471 2513 visi
2508 2472 2692 2511 sumus
2721 2443 3036 2518 concedere,
3066 2451 3341 2524 perpetuis
3366 2457 3572 2519 tempo-

1987 2553 2140 2608 ribus
2170 2551 2399 2606 [irmiter
2419 2550 2711 2604 observare
2758 2554 2811 2600 et
2835 2543 3215 2600 inviolabiliter
3249 2553 3574 2596 conservare

1985 2643 2396 2716 promittimus:
2453 2650 2513 2694 ut
2564 2638 2992 2709 quandocunque
3043 2633 3223 2688 divina
3288 2630 3574 2686 vocatione

1987 2737 2280 2810 praedictus
2311 2734 2479 2790 abbas
2504 2732 2585 2788 vel
2613 2743 2954 2787 successores
2983 2725 3098 2796 ejus
3126 2726 3191 2781 de
3212 2726 3313 2780 hac
3337 2723 3457 2778 luce
3483 2721 3581 2776 mi-

1989 2829 2286 2900 graverint,
2301 2826 2540 2897 quandiu
2569 2825 2710 2878 inter
2728 2837 2825 2877 vos
2848 2820 2982 2876 tales
3009 2818 3250 2874 invenire
3270 2815 3579 2888 potueritis,

1988 2924 2081 2994 qui
2116 2923 2286 2991 ipsam
2307 2918 2780 2991 congregationem
2813 2914 3106 2971 secundum
3135 2911 3373 2982 regulam
3401 2907 3578 2964 sancti

1987 3014 2263 3071 Benedicti
2293 3028 2480 3085 regere
2509 3010 2740 3075 valeant,
2786 3022 2884 3077 per
2921 3018 3064 3076 saepe
3099 3003 3356 3072 scriptam
3401 3007 3456 3053 et
3490 3013 3581 3052 ro-

1990 3109 2239 3165 boratam
2266 3115 2511 3163 nostram
2568 3103 2944 3159 auctoritatem
2985 3098 3272 3154 licentiam
3331 3093 3580 3149 habeatis

1917 3177 1964 3244 C
1994 3219 2208 3275 semper
2255 3201 2486 3275 eligendi
2519 3200 2789 3255 abbatem.
2839 3196 3101 3267 Optamus
3136 3207 3235 3247 vos
3283 3206 3384 3261 pro
3418 3187 3582 3243 nobis

1993 3308 2210 3355 orantes
2243 3311 2309 3352 ac
2348 3300 2595 3351 sanctum
2619 3289 2951 3363 propositum
2994 3293 3240 3343 vestrum
3275 3279 3583 3339 custodien-

1994 3399 2077 3448 tes
2105 3404 2319 3461 semper
2343 3389 2480 3445 bene
2500 3386 2702 3440 valcre.
2733 3383 2926 3438 Amen.

2543 3496 2881 3555 EPISTOLA
2924 3493 3011 3552 Ill.

1997 3612 2280 3656 IICBAELIS
2314 3612 2384 3653 ET
2426 3607 2711 3650 THEOPHILI
2749 3604 2879 3647 FlLll
2918 3599 3168 3643 OBIENTIS
3199 3577 3582 3640 IKPERATOBUH

2459 3682 2528 3720 AD
2573 3676 2874 3720 LUDOVICUM
2915 3672 3061 3712 PIUI.

2642 3754 2814 3826 (Anno
2851 3749 3001 3820 824.)

2001 3853 2192 3928 [Apud
2226 3851 2291 3906 D.
2320 3850 2608 3919 Bouquet.,
2645 3846 2799 3928 ibid.”
2830 3838 3160 3928 ex_Baronio
3205 3838 3261 3896 in
3290 3837 3582 3894 Annalibus

2583 3910 2965 3972 ecclesiasticis.
2982 3910 3002 3985 ‘|

2071 4038 2131 4094 ln
2166 4037 2384 4094 nomine
2411 4034 2629 4100 Patris,
2681 4038 2735 4088 et
2789 4029 2944 4096 Filii,
2991 4040 3046 4085 et
3092 4026 3326 4100 Spiritus
3379 4028 3586 4094 sancti,

2003 4129 2165 4186 unius
2191 4128 2291 4184 soli
2332 4126 2447 4182 veri
2474 4125 2590 4191 Dei,
2616 4122 2844 4179 Michael
2870 4129 2925 4177 et
2951 4120 3278 4192 Theophilus
3303 4119 3488 4176 ﬁdeles
3529 4119 3587 4174 in

2006 4222 2124 4294 ipso
2151 4221 2259 4276 Deo
2290 4219 2643 4290 imperatores
2687 4215 3075 4294 Romanorum,
3100 4213 3294 4268 dileCto
3333 4221 3388 4267 et
3416 4212 3586 4266 hono-

2007 4293 2165 4370 rabili
2189 4297 2345 4367 fratri
2373 4309 2646 4364 Ludovico
2673 4306 2904 4379 glorioso
2931 4293 3417 4375 rcgiFrancorum,
3440 4301 3589 4361 Lon...

2006 4403 2386 4478 gobardorum,
2414 4408 2470 4457 et
2501 4401 2528 4440 δ
2557 4407 2750 4454 vocato
2780 4412 2967 4452 eorum
3013 4394 3326 4465 imperatori
3360 4404 3406 4446 α.

2126 4533 2140 4550 .
2169 4535 2182 4551 .
2209 4535 2222 4548 .
2258 4492 2284 4534 δ
2321 4493 2399 4547 Ex
2440 4507 2505 4548 eo
2535 4499 2778 4560 tempore
2807 4503 2995 4544 omnes
3039 4485 3334 4541 Christiani
3377 4482 3589 4553 imperii

2006 4588 2178 4645 nostri
2207 4587 2273 4642 ad
2325 4585 2474 4656 pacis
2504 4583 2769 4638 unitatem
2822 4588 2878 4636 et
2923 4579 3204 4649 pristinam
3243 4574 3590 4631 concordiam

2007 4684 2303 4747 redierunt,
2331 4680 2698 4753 glorificantes
2728 4684 2782 4732 et
2829 4671 3240 4744 magnificantes
3290 4684 3591 4740 propugna-

2009 4786 2182 4834 torem
2214 4782 2456 4830 nostrum
2494 4769 2779 4824 Dominum
2832 4763 3017 4820 Jesum
3064 4761 3336 4819 Christum
3382 4760 3482 4842 qui.
3520 4759 3590 4814 ad

2008 4870 2272 4927 unitatem
2301 4864 2421 4920 fidei
2447 4861 2750 4919 coaduuare
2775 4856 3029 4928 populum
3055 4871 3211 4910 suum
3227 4853 3478 4924 dignatus
3506 4858 3593 4905 est

2007 4965 2064 5019 in
2086 4959 2471 5029 subjectionem
2519 4951 2660 5023 quod
2690 4950 2758 5004 ab
2795 4963 2860 5003 eo
2885 4957 2969 5003 est
2990 4945 3200 5016 imperii
3229 4941 3419 4997 nostri.
3448 4941 3593 5008 Quo-

2012 5051 2158 5106 circa
2188 5049 2406 5118 dignum
2431 5040 2858 5099 existimavimus
2886 5037 3002 5092 lucc
3023 5033 3177 5105 quasi
3202 5030 3428 5102 pacifico
3457 5029 3592 5084 ami-

2012 5161 2078 5204 co
2124 5153 2178 5202 et
2227 5140 2455 5215 spiritali
2486 5138 2639 5194 fratri
2666 5128 2888 5200 nostro,
2919 5139 2993 5198 et,
3014 5138 3074 5185 ut
3121 5127 3412 5190 credimus,
3441 5123 3592 5179 socio

2015 5237 2193 5312 gaudii
2217 5252 2249 5292 a
2280 5235 2389 5290 Deo
2419 5229 2628 5300 imperii
2657 5226 2829 5282 nostri
2875 5219 3163 5278 manifesta
3213 5217 3390 5273 facere
3412 5258 3426 5284 ,
3470 5228 3592 5287 quae

2016 5377 2291 5438 Augustos
2317 5379 2372 5426 et
2419 5369 2774 5438 imperatores
2811 5362 3182 5418 Romanorum
3224 5367 3462 5412 unquam
3495 5365 3592 5421 ap-

2017 5447 2356 5568 Ρθζιδὲἒιῗξξη
2378 5508 2599 5565 Michael
2628 5507 2819 5578 imper.
2867 5509 3049 5559 motus
3077 5516 3108 5556 a
3137 5500 3342 5578 Thema
3365 5494 3593 5578 virosa:

2023 5563 2812 5648 ditioso‘con'citatos,ejusque
2853 5589 3042 5648 necem
3073 5591 3087 5626 :
3120 5571 3290 5626 multa
3334 5563 3597 5648 mentitur

2020 5633 2531 5723 Eé'iéénié'iihpei-J
2549 5633 2764 5710 'm'orté,
2804 5645 3220 5723 et_de_adepto_a
3259 5651 3318 5693 se
3345 5633 3593 5723 imperio.

2088 5711 2118 5768 ά
2156 5727 2212 5783 ld
2239 5735 2324 5782 est
2348 5711 2477 5797 post
2499 5726 2830 5794 reportatam
2856 5717 2922 5774 de
2945 5711 3151 5772 Thoma
3175 5721 3404 5783 tyranno
3425 5711 3607 5760 victo-‘

2022 5799 2181 5862 riam.
