4050 6340
620 390 764 457 .1318

1728 384 2057 452 LUDOVICI
2095 391 2119 449 1
2155 342 2626 454 cacuminum
2660 386 2748 452 ru

612 519 898 576 noniscum
925 520 1046 572 acta
1078 502 1226 582 sunt,
1256 519 1318 570 ut
1344 511 1572 587 pariter,
1594 511 1734 570 sicut
1753 513 1914 569 unius
1934 511 2206 584 ejusdem-
2233 513 2288 576 Α

3684 403 3783 472 1518

2883 504 3217 573 ΕΡῙΞΤΟΕᾹ

612 629 719 684 que
747 611 870 668 ﬁdei
900 620 955 667 et
979 608 1257 684 religionis
1282 607 1578 665 cultoribus
1628 604 1808 662 facere
1833 616 2067 678 oportet,
2089 607 2208 661 lau-

2181 633 2208 647 -
2306 606 2555 665 woovicr
2602 625 2670 667 Δι)
2709 626 3031 667 ΒΑυυιιΑοωι
3068 627 3529 671 ΡΑυειυοιυσειεεει
3549 628 3780 681 uiscera.

612 703 770 759 dibus
795 710 851 757 et
896 701 1114 775 hymnis
1143 700 1509 758 collaudemus
1545 710 1601 758 et
1618 700 1983 774 glorificemus
2011 701 2203 759 Salva-

613 802 784 851 torem
826 805 1070 851 nostrum
1116 793 1300 852 Iesum
1336 794 1633 852 Christum.
1687 795 2014 869 Oportuerat
2056 797 2201 853 enim

611 884 798 940 statim
824 897 848 925 ει
874 885 930 940 in
955 885 1178 941 exordio
1204 884 1418 955 imperii
1443 888 1636 954 nostri,
1669 888 1810 943 sicut
1839 888 2068 960 spiritali
2096 887 2205 943 fra-

610 973 682 1030 tri
709 982 897 1031 nostro
917 983 972 1029 et
1002 973 1228 1045 paciﬁco
1257 975 1433 1032 amico
1462 1017 1478 1043 ,
1532 992 1631 1048 per
1671 992 1830 1033 veros
1880 978 2063 1049 apices
2106 995 2203 1034 no-

610 1073 775 1132 stros,
802 1080 922 1138 qum
951 1080 1079 1137 erga
1106 1080 1204 1121 nos
1229 1076 1382 1138 gesta
1431 1075 1559 1123 sunt
1593 1068 1749 1124 vobis
1805 1069 2159 1126 manifestare
2184 1085 2199 1124 :

609 1158 724 1224 sed,
751 1157 891 1213 sicut
915 1173 1073 1228 supra
1104 1158 1305 1213 dictum
1340 1166 1426 1215 est
1452 1201 1467 1227 ,
1513 1160 1727 1231 prrefati
1758 1162 1979 1232 tyranni
2010 1170 2066 1218 et
2114 1178 2201 1218 re-

610 1248 767 1307 bellis
792 1265 855 1305 ae
877 1250 1017 1320 turpi
1047 1260 1220 1305 morte
1259 1251 1605 1306 condemnati
1635 1248 1855 1308 Thomas
1883 1254 2075 1309 seditio
2122 1252 2202 1309 fa-

610 1355 734 1396 cere
758 1341 1050 1412 prohibuit.
1089 1339 1167 1396 Ac
1190 1356 1322 1397 vero
1345 1357 1490 1398 nunc
1545 1343 1693 1399 dedit
1721 1342 1864 1399 Deus
1910 1347 2067 1402 nobis
2094 1348 2200 1404 hoc

608 1447 848 1504 praesens
871 1442 927 1490 et
951 1424 1312 1511 opportunum
1337 1442 1546 1506 tempus
1579 1445 1703 1507 post
1729 1436 1845 1508 ejus
1868 1439 2200 1497 interfectio.

608 1541 753 1592 nem,
782 1532 837 1581 et
860 1522 1311 1581 coadunationem
1336 1537 1392 1583 et
1409 1530 1759 1584 concordiam
1794 1532 1977 1602 populi
2000 1534 2194 1590 nostri.

606 1617 674 1674 Et
702 1618 822 1674 ideo
867 1620 1070 1690 justum
1120 1619 1551 1677 existimavimus
1588 1623 1805 1680 mittere
1842 1624 1909 1680 ad
1958 1634 2197 1684 vestram

605 1711 829 1785 gloriam
883 1710 1225 1769 Theodorum
1281 1716 1777 1785 protospatharium
1840 1728 2088 1774 nostrum
2139 1730 2194 1777 et

604 1806 900 1878 stratigon,
959 1796 1204 1862 Nicelam
1268 1809 1669 1864 sanctissimum
1717 1811 2191 1882 metropolitanum

2376 700 2444 757 In
2480 703 2706 774 gratiam
2751 704 3057 758 monasterii
3103 703 3427 762 Corbeiensis
3461 708 3513 764 in
3535 706 3736 772 Samiis.

2920 793 3094 864 (Αηηο
3116 795 3267 870 sat.)

2306 882 2497 957 [Apud
2519 884 2581 939 D.
2612 884 2903 956 Bouquet.,
2946 886 3101 953 ibid.,
3146 904 3213 944 ex
3263 888 3508 948 Schaten.
3535 892 3689 951 Annal.
3712 893 3785 955 Po-

2854 958 3028 1024 derb.,
3056 975 3179 1031 pag.
3208 959 3332 1034 78.]

2372 1047 2431 1102 In
2460 1049 2679 1105 nomine
2710 1050 2803 1105 Dei
2834 1059 2891 1105 et
2919 1050 3217 1109 Salvatoris
3267 1056 3433 1111 nostri
3459 1055 3573 1115 Jesu
3611 1062 3789 1140 Christi,

2301 1140 2629 1209 Ludovicus,
2650 1144 2832 1199 divina
2868 1145 3155 1205 ordinante
3205 1148 3549 1219 providentia,
3573 1155 3788 1227 imperator

2300 1234 2578 1307 Augustus
2597 1234 2885 1293 Badurado
2916 1239 3169 1309 episcopo
3195 1248 3253 1295 et
3273 1241 3434 1298 misso
3458 1252 3637 1302 nostro.
3784 1318 3789 1323 η

2372 1327 2540 1384 Nosse
2572 1336 2624 1383 te
2660 1346 2768 1385 non
2816 1331 3128 1389 dubitamus
3153 1333 3386 1404 qualiter
3432 1347 3597 1395 nostra
3615 1338 3791 1409 iussione

2298 1418 2637 1477 Adclhardus
2675 1422 2947 1491 quondam
2978 1424 3147 1480 abbas
3185 1426 3449 1496 quoddam
3493 1435 3791 1495 monasterium

2300 1512 2353 1568 in
2391 1512 2686 1571 Saxoni‘a‘a
2713 1531 2853 1572 novo
2886 1532 3050 1589 opere
3103 1521 3428 1589 construxit,
3454 1531 3508 1595 et
3530 1524 3668 1597 aliqui
3701 1528 3789 1585 boni

2299 1606 2548 1663 homines
2575 1609 2640 1664 de
2663 1609 2984 1679 quibusdam
3028 1612 3192 1669 rebus
3220 1613 3444 1685 solemni
3470 1616 3708 1681 donatione
3726 1620 3793 1677 duo

2298 1700 2563 1767 tavimus;
2591 1701 2659 1758 de
2679 1702 2876 1771 quibus
2903 1704 3158 1761 omnibus
3182 1704 3346 1763 rebus
3361 1716 3547 1765 nostra:
3564 1712 3789 1767 auctorita-

2296 1794 2370 1849 tis
2390 1803 2718 1865 prmeeptum
2765 1797 2913 1853 circa
2960 1797 3103 1853 idem
3128 1800 3511 1863 monasterium
3538 1801 3640 1857 ﬁeri
3672 1801 3790 1871 jussi-

606 1895 909 1970 Myrensem
937 1896 1116 1970 Lyciae
1140 1900 1169 1939 ι»
1207 1898 1566 1955 Fortunatum
1593 1901 2059 1972 archiepiscopum
2084 1903 2191 1960 Ve—
2221 1898 2270 1960 B
2296 1890 2439 1950 mus,
2470 1893 2530 1940 u‘
2550 1897 2810 1957 Ρθνβθιυθ
2837 1887 3136 1944 salvam“
3165 1890 3223 1946 in
3247 1891 3371 1962 iure
3419 1890 3630 1961 ei.“de
3661 1910 3792 1950 mm“

604 1991 800 2059 netize,
860 1992 1202 2049 Theodorum
1256 1995 1771 2055 reverendissimum
1815 1997 2100 2054 diaconum
2136 2006 2192 2055 et

602 2098 943 2140 teconomum
987 2087 1144 2142 istius
1175 2089 1531 2145 sanctissimae
1567 2088 1660 2143 Dei
1687 2090 1968 2147 catholicae
1996 2096 2049 2148 et
2079 2076 2193 2149 ma-

602 2189 721 2242 gna:
744 2175 989 2232 ecclesiae
1031 2177 1088 2233 S.
1123 2178 1359 2249 SOphire,
1386 2188 1439 2234 et
1472 2180 1705 2235 Leonem
1741 2189 1983 2239 nostrum
2007 2186 2191 2255 candi:

601 2264 807 2321 datum.
834 2268 901 2323 Et
921 2285 1030 2324 non
1070 2278 1277 2325 tantum
1309 2286 1405 2341 per
1429 2271 1528 2327 bas
1576 2272 1832 2343 syllabas,
1861 2276 1954 2331 sed
1984 2286 2039 2333 et
2091 2268 2193 2351 per

600 2359 748 2431 ipsos
775 2361 923 2418 viros
953 2365 1336 2420 annuntiamus
1373 2375 1569 2420 vestrm
1622 2365 1807 2436 gloriae
1851 2370 2031 2424 omnia
2071 2386 2192 2441 quae

598 2457 874 2527 proposita
907 2465 1055 2524 sunt,
1089 2467 1147 2513 ut
1174 2466 1285 2514 tam
1312 2474 1409 2530 per
1437 2475 1529 2516 eos
1559 2476 1830 2532 quamque
1853 2471 1907 2516 et
1942 2478 2039 2533 per
2061 2465 2192 2520 mis-

600 2566 689 2606 sos
716 2552 862 2609 viros
890 2553 1090 2609 iterum
1139 2555 1280 2612 seire
1327 2572 1610 2627 possemus
1658 2566 1853 2613 vestrae
1888 2558 2191 2617 dilectionis

599 2642 907 2710 sanitatem,
940 2644 1206 2714 simulque
1235 2645 1469 2704 fidelium
1504 2656 1811 2703 vestrorum
1844 2649 2188 2706 incolumita-

596 2740 733 2801 tem,
767 2751 866 2791 nec
897 2751 1001 2791 non
1028 2743 1083 2792 et
1109 2738 1353 2794 omnium
1385 2756 1564 2795 rerum
1588 2749 1894 2796 vestrarum
1928 2741 2067 2813 apud
2092 2759 2189 2799 vos

597 2814 1004 2880 «insistentium
1045 2828 1484 2899 prosperitatem.
1512 2829 1682 2885 Porro
1722 2847 1820 2901 per
1849 2832 1947 2887 bas
1975 2842 2190 2891 nostras

594 2930 754 2971 veras
782 2924 839 2971 et
880 2916 1067 2974 ﬁdeles
1110 2920 1342 2992 syllabas
1371 2923 1791 2981 corroboramus
1814 2933 1869 2979 et
1891 2924 2188 2980 confirma-

595 3024 717 3065 mus
762 3010 1001 3079 priorem
1029 3028 1217 3083 pacem
1244 3023 1300 3069 et
1328 3016 1622 3072 amicitiam
1670 3017 1815 3072 inter
1844 3034 1942 3074 vos
1991 3027 2046 3073 et
2088 3036 2189 3075 nos

595 3104 963 3165 constitutam,
997 3102 1354 3175 deprecantes
1395 3108 1745 3165 me'liatorem
1776 3107 2018 3179 ejusdem
2037 3111 2188 3183 pacis

594 3195 870 3251 dominum
899 3198 990 3268 qui
1021 3196 1159 3253 dixit
1192 3218 1205 3254 :
1240 3197 1436 3256 Pacem
1467 3219 1635 3257 meam
1692 3192 1760 3257 do
1784 3202 1956 3270 vobis,
2007 3221 2186 3272 pacem

2295 1975 2451 2031 sterii
2474 1976 2680 2033 eaedem
2708 1993 2795 2035 res
2824 1980 3209 2037 consisterent.
3240 1981 3367 2048 Sed,
3395 1991 3453 2039 ut
3469 1983 3691 2041 relatione
3705 1987 3792 2043 Wa-

2294 2066 2402 2123 rini
2452 2069 2780 2125 venerabilis
2835 2068 3076 2139 ejusdem
3126 2074 3450 2133 {monasterii
3492 2077 3791 2148 macrinus.

2291 2158 2513 2228 quidam
2535 2161 2763 2219 comites
2787 2170 3147 2218 memoratum
3168 2172 3491 2241 praeceptum
3527 2168 3793 2223 nostrumim

2291 2247 2530 2322 fringere
2556 2260 2614 2307 et
2660 2253 2968 2311 convellere
3006 2253 3221 2321 volunt,
3273 2255 3329 2311 in
3376 2256 3674 2315 eovidelicet
3693 2256 3792 2328 quat

2291 2343 2539 2402 homines
2567 2352 2675 2401 tam
2714 2344 2915 2404 liberos
2937 2362 3102 2419 quam
3133 2356 3193 2405 et
3233 2348 3388 2416 litos,
3434 2350 3521 2421 qui
3563 2365 3695 2421 super
3720 2358 3793 2413 ten

2292 2451 2411 2491 ram
2439 2436 2681 2508 ejusdem
2712 2439 3031 2495 monasterii
3078 2440 3421 2507 consistunt,
3461 2441 3513 2509 in
3534 2441 3707 2499 hostem
3739 2440 3794 2499 in

2291 2529 2613 2600 compellant
2666 2539 2725 2587 et
2776 2531 3101 2604 distringere
3149 2534 3318 2591 modo
3355 2532 3617 2605 iudiciaria
3650 2533 3790 2601 velint;

2291 2620 2435 2690 quod
2465 2620 2716 2678 nolumus
2740 2632 2802 2679 ut
2850 2623 3069 2680 faciant.
3117 2624 3348 2691 Et-ideo
3375 2642 3468 2698 per
3514 2627 3603 2683 has
3644 2625 3791 2684 litteras

2290 2721 2506 2769 nostras
2531 2713 2628 2770 tibi
2653 2716 2999 2785 praecipimus
3026 2724 3084 2770 ut
3103 2725 3159 2771 tu
3188 2716 3321 2772 illud
3346 2726 3662 2788 praeceptum,
3672 2716 3790 2787 quod,

2291 2804 2433 2860 sicut
2459 2805 2716 2873 diximus,
2749 2807 2925 2864 eidem
2953 2809 3293 2865 monasterio
3328 2807 3562 2877 fecimus,
3584 2822 3790 2877 assumas,

2290 2895 2347 2950 et
2393 2896 2446 2952 in
2502 2898 2793 2967 praesentia
2833 2899 3148 2955 eorumdem
3207 2902 3491 2972 comitum,
3544 2902 3593 2956 in
3622 2912 3790 2971 quom

2290 2987 2610 3044 ministeriis
2647 3006 2736 3045 res
2763 2991 3005 3061 praedicti
3034 2994 3369 3061 monasterii.
3398 3009 3511 3051 esse
3536 3001 3789 3060 noscuntur,

2291 3078 2456 3151 relegi
2483 3079 2673 3148 facias,
2701 3090 2758 3138 et
2781 3099 2849 3138 ex
2877 3093 3064 3143 nostra
3098 3087 3431 3153 auctoritate
3467 3087 3541 3142 eis
3582 3084 3790 3157 prmium

2291 3178 2353 3227 ut
2373 3170 2812 3239 ulteriusnostrae
2842 3176 3183 3232 auctoritatis
3204 3186 3528 3248 prteceptum
3539 3174 3704 3233 violare
3716 3186 3790 3227 non

594 3304 763 3342 meam
794 3267 1026 3361 relinquo
1058 3292 1200 3346 vobis
1232 3292 1542 3363 (Joan.x1v,
1567 3295 1688 3367 27);
1719 3267 1966 3352 eamdem
1994 3267 2183 3369 pacein
2213 3277 2256 3338 Ο
2288 3267 2758 3369 ξηῗυωίξξξι’ῗθδ
2783 3268 2986 3338 potius‘
3012 3269 3153 3327 Sim"
3180 3270 3242 3369 in
3263 3272 3791 3369 0°“umng

594 3378 1013 3449 splendidiorem
1061 3391 1117 3438 et
1160 3386 1519 3463 robustiorem
1546 3386 1762 3454 facere,
1813 3396 1868 3444 et
1901 3390 2188 3447 ostendere

593 3471 926 3540 temporibus
977 3482 1033 3529 et
1068 3477 1427 3545 potestatibus
1477 3480 1800 3548 prreteritis,
1836 3481 2093 3550 quoniam
2132 3491 2191 3539 et

592 3572 696 3615 nos
724 3554 806 3616 sic'
829 3570 1073 3620 tenemus
1098 3573 1154 3620 et
1184 3580 1470 3635 speramus
1498 3568 1640 3637 quod
1668 3576 1722 3623 et
1757 3578 1941 3626 vestra
1992 3572 2214 3650 gloria-ﬂ

590 3649 807 3706 sissima
828 3662 1071 3724 potestas
1092 3657 1166 3711 ita
1191 3659 1518 3726 consentiat,
1550 3660 1691 3715 sicut
1718 3669 1772 3715 et
1803 3671 2008 3719 nostra.
2038 3705 2051 3718 .
2080 3705 2096 3720 .
2125 3706 2138 3719 .
2166 3706 2182 3722 .

667 3740 772 3797 Sed
800 3751 854 3799 et
879 3745 982 3801 hoc
1007 3755 1204 3803 vestrae
1224 3746 1441 3805 Christo
1462 3751 1680 3806 amabili
1709 3752 1983 3810 dilectioni
2012 3756 2187 3812 mani-

590 3828 876 3901 festamus,
907 3837 1034 3906 quia
1082 3837 1236 3893 multi
1286 3822 1352 3896 de
1404 3840 1786 3900 ecclesiasticis
1824 3860 1919 3901 seu
1947 3854 2003 3901 et
2031 3846 2205 3905 laicis

590 3924 744 3990 viris,
771 3926 931 3983 alieni
960 3929 1027 3985 de
1049 3931 1362 4001 apostolicis
1392 3934 1775 3992 traditionibus
1809 3937 1957 4004 facti,
1985 3948 2041 3994 et
2089 3955 2186 3996 ne-

589 4028 695 4086 que
720 4025 976 4089 paternos
998 4022 1258 4078 terminos
1279 4025 1660 4094 custodientes,
1685 4025 1814 4084 facti
1846 4037 1975 4086 sunt
1997 4029 2186 4088 inven-

587 4115 738 4164 tores
789 4110 1054 4166 malarum
1110 4127 1291 4168 rerum
1328 4126 1374 4169 ο.
1403 4154 1420 4172 .
1446 4158 1459 4171 .
1488 4156 1502 4171 .
1528 4158 1543 4173 .
1570 4158 1586 4175 .
1614 4161 1627 4174 .
1655 4158 1671 4175 .
1714 4118 1867 4177 Unde
1919 4122 2182 4180 honorem

588 4198 846 4257 Ecclesiae
876 4202 1078 4260 Christi
1113 4214 1435 4276 miserantes,
1466 4207 1695 4266 fecimus
1717 4211 1925 4269 litteras
1955 4213 2023 4268 ad
2057 4204 2183 4269 εειηὲ

586 4293 886 4348 clissimum
918 4310 1113 4366 papam
1144 4299 1378 4369 antiqua:
1404 4300 1620 4369 Romae,
1681 4311 1736 4359 et
1784 4319 1877 4360 eas
1931 4305 2181 4361 misimus

586 4400 687 4456 per
712 4386 1001 4456 praedictos
1030 4389 1225 4446 missos
1266 4400 1484 4448 nostros
1518 4396 1585 4450 ad
1622 4411 1768 4451 eum.
1798 4438 1811 4451 .
1838 4438 1852 4453 .
1880 4438 1894 4452 .
1918 4438 1932 4453 .
1972 4397 2047 4455 De
2071 4414 2178 4455 ca:-

584 4487 702 4534 tero
737 4480 950 4535 ordinet
1002 4491 1180 4537 vestra
1203 4484 1463 4555 spiritalis
1488 4486 1705 4544 dilectio
1733 4498 1793 4545 ut
1818 4475 1940 4546 cum
1972 4491 2179 4547 honore

584 4570 731 4625 omni
762 4579 817 4625 et
843 4571 1098 4629 illresione
1136 4575 1204 4630 ad
1240 4591 1363 4631 eum
1407 4566 1644 4635 veniant.
1674 4622 1687 4636 .
1712 4623 1724 4637 .
1753 4622 1767 4636 .
1796 4623 1809 4637 .
1861 4583 2037 4640 Causa
2064 4601 2178 4641 mc-

2291 3354 2515 3421 tinetur,
2544 3356 2675 3411 illud
2706 3372 3037 3416 conservare
3084 3360 3371 3433 studeant,
3422 3361 3467 3417 si
3498 3359 3691 3435 gratiam
3725 3370 3791 3412 uo-

2291 3454 2463 3504 stram
2490 3447 2693 3505 habere
2712 3449 2897 3507 velint;

2864 3582 3202 3643 EPISTOLA
3246 3588 3315 3646 νζ

2286 3670 2523 3728 ειηεοοιιί
2562 3689 2617 3728 nv
2653 3682 2930 3730 convenre
2968 3692 3269 3736 PARISIENSI
3304 3693 3613 3737 concurram
3644 3690 3697 3732 to
3722 3686 3787 3730 ιο·

2359 3758 2593 3801 υονιουιί
2616 3761 2747 3827 Pl!!!
2772 3763 2845 3802 ιτ
2868 3761 3181 3805 ιοτιιλιηῦι
3221 3766 3293 3807 BI
3318 3766 3487 3809 ουιτυ
3512 3761 3738 3807 ΙΙΔϐῐΙΙῙΙο

2287 3932 2311 4003 (
2327 3929 2483 3984 Hanc
2543 3932 2817 4001 epistolam
2882 3838 3294 4018 nam
3690 3940 3786 4015 tolli

2356 3998 2630 4064 XCVIII,
2660 4003 2763 4058 col.
2800 4004 2959 4064 1299.
2987 4014 3125 4063 mter
3154 4005 3330 4064 Opera
3358 4007 3528 4064 Caroli
3604 4001 3739 4064 eam.)

2356 3999 2450 4056 xc
2464 3998 2630 4071 vm,
2660 4003 2763 4058 col.
2800 4004 2959 4073 1299,
2987 4006 3125 4063 inter
3138 3998 3330 4080 opera
3358 4007 3528 4066 Caroli
3553 3998 3739 4077 Πυθιάς)

2863 4138 3197 4197 EPISTOLA
3240 4130 3310 4201 ῨῙ

2283 4240 2531 4283 ιυυονιει
2571 4244 2639 4284 ΔΙ)
2673 4244 2973 4285 Πιειιιῖμιλκ
3012 4248 3353 4289 εεκοκεςεεκ
3387 4246 3456 4291 ετ
3489 4228 3633 4290 ιοαὲἠ
3663 4239 3783 4284 ΔΠΙΕ·

2748 4318 3046 4358 ιιΑΝεΝεΕκ
3086 4320 3398 4362 ΕῬΙΕΩΟΡΙῘΙ.

2283 4385 2754 4469 Commonitorium
2780 4394 2909 4469 ipsis
2933 4395 3117 4451 datum
3148 4412 3268 4469 cum
3297 4395 3453 4469 legati
3477 4395 3668 4469 Romani
3689 4392 3785 4445 im!

2407 4461 2478 4517 ad
2508 4461 2809 4534 Eugenium
2840 4464 2907 4520 II
2926 4484 3117 4537 papam
3139 4468 3197 4523 in
3227 4461 3390 4524 causa
3402 4468 3681 4538 imaginum.

2900 4557 3075 4628 (Anno
3102 4558 3254 4633 sat.)

584 4660 770 4715 moriae
798 4661 1103 4720 dilectionis
1131 4679 1250 4735 quae
1279 4668 1421 4723 inter
1468 4686 1567 4726 nos
1594 4681 1677 4727 est
1709 4713 1723 4739 ,
1778 4674 2027 4732 misimus
2078 4690 2178 4747 per
2200 4647 2257 4708 D
2282 4643 2513 4718 manu"
2547 4645 3054 4747 CaPifttl-gﬁf’jﬂzj»
3082 4651 3655 4747 θέ,(ξ’9¹ί¹βξε·,’,⁰⁰¹⁸“ί¹·
3674 4648 3778 4708 im"

582 4755 870 4823 praedictos
901 4755 1096 4813 missos
1146 4770 1362 4817 nostros
1395 4764 1807 4834 prasinovultim
1848 4784 2039 4836 unum,
2072 4770 2174 4824 mi-

582 4847 885 4903 linovultir‘n
922 4867 1089 4905 unum
1115 4851 1166 4919 ά,
1212 4853 1372 4926 Tyria
1407 4869 1430 4897 θ
1462 4858 1802 4925 duo,blattas
1824 4875 1985 4917 veras
2013 4861 2172 4932 duas,

581 4937 839 4995 Dirodina
874 4939 894 4980 ί
929 4941 1054 5011 duo,
1085 4943 1303 5007 diventa
1334 4949 1360 4989 ε
1379 4948 1505 5005 duo.

648 5030 907 5087 Absoluta
943 5050 1127 5091 mense
1154 5036 1347 5109 Aprili,
1376 5040 1465 5096 die
1503 5041 1734 5111 decima,
1758 5028 2052 5104 indictione
2078 5061 2171 5107 se-

581 5124 780 5191 cunda,
804 5141 835 5181 a
868 5126 978 5185 Deo
1000 5141 1317 5188 consecrata
1344 5133 1492 5207 regia
1517 5136 1653 5192 urbe
1677 5136 1729 5192 ιι.

653 5383 677 5448 ξι
719 5368 946 5448 Michael
980 5392 1203 5448 regnare
1231 5377 1396 5448 cmpit
1428 5393 1570 5434 anno
1606 5374 1731 5435 820.

650 5442 677 5482 ιι
718 5441 1088 5514 Εονιυηθιιιέ,
1160 5441 1355 5505 itinere
1407 5450 1632 5505 Romam
1681 5465 1804 5506 cum
1858 5451 2166 5510 oratoribus

581 5510 857 5589 Michaelis
882 5510 1086 5589 imper.
1124 5528 1396 5589 suscepto,
1434 5531 1680 5578 mortuus
1707 5530 1791 5578 est
1816 5523 1870 5578 in
1911 5522 2162 5581 Francia.

653 5594 676 5624 ο
716 5585 910 5659 Postea
940 5585 1167 5645 Michael
1214 5585 1464 5659 imperat.
1522 5592 1818 5649 catholicos
1868 5594 2166 5652 calumnia-

581 5659 686 5716 tur,
712 5658 987 5781 mu‘ltaque
1024 5667 1210 5713 narrat
1250 5658 1386 5715 falsa
1412 5670 1469 5717 et
1506 5679 1627 5732 quae
1650 5664 1827 5719 virum
1852 5665 2166 5723 haereticum

584 5738 791 5781 at'ttuun
822 5768 835 5780 .

584 5738 835 5780 artzuunt.

716 5794 945 5874 Conjieit
963 5797 1199 5874 Congius
1226 5797 1327 5852 has
1349 5797 1483 5874 duas
1506 5817 1670 5858 voces
1691 5805 2090 5874 prasinovultim
2111 5798 2168 5862 et

582 5861 950 5922 miliaovultint
977 5861 1291 5928 cﬂormatas
1318 5882 1389 5925 ex
1420 5867 1612 5930 σπι-πω
1648 5861 2087 5950 πξασινοϐλὰττην
2113 5885 2172 5938 et

2677 4728 2732 4775 et
2770 4719 3069 4789 Sirmond.,
3100 4720 3260 4779 Coac.
3302 4722 3469 4797 Gall.]

2353 4830 2641 4893 Hieremiae
2687 4842 2746 4893 et
2788 4833 2940 4893 Iona:
2964 4875 2980 4901 ,
3040 4838 3440 4896 venerabilibus
3468 4831 3716 4908 episcopis.
3739 4826 3783 4880 ίπ

2278 4923 2510 4981 Domino
2530 4926 2782 4985 salutem.

2350 5018 2631 5074 Venerunt
2684 5020 2754 5074 ad
2801 5020 3153 5089 prmsentiam
3198 5031 3438 5105 nostram
3475 5022 3499 5087 is
3520 5012 3777 5105 Halitgtritﬂ

2276 5113 2334 5163 et
2375 5106 2686 5164 Amalarius
2712 5109 2955 5180 episcopi
2996 5126 3096 5167 vtu
3142 5110 3270 5169 ldus
3315 5097 3635 5179 Decembris.
3673 5097 3776 5158 δεῖθ’

2276 5206 2461 5258 rentes
2516 5198 2867 5258 collectiones
2913 5201 2981 5258 de
3026 5201 3183 5260 libris
3221 5212 3523 5261 sanctorum
3574 5198 3741 5254 Patrum
3757 5224 3773 5256 υ

2307 5376 2985 5458 ῃλινοϐλάττην.Ριέιεῑπιυηι
3025 5386 3230 5458 viride,
3288 5386 3537 5444 melinum
3586 5376 3765 5433 luteum.

2307 5406 2679 5445 ηΑινοδΑαττην.
2703 5406 2985 5443 rrasmum
3025 5406 3199 5447 Vll‘lﬂe
3214 5431 3230 5458 ,
3288 5406 3537 5444 metutum
3586 5406 3649 5433 ιυι

2266 5406 2446 5530 ίῖιεηιὲ
2459 5457 2808 5530 vermiculus,
2832 5473 3090 5530 purpura.
3646 5512 3649 5519 .

2344 5523 2647 5603 finium.
2680 5523 2916 5603 purpura
2936 5523 3126 5603 Tyria.
3153 5532 3664 5603 ρίληηιῑξριπρυτςυες

2415 5571 2647 5609 ._,.......,
2680 5571 2916 5611 μηνυτ.
2954 5571 3126 5612 .J....,,
3153 5571 3642 5613 νι........,.,,...τ,-τη
3699 5571 3767 5636 ἡ

2346 5596 2368 5682 ξ
2382 5596 2715 5682 D'trodinum,
2734 5616 2831 5669 pro
2843 5601 3238 5682 tl‘iarltodinum,
3250 5601 3465 5670 pallium
3478 5585 3698 5652 roseth

2343 5676 2368 5742 β
2408 5666 2715 5742 Diventum,
2736 5666 2846 5728 'vox
2870 5666 3070 5742 ignota.

2342 5738 2366 5816 ι)
2397 5734 2570 5816 ﬁegia
2596 5742 2748 5816 urbe,
2778 5734 2940 5816 idest
2969 5734 3445 5816 Constantinopoli.
3572 5804 3582 5816 .

2350 5809 2377 5885 i_
2396 5808 2471 5862 Ha
2480 5795 2747 5885 litigamus,
2763 5795 3052 5885 epiScopus
3087 5795 3625 5870 ὲὶ-έίίίϐδιὶιθηοεηείε»
3646 5795 3766 5853 ω

2279 5878 2447 5935 larius
2480 5878 2836 5939 'l't'evireusis.
