  <div class='ocr_page' id='page_1' title='image "/cluster/home/n/w/nwhite01/storage/ocr_20150623/104/hvd.32044015466824/688.png"; bbox 0 0 4050 6340; ppageno 0'>
   <div class='ocr_carea' id='block_1_1' title="bbox 460 314 489 325">
    <p class='ocr_par' dir='ltr' id='par_1_1' title="bbox 460 314 489 325">
     <span class='ocr_line' id='line_1_1' title="bbox 460 314 489 325; baseline 0 0"><span class='ocrx_word' id='word_1_1' title='bbox 460 314 489 325; x_wconf 51' lang='grc' dir='ltr'><strong>ω</strong></span> 
     </span>
    </p>
   </div>
   <div class='ocr_carea' id='block_1_2' title="bbox 248 331 1835 461">
    <p class='ocr_par' dir='ltr' id='par_1_2' title="bbox 248 331 1835 459">
     <span class='ocr_line' id='line_1_2' title="bbox 248 331 1835 459; baseline 0.011 -19"><span class='ocrx_word' id='word_1_2' title='bbox 248 376 382 459; x_wconf 72' lang='lat' dir='ltr'><strong>m7</strong></span> <span class='ocrx_word' id='word_1_3' title='bbox 1158 331 1163 335; x_wconf 29' lang='grc'><em>’</em></span> <span class='ocrx_word' id='word_1_4' title='bbox 1430 442 1439 451; x_wconf 89' lang='grc'><strong><em>,</em></strong></span> <span class='ocrx_word' id='word_1_5' title='bbox 1700 381 1835 459; x_wconf 62' lang='grc' dir='ltr'>ιρις</span> 
     </span>
    </p>
   </div>
   <div class='ocr_carea' id='block_1_3' title="bbox 1930 331 3510 461">
    <p class='ocr_par' dir='ltr' id='par_1_3' title="bbox 1930 386 3510 460">
     <span class='ocr_line' id='line_1_3' title="bbox 1930 386 3510 460; baseline 0.006 -10"><span class='ocrx_word' id='word_1_6' title='bbox 1930 386 2095 450; x_wconf 63' lang='grc' dir='ltr'><strong>ΗΔΕ.</strong></span> <span class='ocrx_word' id='word_1_7' title='bbox 3370 400 3510 460; x_wconf 73' lang='grc'><strong>1518</strong></span> 
     </span>
    </p>
   </div>
   <div class='ocr_carea' id='block_1_4' title="bbox 246 466 3510 593">
    <p class='ocr_par' dir='ltr' id='par_1_4' title="bbox 246 466 3510 593">
     <span class='ocr_line' id='line_1_4' title="bbox 246 466 3510 593; baseline 0.008 -41"><span class='ocrx_word' id='word_1_8' title='bbox 246 513 384 571; x_wconf 88' lang='lat' dir='ltr'><strong>quas</strong></span> <span class='ocrx_word' id='word_1_9' title='bbox 412 498 467 563; x_wconf 85' lang='lat' dir='ltr'><strong>in</strong></span> <span class='ocrx_word' id='word_1_10' title='bbox 501 509 528 539; x_wconf 71' lang='grc' dir='ltr'>α</span> <span class='ocrx_word' id='word_1_11' title='bbox 570 502 836 557; x_wconf 85' lang='lat' dir='ltr'><strong>conventu</strong></span> <span class='ocrx_word' id='word_1_12' title='bbox 872 494 1016 569; x_wconf 83' lang='lat' dir='ltr'><strong>apud</strong></span> <span class='ocrx_word' id='word_1_13' title='bbox 1054 496 1296 573; x_wconf 79' lang='lat' dir='ltr'><strong>Parisios</strong></span> <span class='ocrx_word' id='word_1_14' title='bbox 1322 497 1512 569; x_wconf 71' lang='lat' dir='ltr'><strong>habito</strong></span> <span class='ocrx_word' id='word_1_15' title='bbox 1538 496 1836 593; x_wconf 43' lang='lat' dir='ltr'><strong>simulpoj</strong></span> <span class='ocrx_word' id='word_1_16' title='bbox 1855 507 1909 570; x_wconf 77' lang='grc' dir='ltr'><strong>Α</strong></span> <span class='ocrx_word' id='word_1_17' title='bbox 1932 503 2152 571; x_wconf 85' lang='lat' dir='ltr'><strong>Christo</strong></span> <span class='ocrx_word' id='word_1_18' title='bbox 2177 466 2325 563; x_wconf 87' lang='lat' dir='ltr'><strong>Patri</strong></span> <span class='ocrx_word' id='word_1_19' title='bbox 2353 502 2618 578; x_wconf 86' lang='lat' dir='ltr'><strong>Eugento,</strong></span> <span class='ocrx_word' id='word_1_20' title='bbox 2640 518 2852 593; x_wconf 82' lang='lat' dir='ltr'><strong>summo</strong></span> <span class='ocrx_word' id='word_1_21' title='bbox 2871 512 3115 581; x_wconf 81' lang='lat' dir='ltr'><strong>pontiﬁci</strong></span> <span class='ocrx_word' id='word_1_22' title='bbox 3140 523 3197 573; x_wconf 89' lang='lat' dir='ltr'><strong>et</strong></span> <span class='ocrx_word' id='word_1_23' title='bbox 3214 518 3510 581; x_wconf 78' lang='lat' dir='ltr'><strong>universali</strong></span> 
     </span>
    </p>
   </div>
   <div class='ocr_carea' id='block_1_5' title="bbox 245 587 3515 682">
    <p class='ocr_par' dir='ltr' id='par_1_5' title="bbox 245 587 3515 682">
     <span class='ocr_line' id='line_1_5' title="bbox 245 587 3515 682; baseline 0.007 -38"><span class='ocrx_word' id='word_1_24' title='bbox 245 587 334 645; x_wconf 82' lang='lat' dir='ltr'><strong>siti</strong></span> <span class='ocrx_word' id='word_1_25' title='bbox 356 587 671 660; x_wconf 83' lang='lat' dir='ltr'><strong>collegistis,</strong></span> <span class='ocrx_word' id='word_1_26' title='bbox 694 603 829 661; x_wconf 89' lang='lat' dir='ltr'><strong>quas</strong></span> <span class='ocrx_word' id='word_1_27' title='bbox 856 588 1023 663; x_wconf 90' lang='lat' dir='ltr'><strong>etiam</strong></span> <span class='ocrx_word' id='word_1_28' title='bbox 1055 603 1241 644; x_wconf 84' lang='lat' dir='ltr'><strong>coram</strong></span> <span class='ocrx_word' id='word_1_29' title='bbox 1268 589 1427 645; x_wconf 90' lang='lat' dir='ltr'><strong>nobis</strong></span> <span class='ocrx_word' id='word_1_30' title='bbox 1459 588 1664 660; x_wconf 82' lang='lat' dir='ltr'><strong>perlegi</strong></span> <span class='ocrx_word' id='word_1_31' title='bbox 1696 587 1828 682; x_wconf 41' lang='lat' dir='ltr'><strong>fecit</strong></span> <span class='ocrx_word' id='word_1_32' title='bbox 1930 612 2084 668; x_wconf 63' lang='lat' dir='ltr'><strong>papae</strong></span> <span class='ocrx_word' id='word_1_33' title='bbox 2106 596 2411 653; x_wconf 84' lang='lat' dir='ltr'><strong>Ludovicus</strong></span> <span class='ocrx_word' id='word_1_34' title='bbox 2437 607 2492 653; x_wconf 91' lang='lat' dir='ltr'><strong>et</strong></span> <span class='ocrx_word' id='word_1_35' title='bbox 2521 590 2831 668; x_wconf 84' lang='lat' dir='ltr'><strong>Lotbarius,</strong></span> <span class='ocrx_word' id='word_1_36' title='bbox 2868 601 3046 659; x_wconf 92' lang='lat' dir='ltr'><strong>divina</strong></span> <span class='ocrx_word' id='word_1_37' title='bbox 3074 607 3360 667; x_wconf 73' lang='lat' dir='ltr'><strong>ordinante</strong></span> <span class='ocrx_word' id='word_1_38' title='bbox 3383 625 3515 682; x_wconf 86' lang='lat' dir='ltr'><strong>pro-</strong></span> 
     </span>
    </p>
   </div>
   <div class='ocr_carea' id='block_1_6' title="bbox 245 678 3512 774">
    <p class='ocr_par' dir='ltr' id='par_1_6' title="bbox 245 678 3512 774">
     <span class='ocr_line' id='line_1_6' title="bbox 245 678 3512 774; baseline 0.008 -39"><span class='ocrx_word' id='word_1_39' title='bbox 245 695 388 736; x_wconf 88' lang='lat' dir='ltr'><strong>mus.</strong></span> <span class='ocrx_word' id='word_1_40' title='bbox 444 678 514 734; x_wconf 87' lang='lat' dir='ltr'><strong>Et</strong></span> <span class='ocrx_word' id='word_1_41' title='bbox 562 680 688 751; x_wconf 89' lang='lat' dir='ltr'><strong>quia</strong></span> <span class='ocrx_word' id='word_1_42' title='bbox 732 680 1074 751; x_wconf 80' lang='lat' dir='ltr'><strong>placuerunt,</strong></span> <span class='ocrx_word' id='word_1_43' title='bbox 1130 687 1187 736; x_wconf 89' lang='lat' dir='ltr'><strong>et</strong></span> <span class='ocrx_word' id='word_1_44' title='bbox 1237 680 1307 735; x_wconf 91' lang='lat' dir='ltr'><strong>ad</strong></span> <span class='ocrx_word' id='word_1_45' title='bbox 1350 680 1407 736; x_wconf 90' lang='lat' dir='ltr'><strong>id</strong></span> <span class='ocrx_word' id='word_1_46' title='bbox 1438 689 1660 750; x_wconf 78' lang='lat' dir='ltr'><strong>propter</strong></span> <span class='ocrx_word' id='word_1_47' title='bbox 1684 678 1829 774; x_wconf 83' lang='lat' dir='ltr'><strong>quod</strong></span> <span class='ocrx_word' id='word_1_48' title='bbox 1929 689 2188 757; x_wconf 88' lang='lat' dir='ltr'><strong>videntia,</strong></span> <span class='ocrx_word' id='word_1_49' title='bbox 2218 690 2570 761; x_wconf 74' lang='lat' dir='ltr'><strong>imperatores</strong></span> <span class='ocrx_word' id='word_1_50' title='bbox 2594 690 2852 765; x_wconf 78' lang='lat' dir='ltr'><strong>Augusti,</strong></span> <span class='ocrx_word' id='word_1_51' title='bbox 2885 694 3155 765; x_wconf 82' lang='lat' dir='ltr'><strong>spiritales</strong></span> <span class='ocrx_word' id='word_1_52' title='bbox 3189 699 3284 761; x_wconf 75' lang='lat' dir='ltr'><strong>filii</strong></span> <span class='ocrx_word' id='word_1_53' title='bbox 3318 678 3512 774; x_wconf 75' lang='lat' dir='ltr'><strong>vestri,</strong></span> 
     </span>
    </p>
   </div>
   <div class='ocr_carea' id='block_1_7' title="bbox 244 767 3514 855">
    <p class='ocr_par' dir='ltr' id='par_1_7' title="bbox 244 767 3514 855">
     <span class='ocr_line' id='line_1_7' title="bbox 244 767 3514 855; baseline 0.005 -29"><span class='ocrx_word' id='word_1_54' title='bbox 244 769 484 826; x_wconf 61' lang='lat' dir='ltr'><strong>collectae</strong></span> <span class='ocrx_word' id='word_1_55' title='bbox 530 779 661 825; x_wconf 92' lang='lat' dir='ltr'><strong>sunt</strong></span> <span class='ocrx_word' id='word_1_56' title='bbox 689 770 1010 826; x_wconf 66' lang='lat' dir='ltr'><strong>necessariae</strong></span> <span class='ocrx_word' id='word_1_57' title='bbox 1054 778 1219 840; x_wconf 88' lang='lat' dir='ltr'><strong>atque</strong></span> <span class='ocrx_word' id='word_1_58' title='bbox 1242 769 1404 825; x_wconf 89' lang='lat' dir='ltr'><strong>utiles</strong></span> <span class='ocrx_word' id='word_1_59' title='bbox 1432 785 1464 824; x_wconf 87' lang='lat' dir='ltr'><strong>a</strong></span> <span class='ocrx_word' id='word_1_60' title='bbox 1494 771 1651 825; x_wconf 89' lang='lat' dir='ltr'><strong>nobis</strong></span> <span class='ocrx_word' id='word_1_61' title='bbox 1686 767 1831 839; x_wconf 78' lang='lat' dir='ltr'><strong>judi-</strong></span> <span class='ocrx_word' id='word_1_62' title='bbox 1931 781 2315 850; x_wconf 65' lang='lat' dir='ltr'><strong>sempiternam</strong></span> <span class='ocrx_word' id='word_1_63' title='bbox 2352 782 2408 839; x_wconf 84' lang='lat' dir='ltr'><strong>in</strong></span> <span class='ocrx_word' id='word_1_64' title='bbox 2454 782 2683 842; x_wconf 80' lang='lat' dir='ltr'><strong>Domino</strong></span> <span class='ocrx_word' id='word_1_65' title='bbox 2730 794 2918 843; x_wconf 73' lang='lat' dir='ltr'><strong>nostro</strong></span> <span class='ocrx_word' id='word_1_66' title='bbox 2964 786 3092 845; x_wconf 81' lang='lat' dir='ltr'><strong>Jesu</strong></span> <span class='ocrx_word' id='word_1_67' title='bbox 3152 791 3369 852; x_wconf 64' lang='lat' dir='ltr'><strong>Christo</strong></span> <span class='ocrx_word' id='word_1_68' title='bbox 3424 767 3514 855; x_wconf 63' lang='lat' dir='ltr'><strong>sa;</strong></span> 
     </span>
    </p>
   </div>
   <div class='ocr_carea' id='block_1_8' title="bbox 245 860 2118 933">
    <p class='ocr_par' dir='ltr' id='par_1_8' title="bbox 245 860 2118 933">
     <span class='ocr_line' id='line_1_8' title="bbox 245 860 2118 933; baseline 0.001 -18"><span class='ocrx_word' id='word_1_69' title='bbox 245 868 440 933; x_wconf 86' lang='lat' dir='ltr'><strong>cantur</strong></span> <span class='ocrx_word' id='word_1_70' title='bbox 470 900 488 928; x_wconf 94' lang='lat'><strong>,</strong></span> <span class='ocrx_word' id='word_1_71' title='bbox 536 861 636 916; x_wconf 85' lang='lat' dir='ltr'><strong>sub</strong></span> <span class='ocrx_word' id='word_1_72' title='bbox 666 862 813 933; x_wconf 90' lang='lat' dir='ltr'><strong>omni</strong></span> <span class='ocrx_word' id='word_1_73' title='bbox 847 860 1129 917; x_wconf 83' lang='lat' dir='ltr'><strong>celeritate</strong></span> <span class='ocrx_word' id='word_1_74' title='bbox 1155 861 1310 917; x_wconf 81' lang='lat' dir='ltr'><strong>vobis</strong></span> <span class='ocrx_word' id='word_1_75' title='bbox 1338 860 1648 916; x_wconf 88' lang='lat' dir='ltr'><strong>censuimus</strong></span> <span class='ocrx_word' id='word_1_76' title='bbox 1693 860 1829 915; x_wconf 87' lang='lat' dir='ltr'><strong>diri-</strong></span> <span class='ocrx_word' id='word_1_77' title='bbox 1928 869 2118 926; x_wconf 79' lang='grc' dir='ltr'>ιιηρω,</span> 
     </span>
    </p>
   </div>
   <div class='ocr_carea' id='block_1_9' title="bbox 245 950 1832 1025">
    <p class='ocr_par' dir='ltr' id='par_1_9' title="bbox 245 950 1832 1025">
     <span class='ocr_line' id='line_1_9' title="bbox 245 950 1832 1025; baseline 0 -18"><span class='ocrx_word' id='word_1_78' title='bbox 245 953 467 1025; x_wconf 87' lang='lat' dir='ltr'><strong>gendas.</strong></span> <span class='ocrx_word' id='word_1_79' title='bbox 514 952 724 1008; x_wconf 88' lang='lat' dir='ltr'><strong>Idcirco</strong></span> <span class='ocrx_word' id='word_1_80' title='bbox 778 952 1118 1009; x_wconf 87' lang='lat' dir='ltr'><strong>admonendo</strong></span> <span class='ocrx_word' id='word_1_81' title='bbox 1192 951 1538 1022; x_wconf 61' lang='lat' dir='ltr'><strong>principimus</strong></span> <span class='ocrx_word' id='word_1_82' title='bbox 1593 950 1832 1007; x_wconf 76' lang='lat' dir='ltr'><strong>solertiae</strong></span> 
     </span>
    </p>
   </div>
   <div class='ocr_carea' id='block_1_10' title="bbox 245 1041 1832 1115">
    <p class='ocr_par' dir='ltr' id='par_1_10' title="bbox 245 1041 1832 1115">
     <span class='ocr_line' id='line_1_10' title="bbox 245 1041 1832 1115; baseline 0 -18"><span class='ocrx_word' id='word_1_83' title='bbox 245 1050 446 1099; x_wconf 65' lang='lat' dir='ltr'><strong>vestra:</strong></span> <span class='ocrx_word' id='word_1_84' title='bbox 483 1052 543 1098; x_wconf 91' lang='lat' dir='ltr'><strong>ut</strong></span> <span class='ocrx_word' id='word_1_85' title='bbox 570 1043 890 1115; x_wconf 83' lang='lat' dir='ltr'><strong>priusquam</strong></span> <span class='ocrx_word' id='word_1_86' title='bbox 919 1044 985 1100; x_wconf 90' lang='lat' dir='ltr'><strong>de</strong></span> <span class='ocrx_word' id='word_1_87' title='bbox 1012 1041 1100 1099; x_wconf 89' lang='lat' dir='ltr'><strong>his</strong></span> <span class='ocrx_word' id='word_1_88' title='bbox 1131 1042 1336 1113; x_wconf 88' lang='lat' dir='ltr'><strong>aliquid</strong></span> <span class='ocrx_word' id='word_1_89' title='bbox 1380 1043 1578 1098; x_wconf 91' lang='lat' dir='ltr'><strong>domno</strong></span> <span class='ocrx_word' id='word_1_90' title='bbox 1617 1050 1832 1114; x_wconf 90' lang='lat' dir='ltr'><strong>aposto-</strong></span> 
     </span>
    </p>
   </div>
   <div class='ocr_carea' id='block_1_11' title="bbox 243 1135 1833 1223">
    <p class='ocr_par' dir='ltr' id='par_1_11' title="bbox 243 1135 1833 1223">
     <span class='ocr_line' id='line_1_11' title="bbox 243 1135 1833 1223; baseline 0.002 -31"><span class='ocrx_word' id='word_1_91' title='bbox 243 1135 353 1193; x_wconf 79' lang='lat' dir='ltr'><strong>lico</strong></span> <span class='ocrx_word' id='word_1_92' title='bbox 405 1138 676 1205; x_wconf 85' lang='lat' dir='ltr'><strong>indicetis,</strong></span> <span class='ocrx_word' id='word_1_93' title='bbox 721 1138 965 1212; x_wconf 77' lang='lat' dir='ltr'><strong>diligenti</strong></span> <span class='ocrx_word' id='word_1_94' title='bbox 1003 1154 1133 1194; x_wconf 89' lang='lat' dir='ltr'><strong>cura</strong></span> <span class='ocrx_word' id='word_1_95' title='bbox 1183 1137 1374 1195; x_wconf 89' lang='lat' dir='ltr'><strong>eadem</strong></span> <span class='ocrx_word' id='word_1_96' title='bbox 1407 1154 1506 1195; x_wconf 92' lang='lat' dir='ltr'><strong>vos</strong></span> <span class='ocrx_word' id='word_1_97' title='bbox 1544 1154 1833 1223; x_wconf 90' lang='lat' dir='ltr'><strong>recensere</strong></span> 
     </span>
    </p>
   </div>
   <div class='ocr_carea' id='block_1_12' title="bbox 244 1229 1829 1309">
    <p class='ocr_par' dir='ltr' id='par_1_12' title="bbox 244 1229 1829 1309">
     <span class='ocr_line' id='line_1_12' title="bbox 244 1229 1829 1309; baseline 0.001 -24"><span class='ocrx_word' id='word_1_98' title='bbox 244 1229 468 1309; x_wconf 80' lang='lat' dir='ltr'><strong>curetis,</strong></span> <span class='ocrx_word' id='word_1_99' title='bbox 493 1236 550 1285; x_wconf 91' lang='lat' dir='ltr'><strong>et</strong></span> <span class='ocrx_word' id='word_1_100' title='bbox 575 1245 653 1309; x_wconf 36' lang='lat' dir='ltr'><strong>ea,</strong></span> <span class='ocrx_word' id='word_1_101' title='bbox 669 1246 791 1303; x_wconf 65' lang='lat' dir='ltr'><strong>quae</strong></span> <span class='ocrx_word' id='word_1_102' title='bbox 813 1231 1008 1286; x_wconf 88' lang='lat' dir='ltr'><strong>melius</strong></span> <span class='ocrx_word' id='word_1_103' title='bbox 1033 1239 1089 1286; x_wconf 89' lang='lat' dir='ltr'><strong>et</strong></span> <span class='ocrx_word' id='word_1_104' title='bbox 1119 1232 1298 1303; x_wconf 88' lang='lat' dir='ltr'><strong>aptius</strong></span> <span class='ocrx_word' id='word_1_105' title='bbox 1331 1231 1587 1302; x_wconf 62' lang='lat' dir='ltr'><strong>praesenti</strong></span> <span class='ocrx_word' id='word_1_106' title='bbox 1610 1232 1829 1301; x_wconf 89' lang='lat' dir='ltr'><strong>negotio</strong></span> 
     </span>
    </p>
   </div>
   <div class='ocr_carea' id='block_1_13' title="bbox 244 1300 1835 1397">
    <p class='ocr_par' dir='ltr' id='par_1_13' title="bbox 244 1300 1835 1397">
     <span class='ocr_line' id='line_1_13' title="bbox 244 1300 1835 1397; baseline 0.003 -22"><span class='ocrx_word' id='word_1_107' title='bbox 244 1300 539 1397; x_wconf 82' lang='lat' dir='ltr'><strong>convenire</strong></span> <span class='ocrx_word' id='word_1_108' title='bbox 588 1300 937 1389; x_wconf 81' lang='lat' dir='ltr'><strong>inveneritis,</strong></span> <span class='ocrx_word' id='word_1_109' title='bbox 986 1337 1281 1394; x_wconf 82' lang='lat' dir='ltr'><strong>excerpere</strong></span> <span class='ocrx_word' id='word_1_110' title='bbox 1311 1331 1474 1394; x_wconf 90' lang='lat' dir='ltr'><strong>atque</strong></span> <span class='ocrx_word' id='word_1_111' title='bbox 1528 1324 1835 1395; x_wconf 80' lang='lat' dir='ltr'><strong>describere</strong></span> 
     </span>
    </p>
   </div>
   <div class='ocr_carea' id='block_1_14' title="bbox 244 1410 1829 1488">
    <p class='ocr_par' dir='ltr' id='par_1_14' title="bbox 244 1410 1829 1488">
     <span class='ocr_line' id='line_1_14' title="bbox 244 1410 1829 1488; baseline 0.001 -19"><span class='ocrx_word' id='word_1_112' title='bbox 244 1410 431 1482; x_wconf 85' lang='lat' dir='ltr'><strong>illique</strong></span> <span class='ocrx_word' id='word_1_113' title='bbox 456 1412 525 1468; x_wconf 87' lang='lat' dir='ltr'><strong>ad</strong></span> <span class='ocrx_word' id='word_1_114' title='bbox 550 1411 837 1488; x_wconf 75' lang='lat' dir='ltr'><strong>legendum</strong></span> <span class='ocrx_word' id='word_1_115' title='bbox 879 1412 1076 1475; x_wconf 84' lang='lat' dir='ltr'><strong>otl‘erre</strong></span> <span class='ocrx_word' id='word_1_116' title='bbox 1124 1415 1432 1483; x_wconf 89' lang='lat' dir='ltr'><strong>studeatis;</strong></span> <span class='ocrx_word' id='word_1_117' title='bbox 1472 1415 1609 1487; x_wconf 31' lang='lat' dir='ltr'><strong>quia,</strong></span> <span class='ocrx_word' id='word_1_118' title='bbox 1640 1416 1784 1471; x_wconf 90' lang='lat' dir='ltr'><strong>enim</strong></span> <span class='ocrx_word' id='word_1_119' title='bbox 1814 1456 1829 1482; x_wconf 96' lang='lat'><strong>,</strong></span> 
     </span>
    </p>
   </div>
   <div class='ocr_carea' id='block_1_15' title="bbox 242 1503 1834 1593">
    <p class='ocr_par' dir='ltr' id='par_1_15' title="bbox 242 1503 1834 1593">
     <span class='ocr_line' id='line_1_15' title="bbox 242 1503 1834 1593; baseline 0.003 -35"><span class='ocrx_word' id='word_1_120' title='bbox 242 1510 310 1558; x_wconf 90' lang='lat' dir='ltr'><strong>ut</strong></span> <span class='ocrx_word' id='word_1_121' title='bbox 351 1503 565 1573; x_wconf 84' lang='lat' dir='ltr'><strong>nostis,</strong></span> <span class='ocrx_word' id='word_1_122' title='bbox 594 1519 695 1561; x_wconf 90' lang='lat' dir='ltr'><strong>nos</strong></span> <span class='ocrx_word' id='word_1_123' title='bbox 728 1505 797 1581; x_wconf 84' lang='lat' dir='ltr'><strong>ab</strong></span> <span class='ocrx_word' id='word_1_124' title='bbox 827 1519 892 1561; x_wconf 90' lang='lat' dir='ltr'><strong>eo</strong></span> <span class='ocrx_word' id='word_1_125' title='bbox 932 1506 1224 1577; x_wconf 85' lang='lat' dir='ltr'><strong>petivimus</strong></span> <span class='ocrx_word' id='word_1_126' title='bbox 1262 1506 1539 1565; x_wconf 86' lang='lat' dir='ltr'><strong>licentiam</strong></span> <span class='ocrx_word' id='word_1_127' title='bbox 1561 1514 1834 1593; x_wconf 73' lang='lat' dir='ltr'><strong>quatenus</strong></span> 
     </span>
    </p>
   </div>
   <div class='ocr_carea' id='block_1_16' title="bbox 246 1592 1831 1669">
    <p class='ocr_par' dir='ltr' id='par_1_16' title="bbox 246 1592 1831 1669">
     <span class='ocr_line' id='line_1_16' title="bbox 246 1592 1831 1669; baseline 0.001 -16"><span class='ocrx_word' id='word_1_128' title='bbox 246 1592 351 1653; x_wconf 83' lang='lat' dir='ltr'><strong>bas</strong></span> <span class='ocrx_word' id='word_1_129' title='bbox 377 1594 723 1652; x_wconf 89' lang='lat' dir='ltr'><strong>collectiones</strong></span> <span class='ocrx_word' id='word_1_130' title='bbox 748 1611 779 1652; x_wconf 91' lang='lat' dir='ltr'><strong>a</strong></span> <span class='ocrx_word' id='word_1_131' title='bbox 815 1597 1190 1655; x_wconf 89' lang='lat' dir='ltr'><strong>sacerdotibus</strong></span> <span class='ocrx_word' id='word_1_132' title='bbox 1212 1599 1416 1655; x_wconf 89' lang='lat' dir='ltr'><strong>nostris</strong></span> <span class='ocrx_word' id='word_1_133' title='bbox 1445 1592 1567 1654; x_wconf 86' lang='lat' dir='ltr'><strong>ﬁeri</strong></span> <span class='ocrx_word' id='word_1_134' title='bbox 1602 1599 1831 1669; x_wconf 90' lang='lat' dir='ltr'><strong>permit-</strong></span> 
     </span>
    </p>
   </div>
   <div class='ocr_carea' id='block_1_17' title="bbox 245 1684 1831 1762">
    <p class='ocr_par' dir='ltr' id='par_1_17' title="bbox 245 1684 1831 1762">
     <span class='ocr_line' id='line_1_17' title="bbox 245 1684 1831 1762; baseline 0.001 -17"><span class='ocrx_word' id='word_1_135' title='bbox 245 1695 406 1745; x_wconf 88' lang='lat' dir='ltr'><strong>teret.</strong></span> <span class='ocrx_word' id='word_1_136' title='bbox 439 1687 510 1743; x_wconf 88' lang='lat' dir='ltr'><strong>Et</strong></span> <span class='ocrx_word' id='word_1_137' title='bbox 534 1684 656 1745; x_wconf 85' lang='lat' dir='ltr'><strong>ideo</strong></span> <span class='ocrx_word' id='word_1_138' title='bbox 687 1705 796 1746; x_wconf 88' lang='lat' dir='ltr'><strong>non</strong></span> <span class='ocrx_word' id='word_1_139' title='bbox 822 1691 1021 1760; x_wconf 91' lang='lat' dir='ltr'><strong>poterit</strong></span> <span class='ocrx_word' id='word_1_140' title='bbox 1045 1691 1387 1762; x_wconf 74' lang='lat' dir='ltr'><strong>prtetermitti</strong></span> <span class='ocrx_word' id='word_1_141' title='bbox 1409 1691 1540 1762; x_wconf 92' lang='lat' dir='ltr'><strong>quin</strong></span> <span class='ocrx_word' id='word_1_142' title='bbox 1568 1692 1619 1747; x_wconf 87' lang='lat' dir='ltr'><strong>ei</strong></span> <span class='ocrx_word' id='word_1_143' title='bbox 1645 1699 1831 1748; x_wconf 89' lang='lat' dir='ltr'><strong>osten-</strong></span> 
     </span>
    </p>
   </div>
   <div class='ocr_carea' id='block_1_18' title="bbox 246 1776 1829 1857">
    <p class='ocr_par' dir='ltr' id='par_1_18' title="bbox 246 1776 1829 1857">
     <span class='ocr_line' id='line_1_18' title="bbox 246 1776 1829 1857; baseline 0 -24"><span class='ocrx_word' id='word_1_144' title='bbox 246 1778 410 1833; x_wconf 86' lang='lat' dir='ltr'><strong>datur</strong></span> <span class='ocrx_word' id='word_1_145' title='bbox 453 1778 597 1857; x_wconf 83' lang='lat' dir='ltr'><strong>quod</strong></span> <span class='ocrx_word' id='word_1_146' title='bbox 645 1794 712 1835; x_wconf 80' lang='lat' dir='ltr'><strong>ex</strong></span> <span class='ocrx_word' id='word_1_147' title='bbox 771 1776 941 1850; x_wconf 85' lang='lat' dir='ltr'><strong>ipsius</strong></span> <span class='ocrx_word' id='word_1_148' title='bbox 985 1780 1343 1851; x_wconf 90' lang='lat' dir='ltr'><strong>permissione</strong></span> <span class='ocrx_word' id='word_1_149' title='bbox 1404 1780 1691 1836; x_wconf 90' lang='lat' dir='ltr'><strong>collectum</strong></span> <span class='ocrx_word' id='word_1_150' title='bbox 1727 1788 1829 1836; x_wconf 91' lang='lat' dir='ltr'><strong>est.</strong></span> 
     </span>
    </p>
   </div>
   <div class='ocr_carea' id='block_1_19' title="bbox 245 1865 1907 1947">
    <p class='ocr_par' dir='ltr' id='par_1_19' title="bbox 245 1865 1907 1947">
     <span class='ocr_line' id='line_1_19' title="bbox 245 1865 1907 1947; baseline 0.002 -23"><span class='ocrx_word' id='word_1_151' title='bbox 245 1865 383 1945; x_wconf 74' lang='lat' dir='ltr'><strong>illud</strong></span> <span class='ocrx_word' id='word_1_152' title='bbox 420 1876 601 1947; x_wconf 85' lang='lat' dir='ltr'><strong>tamen</strong></span> <span class='ocrx_word' id='word_1_153' title='bbox 649 1885 994 1944; x_wconf 89' lang='lat' dir='ltr'><strong>summopere</strong></span> <span class='ocrx_word' id='word_1_154' title='bbox 1044 1873 1337 1942; x_wconf 69' lang='lat' dir='ltr'><strong>praevidetc</strong></span> <span class='ocrx_word' id='word_1_155' title='bbox 1359 1914 1374 1941; x_wconf 92' lang='lat'><strong>,</strong></span> <span class='ocrx_word' id='word_1_156' title='bbox 1418 1883 1496 1931; x_wconf 85' lang='lat' dir='ltr'><strong>ut</strong></span> <span class='ocrx_word' id='word_1_157' title='bbox 1532 1888 1596 1928; x_wconf 89' lang='lat' dir='ltr'><strong>ea</strong></span> <span class='ocrx_word' id='word_1_158' title='bbox 1645 1873 1731 1947; x_wconf 90' lang='lat' dir='ltr'><strong>illi</strong></span> <span class='ocrx_word' id='word_1_159' title='bbox 1766 1872 1833 1928; x_wconf 88' lang='lat' dir='ltr'><strong>de</strong></span> <span class='ocrx_word' id='word_1_160' title='bbox 1860 1874 1907 1935; x_wconf 90' lang='lat' dir='ltr'><strong>B</strong></span> 
     </span>
    </p>
   </div>
   <div class='ocr_carea' id='block_1_20' title="bbox 245 1958 1833 2041">
    <p class='ocr_par' dir='ltr' id='par_1_20' title="bbox 245 1958 1833 2041">
     <span class='ocr_line' id='line_1_20' title="bbox 245 1958 1833 2041; baseline 0.004 -26"><span class='ocrx_word' id='word_1_161' title='bbox 245 1958 333 2016; x_wconf 89' lang='lat' dir='ltr'><strong>bis</strong></span> <span class='ocrx_word' id='word_1_162' title='bbox 356 1961 653 2039; x_wconf 81' lang='lat' dir='ltr'><strong>ostendatis</strong></span> <span class='ocrx_word' id='word_1_163' title='bbox 685 1978 790 2033; x_wconf 91' lang='lat' dir='ltr'><strong>que</strong></span> <span class='ocrx_word' id='word_1_164' title='bbox 829 1965 1025 2019; x_wconf 86' lang='lat' dir='ltr'><strong>rationi</strong></span> <span class='ocrx_word' id='word_1_165' title='bbox 1079 1965 1144 2020; x_wconf 93' lang='lat' dir='ltr'><strong>de</strong></span> <span class='ocrx_word' id='word_1_166' title='bbox 1191 1966 1517 2037; x_wconf 82' lang='lat' dir='ltr'><strong>imaginibus</strong></span> <span class='ocrx_word' id='word_1_167' title='bbox 1574 1966 1833 2041; x_wconf 72' lang='lat' dir='ltr'><strong>habenda:</strong></span> 
     </span>
    </p>
   </div>
   <div class='ocr_carea' id='block_1_21' title="bbox 243 2054 1834 2142">
    <p class='ocr_par' dir='ltr' id='par_1_21' title="bbox 243 2054 1834 2142">
     <span class='ocr_line' id='line_1_21' title="bbox 243 2054 1834 2142; baseline 0.008 -36"><span class='ocrx_word' id='word_1_168' title='bbox 243 2065 343 2123; x_wconf 88' lang='lat' dir='ltr'><strong>per</strong></span> <span class='ocrx_word' id='word_1_169' title='bbox 370 2054 550 2108; x_wconf 88' lang='lat' dir='ltr'><strong>omnia</strong></span> <span class='ocrx_word' id='word_1_170' title='bbox 577 2056 922 2123; x_wconf 87' lang='lat' dir='ltr'><strong>conveniant,</strong></span> <span class='ocrx_word' id='word_1_171' title='bbox 963 2067 1017 2114; x_wconf 89' lang='lat' dir='ltr'><strong>et</strong></span> <span class='ocrx_word' id='word_1_172' title='bbox 1043 2062 1186 2129; x_wconf 91' lang='lat' dir='ltr'><strong>quod</strong></span> <span class='ocrx_word' id='word_1_173' title='bbox 1221 2060 1335 2132; x_wconf 88' lang='lat' dir='ltr'><strong>ipse</strong></span> <span class='ocrx_word' id='word_1_174' title='bbox 1360 2062 1445 2116; x_wconf 92' lang='lat' dir='ltr'><strong>vel</strong></span> <span class='ocrx_word' id='word_1_175' title='bbox 1478 2062 1562 2117; x_wconf 91' lang='lat' dir='ltr'><strong>sui</strong></span> <span class='ocrx_word' id='word_1_176' title='bbox 1610 2061 1834 2142; x_wconf 80' lang='lat' dir='ltr'><strong>reiicere</strong></span> 
     </span>
    </p>
   </div>
   <div class='ocr_carea' id='block_1_22' title="bbox 244 2145 1833 2224">
    <p class='ocr_par' dir='ltr' id='par_1_22' title="bbox 244 2145 1833 2224">
     <span class='ocr_line' id='line_1_22' title="bbox 244 2145 1833 2224; baseline 0.006 -25"><span class='ocrx_word' id='word_1_177' title='bbox 244 2145 468 2202; x_wconf 87' lang='lat' dir='ltr'><strong>minime</strong></span> <span class='ocrx_word' id='word_1_178' title='bbox 493 2147 729 2203; x_wconf 89' lang='lat' dir='ltr'><strong>valeant.</strong></span> <span class='ocrx_word' id='word_1_179' title='bbox 759 2148 867 2205; x_wconf 88' lang='lat' dir='ltr'><strong>Sed</strong></span> <span class='ocrx_word' id='word_1_180' title='bbox 896 2159 952 2207; x_wconf 92' lang='lat' dir='ltr'><strong>et</strong></span> <span class='ocrx_word' id='word_1_181' title='bbox 978 2167 1075 2207; x_wconf 91' lang='lat' dir='ltr'><strong>vos</strong></span> <span class='ocrx_word' id='word_1_182' title='bbox 1133 2152 1237 2223; x_wconf 84' lang='lat' dir='ltr'><strong>ipsi</strong></span> <span class='ocrx_word' id='word_1_183' title='bbox 1288 2162 1397 2208; x_wconf 89' lang='lat' dir='ltr'><strong>tam</strong></span> <span class='ocrx_word' id='word_1_184' title='bbox 1451 2154 1722 2224; x_wconf 87' lang='lat' dir='ltr'><strong>patienter</strong></span> <span class='ocrx_word' id='word_1_185' title='bbox 1769 2170 1833 2210; x_wconf 92' lang='lat' dir='ltr'><strong>ac</strong></span> 
     </span>
    </p>
   </div>
   <div class='ocr_carea' id='block_1_23' title="bbox 248 2235 1831 2319">
    <p class='ocr_par' dir='ltr' id='par_1_23' title="bbox 248 2235 1831 2319">
     <span class='ocr_line' id='line_1_23' title="bbox 248 2235 1831 2319; baseline 0.008 -30"><span class='ocrx_word' id='word_1_186' title='bbox 248 2235 496 2311; x_wconf 80' lang='lat' dir='ltr'><strong>modeste</strong></span> <span class='ocrx_word' id='word_1_187' title='bbox 519 2252 641 2292; x_wconf 90' lang='lat' dir='ltr'><strong>cum</strong></span> <span class='ocrx_word' id='word_1_188' title='bbox 671 2252 736 2294; x_wconf 89' lang='lat' dir='ltr'><strong>eo</strong></span> <span class='ocrx_word' id='word_1_189' title='bbox 767 2240 834 2296; x_wconf 87' lang='lat' dir='ltr'><strong>de</strong></span> <span class='ocrx_word' id='word_1_190' title='bbox 861 2241 963 2296; x_wconf 88' lang='lat' dir='ltr'><strong>hac</strong></span> <span class='ocrx_word' id='word_1_191' title='bbox 995 2258 1160 2298; x_wconf 88' lang='lat' dir='ltr'><strong>causa</strong></span> <span class='ocrx_word' id='word_1_192' title='bbox 1191 2243 1607 2319; x_wconf 84' lang='lat' dir='ltr'><strong>disputationem</strong></span> <span class='ocrx_word' id='word_1_193' title='bbox 1629 2247 1831 2302; x_wconf 85' lang='lat' dir='ltr'><strong>habea-</strong></span> 
     </span>
    </p>
   </div>
   <div class='ocr_carea' id='block_1_24' title="bbox 247 2323 1830 2407">
    <p class='ocr_par' dir='ltr' id='par_1_24' title="bbox 247 2323 1830 2407">
     <span class='ocr_line' id='line_1_24' title="bbox 247 2323 1830 2407; baseline 0.008 -28"><span class='ocrx_word' id='word_1_194' title='bbox 247 2323 342 2393; x_wconf 86' lang='lat' dir='ltr'><strong>tis,</strong></span> <span class='ocrx_word' id='word_1_195' title='bbox 392 2335 454 2382; x_wconf 90' lang='lat' dir='ltr'><strong>ut</strong></span> <span class='ocrx_word' id='word_1_196' title='bbox 503 2343 846 2407; x_wconf 78' lang='lat' dir='ltr'><strong>summopere</strong></span> <span class='ocrx_word' id='word_1_197' title='bbox 873 2333 1113 2388; x_wconf 87' lang='lat' dir='ltr'><strong>caveatis</strong></span> <span class='ocrx_word' id='word_1_198' title='bbox 1146 2350 1217 2389; x_wconf 92' lang='lat' dir='ltr'><strong>ne</strong></span> <span class='ocrx_word' id='word_1_199' title='bbox 1243 2335 1415 2403; x_wconf 13' lang='lat' dir='ltr'><strong>Animis</strong></span> <span class='ocrx_word' id='word_1_200' title='bbox 1440 2336 1492 2391; x_wconf 90' lang='lat' dir='ltr'><strong>ei</strong></span> <span class='ocrx_word' id='word_1_201' title='bbox 1526 2336 1830 2393; x_wconf 88' lang='lat' dir='ltr'><strong>resistendo</strong></span> 
     </span>
    </p>
   </div>
   <div class='ocr_carea' id='block_1_25' title="bbox 252 2410 1833 2496">
    <p class='ocr_par' dir='ltr' id='par_1_25' title="bbox 252 2410 1833 2496">
     <span class='ocr_line' id='line_1_25' title="bbox 252 2410 1833 2496; baseline 0.007 -23"><span class='ocrx_word' id='word_1_202' title='bbox 252 2431 377 2473; x_wconf 89' lang='lat' dir='ltr'><strong>eum</strong></span> <span class='ocrx_word' id='word_1_203' title='bbox 396 2418 452 2473; x_wconf 89' lang='lat' dir='ltr'><strong>in</strong></span> <span class='ocrx_word' id='word_1_204' title='bbox 474 2410 709 2490; x_wconf 83' lang='lat' dir='ltr'><strong>aliquam</strong></span> <span class='ocrx_word' id='word_1_205' title='bbox 733 2422 1143 2480; x_wconf 90' lang='lat' dir='ltr'><strong>irrevocabilem</strong></span> <span class='ocrx_word' id='word_1_206' title='bbox 1160 2427 1518 2496; x_wconf 84' lang='lat' dir='ltr'><strong>pertinaciam</strong></span> <span class='ocrx_word' id='word_1_207' title='bbox 1540 2428 1568 2467; x_wconf 72' lang='grc' dir='ltr'>δ</span> <span class='ocrx_word' id='word_1_208' title='bbox 1594 2428 1833 2485; x_wconf 88' lang='lat' dir='ltr'><strong>incidere</strong></span> 
     </span>
    </p>
   </div>
   <div class='ocr_carea' id='block_1_26' title="bbox 249 2510 1833 2589">
    <p class='ocr_par' dir='ltr' id='par_1_26' title="bbox 249 2510 1833 2589">
     <span class='ocr_line' id='line_1_26' title="bbox 249 2510 1833 2589; baseline 0.008 -27"><span class='ocrx_word' id='word_1_209' title='bbox 249 2510 625 2579; x_wconf 87' lang='lat' dir='ltr'><strong>compellatis;</strong></span> <span class='ocrx_word' id='word_1_210' title='bbox 655 2513 748 2568; x_wconf 91' lang='lat' dir='ltr'><strong>sed</strong></span> <span class='ocrx_word' id='word_1_211' title='bbox 774 2514 1030 2582; x_wconf 88' lang='lat' dir='ltr'><strong>paulatim</strong></span> <span class='ocrx_word' id='word_1_212' title='bbox 1057 2554 1074 2585; x_wconf 91' lang='lat'><strong>,</strong></span> <span class='ocrx_word' id='word_1_213' title='bbox 1115 2518 1298 2573; x_wconf 90' lang='lat' dir='ltr'><strong>verbis</strong></span> <span class='ocrx_word' id='word_1_214' title='bbox 1327 2516 1445 2587; x_wconf 86' lang='lat' dir='ltr'><strong>ejus</strong></span> <span class='ocrx_word' id='word_1_215' title='bbox 1490 2519 1645 2589; x_wconf 87' lang='lat' dir='ltr'><strong>quasi</strong></span> <span class='ocrx_word' id='word_1_216' title='bbox 1676 2522 1833 2576; x_wconf 90' lang='lat' dir='ltr'><strong>obse—</strong></span> 
     </span>
    </p>
   </div>
   <div class='ocr_carea' id='block_1_27' title="bbox 250 2596 1833 2681">
    <p class='ocr_par' dir='ltr' id='par_1_27' title="bbox 250 2596 1833 2681">
     <span class='ocr_line' id='line_1_27' title="bbox 250 2596 1833 2681; baseline 0.009 -28"><span class='ocrx_word' id='word_1_217' title='bbox 250 2601 487 2670; x_wconf 90' lang='lat' dir='ltr'><strong>quendo,</strong></span> <span class='ocrx_word' id='word_1_218' title='bbox 516 2603 691 2674; x_wconf 91' lang='lat' dir='ltr'><strong>magis</strong></span> <span class='ocrx_word' id='word_1_219' title='bbox 719 2620 884 2674; x_wconf 88' lang='lat' dir='ltr'><strong>quam</strong></span> <span class='ocrx_word' id='word_1_220' title='bbox 915 2616 1102 2677; x_wconf 88' lang='lat' dir='ltr'><strong>aperte</strong></span> <span class='ocrx_word' id='word_1_221' title='bbox 1132 2609 1441 2665; x_wconf 86' lang='lat' dir='ltr'><strong>resistendo</strong></span> <span class='ocrx_word' id='word_1_222' title='bbox 1469 2651 1484 2678; x_wconf 94' lang='lat'><strong>,</strong></span> <span class='ocrx_word' id='word_1_223' title='bbox 1516 2596 1584 2666; x_wconf 89' lang='lat' dir='ltr'><strong>ad</strong></span> <span class='ocrx_word' id='word_1_224' title='bbox 1613 2627 1833 2681; x_wconf 67' lang='lat' dir='ltr'><strong>mensa;-</strong></span> 
     </span>
    </p>
   </div>
   <div class='ocr_carea' id='block_1_28' title="bbox 249 2690 1836 2776">
    <p class='ocr_par' dir='ltr' id='par_1_28' title="bbox 249 2690 1836 2776">
     <span class='ocr_line' id='line_1_28' title="bbox 249 2690 1836 2776; baseline 0.008 -30"><span class='ocrx_word' id='word_1_225' title='bbox 249 2706 368 2773; x_wconf 82' lang='lat' dir='ltr'><strong>ram</strong></span> <span class='ocrx_word' id='word_1_226' title='bbox 393 2707 512 2775; x_wconf 76' lang='lat' dir='ltr'><strong>quae</strong></span> <span class='ocrx_word' id='word_1_227' title='bbox 544 2690 595 2748; x_wconf 91' lang='lat' dir='ltr'><strong>in</strong></span> <span class='ocrx_word' id='word_1_228' title='bbox 634 2693 897 2753; x_wconf 90' lang='lat' dir='ltr'><strong>habendis</strong></span> <span class='ocrx_word' id='word_1_229' title='bbox 926 2699 1255 2771; x_wconf 79' lang='lat' dir='ltr'><strong>imaginibus</strong></span> <span class='ocrx_word' id='word_1_230' title='bbox 1279 2702 1563 2757; x_wconf 91' lang='lat' dir='ltr'><strong>retinenda</strong></span> <span class='ocrx_word' id='word_1_231' title='bbox 1599 2712 1685 2757; x_wconf 89' lang='lat' dir='ltr'><strong>est</strong></span> <span class='ocrx_word' id='word_1_232' title='bbox 1712 2717 1836 2776; x_wconf 73' lang='lat' dir='ltr'><strong>euq]</strong></span> 
     </span>
    </p>
   </div>
   <div class='ocr_carea' id='block_1_29' title="bbox 251 2770 1832 2867">
    <p class='ocr_par' dir='ltr' id='par_1_29' title="bbox 251 2770 1832 2867">
     <span class='ocr_line' id='line_1_29' title="bbox 251 2770 1832 2867; baseline 0.008 -28"><span class='ocrx_word' id='word_1_233' title='bbox 251 2770 515 2840; x_wconf 83' lang='lat' dir='ltr'><strong>deducere</strong></span> <span class='ocrx_word' id='word_1_234' title='bbox 541 2786 789 2867; x_wconf 76' lang='lat' dir='ltr'><strong>valeatis,</strong></span> <span class='ocrx_word' id='word_1_235' title='bbox 812 2798 868 2844; x_wconf 91' lang='lat' dir='ltr'><strong>et</strong></span> <span class='ocrx_word' id='word_1_236' title='bbox 893 2791 1014 2846; x_wconf 90' lang='lat' dir='ltr'><strong>ideo</strong></span> <span class='ocrx_word' id='word_1_237' title='bbox 1042 2791 1223 2866; x_wconf 80' lang='lat' dir='ltr'><strong>potius</strong></span> <span class='ocrx_word' id='word_1_238' title='bbox 1251 2792 1465 2851; x_wconf 78' lang='lat' dir='ltr'><strong>efﬁcere</strong></span> <span class='ocrx_word' id='word_1_239' title='bbox 1489 2770 1832 2851; x_wconf 78' lang='lat' dir='ltr'><strong>contendatis</strong></span> 
     </span>
    </p>
   </div>
   <div class='ocr_carea' id='block_1_30' title="bbox 249 2872 1837 2957">
    <p class='ocr_par' dir='ltr' id='par_1_30' title="bbox 249 2872 1837 2957">
     <span class='ocr_line' id='line_1_30' title="bbox 249 2872 1837 2957; baseline 0.009 -29"><span class='ocrx_word' id='word_1_240' title='bbox 249 2881 312 2928; x_wconf 90' lang='lat' dir='ltr'><strong>ut</strong></span> <span class='ocrx_word' id='word_1_241' title='bbox 348 2876 622 2945; x_wconf 82' lang='lat' dir='ltr'><strong>negotium</strong></span> <span class='ocrx_word' id='word_1_242' title='bbox 650 2878 716 2933; x_wconf 93' lang='lat' dir='ltr'><strong>de</strong></span> <span class='ocrx_word' id='word_1_243' title='bbox 743 2893 850 2950; x_wconf 88' lang='lat' dir='ltr'><strong>quo</strong></span> <span class='ocrx_word' id='word_1_244' title='bbox 896 2872 1075 2953; x_wconf 79' lang='lat' dir='ltr'><strong>agitur</strong></span> <span class='ocrx_word' id='word_1_245' title='bbox 1126 2884 1192 2938; x_wconf 90' lang='lat' dir='ltr'><strong>ad</strong></span> <span class='ocrx_word' id='word_1_246' title='bbox 1239 2885 1517 2941; x_wconf 88' lang='lat' dir='ltr'><strong>meliorem</strong></span> <span class='ocrx_word' id='word_1_247' title='bbox 1563 2902 1724 2957; x_wconf 91' lang='lat' dir='ltr'><strong>quam</strong></span> <span class='ocrx_word' id='word_1_248' title='bbox 1768 2886 1837 2942; x_wconf 90' lang='lat' dir='ltr'><strong>ad</strong></span> 
     </span>
    </p>
   </div>
   <div class='ocr_carea' id='block_1_31' title="bbox 248 2958 1832 3048">
    <p class='ocr_par' dir='ltr' id='par_1_31' title="bbox 248 2958 1832 3048">
     <span class='ocr_line' id='line_1_31' title="bbox 248 2958 1832 3048; baseline 0.009 -28"><span class='ocrx_word' id='word_1_249' title='bbox 248 2962 486 3036; x_wconf 87' lang='lat' dir='ltr'><strong>peiorem</strong></span> <span class='ocrx_word' id='word_1_250' title='bbox 535 2974 734 3023; x_wconf 86' lang='lat' dir='ltr'><strong>statum</strong></span> <span class='ocrx_word' id='word_1_251' title='bbox 792 2958 914 3027; x_wconf 90' lang='lat' dir='ltr'><strong>cum</strong></span> <span class='ocrx_word' id='word_1_252' title='bbox 974 2968 1070 3028; x_wconf 88' lang='lat' dir='ltr'><strong>Dei</strong></span> <span class='ocrx_word' id='word_1_253' title='bbox 1137 2972 1404 3044; x_wconf 84' lang='lat' dir='ltr'><strong>adiutorio</strong></span> <span class='ocrx_word' id='word_1_254' title='bbox 1486 2979 1832 3048; x_wconf 86' lang='lat' dir='ltr'><strong>perducatur.</strong></span> 
     </span>
    </p>
   </div>
   <div class='ocr_carea' id='block_1_32' title="bbox 248 3052 1834 3145">
    <p class='ocr_par' dir='ltr' id='par_1_32' title="bbox 248 3052 1834 3145">
     <span class='ocr_line' id='line_1_32' title="bbox 248 3052 1834 3145; baseline 0.009 -32"><span class='ocrx_word' id='word_1_255' title='bbox 248 3052 541 3137; x_wconf 84' lang='lat' dir='ltr'><strong>Postquam</strong></span> <span class='ocrx_word' id='word_1_256' title='bbox 570 3078 700 3118; x_wconf 90' lang='lat' dir='ltr'><strong>vero</strong></span> <span class='ocrx_word' id='word_1_257' title='bbox 730 3065 871 3122; x_wconf 89' lang='lat' dir='ltr'><strong>hanc</strong></span> <span class='ocrx_word' id='word_1_258' title='bbox 897 3068 1161 3124; x_wconf 85' lang='lat' dir='ltr'><strong>rationem</strong></span> <span class='ocrx_word' id='word_1_259' title='bbox 1189 3070 1257 3125; x_wconf 90' lang='lat' dir='ltr'><strong>de</strong></span> <span class='ocrx_word' id='word_1_260' title='bbox 1281 3071 1596 3127; x_wconf 87' lang='lat' dir='ltr'><strong>earumdem</strong></span> <span class='ocrx_word' id='word_1_261' title='bbox 1642 3066 1834 3145; x_wconf 85' lang='lat' dir='ltr'><strong>imagi-</strong></span> 
     </span>
    </p>
   </div>
   <div class='ocr_carea' id='block_1_33' title="bbox 249 3156 1833 3223">
    <p class='ocr_par' dir='ltr' id='par_1_33' title="bbox 249 3156 1833 3223">
     <span class='ocr_line' id='line_1_33' title="bbox 249 3156 1833 3223; baseline 0.008 -18"><span class='ocrx_word' id='word_1_262' title='bbox 249 3164 381 3205; x_wconf 90' lang='lat' dir='ltr'><strong>num</strong></span> <span class='ocrx_word' id='word_1_263' title='bbox 409 3165 570 3206; x_wconf 89' lang='lat' dir='ltr'><strong>causa</strong></span> <span class='ocrx_word' id='word_1_264' title='bbox 596 3156 1104 3212; x_wconf 88' lang='lat' dir='ltr'><strong>consummaveritis</strong></span> <span class='ocrx_word' id='word_1_265' title='bbox 1126 3199 1140 3223; x_wconf 94' lang='lat'><strong>,</strong></span> <span class='ocrx_word' id='word_1_266' title='bbox 1179 3159 1223 3214; x_wconf 89' lang='lat' dir='ltr'><strong>si</strong></span> <span class='ocrx_word' id='word_1_267' title='bbox 1254 3168 1430 3215; x_wconf 86' lang='lat' dir='ltr'><strong>tamen</strong></span> <span class='ocrx_word' id='word_1_268' title='bbox 1466 3161 1569 3216; x_wconf 84' lang='lat' dir='ltr'><strong>hoc</strong></span> <span class='ocrx_word' id='word_1_269' title='bbox 1597 3162 1665 3216; x_wconf 91' lang='lat' dir='ltr'><strong>ad</strong></span> <span class='ocrx_word' id='word_1_270' title='bbox 1692 3161 1833 3217; x_wconf 83' lang='lat' dir='ltr'><strong>nihi-</strong></span> 
     </span>
    </p>
   </div>
   <div class='ocr_carea' id='block_1_34' title="bbox 248 3236 1838 3318">
    <p class='ocr_par' dir='ltr' id='par_1_34' title="bbox 248 3236 1838 3318">
     <span class='ocr_line' id='line_1_34' title="bbox 248 3236 1838 3318; baseline 0.009 -23"><span class='ocrx_word' id='word_1_271' title='bbox 248 3236 362 3295; x_wconf 84' lang='lat' dir='ltr'><strong>lut‘n</strong></span> <span class='ocrx_word' id='word_1_272' title='bbox 392 3236 633 3297; x_wconf 83' lang='lat' dir='ltr'><strong>Romana</strong></span> <span class='ocrx_word' id='word_1_273' title='bbox 676 3244 979 3313; x_wconf 86' lang='lat' dir='ltr'><strong>pertinacia</strong></span> <span class='ocrx_word' id='word_1_274' title='bbox 1028 3248 1377 3318; x_wconf 89' lang='lat' dir='ltr'><strong>permiserit,</strong></span> <span class='ocrx_word' id='word_1_275' title='bbox 1430 3261 1490 3306; x_wconf 90' lang='lat' dir='ltr'><strong>ut</strong></span> <span class='ocrx_word' id='word_1_276' title='bbox 1528 3254 1666 3307; x_wconf 81' lang='lat' dir='ltr'><strong>ratio</strong></span> <span class='ocrx_word' id='word_1_277' title='bbox 1695 3254 1838 3309; x_wconf 88' lang='lat' dir='ltr'><strong>inter</strong></span> 
     </span>
    </p>
   </div>
   <div class='ocr_carea' id='block_1_35' title="bbox 249 3330 1836 3405">
    <p class='ocr_par' dir='ltr' id='par_1_35' title="bbox 249 3330 1836 3405">
     <span class='ocr_line' id='line_1_35' title="bbox 249 3330 1836 3405; baseline 0.011 -21"><span class='ocrx_word' id='word_1_278' title='bbox 249 3344 347 3385; x_wconf 90' lang='lat' dir='ltr'><strong>vos</strong></span> <span class='ocrx_word' id='word_1_279' title='bbox 388 3330 573 3387; x_wconf 81' lang='lat' dir='ltr'><strong>habita</strong></span> <span class='ocrx_word' id='word_1_280' title='bbox 612 3333 794 3405; x_wconf 90' lang='lat' dir='ltr'><strong>aliquo</strong></span> <span class='ocrx_word' id='word_1_281' title='bbox 822 3334 964 3392; x_wconf 90' lang='lat' dir='ltr'><strong>bono</strong></span> <span class='ocrx_word' id='word_1_282' title='bbox 1001 3345 1056 3394; x_wconf 91' lang='lat' dir='ltr'><strong>et</strong></span> <span class='ocrx_word' id='word_1_283' title='bbox 1107 3342 1446 3397; x_wconf 90' lang='lat' dir='ltr'><strong>convenienti</strong></span> <span class='ocrx_word' id='word_1_284' title='bbox 1483 3343 1587 3399; x_wconf 77' lang='lat' dir='ltr'><strong>fine</strong></span> <span class='ocrx_word' id='word_1_285' title='bbox 1614 3344 1836 3402; x_wconf 86' lang='lat' dir='ltr'><strong>clauda-</strong></span> 
     </span>
    </p>
   </div>
   <div class='ocr_carea' id='block_1_36' title="bbox 251 3422 1836 3508">
    <p class='ocr_par' dir='ltr' id='par_1_36' title="bbox 251 3422 1836 3508">
     <span class='ocr_line' id='line_1_36' title="bbox 251 3422 1836 3508; baseline 0.013 -33"><span class='ocrx_word' id='word_1_286' title='bbox 251 3428 364 3488; x_wconf 87' lang='lat' dir='ltr'><strong>tur,</strong></span> <span class='ocrx_word' id='word_1_287' title='bbox 395 3430 450 3478; x_wconf 90' lang='lat' dir='ltr'><strong>et</strong></span> <span class='ocrx_word' id='word_1_288' title='bbox 500 3423 588 3480; x_wconf 90' lang='lat' dir='ltr'><strong>ille</strong></span> <span class='ocrx_word' id='word_1_289' title='bbox 629 3427 782 3482; x_wconf 88' lang='lat' dir='ltr'><strong>vobis</strong></span> <span class='ocrx_word' id='word_1_290' title='bbox 840 3429 1159 3486; x_wconf 89' lang='lat' dir='ltr'><strong>indicaverit</strong></span> <span class='ocrx_word' id='word_1_291' title='bbox 1187 3422 1331 3504; x_wconf 82' lang='lat' dir='ltr'><strong>quod</strong></span> <span class='ocrx_word' id='word_1_292' title='bbox 1367 3434 1575 3508; x_wconf 88' lang='lat' dir='ltr'><strong>legatos</strong></span> <span class='ocrx_word' id='word_1_293' title='bbox 1602 3453 1729 3494; x_wconf 91' lang='lat' dir='ltr'><strong>suos</strong></span> <span class='ocrx_word' id='word_1_294' title='bbox 1766 3426 1836 3495; x_wconf 80' lang='lat' dir='ltr'><strong>ob</strong></span> 
     </span>
    </p>
   </div>
   <div class='ocr_carea' id='block_1_37' title="bbox 234 3512 1835 3595">
    <p class='ocr_par' dir='ltr' id='par_1_37' title="bbox 234 3512 1835 3595">
     <span class='ocr_line' id='line_1_37' title="bbox 234 3512 1835 3595; baseline 0.014 -31"><span class='ocrx_word' id='word_1_295' title='bbox 234 3512 496 3567; x_wconf 77' lang='lat' dir='ltr'><strong>eamdem</strong></span> <span class='ocrx_word' id='word_1_296' title='bbox 535 3529 754 3571; x_wconf 84' lang='lat' dir='ltr'><strong>causam</strong></span> <span class='ocrx_word' id='word_1_297' title='bbox 785 3518 840 3572; x_wconf 92' lang='lat' dir='ltr'><strong>in</strong></span> <span class='ocrx_word' id='word_1_298' title='bbox 863 3517 1127 3578; x_wconf 64' lang='lat' dir='ltr'><strong>Graeciam</strong></span> <span class='ocrx_word' id='word_1_299' title='bbox 1158 3524 1377 3581; x_wconf 88' lang='lat' dir='ltr'><strong>mittere</strong></span> <span class='ocrx_word' id='word_1_300' title='bbox 1410 3527 1560 3595; x_wconf 85' lang='lat' dir='ltr'><strong>velit,</strong></span> <span class='ocrx_word' id='word_1_301' title='bbox 1586 3522 1835 3586; x_wconf 74' lang='lat' dir='ltr'><strong>volumus</strong></span> 
     </span>
    </p>
   </div>
   <div class='ocr_carea' id='block_1_38' title="bbox 249 3603 1836 3694">
    <p class='ocr_par' dir='ltr' id='par_1_38' title="bbox 249 3603 1836 3694">
     <span class='ocr_line' id='line_1_38' title="bbox 249 3603 1836 3694; baseline 0.016 -41"><span class='ocrx_word' id='word_1_302' title='bbox 249 3605 312 3654; x_wconf 88' lang='lat' dir='ltr'><strong>ut</strong></span> <span class='ocrx_word' id='word_1_303' title='bbox 339 3616 461 3656; x_wconf 88' lang='lat' dir='ltr'><strong>emn</strong></span> <span class='ocrx_word' id='word_1_304' title='bbox 494 3603 838 3677; x_wconf 87' lang='lat' dir='ltr'><strong>interrogetis</strong></span> <span class='ocrx_word' id='word_1_305' title='bbox 880 3611 926 3665; x_wconf 91' lang='lat' dir='ltr'><strong>si</strong></span> <span class='ocrx_word' id='word_1_306' title='bbox 977 3610 1054 3667; x_wconf 92' lang='lat' dir='ltr'><strong>illi</strong></span> <span class='ocrx_word' id='word_1_307' title='bbox 1095 3614 1307 3686; x_wconf 86' lang='lat' dir='ltr'><strong>placeat</strong></span> <span class='ocrx_word' id='word_1_308' title='bbox 1355 3627 1416 3674; x_wconf 93' lang='lat' dir='ltr'><strong>ut</strong></span> <span class='ocrx_word' id='word_1_309' title='bbox 1453 3621 1631 3676; x_wconf 90' lang='lat' dir='ltr'><strong>nostri</strong></span> <span class='ocrx_word' id='word_1_310' title='bbox 1674 3614 1836 3694; x_wconf 81' lang='lat' dir='ltr'><strong>legati</strong></span> 
     </span>
    </p>
   </div>
   <div class='ocr_carea' id='block_1_39' title="bbox 250 3695 1835 3785">
    <p class='ocr_par' dir='ltr' id='par_1_39' title="bbox 250 3695 1835 3785">
     <span class='ocr_line' id='line_1_39' title="bbox 250 3695 1835 3785; baseline 0.016 -39"><span class='ocrx_word' id='word_1_311' title='bbox 250 3695 460 3764; x_wconf 88' lang='lat' dir='ltr'><strong>pariter</strong></span> <span class='ocrx_word' id='word_1_312' title='bbox 492 3712 613 3752; x_wconf 90' lang='lat' dir='ltr'><strong>cum</strong></span> <span class='ocrx_word' id='word_1_313' title='bbox 642 3699 755 3756; x_wconf 89' lang='lat' dir='ltr'><strong>suis</strong></span> <span class='ocrx_word' id='word_1_314' title='bbox 778 3701 832 3757; x_wconf 91' lang='lat' dir='ltr'><strong>in</strong></span> <span class='ocrx_word' id='word_1_315' title='bbox 877 3703 1143 3785; x_wconf 76' lang='lat' dir='ltr'><strong>Graeciam</strong></span> <span class='ocrx_word' id='word_1_316' title='bbox 1171 3720 1419 3783; x_wconf 84' lang='lat' dir='ltr'><strong>pergant.</strong></span> <span class='ocrx_word' id='word_1_317' title='bbox 1464 3713 1534 3769; x_wconf 84' lang='lat' dir='ltr'><strong>Et</strong></span> <span class='ocrx_word' id='word_1_318' title='bbox 1576 3715 1621 3770; x_wconf 90' lang='lat' dir='ltr'><strong>si</strong></span> <span class='ocrx_word' id='word_1_319' title='bbox 1657 3715 1760 3772; x_wconf 89' lang='lat' dir='ltr'><strong>hoc</strong></span> <span class='ocrx_word' id='word_1_320' title='bbox 1785 3716 1835 3772; x_wconf 91' lang='lat' dir='ltr'><strong>ei</strong></span> 
     </span>
    </p>
   </div>
   <div class='ocr_carea' id='block_1_40' title="bbox 253 3787 1835 3874">
    <p class='ocr_par' dir='ltr' id='par_1_40' title="bbox 253 3787 1835 3874">
     <span class='ocr_line' id='line_1_40' title="bbox 253 3787 1835 3874; baseline 0.013 -34"><span class='ocrx_word' id='word_1_321' title='bbox 253 3787 446 3843; x_wconf 82' lang='lat' dir='ltr'><strong>melius</strong></span> <span class='ocrx_word' id='word_1_322' title='bbox 473 3789 858 3874; x_wconf 62' lang='lat' dir='ltr'><strong>visumfuerit,</strong></span> <span class='ocrx_word' id='word_1_323' title='bbox 881 3810 1047 3865; x_wconf 90' lang='lat' dir='ltr'><strong>seque</strong></span> <span class='ocrx_word' id='word_1_324' title='bbox 1074 3800 1295 3855; x_wconf 90' lang='lat' dir='ltr'><strong>omnino</strong></span> <span class='ocrx_word' id='word_1_325' title='bbox 1314 3802 1450 3857; x_wconf 84' lang='lat' dir='ltr'><strong>velle</strong></span> <span class='ocrx_word' id='word_1_326' title='bbox 1474 3796 1835 3874; x_wconf 58' lang='lat' dir='ltr'><strong>rcsponderi&#39;t,</strong></span> 
     </span>
    </p>
   </div>
   <div class='ocr_carea' id='block_1_41' title="bbox 255 3861 1838 3952">
    <p class='ocr_par' dir='ltr' id='par_1_41' title="bbox 255 3861 1838 3952">
     <span class='ocr_line' id='line_1_41' title="bbox 255 3861 1838 3952; baseline 0.015 -22"><span class='ocrx_word' id='word_1_327' title='bbox 255 3882 383 3933; x_wconf 86' lang='lat' dir='ltr'><strong>tunc</strong></span> <span class='ocrx_word' id='word_1_328' title='bbox 410 3861 675 3936; x_wconf 51' lang='lat' dir='ltr'><strong>volumus.</strong></span> <span class='ocrx_word' id='word_1_329' title='bbox 696 3882 768 3937; x_wconf 89' lang='lat' dir='ltr'><strong>ub</strong></span> <span class='ocrx_word' id='word_1_330' title='bbox 798 3884 899 3938; x_wconf 91' lang='lat' dir='ltr'><strong>sub</strong></span> <span class='ocrx_word' id='word_1_331' title='bbox 924 3887 1071 3940; x_wconf 91' lang='lat' dir='ltr'><strong>omni</strong></span> <span class='ocrx_word' id='word_1_332' title='bbox 1098 3886 1441 3948; x_wconf 78' lang='lat' dir='ltr'><strong>festinatione</strong></span> <span class='ocrx_word' id='word_1_333' title='bbox 1484 3893 1680 3950; x_wconf 88' lang='lat' dir='ltr'><strong>litteris</strong></span> <span class='ocrx_word' id='word_1_334' title='bbox 1719 3912 1838 3952; x_wconf 91' lang='lat' dir='ltr'><strong>ves-</strong></span> 
     </span>
    </p>
   </div>
   <div class='ocr_carea' id='block_1_42' title="bbox 230 3968 1834 4056">
    <p class='ocr_par' dir='ltr' id='par_1_42' title="bbox 230 3968 1834 4056">
     <span class='ocr_line' id='line_1_42' title="bbox 230 3968 1834 4056; baseline 0.013 -34"><span class='ocrx_word' id='word_1_335' title='bbox 230 3968 355 4024; x_wconf 70' lang='lat' dir='ltr'><strong>‘tris</strong></span> <span class='ocrx_word' id='word_1_336' title='bbox 384 3985 416 4024; x_wconf 88' lang='lat' dir='ltr'><strong>a</strong></span> <span class='ocrx_word' id='word_1_337' title='bbox 441 3969 593 4026; x_wconf 90' lang='lat' dir='ltr'><strong>vobis</strong></span> <span class='ocrx_word' id='word_1_338' title='bbox 618 3971 685 4026; x_wconf 91' lang='lat' dir='ltr'><strong>ad</strong></span> <span class='ocrx_word' id='word_1_339' title='bbox 717 3989 818 4029; x_wconf 90' lang='lat' dir='ltr'><strong>nos</strong></span> <span class='ocrx_word' id='word_1_340' title='bbox 846 3975 1067 4032; x_wconf 90' lang='lat' dir='ltr'><strong>directis</strong></span> <span class='ocrx_word' id='word_1_341' title='bbox 1089 3995 1187 4035; x_wconf 93' lang='lat' dir='ltr'><strong>nos</strong></span> <span class='ocrx_word' id='word_1_342' title='bbox 1214 3981 1339 4037; x_wconf 89' lang='lat' dir='ltr'><strong>inde</strong></span> <span class='ocrx_word' id='word_1_343' title='bbox 1375 3992 1555 4040; x_wconf 89' lang='lat' dir='ltr'><strong>certos</strong></span> <span class='ocrx_word' id='word_1_344' title='bbox 1585 3985 1794 4043; x_wconf 80' lang='lat' dir='ltr'><strong>faciatis</strong></span> <span class='ocrx_word' id='word_1_345' title='bbox 1817 4028 1834 4056; x_wconf 94' lang='lat'><strong>,</strong></span> 
     </span>
    </p>
   </div>
   <div class='ocr_carea' id='block_1_43' title="bbox 257 4058 1837 4151">
    <p class='ocr_par' dir='ltr' id='par_1_43' title="bbox 257 4058 1837 4151">
     <span class='ocr_line' id='line_1_43' title="bbox 257 4058 1837 4151; baseline 0.015 -39"><span class='ocrx_word' id='word_1_346' title='bbox 257 4058 525 4130; x_wconf 83' lang='lat' dir='ltr'><strong>simulque</strong></span> <span class='ocrx_word' id='word_1_347' title='bbox 547 4070 601 4116; x_wconf 92' lang='lat' dir='ltr'><strong>et</strong></span> <span class='ocrx_word' id='word_1_348' title='bbox 626 4058 694 4118; x_wconf 90' lang='lat' dir='ltr'><strong>de</strong></span> <span class='ocrx_word' id='word_1_349' title='bbox 715 4072 896 4121; x_wconf 88' lang='lat' dir='ltr'><strong>vestro</strong></span> <span class='ocrx_word' id='word_1_350' title='bbox 925 4066 1158 4125; x_wconf 90' lang='lat' dir='ltr'><strong>adventu</strong></span> <span class='ocrx_word' id='word_1_351' title='bbox 1179 4071 1246 4126; x_wconf 89' lang='lat' dir='ltr'><strong>ad</strong></span> <span class='ocrx_word' id='word_1_352' title='bbox 1267 4088 1398 4142; x_wconf 89' lang='lat' dir='ltr'><strong>nos;</strong></span> <span class='ocrx_word' id='word_1_353' title='bbox 1426 4082 1486 4130; x_wconf 89' lang='lat' dir='ltr'><strong>ut</strong></span> <span class='ocrx_word' id='word_1_354' title='bbox 1506 4092 1571 4132; x_wconf 91' lang='lat' dir='ltr'><strong>eo</strong></span> <span class='ocrx_word' id='word_1_355' title='bbox 1596 4064 1837 4151; x_wconf 77' lang='lat' dir='ltr'><strong>tempore</strong></span> 
     </span>
    </p>
   </div>
   <div class='ocr_carea' id='block_1_44' title="bbox 258 4154 1839 4242">
    <p class='ocr_par' dir='ltr' id='par_1_44' title="bbox 258 4154 1839 4242">
     <span class='ocr_line' id='line_1_44' title="bbox 258 4154 1839 4242; baseline 0.015 -38"><span class='ocrx_word' id='word_1_356' title='bbox 258 4166 366 4221; x_wconf 91' lang='lat' dir='ltr'><strong>quo</strong></span> <span class='ocrx_word' id='word_1_357' title='bbox 393 4167 491 4207; x_wconf 93' lang='lat' dir='ltr'><strong>vos</strong></span> <span class='ocrx_word' id='word_1_358' title='bbox 528 4154 597 4208; x_wconf 91' lang='lat' dir='ltr'><strong>ad</strong></span> <span class='ocrx_word' id='word_1_359' title='bbox 625 4164 869 4212; x_wconf 89' lang='lat' dir='ltr'><strong>nostram</strong></span> <span class='ocrx_word' id='word_1_360' title='bbox 902 4162 1160 4218; x_wconf 85' lang='lat' dir='ltr'><strong>veneritis</strong></span> <span class='ocrx_word' id='word_1_361' title='bbox 1196 4168 1557 4234; x_wconf 73' lang='lat' dir='ltr'><strong>praesentiam,</strong></span> <span class='ocrx_word' id='word_1_362' title='bbox 1599 4162 1839 4242; x_wconf 84' lang='lat' dir='ltr'><strong>Halitga-</strong></span> 
     </span>
    </p>
   </div>
   <div class='ocr_carea' id='block_1_45' title="bbox 258 4241 1837 4318">
    <p class='ocr_par' dir='ltr' id='par_1_45' title="bbox 258 4241 1837 4318">
     <span class='ocr_line' id='line_1_45' title="bbox 258 4241 1837 4318; baseline 0.015 -23"><span class='ocrx_word' id='word_1_363' title='bbox 258 4241 396 4297; x_wconf 88' lang='lat' dir='ltr'><strong>rium</strong></span> <span class='ocrx_word' id='word_1_364' title='bbox 423 4253 477 4299; x_wconf 88' lang='lat' dir='ltr'><strong>et</strong></span> <span class='ocrx_word' id='word_1_365' title='bbox 504 4245 837 4304; x_wconf 83' lang='lat' dir='ltr'><strong>Amalarium</strong></span> <span class='ocrx_word' id='word_1_366' title='bbox 863 4252 1140 4309; x_wconf 84' lang='lat' dir='ltr'><strong>nobiscum</strong></span> <span class='ocrx_word' id='word_1_367' title='bbox 1179 4256 1486 4315; x_wconf 84' lang='lat' dir='ltr'><strong>inveniatis.</strong></span> <span class='ocrx_word' id='word_1_368' title='bbox 1515 4261 1624 4317; x_wconf 84' lang='lat' dir='ltr'><strong>Vos</strong></span> <span class='ocrx_word' id='word_1_369' title='bbox 1654 4241 1837 4318; x_wconf 66' lang='lat' dir='ltr'><strong>autiam</strong></span> 
     </span>
    </p>
   </div>
   <div class='ocr_carea' id='block_1_46' title="bbox 258 4330 1837 4423">
    <p class='ocr_par' dir='ltr' id='par_1_46' title="bbox 258 4330 1837 4423">
     <span class='ocr_line' id='line_1_46' title="bbox 258 4330 1837 4423; baseline 0.015 -36"><span class='ocrx_word' id='word_1_370' title='bbox 258 4347 380 4389; x_wconf 88' lang='lat' dir='ltr'><strong>cum</strong></span> <span class='ocrx_word' id='word_1_371' title='bbox 404 4330 600 4392; x_wconf 91' lang='lat' dir='ltr'><strong>domno</strong></span> <span class='ocrx_word' id='word_1_372' title='bbox 617 4340 911 4408; x_wconf 89' lang='lat' dir='ltr'><strong>apostolico</strong></span> <span class='ocrx_word' id='word_1_373' title='bbox 933 4344 1272 4401; x_wconf 87' lang='lat' dir='ltr'><strong>considerate</strong></span> <span class='ocrx_word' id='word_1_374' title='bbox 1287 4350 1376 4403; x_wconf 87' lang='lat' dir='ltr'><strong>ubi</strong></span> <span class='ocrx_word' id='word_1_375' title='bbox 1405 4350 1493 4405; x_wconf 90' lang='lat' dir='ltr'><strong>ille</strong></span> <span class='ocrx_word' id='word_1_376' title='bbox 1514 4351 1598 4407; x_wconf 91' lang='lat' dir='ltr'><strong>vel</strong></span> <span class='ocrx_word' id='word_1_377' title='bbox 1621 4353 1837 4423; x_wconf 84' lang='lat' dir='ltr'><strong>quando</strong></span> 
     </span>
    </p>
   </div>
   <div class='ocr_carea' id='block_1_47' title="bbox 255 4426 1838 4507">
    <p class='ocr_par' dir='ltr' id='par_1_47' title="bbox 255 4426 1838 4507">
     <span class='ocr_line' id='line_1_47' title="bbox 255 4426 1838 4507; baseline 0.014 -27"><span class='ocrx_word' id='word_1_378' title='bbox 255 4426 387 4483; x_wconf 88' lang='lat' dir='ltr'><strong>velit</strong></span> <span class='ocrx_word' id='word_1_379' title='bbox 414 4437 475 4484; x_wconf 92' lang='lat' dir='ltr'><strong>ut</strong></span> <span class='ocrx_word' id='word_1_380' title='bbox 500 4428 584 4486; x_wconf 89' lang='lat' dir='ltr'><strong>sui</strong></span> <span class='ocrx_word' id='word_1_381' title='bbox 609 4446 674 4487; x_wconf 89' lang='lat' dir='ltr'><strong>ac</strong></span> <span class='ocrx_word' id='word_1_382' title='bbox 700 4435 872 4489; x_wconf 89' lang='lat' dir='ltr'><strong>nostri</strong></span> <span class='ocrx_word' id='word_1_383' title='bbox 899 4435 1059 4507; x_wconf 90' lang='lat' dir='ltr'><strong>legati</strong></span> <span class='ocrx_word' id='word_1_384' title='bbox 1085 4438 1151 4495; x_wconf 92' lang='lat' dir='ltr'><strong>ad</strong></span> <span class='ocrx_word' id='word_1_385' title='bbox 1188 4456 1355 4496; x_wconf 86' lang='lat' dir='ltr'><strong>naves</strong></span> <span class='ocrx_word' id='word_1_386' title='bbox 1396 4444 1838 4502; x_wconf 89' lang='lat' dir='ltr'><strong>conscendendas</strong></span> 
     </span>
    </p>
   </div>
   <div class='ocr_carea' id='block_1_48' title="bbox 258 4517 1833 4607">
    <p class='ocr_par' dir='ltr' id='par_1_48' title="bbox 258 4517 1833 4607">
     <span class='ocr_line' id='line_1_48' title="bbox 258 4517 1833 4607; baseline 0.013 -33"><span class='ocrx_word' id='word_1_387' title='bbox 258 4533 317 4575; x_wconf 88' lang='lat' dir='ltr'><strong>se</strong></span> <span class='ocrx_word' id='word_1_388' title='bbox 337 4517 564 4592; x_wconf 89' lang='lat' dir='ltr'><strong>iungere</strong></span> <span class='ocrx_word' id='word_1_389' title='bbox 603 4523 857 4592; x_wconf 81' lang='lat' dir='ltr'><strong>debeant,</strong></span> <span class='ocrx_word' id='word_1_390' title='bbox 881 4535 937 4582; x_wconf 90' lang='lat' dir='ltr'><strong>et</strong></span> <span class='ocrx_word' id='word_1_391' title='bbox 980 4529 1083 4584; x_wconf 92' lang='lat' dir='ltr'><strong>hoc</strong></span> <span class='ocrx_word' id='word_1_392' title='bbox 1120 4532 1278 4587; x_wconf 92' lang='lat' dir='ltr'><strong>nobis</strong></span> <span class='ocrx_word' id='word_1_393' title='bbox 1303 4547 1402 4603; x_wconf 89' lang='lat' dir='ltr'><strong>per</strong></span> <span class='ocrx_word' id='word_1_394' title='bbox 1428 4535 1793 4607; x_wconf 89' lang='lat' dir='ltr'><strong>nosmetipsos</strong></span> <span class='ocrx_word' id='word_1_395' title='bbox 1817 4577 1833 4605; x_wconf 92' lang='lat'><strong>,</strong></span> 
     </span>
    </p>
   </div>
   <div class='ocr_carea' id='block_1_49' title="bbox 248 4612 1703 4697">
    <p class='ocr_par' dir='ltr' id='par_1_49' title="bbox 248 4612 1703 4697">
     <span class='ocr_line' id='line_1_49' title="bbox 248 4612 1703 4697; baseline 0.01 -30"><span class='ocrx_word' id='word_1_396' title='bbox 248 4623 382 4669; x_wconf 86' lang='lat' dir='ltr'><strong>cum</strong></span> <span class='ocrx_word' id='word_1_397' title='bbox 407 4613 520 4671; x_wconf 87' lang='lat' dir='ltr'><strong>Deo</strong></span> <span class='ocrx_word' id='word_1_398' title='bbox 551 4612 764 4673; x_wconf 87' lang='lat' dir='ltr'><strong>volente</strong></span> <span class='ocrx_word' id='word_1_399' title='bbox 789 4619 1068 4685; x_wconf 87' lang='lat' dir='ltr'><strong>veneritis,</strong></span> <span class='ocrx_word' id='word_1_400' title='bbox 1106 4623 1431 4680; x_wconf 89' lang='lat' dir='ltr'><strong>annuntiare</strong></span> <span class='ocrx_word' id='word_1_401' title='bbox 1457 4626 1703 4697; x_wconf 89' lang='lat' dir='ltr'><strong>potestis.</strong></span> 
     </span>
    </p>
   </div>
   <div class='ocr_carea' id='block_1_50' title="bbox 810 4718 1292 4788">
    <p class='ocr_par' dir='ltr' id='par_1_50' title="bbox 810 4718 1292 4788">
     <span class='ocr_line' id='line_1_50' title="bbox 810 4718 1292 4788; baseline 0.01 -7"><span class='ocrx_word' id='word_1_402' title='bbox 810 4718 1143 4785; x_wconf 79' lang='lat' dir='ltr'><strong>EPISTOLA</strong></span> <span class='ocrx_word' id='word_1_403' title='bbox 1181 4728 1292 4788; x_wconf 79' lang='lat' dir='ltr'><strong>VII.</strong></span> 
     </span>
    </p>
   </div>
   <div class='ocr_carea' id='block_1_51' title="bbox 2002 983 3512 1067">
    <p class='ocr_par' dir='ltr' id='par_1_51' title="bbox 2002 983 3512 1067">
     <span class='ocr_line' id='line_1_51' title="bbox 2002 983 3512 1067; baseline 0.013 -29"><span class='ocrx_word' id='word_1_404' title='bbox 2002 983 2140 1051; x_wconf 83' lang='lat' dir='ltr'><strong>Quia</strong></span> <span class='ocrx_word' id='word_1_405' title='bbox 2162 987 2429 1044; x_wconf 89' lang='lat' dir='ltr'><strong>veraciter</strong></span> <span class='ocrx_word' id='word_1_406' title='bbox 2451 1004 2551 1045; x_wconf 90' lang='lat' dir='ltr'><strong>nos</strong></span> <span class='ocrx_word' id='word_1_407' title='bbox 2569 988 2841 1047; x_wconf 88' lang='lat' dir='ltr'><strong>debitores</strong></span> <span class='ocrx_word' id='word_1_408' title='bbox 2853 1007 2974 1048; x_wconf 88' lang='lat' dir='ltr'><strong>esse</strong></span> <span class='ocrx_word' id='word_1_409' title='bbox 2991 997 3339 1067; x_wconf 88' lang='lat' dir='ltr'><strong>cognovimus</strong></span> <span class='ocrx_word' id='word_1_410' title='bbox 3351 1007 3409 1055; x_wconf 91' lang='lat' dir='ltr'><strong>ut</strong></span> <span class='ocrx_word' id='word_1_411' title='bbox 3426 1001 3512 1060; x_wconf 85' lang='lat' dir='ltr'><strong>bis</strong></span> 
     </span>
    </p>
   </div>
   <div class='ocr_carea' id='block_1_52' title="bbox 1930 1077 3509 1148">
    <p class='ocr_par' dir='ltr' id='par_1_52' title="bbox 1930 1077 3509 1148">
     <span class='ocr_line' id='line_1_52' title="bbox 1930 1077 3509 1148; baseline 0.01 -17"><span class='ocrx_word' id='word_1_412' title='bbox 1930 1077 2127 1146; x_wconf 88' lang='lat' dir='ltr'><strong>quibus</strong></span> <span class='ocrx_word' id='word_1_413' title='bbox 2152 1080 2392 1148; x_wconf 88' lang='lat' dir='ltr'><strong>regimen</strong></span> <span class='ocrx_word' id='word_1_414' title='bbox 2432 1081 2792 1137; x_wconf 87' lang='lat' dir='ltr'><strong>Ecclesiarum</strong></span> <span class='ocrx_word' id='word_1_415' title='bbox 2820 1090 2876 1139; x_wconf 90' lang='lat' dir='ltr'><strong>et</strong></span> <span class='ocrx_word' id='word_1_416' title='bbox 2896 1085 3074 1140; x_wconf 91' lang='lat' dir='ltr'><strong>ovium</strong></span> <span class='ocrx_word' id='word_1_417' title='bbox 3108 1086 3509 1148; x_wconf 85' lang='lat' dir='ltr'><strong>Dominicarum</strong></span> 
     </span>
    </p>
   </div>
   <div class='ocr_carea' id='block_1_53' title="bbox 1930 1173 3513 1241">
    <p class='ocr_par' dir='ltr' id='par_1_53' title="bbox 1930 1173 3513 1241">
     <span class='ocr_line' id='line_1_53' title="bbox 1930 1173 3513 1241; baseline 0.006 -13"><span class='ocrx_word' id='word_1_418' title='bbox 1930 1184 2062 1228; x_wconf 89' lang='lat' dir='ltr'><strong>cura</strong></span> <span class='ocrx_word' id='word_1_419' title='bbox 2095 1173 2384 1233; x_wconf 84' lang='lat' dir='ltr'><strong>commissa</strong></span> <span class='ocrx_word' id='word_1_420' title='bbox 2422 1183 2507 1230; x_wconf 90' lang='lat' dir='ltr'><strong>est</strong></span> <span class='ocrx_word' id='word_1_421' title='bbox 2528 1216 2542 1241; x_wconf 94' lang='lat'><strong>,</strong></span> <span class='ocrx_word' id='word_1_422' title='bbox 2587 1176 2641 1230; x_wconf 94' lang='lat' dir='ltr'><strong>in</strong></span> <span class='ocrx_word' id='word_1_423' title='bbox 2686 1177 2937 1232; x_wconf 87' lang='lat' dir='ltr'><strong>omnibus</strong></span> <span class='ocrx_word' id='word_1_424' title='bbox 2967 1179 3145 1235; x_wconf 87' lang='lat' dir='ltr'><strong>causis</strong></span> <span class='ocrx_word' id='word_1_425' title='bbox 3174 1181 3241 1235; x_wconf 88' lang='lat' dir='ltr'><strong>ad</strong></span> <span class='ocrx_word' id='word_1_426' title='bbox 3272 1181 3513 1239; x_wconf 88' lang='lat' dir='ltr'><strong>divinum</strong></span> 
     </span>
    </p>
   </div>
   <div class='ocr_carea' id='block_1_54' title="bbox 1931 1263 3515 1345">
    <p class='ocr_par' dir='ltr' id='par_1_54' title="bbox 1931 1263 3515 1345">
     <span class='ocr_line' id='line_1_54' title="bbox 1931 1263 3515 1345; baseline 0.009 -29"><span class='ocrx_word' id='word_1_427' title='bbox 1931 1263 2134 1317; x_wconf 90' lang='lat' dir='ltr'><strong>cultum</strong></span> <span class='ocrx_word' id='word_1_428' title='bbox 2187 1264 2584 1334; x_wconf 88' lang='lat' dir='ltr'><strong>pertinentibus</strong></span> <span class='ocrx_word' id='word_1_429' title='bbox 2638 1282 2795 1338; x_wconf 90' lang='lat' dir='ltr'><strong>opem</strong></span> <span class='ocrx_word' id='word_1_430' title='bbox 2843 1276 3006 1340; x_wconf 89' lang='lat' dir='ltr'><strong>atque</strong></span> <span class='ocrx_word' id='word_1_431' title='bbox 3051 1272 3311 1327; x_wconf 83' lang='lat' dir='ltr'><strong>auxilium</strong></span> <span class='ocrx_word' id='word_1_432' title='bbox 3344 1315 3360 1341; x_wconf 91' lang='lat'><strong>,</strong></span> <span class='ocrx_word' id='word_1_433' title='bbox 3417 1290 3515 1345; x_wconf 89' lang='lat' dir='ltr'><strong>pro</strong></span> 
     </span>
    </p>
   </div>
   <div class='ocr_carea' id='block_1_55' title="bbox 1931 1352 3511 1424">
    <p class='ocr_par' dir='ltr' id='par_1_55' title="bbox 1931 1352 3511 1424">
     <span class='ocr_line' id='line_1_55' title="bbox 1931 1352 3511 1424; baseline 0.008 -16"><span class='ocrx_word' id='word_1_434' title='bbox 1931 1352 2190 1424; x_wconf 89' lang='lat' dir='ltr'><strong>qualitate</strong></span> <span class='ocrx_word' id='word_1_435' title='bbox 2229 1354 2425 1411; x_wconf 89' lang='lat' dir='ltr'><strong>virium</strong></span> <span class='ocrx_word' id='word_1_436' title='bbox 2462 1364 2772 1412; x_wconf 88' lang='lat' dir='ltr'><strong>nostrarum</strong></span> <span class='ocrx_word' id='word_1_437' title='bbox 2796 1366 2851 1414; x_wconf 92' lang='lat' dir='ltr'><strong>et</strong></span> <span class='ocrx_word' id='word_1_438' title='bbox 2876 1359 3179 1417; x_wconf 88' lang='lat' dir='ltr'><strong>intellectus</strong></span> <span class='ocrx_word' id='word_1_439' title='bbox 3205 1366 3378 1419; x_wconf 89' lang='lat' dir='ltr'><strong>nostri</strong></span> <span class='ocrx_word' id='word_1_440' title='bbox 3417 1381 3511 1421; x_wconf 90' lang='lat' dir='ltr'><strong>ca-</strong></span> 
     </span>
    </p>
   </div>
   <div class='ocr_carea' id='block_1_56' title="bbox 1929 1438 3516 1528">
    <p class='ocr_par' dir='ltr' id='par_1_56' title="bbox 1929 1438 3516 1528">
     <span class='ocr_line' id='line_1_56' title="bbox 1929 1438 3516 1528; baseline 0.008 -27"><span class='ocrx_word' id='word_1_441' title='bbox 1929 1447 2202 1519; x_wconf 89' lang='lat' dir='ltr'><strong>pacitate,</strong></span> <span class='ocrx_word' id='word_1_442' title='bbox 2245 1448 2481 1505; x_wconf 87' lang='lat' dir='ltr'><strong>feramus</strong></span> <span class='ocrx_word' id='word_1_443' title='bbox 2512 1491 2526 1515; x_wconf 94' lang='lat'><strong>,</strong></span> <span class='ocrx_word' id='word_1_444' title='bbox 2579 1449 2782 1507; x_wconf 91' lang='lat' dir='ltr'><strong>idcirco</strong></span> <span class='ocrx_word' id='word_1_445' title='bbox 2817 1438 3233 1522; x_wconf 65' lang='lat' dir='ltr'><strong>prmtermittere</strong></span> <span class='ocrx_word' id='word_1_446' title='bbox 3272 1459 3516 1528; x_wconf 87' lang='lat' dir='ltr'><strong>nequivi-</strong></span> 
     </span>
    </p>
   </div>
   <div class='ocr_carea' id='block_1_57' title="bbox 1932 1541 3514 1615">
    <p class='ocr_par' dir='ltr' id='par_1_57' title="bbox 1932 1541 3514 1615">
     <span class='ocr_line' id='line_1_57' title="bbox 1932 1541 3514 1615; baseline 0.008 -22"><span class='ocrx_word' id='word_1_447' title='bbox 1932 1553 2052 1595; x_wconf 88' lang='lat' dir='ltr'><strong>mus</strong></span> <span class='ocrx_word' id='word_1_448' title='bbox 2073 1541 2203 1610; x_wconf 90' lang='lat' dir='ltr'><strong>quin</strong></span> <span class='ocrx_word' id='word_1_449' title='bbox 2237 1548 2363 1598; x_wconf 92' lang='lat' dir='ltr'><strong>tunc</strong></span> <span class='ocrx_word' id='word_1_450' title='bbox 2390 1583 2405 1608; x_wconf 94' lang='lat'><strong>,</strong></span> <span class='ocrx_word' id='word_1_451' title='bbox 2432 1543 2647 1612; x_wconf 87' lang='lat' dir='ltr'><strong>quando</strong></span> <span class='ocrx_word' id='word_1_452' title='bbox 2674 1543 2837 1615; x_wconf 86' lang='lat' dir='ltr'><strong>legati</strong></span> <span class='ocrx_word' id='word_1_453' title='bbox 2874 1544 3186 1602; x_wconf 74' lang='lat' dir='ltr'><strong>Gr:ecorum</strong></span> <span class='ocrx_word' id='word_1_454' title='bbox 3217 1549 3373 1605; x_wconf 91' lang='lat' dir='ltr'><strong>nobis</strong></span> <span class='ocrx_word' id='word_1_455' title='bbox 3399 1566 3514 1606; x_wconf 81' lang='lat' dir='ltr'><strong>ma—</strong></span> 
     </span>
    </p>
   </div>
   <div class='ocr_carea' id='block_1_58' title="bbox 1930 1629 3515 1712">
    <p class='ocr_par' dir='ltr' id='par_1_58' title="bbox 1930 1629 3515 1712">
     <span class='ocr_line' id='line_1_58' title="bbox 1930 1629 3515 1712; baseline 0.008 -27"><span class='ocrx_word' id='word_1_456' title='bbox 1930 1629 2328 1689; x_wconf 83' lang='lat' dir='ltr'><strong>nifestaverunt</strong></span> <span class='ocrx_word' id='word_1_457' title='bbox 2388 1634 2603 1705; x_wconf 89' lang='lat' dir='ltr'><strong>qualem</strong></span> <span class='ocrx_word' id='word_1_458' title='bbox 2679 1636 2747 1691; x_wconf 89' lang='lat' dir='ltr'><strong>ad</strong></span> <span class='ocrx_word' id='word_1_459' title='bbox 2796 1651 2894 1693; x_wconf 91' lang='lat' dir='ltr'><strong>vos</strong></span> <span class='ocrx_word' id='word_1_460' title='bbox 2962 1639 3221 1696; x_wconf 87' lang='lat' dir='ltr'><strong>deberent</strong></span> <span class='ocrx_word' id='word_1_461' title='bbox 3273 1640 3515 1712; x_wconf 79' lang='lat' dir='ltr'><strong>perferre</strong></span> 
     </span>
    </p>
   </div>
   <div class='ocr_carea' id='block_1_59' title="bbox 1933 1722 3512 1805">
    <p class='ocr_par' dir='ltr' id='par_1_59' title="bbox 1933 1722 3512 1805">
     <span class='ocr_line' id='line_1_59' title="bbox 1933 1722 3512 1805; baseline 0.009 -29"><span class='ocrx_word' id='word_1_462' title='bbox 1933 1722 2276 1792; x_wconf 81' lang='lat' dir='ltr'><strong>legationem,</strong></span> <span class='ocrx_word' id='word_1_463' title='bbox 2299 1741 2507 1781; x_wconf 90' lang='lat' dir='ltr'><strong>summa</strong></span> <span class='ocrx_word' id='word_1_464' title='bbox 2530 1743 2661 1805; x_wconf 88' lang='lat' dir='ltr'><strong>cura</strong></span> <span class='ocrx_word' id='word_1_465' title='bbox 2682 1744 2747 1785; x_wconf 90' lang='lat' dir='ltr'><strong>ac</strong></span> <span class='ocrx_word' id='word_1_466' title='bbox 2767 1729 3128 1787; x_wconf 88' lang='lat' dir='ltr'><strong>sollicitudine</strong></span> <span class='ocrx_word' id='word_1_467' title='bbox 3151 1741 3512 1791; x_wconf 87' lang='lat' dir='ltr'><strong>tractaremus</strong></span> 
     </span>
    </p>
   </div>
   <div class='ocr_carea' id='block_1_60' title="bbox 1934 1816 3510 1898">
    <p class='ocr_par' dir='ltr' id='par_1_60' title="bbox 1934 1816 3510 1898">
     <span class='ocr_line' id='line_1_60' title="bbox 1934 1816 3510 1898; baseline 0.007 -25"><span class='ocrx_word' id='word_1_468' title='bbox 1934 1818 2095 1888; x_wconf 90' lang='lat' dir='ltr'><strong>quale</strong></span> <span class='ocrx_word' id='word_1_469' title='bbox 2146 1816 2299 1875; x_wconf 87' lang='lat' dir='ltr'><strong>vobis</strong></span> <span class='ocrx_word' id='word_1_470' title='bbox 2353 1820 2679 1894; x_wconf 87' lang='lat' dir='ltr'><strong>adiutorium</strong></span> <span class='ocrx_word' id='word_1_471' title='bbox 2716 1822 2771 1877; x_wconf 82' lang='lat' dir='ltr'><strong>in</strong></span> <span class='ocrx_word' id='word_1_472' title='bbox 2820 1824 2924 1880; x_wconf 86' lang='lat' dir='ltr'><strong>hoc</strong></span> <span class='ocrx_word' id='word_1_473' title='bbox 2971 1826 3188 1898; x_wconf 89' lang='lat' dir='ltr'><strong>negotio</strong></span> <span class='ocrx_word' id='word_1_474' title='bbox 3242 1843 3367 1883; x_wconf 91' lang='lat' dir='ltr'><strong>cum</strong></span> <span class='ocrx_word' id='word_1_475' title='bbox 3413 1827 3510 1885; x_wconf 91' lang='lat' dir='ltr'><strong>Dei</strong></span> 
     </span>
    </p>
   </div>
   <div class='ocr_carea' id='block_1_61' title="bbox 1935 1911 3512 1984">
    <p class='ocr_par' dir='ltr' id='par_1_61' title="bbox 1935 1911 3512 1984">
     <span class='ocr_line' id='line_1_61' title="bbox 1935 1911 3512 1984; baseline 0.006 -19"><span class='ocrx_word' id='word_1_476' title='bbox 1935 1911 2139 1965; x_wconf 81' lang='lat' dir='ltr'><strong>auxilio</strong></span> <span class='ocrx_word' id='word_1_477' title='bbox 2187 1912 2446 1969; x_wconf 78' lang='lat' dir='ltr'><strong>exhibere</strong></span> <span class='ocrx_word' id='word_1_478' title='bbox 2494 1914 2877 1984; x_wconf 89' lang='lat' dir='ltr'><strong>potuissemus.</strong></span> <span class='ocrx_word' id='word_1_479' title='bbox 2909 1912 2978 1971; x_wconf 88' lang='lat' dir='ltr'><strong>Et</strong></span> <span class='ocrx_word' id='word_1_480' title='bbox 3006 1918 3075 1973; x_wconf 91' lang='lat' dir='ltr'><strong>ob</strong></span> <span class='ocrx_word' id='word_1_481' title='bbox 3105 1917 3208 1973; x_wconf 84' lang='lat' dir='ltr'><strong>hoc</strong></span> <span class='ocrx_word' id='word_1_482' title='bbox 3252 1935 3283 1974; x_wconf 89' lang='lat' dir='ltr'><strong>a</strong></span> <span class='ocrx_word' id='word_1_483' title='bbox 3329 1928 3512 1974; x_wconf 89' lang='lat' dir='ltr'><strong>vestra</strong></span> 
     </span>
    </p>
   </div>
   <div class='ocr_carea' id='block_1_62' title="bbox 1934 2001 3517 2072">
    <p class='ocr_par' dir='ltr' id='par_1_62' title="bbox 1934 2001 3517 2072">
     <span class='ocr_line' id='line_1_62' title="bbox 1934 2001 3517 2072; baseline 0.006 -16"><span class='ocrx_word' id='word_1_484' title='bbox 1934 2001 2223 2057; x_wconf 86' lang='lat' dir='ltr'><strong>sanctitate</strong></span> <span class='ocrx_word' id='word_1_485' title='bbox 2257 2002 2549 2072; x_wconf 86' lang='lat' dir='ltr'><strong>petivimus</strong></span> <span class='ocrx_word' id='word_1_486' title='bbox 2578 2012 2639 2060; x_wconf 89' lang='lat' dir='ltr'><strong>ut</strong></span> <span class='ocrx_word' id='word_1_487' title='bbox 2667 2006 3039 2062; x_wconf 87' lang='lat' dir='ltr'><strong>sacerdotibus</strong></span> <span class='ocrx_word' id='word_1_488' title='bbox 3083 2009 3284 2066; x_wconf 88' lang='lat' dir='ltr'><strong>nostris</strong></span> <span class='ocrx_word' id='word_1_489' title='bbox 3330 2009 3517 2066; x_wconf 89' lang='lat' dir='ltr'><strong>liceret</strong></span> 
     </span>
    </p>
   </div>
   <div class='ocr_carea' id='block_1_63' title="bbox 1933 2092 3516 2172">
    <p class='ocr_par' dir='ltr' id='par_1_63' title="bbox 1933 2092 3516 2172">
     <span class='ocr_line' id='line_1_63' title="bbox 1933 2092 3516 2172; baseline 0.006 -23"><span class='ocrx_word' id='word_1_490' title='bbox 1933 2093 2000 2149; x_wconf 92' lang='lat' dir='ltr'><strong>de</strong></span> <span class='ocrx_word' id='word_1_491' title='bbox 2053 2094 2208 2149; x_wconf 84' lang='lat' dir='ltr'><strong>libris</strong></span> <span class='ocrx_word' id='word_1_492' title='bbox 2262 2104 2578 2151; x_wconf 88' lang='lat' dir='ltr'><strong>sanctorum</strong></span> <span class='ocrx_word' id='word_1_493' title='bbox 2630 2096 2851 2153; x_wconf 90' lang='lat' dir='ltr'><strong>Patrum</strong></span> <span class='ocrx_word' id='word_1_494' title='bbox 2922 2092 3221 2156; x_wconf 81' lang='lat' dir='ltr'><strong>sententias</strong></span> <span class='ocrx_word' id='word_1_495' title='bbox 3273 2117 3516 2172; x_wconf 59' lang='lat' dir='ltr'><strong>querere</strong></span> 
     </span>
    </p>
   </div>
   <div class='ocr_carea' id='block_1_64' title="bbox 1933 2186 3516 2262">
    <p class='ocr_par' dir='ltr' id='par_1_64' title="bbox 1933 2186 3516 2262">
     <span class='ocr_line' id='line_1_64' title="bbox 1933 2186 3516 2262; baseline 0.007 -24"><span class='ocrx_word' id='word_1_496' title='bbox 1933 2192 2095 2255; x_wconf 90' lang='lat' dir='ltr'><strong>atque</strong></span> <span class='ocrx_word' id='word_1_497' title='bbox 2121 2186 2373 2258; x_wconf 83' lang='lat' dir='ltr'><strong>colligere</strong></span> <span class='ocrx_word' id='word_1_498' title='bbox 2396 2203 2514 2257; x_wconf 73' lang='lat' dir='ltr'><strong>quae</strong></span> <span class='ocrx_word' id='word_1_499' title='bbox 2545 2187 2612 2243; x_wconf 89' lang='lat' dir='ltr'><strong>ad</strong></span> <span class='ocrx_word' id='word_1_500' title='bbox 2638 2190 2884 2245; x_wconf 90' lang='lat' dir='ltr'><strong>eamdem</strong></span> <span class='ocrx_word' id='word_1_501' title='bbox 2919 2206 3033 2245; x_wconf 89' lang='lat' dir='ltr'><strong>rem</strong></span> <span class='ocrx_word' id='word_1_502' title='bbox 3070 2206 3169 2262; x_wconf 88' lang='lat' dir='ltr'><strong>pro</strong></span> <span class='ocrx_word' id='word_1_503' title='bbox 3207 2207 3313 2262; x_wconf 92' lang='lat' dir='ltr'><strong>qua</strong></span> <span class='ocrx_word' id='word_1_504' title='bbox 3351 2192 3516 2249; x_wconf 88' lang='lat' dir='ltr'><strong>iidem</strong></span> 
     </span>
    </p>
   </div>
   <div class='ocr_carea' id='block_1_65' title="bbox 1933 2276 3514 2349">
    <p class='ocr_par' dir='ltr' id='par_1_65' title="bbox 1933 2276 3514 2349">
     <span class='ocr_line' id='line_1_65' title="bbox 1933 2276 3514 2349; baseline 0.006 -20"><span class='ocrx_word' id='word_1_505' title='bbox 1933 2276 2094 2347; x_wconf 85' lang='lat' dir='ltr'><strong>legati</strong></span> <span class='ocrx_word' id='word_1_506' title='bbox 2133 2293 2229 2333; x_wconf 91' lang='lat' dir='ltr'><strong>vos</strong></span> <span class='ocrx_word' id='word_1_507' title='bbox 2259 2278 2560 2334; x_wconf 86' lang='lat' dir='ltr'><strong>consulturi</strong></span> <span class='ocrx_word' id='word_1_508' title='bbox 2606 2290 2763 2335; x_wconf 89' lang='lat' dir='ltr'><strong>erant</strong></span> <span class='ocrx_word' id='word_1_509' title='bbox 2791 2322 2806 2349; x_wconf 88' lang='lat'><strong>,</strong></span> <span class='ocrx_word' id='word_1_510' title='bbox 2855 2284 3125 2339; x_wconf 90' lang='lat' dir='ltr'><strong>veraciter</strong></span> <span class='ocrx_word' id='word_1_511' title='bbox 3153 2284 3514 2341; x_wconf 81' lang='lat' dir='ltr'><strong>deliniendam</strong></span> 
     </span>
    </p>
   </div>
   <div class='ocr_carea' id='block_1_66' title="bbox 1934 2369 3516 2443">
    <p class='ocr_par' dir='ltr' id='par_1_66' title="bbox 1934 2369 3516 2443">
     <span class='ocr_line' id='line_1_66' title="bbox 1934 2369 3516 2443; baseline 0.005 -20"><span class='ocrx_word' id='word_1_512' title='bbox 1934 2369 2223 2423; x_wconf 87' lang='lat' dir='ltr'><strong>convenire</strong></span> <span class='ocrx_word' id='word_1_513' title='bbox 2241 2371 2548 2438; x_wconf 88' lang='lat' dir='ltr'><strong>potuissent</strong></span> <span class='ocrx_word' id='word_1_514' title='bbox 2575 2387 2589 2424; x_wconf 95' lang='lat'><strong>:</strong></span> <span class='ocrx_word' id='word_1_515' title='bbox 2618 2387 2755 2441; x_wconf 91' lang='lat' dir='ltr'><strong>quas</strong></span> <span class='ocrx_word' id='word_1_516' title='bbox 2778 2387 2898 2427; x_wconf 90' lang='lat' dir='ltr'><strong>cum</strong></span> <span class='ocrx_word' id='word_1_517' title='bbox 2928 2372 3002 2428; x_wconf 93' lang='lat' dir='ltr'><strong>illi</strong></span> <span class='ocrx_word' id='word_1_518' title='bbox 3019 2372 3173 2443; x_wconf 84' lang='lat' dir='ltr'><strong>juxta</strong></span> <span class='ocrx_word' id='word_1_519' title='bbox 3201 2391 3516 2432; x_wconf 88' lang='lat' dir='ltr'><strong>concessam</strong></span> 
     </span>
    </p>
   </div>
   <div class='ocr_carea' id='block_1_67' title="bbox 1935 2459 3518 2536">
    <p class='ocr_par' dir='ltr' id='par_1_67' title="bbox 1935 2459 3518 2536">
     <span class='ocr_line' id='line_1_67' title="bbox 1935 2459 3518 2536; baseline 0.005 -23"><span class='ocrx_word' id='word_1_520' title='bbox 1935 2459 2099 2513; x_wconf 91' lang='lat' dir='ltr'><strong>etiam</strong></span> <span class='ocrx_word' id='word_1_521' title='bbox 2143 2474 2175 2514; x_wconf 91' lang='lat' dir='ltr'><strong>a</strong></span> <span class='ocrx_word' id='word_1_522' title='bbox 2230 2460 2383 2514; x_wconf 90' lang='lat' dir='ltr'><strong>vobis</strong></span> <span class='ocrx_word' id='word_1_523' title='bbox 2435 2460 2711 2516; x_wconf 91' lang='lat' dir='ltr'><strong>licentiam</strong></span> <span class='ocrx_word' id='word_1_524' title='bbox 2760 2461 2986 2519; x_wconf 88' lang='lat' dir='ltr'><strong>solerter</strong></span> <span class='ocrx_word' id='word_1_525' title='bbox 3032 2465 3370 2536; x_wconf 79' lang='lat' dir='ltr'><strong>inquirerent</strong></span> <span class='ocrx_word' id='word_1_526' title='bbox 3398 2508 3413 2531; x_wconf 91' lang='lat'><strong>,</strong></span> <span class='ocrx_word' id='word_1_527' title='bbox 3461 2476 3518 2522; x_wconf 91' lang='lat' dir='ltr'><strong>et</strong></span> 
     </span>
    </p>
   </div>
   <div class='ocr_carea' id='block_1_68' title="bbox 1937 2549 3514 2624">
    <p class='ocr_par' dir='ltr' id='par_1_68' title="bbox 1937 2549 3514 2624">
     <span class='ocr_line' id='line_1_68' title="bbox 1937 2549 3514 2624; baseline 0.005 -19"><span class='ocrx_word' id='word_1_528' title='bbox 1937 2550 2119 2605; x_wconf 90' lang='lat' dir='ltr'><strong>divina</strong></span> <span class='ocrx_word' id='word_1_529' title='bbox 2151 2549 2452 2620; x_wconf 87' lang='lat' dir='ltr'><strong>opitulante</strong></span> <span class='ocrx_word' id='word_1_530' title='bbox 2479 2552 2650 2623; x_wconf 88' lang='lat' dir='ltr'><strong>gratia</strong></span> <span class='ocrx_word' id='word_1_531' title='bbox 2671 2553 2932 2624; x_wconf 85' lang='lat' dir='ltr'><strong>quidquid</strong></span> <span class='ocrx_word' id='word_1_532' title='bbox 2963 2555 3205 2611; x_wconf 90' lang='lat' dir='ltr'><strong>invenire</strong></span> <span class='ocrx_word' id='word_1_533' title='bbox 3226 2565 3338 2612; x_wconf 89' lang='lat' dir='ltr'><strong>tam</strong></span> <span class='ocrx_word' id='word_1_534' title='bbox 3363 2559 3514 2615; x_wconf 87' lang='lat' dir='ltr'><strong>brevi</strong></span> 
     </span>
    </p>
   </div>
   <div class='ocr_carea' id='block_1_69' title="bbox 1938 2644 3517 2718">
    <p class='ocr_par' dir='ltr' id='par_1_69' title="bbox 1938 2644 3517 2718">
     <span class='ocr_line' id='line_1_69' title="bbox 1938 2644 3517 2718; baseline 0.006 -20"><span class='ocrx_word' id='word_1_535' title='bbox 1938 2644 2196 2713; x_wconf 86' lang='lat' dir='ltr'><strong>temporis</strong></span> <span class='ocrx_word' id='word_1_536' title='bbox 2231 2644 2406 2715; x_wconf 88' lang='lat' dir='ltr'><strong>spatio</strong></span> <span class='ocrx_word' id='word_1_537' title='bbox 2434 2654 2730 2715; x_wconf 87' lang='lat' dir='ltr'><strong>potuerunt</strong></span> <span class='ocrx_word' id='word_1_538' title='bbox 2756 2688 2771 2712; x_wconf 90' lang='lat'><strong>,</strong></span> <span class='ocrx_word' id='word_1_539' title='bbox 2825 2647 3207 2718; x_wconf 85' lang='lat' dir='ltr'><strong>collegissent,</strong></span> <span class='ocrx_word' id='word_1_540' title='bbox 3249 2651 3406 2706; x_wconf 92' lang='lat' dir='ltr'><strong>nobis</strong></span> <span class='ocrx_word' id='word_1_541' title='bbox 3450 2665 3517 2708; x_wconf 88' lang='lat' dir='ltr'><strong>ea</strong></span> 
     </span>
    </p>
   </div>
   <div class='ocr_carea' id='block_1_70' title="bbox 1934 2733 3518 2807">
    <p class='ocr_par' dir='ltr' id='par_1_70' title="bbox 1934 2733 3518 2807">
     <span class='ocr_line' id='line_1_70' title="bbox 1934 2733 3518 2807; baseline 0.006 -20"><span class='ocrx_word' id='word_1_542' title='bbox 1934 2733 2258 2804; x_wconf 86' lang='lat' dir='ltr'><strong>perlegenda</strong></span> <span class='ocrx_word' id='word_1_543' title='bbox 2287 2735 2622 2790; x_wconf 80' lang='lat' dir='ltr'><strong>direxerunt.</strong></span> <span class='ocrx_word' id='word_1_544' title='bbox 2664 2735 2870 2803; x_wconf 82' lang='lat' dir='ltr'><strong>Quibus</strong></span> <span class='ocrx_word' id='word_1_545' title='bbox 2899 2737 3153 2807; x_wconf 90' lang='lat' dir='ltr'><strong>perlectis</strong></span> <span class='ocrx_word' id='word_1_546' title='bbox 3179 2779 3195 2805; x_wconf 95' lang='lat'><strong>,</strong></span> <span class='ocrx_word' id='word_1_547' title='bbox 3225 2755 3288 2793; x_wconf 91' lang='lat' dir='ltr'><strong>ea</strong></span> <span class='ocrx_word' id='word_1_548' title='bbox 3321 2749 3518 2797; x_wconf 63' lang='lat' dir='ltr'><strong>vestra</strong></span> 
     </span>
    </p>
   </div>
   <div class='ocr_carea' id='block_1_71' title="bbox 1937 2825 3514 2904">
    <p class='ocr_par' dir='ltr' id='par_1_71' title="bbox 1937 2825 3514 2904">
     <span class='ocr_line' id='line_1_71' title="bbox 1937 2825 3514 2904; baseline 0.008 -25"><span class='ocrx_word' id='word_1_549' title='bbox 1937 2825 2216 2880; x_wconf 89' lang='lat' dir='ltr'><strong>sanctitati</strong></span> <span class='ocrx_word' id='word_1_550' title='bbox 2241 2825 2466 2898; x_wconf 90' lang='lat' dir='ltr'><strong>legenda</strong></span> <span class='ocrx_word' id='word_1_551' title='bbox 2497 2834 2658 2897; x_wconf 88' lang='lat' dir='ltr'><strong>atque</strong></span> <span class='ocrx_word' id='word_1_552' title='bbox 2679 2830 3035 2884; x_wconf 80' lang='lat' dir='ltr'><strong>examinanda</strong></span> <span class='ocrx_word' id='word_1_553' title='bbox 3056 2846 3152 2901; x_wconf 90' lang='lat' dir='ltr'><strong>per</strong></span> <span class='ocrx_word' id='word_1_554' title='bbox 3180 2832 3280 2887; x_wconf 91' lang='lat' dir='ltr'><strong>hos</strong></span> <span class='ocrx_word' id='word_1_555' title='bbox 3307 2831 3514 2904; x_wconf 75' lang='lat' dir='ltr'><strong>legatos</strong></span> 
     </span>
    </p>
   </div>
   <div class='ocr_carea' id='block_1_72' title="bbox 1935 2917 3513 2983">
    <p class='ocr_par' dir='ltr' id='par_1_72' title="bbox 1935 2917 3513 2983">
     <span class='ocr_line' id='line_1_72' title="bbox 1935 2917 3513 2983; baseline 0.007 -11"><span class='ocrx_word' id='word_1_556' title='bbox 1935 2926 2153 2973; x_wconf 86' lang='lat' dir='ltr'><strong>nostros</strong></span> <span class='ocrx_word' id='word_1_557' title='bbox 2176 2958 2190 2981; x_wconf 91' lang='lat'><strong>,</strong></span> <span class='ocrx_word' id='word_1_558' title='bbox 2246 2917 2576 2973; x_wconf 87' lang='lat' dir='ltr'><strong>liieremiam</strong></span> <span class='ocrx_word' id='word_1_559' title='bbox 2622 2920 2831 2976; x_wconf 87' lang='lat' dir='ltr'><strong>scilicet</strong></span> <span class='ocrx_word' id='word_1_560' title='bbox 2870 2931 2924 2976; x_wconf 90' lang='lat' dir='ltr'><strong>et</strong></span> <span class='ocrx_word' id='word_1_561' title='bbox 2952 2919 3143 2977; x_wconf 85' lang='lat' dir='ltr'><strong>Jonam</strong></span> <span class='ocrx_word' id='word_1_562' title='bbox 3180 2924 3513 2983; x_wconf 80' lang='lat' dir='ltr'><strong>venerabiles</strong></span> 
     </span>
    </p>
   </div>
   <div class='ocr_carea' id='block_1_73' title="bbox 1938 3011 3516 3085">
    <p class='ocr_par' dir='ltr' id='par_1_73' title="bbox 1938 3011 3516 3085">
     <span class='ocr_line' id='line_1_73' title="bbox 1938 3011 3516 3085; baseline 0.004 -18"><span class='ocrx_word' id='word_1_563' title='bbox 1938 3011 2245 3081; x_wconf 90' lang='lat' dir='ltr'><strong>episcopos,</strong></span> <span class='ocrx_word' id='word_1_564' title='bbox 2273 3012 2489 3067; x_wconf 89' lang='lat' dir='ltr'><strong>mittere</strong></span> <span class='ocrx_word' id='word_1_565' title='bbox 2515 3014 2857 3081; x_wconf 90' lang='lat' dir='ltr'><strong>curavimus;</strong></span> <span class='ocrx_word' id='word_1_566' title='bbox 2890 3030 3010 3069; x_wconf 90' lang='lat' dir='ltr'><strong>cum</strong></span> <span class='ocrx_word' id='word_1_567' title='bbox 3035 3016 3232 3085; x_wconf 92' lang='lat' dir='ltr'><strong>quibus</strong></span> <span class='ocrx_word' id='word_1_568' title='bbox 3256 3018 3299 3072; x_wconf 92' lang='lat' dir='ltr'><strong>si</strong></span> <span class='ocrx_word' id='word_1_569' title='bbox 3334 3026 3516 3073; x_wconf 88' lang='lat' dir='ltr'><strong>vestra</strong></span> 
     </span>
    </p>
   </div>
   <div class='ocr_carea' id='block_1_74' title="bbox 1934 3104 3517 3179">
    <p class='ocr_par' dir='ltr' id='par_1_74' title="bbox 1934 3104 3517 3179">
     <span class='ocr_line' id='line_1_74' title="bbox 1934 3104 3517 3179; baseline 0.004 -21"><span class='ocrx_word' id='word_1_570' title='bbox 1934 3104 2237 3176; x_wconf 86' lang='lat' dir='ltr'><strong>paternitas</strong></span> <span class='ocrx_word' id='word_1_571' title='bbox 2266 3104 2485 3176; x_wconf 87' lang='lat' dir='ltr'><strong>dignum</strong></span> <span class='ocrx_word' id='word_1_572' title='bbox 2516 3105 2760 3169; x_wconf 80' lang='lat' dir='ltr'><strong>duxerit,</strong></span> <span class='ocrx_word' id='word_1_573' title='bbox 2787 3106 2853 3161; x_wconf 89' lang='lat' dir='ltr'><strong>de</strong></span> <span class='ocrx_word' id='word_1_574' title='bbox 2882 3108 3068 3162; x_wconf 88' lang='lat' dir='ltr'><strong>eadem</strong></span> <span class='ocrx_word' id='word_1_575' title='bbox 3105 3108 3370 3179; x_wconf 90' lang='lat' dir='ltr'><strong>legatione</strong></span> <span class='ocrx_word' id='word_1_576' title='bbox 3398 3125 3517 3179; x_wconf 73' lang='lat' dir='ltr'><strong>qua:</strong></span> 
     </span>
    </p>
   </div>
   <div class='ocr_carea' id='block_1_75' title="bbox 1939 3194 3514 3271">
    <p class='ocr_par' dir='ltr' id='par_1_75' title="bbox 1939 3194 3514 3271">
     <span class='ocr_line' id='line_1_75' title="bbox 1939 3194 3514 3271; baseline 0.005 -22"><span class='ocrx_word' id='word_1_577' title='bbox 1939 3196 1995 3249; x_wconf 93' lang='lat' dir='ltr'><strong>in</strong></span> <span class='ocrx_word' id='word_1_578' title='bbox 2031 3194 2296 3251; x_wconf 65' lang='lat' dir='ltr'><strong>Graeciam</strong></span> <span class='ocrx_word' id='word_1_579' title='bbox 2337 3212 2367 3251; x_wconf 93' lang='lat' dir='ltr'><strong>a</strong></span> <span class='ocrx_word' id='word_1_580' title='bbox 2404 3197 2558 3252; x_wconf 89' lang='lat' dir='ltr'><strong>vobis</strong></span> <span class='ocrx_word' id='word_1_581' title='bbox 2606 3197 2866 3252; x_wconf 89' lang='lat' dir='ltr'><strong>mittenda</strong></span> <span class='ocrx_word' id='word_1_582' title='bbox 2910 3207 3031 3265; x_wconf 89' lang='lat' dir='ltr'><strong>est,</strong></span> <span class='ocrx_word' id='word_1_583' title='bbox 3074 3215 3179 3256; x_wconf 92' lang='lat' dir='ltr'><strong>non</strong></span> <span class='ocrx_word' id='word_1_584' title='bbox 3232 3202 3514 3271; x_wconf 90' lang='lat' dir='ltr'><strong>inutilem,</strong></span> 
     </span>
    </p>
   </div>
   <div class='ocr_carea' id='block_1_76' title="bbox 1862 3232 3512 3362">
    <p class='ocr_par' dir='ltr' id='par_1_76' title="bbox 1862 3232 3512 3362">
     <span class='ocr_line' id='line_1_76' title="bbox 1939 3232 3512 3271; baseline 0.006 -22"><span class='ocrx_word' id='word_1_585' title='bbox 1939 3232 1995 3249; x_wconf 80' lang='grc' dir='ltr'><strong>ιιι</strong></span> <span class='ocrx_word' id='word_1_586' title='bbox 2033 3232 2296 3251; x_wconf 71' lang='grc' dir='ltr'>υιιιυισιιιι</span> <span class='ocrx_word' id='word_1_587' title='bbox 2337 3232 2367 3251; x_wconf 78' lang='grc' dir='ltr'><strong><em>α</em></strong></span> <span class='ocrx_word' id='word_1_588' title='bbox 2413 3232 2558 3252; x_wconf 69' lang='grc' dir='ltr'>νυυιο</span> <span class='ocrx_word' id='word_1_589' title='bbox 2606 3232 2866 3252; x_wconf 75' lang='grc' dir='ltr'>ιιιιιιωιυα</span> <span class='ocrx_word' id='word_1_590' title='bbox 2910 3232 3031 3265; x_wconf 67' lang='lat' dir='ltr'><strong>cat,</strong></span> <span class='ocrx_word' id='word_1_591' title='bbox 3074 3232 3179 3256; x_wconf 88' lang='grc' dir='ltr'>ιιυιι</span> <span class='ocrx_word' id='word_1_592' title='bbox 3232 3232 3512 3271; x_wconf 75' lang='lat' dir='ltr'><strong>uluutcul,</strong></span> 
     </span>
     <span class='ocr_line' id='line_1_77' title="bbox 1862 3232 3512 3362; baseline 0.004 -20"><span class='ocrx_word' id='word_1_593' title='bbox 1862 3232 1908 3304; x_wconf 62' lang='grc' dir='ltr'>Ε</span> <span class='ocrx_word' id='word_1_594' title='bbox 1937 3287 2032 3343; x_wconf 86' lang='lat' dir='ltr'><strong>sed</strong></span> <span class='ocrx_word' id='word_1_595' title='bbox 2058 3287 2241 3358; x_wconf 87' lang='lat' dir='ltr'><strong>potius</strong></span> <span class='ocrx_word' id='word_1_596' title='bbox 2263 3285 2559 3358; x_wconf 82' lang='lat' dir='ltr'><strong>proﬁcuam</strong></span> <span class='ocrx_word' id='word_1_597' title='bbox 2588 3286 2927 3344; x_wconf 86' lang='lat' dir='ltr'><strong>collationem</strong></span> <span class='ocrx_word' id='word_1_598' title='bbox 2981 3291 3181 3347; x_wconf 87' lang='lat' dir='ltr'><strong>habere</strong></span> <span class='ocrx_word' id='word_1_599' title='bbox 3235 3292 3463 3362; x_wconf 90' lang='lat' dir='ltr'><strong>potestis</strong></span> <span class='ocrx_word' id='word_1_600' title='bbox 3495 3310 3512 3361; x_wconf 90' lang='lat'><strong>;</strong></span> 
     </span>
    </p>
   </div>
   <div class='ocr_carea' id='block_1_77' title="bbox 1938 3378 3512 3450">
    <p class='ocr_par' dir='ltr' id='par_1_77' title="bbox 1938 3378 3512 3450">
     <span class='ocr_line' id='line_1_78' title="bbox 1938 3378 3512 3450; baseline 0.004 -18"><span class='ocrx_word' id='word_1_601' title='bbox 1938 3378 2073 3450; x_wconf 84' lang='lat' dir='ltr'><strong>quia</strong></span> <span class='ocrx_word' id='word_1_602' title='bbox 2087 3386 2143 3435; x_wconf 88' lang='lat' dir='ltr'><strong>et</strong></span> <span class='ocrx_word' id='word_1_603' title='bbox 2163 3378 2221 3433; x_wconf 89' lang='lat' dir='ltr'><strong>in</strong></span> <span class='ocrx_word' id='word_1_604' title='bbox 2250 3378 2421 3434; x_wconf 87' lang='lat' dir='ltr'><strong>sacris</strong></span> <span class='ocrx_word' id='word_1_605' title='bbox 2445 3386 2570 3434; x_wconf 89' lang='lat' dir='ltr'><strong>sunt</strong></span> <span class='ocrx_word' id='word_1_606' title='bbox 2596 3378 2793 3440; x_wconf 82' lang='lat' dir='ltr'><strong>litteris</strong></span> <span class='ocrx_word' id='word_1_607' title='bbox 2819 3378 3107 3435; x_wconf 86' lang='lat' dir='ltr'><strong>admodum</strong></span> <span class='ocrx_word' id='word_1_608' title='bbox 3135 3382 3349 3448; x_wconf 90' lang='lat' dir='ltr'><strong>eruditi,</strong></span> <span class='ocrx_word' id='word_1_609' title='bbox 3374 3390 3429 3438; x_wconf 90' lang='lat' dir='ltr'><strong>et</strong></span> <span class='ocrx_word' id='word_1_610' title='bbox 3460 3383 3512 3439; x_wconf 91' lang='lat' dir='ltr'><strong>in</strong></span> 
     </span>
    </p>
   </div>
   <div class='ocr_carea' id='block_1_78' title="bbox 1918 3470 3513 3541">
    <p class='ocr_par' dir='ltr' id='par_1_78' title="bbox 1918 3470 3513 3541">
     <span class='ocr_line' id='line_1_79' title="bbox 1918 3470 3513 3541; baseline 0.004 -15"><span class='ocrx_word' id='word_1_611' title='bbox 1918 3470 2239 3526; x_wconf 62' lang='lat' dir='ltr'><strong>rationibus</strong></span> <span class='ocrx_word' id='word_1_612' title='bbox 2284 3471 2653 3541; x_wconf 89' lang='lat' dir='ltr'><strong>disputatoriis</strong></span> <span class='ocrx_word' id='word_1_613' title='bbox 2712 3484 2821 3528; x_wconf 86' lang='lat' dir='ltr'><strong>non</strong></span> <span class='ocrx_word' id='word_1_614' title='bbox 2871 3472 3156 3529; x_wconf 89' lang='lat' dir='ltr'><strong>minimum</strong></span> <span class='ocrx_word' id='word_1_615' title='bbox 3209 3472 3513 3533; x_wconf 81' lang='lat' dir='ltr'><strong>exercitati.</strong></span> 
     </span>
    </p>
   </div>
   <div class='ocr_carea' id='block_1_79' title="bbox 1938 3563 3515 3637">
    <p class='ocr_par' dir='ltr' id='par_1_79' title="bbox 1938 3563 3515 3637">
     <span class='ocr_line' id='line_1_80' title="bbox 1938 3563 3515 3637; baseline 0.005 -20"><span class='ocrx_word' id='word_1_616' title='bbox 1938 3563 2084 3633; x_wconf 85' lang='lat' dir='ltr'><strong>Quos</strong></span> <span class='ocrx_word' id='word_1_617' title='bbox 2098 3580 2201 3620; x_wconf 90' lang='lat' dir='ltr'><strong>non</strong></span> <span class='ocrx_word' id='word_1_618' title='bbox 2227 3564 2297 3619; x_wconf 91' lang='lat' dir='ltr'><strong>ob</strong></span> <span class='ocrx_word' id='word_1_619' title='bbox 2316 3565 2421 3621; x_wconf 90' lang='lat' dir='ltr'><strong>hoc</strong></span> <span class='ocrx_word' id='word_1_620' title='bbox 2441 3565 2508 3620; x_wconf 88' lang='lat' dir='ltr'><strong>ad</strong></span> <span class='ocrx_word' id='word_1_621' title='bbox 2529 3573 2723 3622; x_wconf 81' lang='lat' dir='ltr'><strong>vestrae</strong></span> <span class='ocrx_word' id='word_1_622' title='bbox 2743 3563 3002 3621; x_wconf 86' lang='lat' dir='ltr'><strong>almitatis</strong></span> <span class='ocrx_word' id='word_1_623' title='bbox 3027 3568 3368 3637; x_wconf 82' lang='lat' dir='ltr'><strong>praesentiam</strong></span> <span class='ocrx_word' id='word_1_624' title='bbox 3392 3585 3515 3626; x_wconf 90' lang='lat' dir='ltr'><strong>cum</strong></span> 
     </span>
    </p>
   </div>
   <div class='ocr_carea' id='block_1_80' title="bbox 1938 3655 3515 3714">
    <p class='ocr_par' dir='ltr' id='par_1_80' title="bbox 1938 3655 3515 3714">
     <span class='ocr_line' id='line_1_81' title="bbox 1938 3655 3515 3714; baseline 0.003 -4"><span class='ocrx_word' id='word_1_625' title='bbox 1938 3656 2250 3711; x_wconf 89' lang='lat' dir='ltr'><strong>memoratis</strong></span> <span class='ocrx_word' id='word_1_626' title='bbox 2283 3657 2673 3711; x_wconf 76' lang='lat' dir='ltr'><strong>sententiarum</strong></span> <span class='ocrx_word' id='word_1_627' title='bbox 2724 3655 3132 3711; x_wconf 86' lang='lat' dir='ltr'><strong>collectionibus</strong></span> <span class='ocrx_word' id='word_1_628' title='bbox 3171 3658 3418 3714; x_wconf 89' lang='lat' dir='ltr'><strong>misimus</strong></span> <span class='ocrx_word' id='word_1_629' title='bbox 3453 3667 3515 3714; x_wconf 88' lang='lat' dir='ltr'><strong>ut</strong></span> 
     </span>
    </p>
   </div>
   <div class='ocr_carea' id='block_1_81' title="bbox 1938 3744 3515 3817">
    <p class='ocr_par' dir='ltr' id='par_1_81' title="bbox 1938 3744 3515 3817">
     <span class='ocr_line' id='line_1_82' title="bbox 1938 3744 3515 3817; baseline 0.003 -15"><span class='ocrx_word' id='word_1_630' title='bbox 1938 3747 2029 3802; x_wconf 88' lang='lat' dir='ltr'><strong>hic</strong></span> <span class='ocrx_word' id='word_1_631' title='bbox 2057 3745 2239 3815; x_wconf 88' lang='lat' dir='ltr'><strong>aliquo</strong></span> <span class='ocrx_word' id='word_1_632' title='bbox 2266 3746 2416 3800; x_wconf 89' lang='lat' dir='ltr'><strong>velut</strong></span> <span class='ocrx_word' id='word_1_633' title='bbox 2446 3745 2745 3815; x_wconf 79' lang='lat' dir='ltr'><strong>magisterii</strong></span> <span class='ocrx_word' id='word_1_634' title='bbox 2783 3744 2957 3802; x_wconf 82' lang='lat' dir='ltr'><strong>ollicio</strong></span> <span class='ocrx_word' id='word_1_635' title='bbox 2990 3745 3345 3817; x_wconf 76' lang='lat' dir='ltr'><strong>fungerentur</strong></span> <span class='ocrx_word' id='word_1_636' title='bbox 3374 3790 3389 3815; x_wconf 94' lang='lat'><strong>,</strong></span> <span class='ocrx_word' id='word_1_637' title='bbox 3421 3758 3515 3807; x_wconf 84' lang='lat' dir='ltr'><strong>aut</strong></span> 
     </span>
    </p>
   </div>
   <div class='ocr_carea' id='block_1_82' title="bbox 1938 3834 3515 3911">
    <p class='ocr_par' dir='ltr' id='par_1_82' title="bbox 1938 3834 3515 3911">
     <span class='ocr_line' id='line_1_83' title="bbox 1938 3834 3515 3911; baseline 0.005 -21"><span class='ocrx_word' id='word_1_638' title='bbox 1938 3834 2046 3890; x_wconf 80' lang='lat' dir='ltr'><strong>huc</strong></span> <span class='ocrx_word' id='word_1_639' title='bbox 2094 3834 2321 3890; x_wconf 87' lang='lat' dir='ltr'><strong>docendi</strong></span> <span class='ocrx_word' id='word_1_640' title='bbox 2362 3835 2536 3905; x_wconf 88' lang='lat' dir='ltr'><strong>gratia</strong></span> <span class='ocrx_word' id='word_1_641' title='bbox 2576 3836 2765 3891; x_wconf 89' lang='lat' dir='ltr'><strong>directi</strong></span> <span class='ocrx_word' id='word_1_642' title='bbox 2803 3845 3163 3907; x_wconf 86' lang='lat' dir='ltr'><strong>putarentur:</strong></span> <span class='ocrx_word' id='word_1_643' title='bbox 3196 3841 3343 3911; x_wconf 85' lang='lat' dir='ltr'><strong>quia,</strong></span> <span class='ocrx_word' id='word_1_644' title='bbox 3375 3841 3515 3899; x_wconf 90' lang='lat' dir='ltr'><strong>sicut</strong></span> 
     </span>
    </p>
   </div>
   <div class='ocr_carea' id='block_1_83' title="bbox 1926 3929 3515 4000">
    <p class='ocr_par' dir='ltr' id='par_1_83' title="bbox 1926 3929 3515 4000">
     <span class='ocr_line' id='line_1_84' title="bbox 1926 3929 3515 4000; baseline 0.008 -17"><span class='ocrx_word' id='word_1_645' title='bbox 1926 3929 2047 4000; x_wconf 86' lang='lat' dir='ltr'><strong>iam</strong></span> <span class='ocrx_word' id='word_1_646' title='bbox 2088 3930 2493 3989; x_wconf 88' lang='lat' dir='ltr'><strong>commemorati</strong></span> <span class='ocrx_word' id='word_1_647' title='bbox 2524 3946 2710 3987; x_wconf 89' lang='lat' dir='ltr'><strong>sumus</strong></span> <span class='ocrx_word' id='word_1_648' title='bbox 2750 3947 2848 3987; x_wconf 90' lang='lat' dir='ltr'><strong>nos</strong></span> <span class='ocrx_word' id='word_1_649' title='bbox 2879 3933 3151 3991; x_wconf 90' lang='lat' dir='ltr'><strong>debitores</strong></span> <span class='ocrx_word' id='word_1_650' title='bbox 3194 3938 3426 3994; x_wconf 76' lang='lat' dir='ltr'><strong>existere</strong></span> <span class='ocrx_word' id='word_1_651' title='bbox 3457 3947 3515 3995; x_wconf 87' lang='lat' dir='ltr'><strong>ut</strong></span> 
     </span>
    </p>
   </div>
   <div class='ocr_carea' id='block_1_84' title="bbox 1938 4023 3515 4104">
    <p class='ocr_par' dir='ltr' id='par_1_84' title="bbox 1938 4023 3515 4104">
     <span class='ocr_line' id='line_1_85' title="bbox 1938 4023 3515 4104; baseline 0.008 -27"><span class='ocrx_word' id='word_1_652' title='bbox 1938 4023 2065 4078; x_wconf 83' lang='lat' dir='ltr'><strong>huic</strong></span> <span class='ocrx_word' id='word_1_653' title='bbox 2110 4024 2492 4081; x_wconf 67' lang='lat' dir='ltr'><strong>sacratissima:</strong></span> <span class='ocrx_word' id='word_1_654' title='bbox 2547 4024 2663 4081; x_wconf 87' lang='lat' dir='ltr'><strong>sedi</strong></span> <span class='ocrx_word' id='word_1_655' title='bbox 2724 4026 2777 4081; x_wconf 92' lang='lat' dir='ltr'><strong>in</strong></span> <span class='ocrx_word' id='word_1_656' title='bbox 2823 4027 3232 4101; x_wconf 89' lang='lat' dir='ltr'><strong>quibuscunque</strong></span> <span class='ocrx_word' id='word_1_657' title='bbox 3281 4034 3515 4104; x_wconf 84' lang='lat' dir='ltr'><strong>negotiis</strong></span> 
     </span>
    </p>
   </div>
   <div class='ocr_carea' id='block_1_85' title="bbox 1938 4116 3514 4194">
    <p class='ocr_par' dir='ltr' id='par_1_85' title="bbox 1938 4116 3514 4194">
     <span class='ocr_line' id='line_1_86' title="bbox 1938 4116 3514 4194; baseline 0.008 -22"><span class='ocrx_word' id='word_1_658' title='bbox 1938 4117 2196 4172; x_wconf 85' lang='lat' dir='ltr'><strong>auxilium</strong></span> <span class='ocrx_word' id='word_1_659' title='bbox 2233 4116 2376 4191; x_wconf 64' lang='lat' dir='ltr'><strong>ferre</strong></span> <span class='ocrx_word' id='word_1_660' title='bbox 2419 4119 2745 4186; x_wconf 87' lang='lat' dir='ltr'><strong>debeamus,</strong></span> <span class='ocrx_word' id='word_1_661' title='bbox 2782 4120 2903 4177; x_wconf 91' lang='lat' dir='ltr'><strong>ideo</strong></span> <span class='ocrx_word' id='word_1_662' title='bbox 2945 4116 3000 4177; x_wconf 64' lang='lat' dir='ltr'><strong>c‘t</strong></span> <span class='ocrx_word' id='word_1_663' title='bbox 3032 4124 3131 4179; x_wconf 91' lang='lat' dir='ltr'><strong>hos</strong></span> <span class='ocrx_word' id='word_1_664' title='bbox 3177 4126 3409 4194; x_wconf 88' lang='lat' dir='ltr'><strong>missos,</strong></span> <span class='ocrx_word' id='word_1_665' title='bbox 3461 4136 3514 4185; x_wconf 89' lang='lat' dir='ltr'><strong>et</strong></span> 
     </span>
    </p>
   </div>
   <div class='ocr_carea' id='block_1_86' title="bbox 1938 4209 3511 4299">
    <p class='ocr_par' dir='ltr' id='par_1_86' title="bbox 1938 4209 3511 4299">
     <span class='ocr_line' id='line_1_87' title="bbox 1938 4209 3511 4299; baseline 0.008 -36"><span class='ocrx_word' id='word_1_666' title='bbox 1938 4209 2343 4289; x_wconf 44' lang='lat' dir='ltr'><strong>quas&#39;dcferunt</strong></span> <span class='ocrx_word' id='word_1_667' title='bbox 2383 4210 2590 4267; x_wconf 89' lang='lat' dir='ltr'><strong>litteras</strong></span> <span class='ocrx_word' id='word_1_668' title='bbox 2621 4252 2636 4278; x_wconf 96' lang='lat'><strong>,</strong></span> <span class='ocrx_word' id='word_1_669' title='bbox 2670 4212 2714 4267; x_wconf 91' lang='lat' dir='ltr'><strong>si</strong></span> <span class='ocrx_word' id='word_1_670' title='bbox 2746 4214 2873 4284; x_wconf 89' lang='lat' dir='ltr'><strong>quid</strong></span> <span class='ocrx_word' id='word_1_671' title='bbox 2918 4216 3073 4271; x_wconf 90' lang='lat' dir='ltr'><strong>vobis</strong></span> <span class='ocrx_word' id='word_1_672' title='bbox 3096 4217 3351 4288; x_wconf 88' lang='lat' dir='ltr'><strong>adiutorii</strong></span> <span class='ocrx_word' id='word_1_673' title='bbox 3380 4235 3511 4299; x_wconf 43' lang='lat' dir='ltr'><strong>conf-</strong></span> 
     </span>
    </p>
   </div>
   <div class='ocr_carea' id='block_1_87' title="bbox 1937 4300 3511 4389">
    <p class='ocr_par' dir='ltr' id='par_1_87' title="bbox 1937 4300 3511 4389">
     <span class='ocr_line' id='line_1_88' title="bbox 1937 4300 3511 4389; baseline 0.01 -34"><span class='ocrx_word' id='word_1_674' title='bbox 1937 4300 2082 4356; x_wconf 85' lang='lat' dir='ltr'><strong>ferre</strong></span> <span class='ocrx_word' id='word_1_675' title='bbox 2135 4302 2483 4373; x_wconf 86' lang='lat' dir='ltr'><strong>potuissent,</strong></span> <span class='ocrx_word' id='word_1_676' title='bbox 2535 4305 2749 4360; x_wconf 90' lang='lat' dir='ltr'><strong>mittere</strong></span> <span class='ocrx_word' id='word_1_677' title='bbox 2799 4306 3021 4377; x_wconf 87' lang='lat' dir='ltr'><strong>dignum</strong></span> <span class='ocrx_word' id='word_1_678' title='bbox 3071 4310 3344 4368; x_wconf 79' lang='lat' dir='ltr'><strong>duximus.</strong></span> <span class='ocrx_word' id='word_1_679' title='bbox 3398 4312 3511 4389; x_wconf 83' lang='lat' dir='ltr'><strong>Hos</strong></span> 
     </span>
    </p>
   </div>
   <div class='ocr_carea' id='block_1_88' title="bbox 1936 4392 3510 4478">
    <p class='ocr_par' dir='ltr' id='par_1_88' title="bbox 1936 4392 3510 4478">
     <span class='ocr_line' id='line_1_89' title="bbox 1936 4392 3510 4478; baseline 0.01 -32"><span class='ocrx_word' id='word_1_680' title='bbox 1936 4398 2132 4447; x_wconf 72' lang='lat' dir='ltr'><strong>vestra:</strong></span> <span class='ocrx_word' id='word_1_681' title='bbox 2172 4392 2443 4448; x_wconf 87' lang='lat' dir='ltr'><strong>sanctitati</strong></span> <span class='ocrx_word' id='word_1_682' title='bbox 2496 4396 2939 4478; x_wconf 69' lang='lat' dir='ltr'><strong>commendamus</strong></span> <span class='ocrx_word' id='word_1_683' title='bbox 2967 4439 2981 4465; x_wconf 93' lang='lat'><strong>,</strong></span> <span class='ocrx_word' id='word_1_684' title='bbox 3022 4408 3082 4454; x_wconf 90' lang='lat' dir='ltr'><strong>ut</strong></span> <span class='ocrx_word' id='word_1_685' title='bbox 3126 4408 3180 4457; x_wconf 90' lang='lat' dir='ltr'><strong>et</strong></span> <span class='ocrx_word' id='word_1_686' title='bbox 3224 4403 3510 4478; x_wconf 86' lang='lat' dir='ltr'><strong>benignam</strong></span> 
     </span>
    </p>
   </div>
   <div class='ocr_carea' id='block_1_89' title="bbox 1937 4470 3513 4559">
    <p class='ocr_par' dir='ltr' id='par_1_89' title="bbox 1937 4470 3513 4559">
     <span class='ocr_line' id='line_1_90' title="bbox 1937 4470 3513 4559; baseline 0.011 -20"><span class='ocrx_word' id='word_1_687' title='bbox 1937 4484 2079 4554; x_wconf 89' lang='lat' dir='ltr'><strong>apud</strong></span> <span class='ocrx_word' id='word_1_688' title='bbox 2109 4501 2207 4541; x_wconf 88' lang='lat' dir='ltr'><strong>vos</strong></span> <span class='ocrx_word' id='word_1_689' title='bbox 2249 4487 2611 4559; x_wconf 89' lang='lat' dir='ltr'><strong>receptionetn</strong></span> <span class='ocrx_word' id='word_1_690' title='bbox 2655 4470 2718 4544; x_wconf 65' lang='lat' dir='ltr'><strong>et</strong></span> <span class='ocrx_word' id='word_1_691' title='bbox 2739 4489 3079 4548; x_wconf 84' lang='lat' dir='ltr'><strong>familiariter</strong></span> <span class='ocrx_word' id='word_1_692' title='bbox 3110 4494 3386 4553; x_wconf 88' lang='lat' dir='ltr'><strong>vobiscum</strong></span> <span class='ocrx_word' id='word_1_693' title='bbox 3433 4500 3513 4557; x_wconf 79' lang='lat' dir='ltr'><strong>lo-</strong></span> 
     </span>
    </p>
   </div>
   <div class='ocr_carea' id='block_1_90' title="bbox 1858 4579 3510 4664">
    <p class='ocr_par' dir='ltr' id='par_1_90' title="bbox 1858 4579 3510 4664">
     <span class='ocr_line' id='line_1_91' title="bbox 1858 4579 3510 4664; baseline 0.012 -33"><span class='ocrx_word' id='word_1_694' title='bbox 1858 4579 2135 4664; x_wconf 74' lang='lat' dir='ltr'><strong>unendi</strong></span> <span class='ocrx_word' id='word_1_695' title='bbox 2191 4579 2368 4637; x_wconf 92' lang='lat' dir='ltr'><strong>locum</strong></span> <span class='ocrx_word' id='word_1_696' title='bbox 2422 4581 2700 4639; x_wconf 89' lang='lat' dir='ltr'><strong>inveniant</strong></span> <span class='ocrx_word' id='word_1_697' title='bbox 2740 4598 2755 4638; x_wconf 91' lang='lat'><strong>:</strong></span> <span class='ocrx_word' id='word_1_698' title='bbox 2810 4586 2960 4641; x_wconf 92' lang='lat' dir='ltr'><strong>novit</strong></span> <span class='ocrx_word' id='word_1_699' title='bbox 3010 4589 3207 4659; x_wconf 87' lang='lat' dir='ltr'><strong>quippe</strong></span> <span class='ocrx_word' id='word_1_700' title='bbox 3254 4595 3510 4652; x_wconf 85' lang='lat' dir='ltr'><strong>sanctitas</strong></span> 
     </span>
    </p>
   </div>
   <div class='ocr_carea' id='block_1_91' title="bbox 1935 4673 3508 4758">
    <p class='ocr_par' dir='ltr' id='par_1_91' title="bbox 1935 4673 3508 4758">
     <span class='ocr_line' id='line_1_92' title="bbox 1935 4673 3508 4758; baseline 0.011 -31"><span class='ocrx_word' id='word_1_701' title='bbox 1935 4678 2115 4727; x_wconf 90' lang='lat' dir='ltr'><strong>vestra</strong></span> <span class='ocrx_word' id='word_1_702' title='bbox 2144 4673 2375 4743; x_wconf 88' lang='lat' dir='ltr'><strong>qualiter</strong></span> <span class='ocrx_word' id='word_1_703' title='bbox 2399 4676 2627 4748; x_wconf 90' lang='lat' dir='ltr'><strong>populus</strong></span> <span class='ocrx_word' id='word_1_704' title='bbox 2661 4676 2967 4734; x_wconf 72' lang='lat' dir='ltr'><strong>Grzecorum</strong></span> <span class='ocrx_word' id='word_1_705' title='bbox 3002 4680 3058 4736; x_wconf 93' lang='lat' dir='ltr'><strong>in</strong></span> <span class='ocrx_word' id='word_1_706' title='bbox 3089 4682 3189 4739; x_wconf 90' lang='lat' dir='ltr'><strong>bac</strong></span> <span class='ocrx_word' id='word_1_707' title='bbox 3217 4685 3508 4758; x_wconf 86' lang='lat' dir='ltr'><strong>imaginum</strong></span> 
     </span>
    </p>
   </div>
   <div class='ocr_carea' id='block_1_92' title="bbox 748 4764 3509 4843">
    <p class='ocr_par' dir='ltr' id='par_1_92' title="bbox 748 4764 3509 4843">
     <span class='ocr_line' id='line_1_93' title="bbox 748 4764 3509 4843; baseline 0.005 -22"><span class='ocrx_word' id='word_1_708' title='bbox 748 4764 1297 4843; x_wconf 54' lang='grc' dir='ltr'><strong>ςη¹⁴ξιςυπζξξζξξιηζ¹ζς</strong></span> <span class='ocrx_word' id='word_1_709' title='bbox 1332 4792 1503 4843; x_wconf 49' lang='grc' dir='ltr'><strong>Μωά</strong></span> <span class='ocrx_word' id='word_1_710' title='bbox 1935 4764 2287 4821; x_wconf 77' lang='lat' dir='ltr'><strong>veneratione</strong></span> <span class='ocrx_word' id='word_1_711' title='bbox 2325 4765 2533 4824; x_wconf 91' lang='lat' dir='ltr'><strong>divisus</strong></span> <span class='ocrx_word' id='word_1_712' title='bbox 2574 4768 2663 4823; x_wconf 88' lang='lat' dir='ltr'><strong>sit.</strong></span> <span class='ocrx_word' id='word_1_713' title='bbox 2721 4767 2846 4825; x_wconf 89' lang='lat' dir='ltr'><strong>ideo</strong></span> <span class='ocrx_word' id='word_1_714' title='bbox 2890 4786 3144 4843; x_wconf 90' lang='lat' dir='ltr'><strong>rogamus</strong></span> <span class='ocrx_word' id='word_1_715' title='bbox 3188 4783 3249 4830; x_wconf 94' lang='lat' dir='ltr'><strong>ut</strong></span> <span class='ocrx_word' id='word_1_716' title='bbox 3292 4776 3509 4835; x_wconf 90' lang='lat' dir='ltr'><strong>almitas</strong></span> 
     </span>
    </p>
   </div>
   <div class='ocr_carea' id='block_1_93' title="bbox 560 4811 1552 4875">
    <p class='ocr_par' dir='ltr' id='par_1_93' title="bbox 560 4811 1552 4875">
     <span class='ocr_line' id='line_1_94' title="bbox 560 4811 1552 4875; baseline 0.012 -26"><span class='ocrx_word' id='word_1_717' title='bbox 560 4811 805 4852; x_wconf 70' lang='grc' dir='ltr'><strong>ωυονιίςι</strong></span> <span class='ocrx_word' id='word_1_718' title='bbox 845 4816 912 4854; x_wconf 83' lang='grc' dir='ltr'><strong>ΑΙ)</strong></span> <span class='ocrx_word' id='word_1_719' title='bbox 950 4816 1220 4857; x_wconf 70' lang='grc' dir='ltr'><strong>ΕυοεΝιωι</strong></span> <span class='ocrx_word' id='word_1_720' title='bbox 1258 4817 1297 4858; x_wconf 78' lang='lat' dir='ltr'><strong>ll</strong></span> <span class='ocrx_word' id='word_1_721' title='bbox 1332 4820 1504 4860; x_wconf 78' lang='lat' dir='ltr'><strong>PAPAII</strong></span> <span class='ocrx_word' id='word_1_722' title='bbox 1536 4846 1552 4875; x_wconf 80' lang='lat'><strong>,</strong></span> 
     </span>
    </p>
   </div>
   <div class='ocr_carea' id='block_1_94' title="bbox 255 4856 3509 4955">
    <p class='ocr_par' dir='ltr' id='par_1_94' title="bbox 255 4856 3509 4955">
     <span class='ocr_line' id='line_1_95' title="bbox 255 4856 3509 4955; baseline 0 -31"><span class='ocrx_word' id='word_1_723' title='bbox 255 4877 429 4937; x_wconf 66' lang='grc' dir='ltr'><strong>Μίεω</strong></span> <span class='ocrx_word' id='word_1_724' title='bbox 461 4897 554 4955; x_wconf 67' lang='grc' dir='ltr'><strong>ρετ</strong></span> <span class='ocrx_word' id='word_1_725' title='bbox 580 4883 902 4943; x_wconf 57' lang='lat' dir='ltr'><strong>Hieremiam</strong></span> <span class='ocrx_word' id='word_1_726' title='bbox 947 4856 1001 4945; x_wconf 53' lang='grc' dir='ltr'><strong>εί</strong></span> <span class='ocrx_word' id='word_1_727' title='bbox 1022 4856 1216 4947; x_wconf 44' lang='grc' dir='ltr'><strong>λωιαή</strong></span> <span class='ocrx_word' id='word_1_728' title='bbox 1242 4856 1674 4955; x_wconf 38' lang='grc' dir='ltr'><strong>έῃεᾶξὶοςςωὼ</strong></span> <span class='ocrx_word' id='word_1_729' title='bbox 1701 4900 1834 4955; x_wconf 51' lang='grc' dir='ltr'><strong>πώ</strong></span> <span class='ocrx_word' id='word_1_730' title='bbox 1933 4863 2114 4955; x_wconf 68' lang='lat' dir='ltr'><strong>vestra</strong></span> <span class='ocrx_word' id='word_1_731' title='bbox 2149 4870 2336 4914; x_wconf 89' lang='lat' dir='ltr'><strong>curam</strong></span> <span class='ocrx_word' id='word_1_732' title='bbox 2363 4867 2417 4915; x_wconf 89' lang='lat' dir='ltr'><strong>et</strong></span> <span class='ocrx_word' id='word_1_733' title='bbox 2444 4856 2771 4955; x_wconf 74' lang='lat' dir='ltr'><strong>diligentiam</strong></span> <span class='ocrx_word' id='word_1_734' title='bbox 2788 4862 3062 4955; x_wconf 76' lang='lat' dir='ltr'><strong>adhibere</strong></span> <span class='ocrx_word' id='word_1_735' title='bbox 3098 4865 3347 4938; x_wconf 86' lang='lat' dir='ltr'><strong>dignetur</strong></span> <span class='ocrx_word' id='word_1_736' title='bbox 3377 4885 3509 4940; x_wconf 86' lang='lat' dir='ltr'><strong>quo-</strong></span> 
     </span>
    </p>
   </div>
   <div class='ocr_carea' id='block_1_95' title="bbox 461 4897 3508 5032">
    <p class='ocr_par' dir='ltr' id='par_1_95' title="bbox 461 4897 3508 5032">
     <span class='ocr_line' id='line_1_96' title="bbox 803 4897 3508 4940; baseline 0.009 -40"><span class='ocrx_word' id='word_1_737' title='bbox 803 4897 813 4901; x_wconf 76' lang='lat'><strong>-</strong></span> <span class='ocrx_word' id='word_1_738' title='bbox 1311 4897 1323 4907; x_wconf 87' lang='lat'><strong>.</strong></span> <span class='ocrx_word' id='word_1_739' title='bbox 1794 4900 1809 4914; x_wconf 82' lang='grc'><strong>.</strong></span> <span class='ocrx_word' id='word_1_740' title='bbox 1946 4897 2114 4911; x_wconf 69' lang='grc' dir='ltr'>νυν-ιιι</span> <span class='ocrx_word' id='word_1_741' title='bbox 2150 4897 2336 4914; x_wconf 76' lang='grc' dir='ltr'>νυιυιιιι</span> <span class='ocrx_word' id='word_1_742' title='bbox 2363 4897 2417 4915; x_wconf 61' lang='grc' dir='ltr'><strong>ιι</strong></span> <span class='ocrx_word' id='word_1_743' title='bbox 2445 4897 2771 4932; x_wconf 69' lang='grc' dir='ltr'>υιιιδυιιιιαιιι</span> <span class='ocrx_word' id='word_1_744' title='bbox 2805 4897 3062 4919; x_wconf 67' lang='lat' dir='ltr'><strong>«uuln:ch</strong></span> <span class='ocrx_word' id='word_1_745' title='bbox 3098 4897 3346 4938; x_wconf 66' lang='grc' dir='ltr'>υιδιιειυῐ</span> <span class='ocrx_word' id='word_1_746' title='bbox 3377 4897 3508 4940; x_wconf 64' lang='grc' dir='ltr'>ιιυυ-</span> 
     </span>
     <span class='ocr_line' id='line_1_97' title="bbox 461 4897 3508 5032; baseline 0.009 -43"><span class='ocrx_word' id='word_1_747' title='bbox 461 4897 554 4955; x_wconf 58' lang='lat' dir='ltr'><strong><em>per</em></strong></span> <span class='ocrx_word' id='word_1_748' title='bbox 580 4897 929 5030; x_wconf 39' lang='lat' dir='ltr'><strong>mammia,-</strong></span> <span class='ocrx_word' id='word_1_749' title='bbox 947 4897 1303 5020; x_wconf 45' lang='lat' dir='ltr'><strong>ﬂii-2,2123:</strong></span> <span class='ocrx_word' id='word_1_750' title='bbox 1306 4911 1448 4967; x_wconf 64' lang='lat' dir='ltr'><strong>map</strong></span> <span class='ocrx_word' id='word_1_751' title='bbox 1451 4913 1528 4967; x_wconf 61' lang='grc' dir='ltr'><strong>ω’</strong></span> <span class='ocrx_word' id='word_1_752' title='bbox 1553 4914 1674 4954; x_wconf 64' lang='lat' dir='ltr'><strong>cum</strong></span> <span class='ocrx_word' id='word_1_753' title='bbox 1701 4910 1834 4958; x_wconf 62' lang='lat' dir='ltr'><strong>“cm</strong></span> <span class='ocrx_word' id='word_1_754' title='bbox 1932 4948 2092 5004; x_wconf 88' lang='lat' dir='ltr'><strong>modo</strong></span> <span class='ocrx_word' id='word_1_755' title='bbox 2126 4963 2224 5018; x_wconf 89' lang='lat' dir='ltr'><strong>per</strong></span> <span class='ocrx_word' id='word_1_756' title='bbox 2270 4956 2505 5004; x_wconf 90' lang='lat' dir='ltr'><strong>vestram</strong></span> <span class='ocrx_word' id='word_1_757' title='bbox 2541 4950 2950 5007; x_wconf 89' lang='lat' dir='ltr'><strong>saluberrimam</strong></span> <span class='ocrx_word' id='word_1_758' title='bbox 3000 4955 3300 5012; x_wconf 90' lang='lat' dir='ltr'><strong>doctrinam</strong></span> <span class='ocrx_word' id='word_1_759' title='bbox 3345 4966 3508 5032; x_wconf 88' lang='lat' dir='ltr'><strong>atque</strong></span> 
     </span>
    </p>
   </div>
   <div class='ocr_carea' id='block_1_96' title="bbox 871 5029 3508 5111">
    <p class='ocr_par' dir='ltr' id='par_1_96' title="bbox 871 5029 3508 5111">
     <span class='ocr_line' id='line_1_98' title="bbox 871 5029 3508 5111; baseline 0.005 -17"><span class='ocrx_word' id='word_1_760' title='bbox 871 5029 1045 5103; x_wconf 82' lang='grc' dir='ltr'><em>(Αηηο</em></span> <span class='ocrx_word' id='word_1_761' title='bbox 1071 5032 1223 5108; x_wconf 73' lang='grc'><strong>824.)</strong></span> <span class='ocrx_word' id='word_1_762' title='bbox 1930 5036 2357 5093; x_wconf 83' lang='lat' dir='ltr'><strong>admonitionem</strong></span> <span class='ocrx_word' id='word_1_763' title='bbox 2387 5040 2561 5111; x_wconf 88' lang='lat' dir='ltr'><strong>magis</strong></span> <span class='ocrx_word' id='word_1_764' title='bbox 2582 5041 2650 5096; x_wconf 91' lang='lat' dir='ltr'><strong>ad</strong></span> <span class='ocrx_word' id='word_1_765' title='bbox 2675 5042 3021 5099; x_wconf 84' lang='lat' dir='ltr'><strong>concordiam</strong></span> <span class='ocrx_word' id='word_1_766' title='bbox 3050 5053 3104 5099; x_wconf 93' lang='lat' dir='ltr'><strong>et</strong></span> <span class='ocrx_word' id='word_1_767' title='bbox 3128 5047 3392 5106; x_wconf 88' lang='lat' dir='ltr'><strong>unitatem</strong></span> <span class='ocrx_word' id='word_1_768' title='bbox 3422 5029 3508 5107; x_wconf 78' lang='lat' dir='ltr'><strong>re-</strong></span> 
     </span>
    </p>
   </div>
   <div class='ocr_carea' id='block_1_97' title="bbox 338 5121 3505 5207">
    <p class='ocr_par' dir='ltr' id='par_1_97' title="bbox 338 5121 3505 5207">
     <span class='ocr_line' id='line_1_99' title="bbox 338 5121 3505 5207; baseline 0.008 -34"><span class='ocrx_word' id='word_1_769' title='bbox 338 5194 369 5203; x_wconf 45' lang='grc' dir='ltr'><em>Η</em></span> <span class='ocrx_word' id='word_1_770' title='bbox 568 5194 573 5201; x_wconf 26' lang='grc' dir='ltr'><strong><em>ι</em></strong></span> <span class='ocrx_word' id='word_1_771' title='bbox 839 5121 1071 5195; x_wconf 89' lang='lat' dir='ltr'><strong>[Baluz.,</strong></span> <span class='ocrx_word' id='word_1_772' title='bbox 1094 5126 1250 5201; x_wconf 78' lang='lat' dir='ltr'><strong>ibid.]</strong></span> <span class='ocrx_word' id='word_1_773' title='bbox 1424 5200 1431 5207; x_wconf 34' lang='lat'>.</span> <span class='ocrx_word' id='word_1_774' title='bbox 1929 5133 2156 5183; x_wconf 84' lang='lat' dir='ltr'><strong>vocetur</strong></span> <span class='ocrx_word' id='word_1_775' title='bbox 2178 5167 2194 5193; x_wconf 92' lang='lat'><strong>,</strong></span> <span class='ocrx_word' id='word_1_776' title='bbox 2222 5142 2385 5198; x_wconf 88' lang='lat' dir='ltr'><strong>quam</strong></span> <span class='ocrx_word' id='word_1_777' title='bbox 2410 5138 2630 5200; x_wconf 89' lang='lat' dir='ltr'><strong>propter</strong></span> <span class='ocrx_word' id='word_1_778' title='bbox 2657 5132 2762 5187; x_wconf 88' lang='lat' dir='ltr'><strong>hoc</strong></span> <span class='ocrx_word' id='word_1_779' title='bbox 2800 5133 2869 5189; x_wconf 88' lang='lat' dir='ltr'><strong>ad</strong></span> <span class='ocrx_word' id='word_1_780' title='bbox 2896 5134 3156 5205; x_wconf 88' lang='lat' dir='ltr'><strong>maiorem</strong></span> <span class='ocrx_word' id='word_1_781' title='bbox 3180 5139 3505 5199; x_wconf 88' lang='lat' dir='ltr'><strong>discordiam</strong></span> 
     </span>
    </p>
   </div>
   <div class='ocr_carea' id='block_1_98' title="bbox 324 5212 3506 5295">
    <p class='ocr_par' dir='ltr' id='par_1_98' title="bbox 324 5212 3506 5295">
     <span class='ocr_line' id='line_1_100' title="bbox 324 5212 3506 5295; baseline 0.007 -23"><span class='ocrx_word' id='word_1_782' title='bbox 324 5212 681 5273; x_wconf 87' lang='lat' dir='ltr'><strong>Sanctissimo</strong></span> <span class='ocrx_word' id='word_1_783' title='bbox 742 5230 808 5273; x_wconf 89' lang='lat' dir='ltr'><strong>ac</strong></span> <span class='ocrx_word' id='word_1_784' title='bbox 875 5221 1326 5280; x_wconf 85' lang='lat' dir='ltr'><strong>reverendissimo</strong></span> <span class='ocrx_word' id='word_1_785' title='bbox 1397 5223 1599 5283; x_wconf 78' lang='lat' dir='ltr'><strong>domno</strong></span> <span class='ocrx_word' id='word_1_786' title='bbox 1649 5233 1707 5283; x_wconf 69' lang='lat' dir='ltr'><strong>et</strong></span> <span class='ocrx_word' id='word_1_787' title='bbox 1773 5228 1833 5287; x_wconf 74' lang='lat' dir='ltr'><strong>in</strong></span> <span class='ocrx_word' id='word_1_788' title='bbox 1929 5227 1987 5277; x_wconf 90' lang='lat' dir='ltr'><strong>et</strong></span> <span class='ocrx_word' id='word_1_789' title='bbox 2010 5218 2399 5278; x_wconf 89' lang='lat' dir='ltr'><strong>dissensionem</strong></span> <span class='ocrx_word' id='word_1_790' title='bbox 2424 5223 2747 5295; x_wconf 90' lang='lat' dir='ltr'><strong>impellatur.</strong></span> <span class='ocrx_word' id='word_1_791' title='bbox 2776 5225 2843 5282; x_wconf 87' lang='lat' dir='ltr'><strong>Et</strong></span> <span class='ocrx_word' id='word_1_792' title='bbox 2869 5227 2991 5285; x_wconf 89' lang='lat' dir='ltr'><strong>ideo</strong></span> <span class='ocrx_word' id='word_1_793' title='bbox 3028 5232 3340 5290; x_wconf 86' lang='lat' dir='ltr'><strong>cautissime</strong></span> <span class='ocrx_word' id='word_1_794' title='bbox 3377 5252 3506 5293; x_wconf 88' lang='lat' dir='ltr'><strong>con-</strong></span> 
     </span>
    </p>
   </div>
   <div class='ocr_carea' id='block_1_99' title="bbox 323 5354 3498 5460">
    <p class='ocr_par' dir='ltr' id='par_1_99' title="bbox 323 5354 3498 5460">
     <span class='ocr_line' id='line_1_101' title="bbox 323 5354 3498 5460; baseline 0.01 -36"><span class='ocrx_word' id='word_1_795' title='bbox 323 5367 691 5460; x_wconf 41' lang='lat' dir='ltr'><strong>tc‘opventus.</strong></span> <span class='ocrx_word' id='word_1_796' title='bbox 710 5368 1146 5460; x_wconf 74' lang='lat' dir='ltr'><strong>isteParis&#39;iensis</strong></span> <span class='ocrx_word' id='word_1_797' title='bbox 1170 5375 1393 5460; x_wconf 78' lang='lat' dir='ltr'><strong>habitus</strong></span> <span class='ocrx_word' id='word_1_798' title='bbox 1421 5388 1503 5436; x_wconf 90' lang='lat' dir='ltr'><strong>est</strong></span> <span class='ocrx_word' id='word_1_799' title='bbox 1531 5354 1677 5436; x_wconf 85' lang='lat' dir='ltr'><strong>anno</strong></span> <span class='ocrx_word' id='word_1_800' title='bbox 1698 5356 1824 5450; x_wconf 69' lang='lat'><strong>825,</strong></span> <span class='ocrx_word' id='word_1_801' title='bbox 1927 5384 2222 5460; x_wconf 59' lang='lat' dir='ltr'><strong>Bai-ouium</strong></span> <span class='ocrx_word' id='word_1_802' title='bbox 2263 5403 2374 5444; x_wconf 91' lang='lat' dir='ltr'><strong>non</strong></span> <span class='ocrx_word' id='word_1_803' title='bbox 2426 5404 2620 5460; x_wconf 84' lang='lat' dir='ltr'><strong>passus</strong></span> <span class='ocrx_word' id='word_1_804' title='bbox 2668 5398 2753 5446; x_wconf 89' lang='lat' dir='ltr'><strong>est</strong></span> <span class='ocrx_word' id='word_1_805' title='bbox 2823 5389 3112 5449; x_wconf 89' lang='lat' dir='ltr'><strong>Goldastus</strong></span> <span class='ocrx_word' id='word_1_806' title='bbox 3163 5397 3264 5453; x_wconf 80' lang='lat' dir='ltr'><strong>sibi</strong></span> <span class='ocrx_word' id='word_1_807' title='bbox 3313 5400 3450 5456; x_wconf 89' lang='lat' dir='ltr'><strong>elabi</strong></span> <span class='ocrx_word' id='word_1_808' title='bbox 3484 5419 3498 5456; x_wconf 90' lang='lat'><strong>:</strong></span> 
     </span>
    </p>
   </div>
   <div class='ocr_carea' id='block_1_100' title="bbox 246 5443 3501 5532">
    <p class='ocr_par' dir='ltr' id='par_1_100' title="bbox 246 5443 3501 5532">
     <span class='ocr_line' id='line_1_102' title="bbox 246 5443 3501 5532; baseline 0.011 -39"><span class='ocrx_word' id='word_1_809' title='bbox 246 5444 314 5493; x_wconf 89' lang='lat' dir='ltr'><strong>ut</strong></span> <span class='ocrx_word' id='word_1_810' title='bbox 335 5446 484 5532; x_wconf 55' lang='lat' dir='ltr'><strong>pauit</strong></span> <span class='ocrx_word' id='word_1_811' title='bbox 501 5456 576 5532; x_wconf 52' lang='lat' dir='ltr'><strong>&#39;ex</strong></span> <span class='ocrx_word' id='word_1_812' title='bbox 590 5443 833 5532; x_wconf 40' lang='lat' dir='ltr'><strong>lepistola</strong></span> <span class='ocrx_word' id='word_1_813' title='bbox 873 5446 1343 5532; x_wconf 52' lang='lat' dir='ltr'><strong>episcoporumnin</strong></span> <span class='ocrx_word' id='word_1_814' title='bbox 1376 5465 1442 5505; x_wconf 92' lang='lat' dir='ltr'><strong>eo</strong></span> <span class='ocrx_word' id='word_1_815' title='bbox 1467 5443 1825 5532; x_wconf 55' lang='lat' dir='ltr'><strong>congregato;</strong></span> <span class='ocrx_word' id='word_1_816' title='bbox 1936 5475 1956 5510; x_wconf 84' lang='grc'>‹</span> <span class='ocrx_word' id='word_1_817' title='bbox 2003 5457 2146 5532; x_wconf 73' lang='lat' dir='ltr'><strong>Sane</strong></span> <span class='ocrx_word' id='word_1_818' title='bbox 2196 5443 3020 5532; x_wconf 48' lang='lat' dir='ltr'><strong>pertinaciamperseverandi</strong></span> <span class='ocrx_word' id='word_1_819' title='bbox 3043 5443 3501 5527; x_wconf 54' lang='lat' dir='ltr'><strong>antuiﬂim&quot;2‘éké</strong></span> 
     </span>
    </p>
   </div>
   <div class='ocr_carea' id='block_1_101' title="bbox 250 5508 3502 5606">
    <p class='ocr_par' dir='ltr' id='par_1_101' title="bbox 250 5508 3502 5606">
     <span class='ocr_line' id='line_1_103' title="bbox 250 5508 3502 5606; baseline 0.01 -42"><span class='ocrx_word' id='word_1_820' title='bbox 250 5508 469 5606; x_wconf 48' lang='grc' dir='ltr'>ινξιἒά</span> <span class='ocrx_word' id='word_1_821' title='bbox 500 5508 831 5606; x_wconf 58' lang='grc' dir='ltr'>Ιιιξύόνὶειιω</span> <span class='ocrx_word' id='word_1_822' title='bbox 861 5508 1183 5606; x_wconf 53' lang='lat' dir='ltr'><strong>Auguftum.</strong></span> <span class='ocrx_word' id='word_1_823' title='bbox 1209 5520 1242 5606; x_wconf 44' lang='grc' dir='ltr'><strong>ς,</strong></span> <span class='ocrx_word' id='word_1_824' title='bbox 1240 5517 1370 5576; x_wconf 78' lang='lat' dir='ltr'><strong>Vide</strong></span> <span class='ocrx_word' id='word_1_825' title='bbox 1404 5523 1551 5606; x_wconf 70' lang='lat' dir='ltr'><strong>epist.</strong></span> <span class='ocrx_word' id='word_1_826' title='bbox 1573 5508 1699 5606; x_wconf 50' lang='lat'>71:)”</span> <span class='ocrx_word' id='word_1_827' title='bbox 1750 5508 1782 5511; x_wconf 22' lang='grc' dir='ltr'><em>η</em></span> <span class='ocrx_word' id='word_1_828' title='bbox 1925 5508 2147 5606; x_wconf 67' lang='lat' dir='ltr'><strong>scripsit</strong></span> <span class='ocrx_word' id='word_1_829' title='bbox 2187 5508 3502 5606; x_wconf 52' lang='lat' dir='ltr'><strong>:{tiédii&#39;ﬁiiiu&#39;éfEéit&#39;EJtiiprﬁ&#39;tBKEa‘é&#39;v5.33:</strong></span> 
     </span>
    </p>
   </div>
   <div class='ocr_carea' id='block_1_102' title="bbox 322 5580 3496 5691">
    <p class='ocr_par' dir='ltr' id='par_1_102' title="bbox 322 5580 3496 5691">
     <span class='ocr_line' id='line_1_104' title="bbox 322 5580 3496 5691; baseline 0.014 -71"><span class='ocrx_word' id='word_1_830' title='bbox 322 5580 351 5620; x_wconf 70' lang='grc' dir='ltr'>ι)</span> <span class='ocrx_word' id='word_1_831' title='bbox 379 5580 643 5691; x_wconf 63' lang='lat' dir='ltr'><strong>Baronitltls</strong></span> <span class='ocrx_word' id='word_1_832' title='bbox 670 5585 738 5691; x_wconf 65' lang='lat' dir='ltr'><strong>ad</strong></span> <span class='ocrx_word' id='word_1_833' title='bbox 762 5580 1109 5691; x_wconf 41' lang='lat' dir='ltr'><strong>ahnnum&#39;t‘825</strong></span> <span class='ocrx_word' id='word_1_834' title='bbox 1154 5580 1398 5673; x_wconf 63' lang='lat' dir='ltr'><strong>referens</strong></span> <span class='ocrx_word' id='word_1_835' title='bbox 1426 5580 1572 5675; x_wconf 73' lang='lat' dir='ltr'><strong>bunc</strong></span> <span class='ocrx_word' id='word_1_836' title='bbox 1616 5580 1819 5691; x_wconf 50' lang='lat' dir='ltr'><strong>losum,</strong></span> <span class='ocrx_word' id='word_1_837' title='bbox 1925 5580 2141 5667; x_wconf 53' lang='lat' dir='ltr'><strong>Bitian}</strong></span> <span class='ocrx_word' id='word_1_838' title='bbox 2200 5602 2506 5670; x_wconf 86' lang='lat' dir='ltr'><strong>ubicunque</strong></span> <span class='ocrx_word' id='word_1_839' title='bbox 2556 5580 2857 5691; x_wconf 56' lang='lat' dir='ltr'><strong>reperitur,</strong></span> <span class='ocrx_word' id='word_1_840' title='bbox 2919 5580 3131 5691; x_wconf 61' lang='lat' dir='ltr'><strong>semper</strong></span> <span class='ocrx_word' id='word_1_841' title='bbox 3182 5609 3236 5663; x_wconf 90' lang='lat' dir='ltr'><strong>in</strong></span> <span class='ocrx_word' id='word_1_842' title='bbox 3269 5580 3496 5667; x_wconf 50' lang='lat' dir='ltr'><strong>wma‘lam</strong></span> 
     </span>
     <span class='ocr_line' id='line_1_105' title="bbox 346 5665 3407 5691; baseline 0 0"><span class='ocrx_word' id='word_1_843' title='bbox 346 5665 466 5691; x_wconf 66' lang='lat' dir='ltr'><strong>mum</strong></span> <span class='ocrx_word' id='word_1_844' title='bbox 497 5668 583 5691; x_wconf 90' lang='lat' dir='ltr'><strong>mn</strong></span> <span class='ocrx_word' id='word_1_845' title='bbox 626 5671 671 5691; x_wconf 73' lang='grc'><strong>1⁸)</strong></span> <span class='ocrx_word' id='word_1_846' title='bbox 817 5672 891 5691; x_wconf 71' lang='lat' dir='ltr'><strong>mn</strong></span> <span class='ocrx_word' id='word_1_847' title='bbox 942 5673 968 5691; x_wconf 73' lang='grc' dir='ltr'>σι</span> <span class='ocrx_word' id='word_1_848' title='bbox 1013 5667 1161 5691; x_wconf 69' lang='grc' dir='ltr'><strong>ηΑΩηΙ</strong></span> <span class='ocrx_word' id='word_1_849' title='bbox 1199 5677 1250 5691; x_wconf 77' lang='grc' dir='ltr'>ιη</span> <span class='ocrx_word' id='word_1_850' title='bbox 1284 5677 1527 5691; x_wconf 63' lang='lat' dir='ltr'><strong>mann-nn</strong></span> <span class='ocrx_word' id='word_1_851' title='bbox 1556 5679 1570 5691; x_wconf 72' lang='grc' dir='ltr'><strong>ι</strong></span> <span class='ocrx_word' id='word_1_852' title='bbox 1603 5684 1619 5691; x_wconf 83' lang='grc'><strong>-</strong></span> <span class='ocrx_word' id='word_1_853' title='bbox 1706 5668 1799 5691; x_wconf 70' lang='grc' dir='ltr'><strong>-..ιέ</strong></span> <span class='ocrx_word' id='word_1_854' title='bbox 1923 5680 2130 5691; x_wconf 54' lang='lat' dir='ltr'><strong>_-...-_u</strong></span> <span class='ocrx_word' id='word_1_855' title='bbox 2171 5672 2462 5691; x_wconf 25' lang='lat' dir='ltr'><strong>-A-2A9_.AUA</strong></span> <span class='ocrx_word' id='word_1_856' title='bbox 2550 5674 2584 5691; x_wconf 67' lang='grc' dir='ltr'>ιο</span> <span class='ocrx_word' id='word_1_857' title='bbox 2632 5674 2740 5691; x_wconf 36' lang='grc' dir='ltr'><strong>μᾼοι-</strong></span> <span class='ocrx_word' id='word_1_858' title='bbox 2794 5689 2800 5691; x_wconf 32' lang='grc' dir='ltr'><em>Α</em></span> <span class='ocrx_word' id='word_1_859' title='bbox 2851 5684 2862 5691; x_wconf 88' lang='grc'>.</span> <span class='ocrx_word' id='word_1_860' title='bbox 2910 5690 2913 5691; x_wconf 67' lang='lat'>,</span> <span class='ocrx_word' id='word_1_861' title='bbox 2967 5677 2978 5689; x_wconf 76' lang='grc' dir='ltr'><strong>ι</strong></span> <span class='ocrx_word' id='word_1_862' title='bbox 3018 5686 3027 5691; x_wconf 44' lang='grc' dir='ltr'><em>Α</em></span> <span class='ocrx_word' id='word_1_863' title='bbox 3229 5680 3283 5691; x_wconf 77' lang='grc' dir='ltr'>-ι</span> <span class='ocrx_word' id='word_1_864' title='bbox 3376 5682 3407 5691; x_wconf 83' lang='grc' dir='ltr'>ι.</span> 
     </span>
    </p>
   </div>
   <div class='ocr_carea' id='block_1_103' title="bbox 248 5651 3498 5742">
    <p class='ocr_par' dir='ltr' id='par_1_103' title="bbox 248 5651 3498 5742">
     <span class='ocr_line' id='line_1_106' title="bbox 248 5651 3498 5742; baseline 0.01 -39"><span class='ocrx_word' id='word_1_865' title='bbox 248 5659 310 5705; x_wconf 90' lang='lat' dir='ltr'><strong>ut</strong></span> <span class='ocrx_word' id='word_1_866' title='bbox 346 5665 468 5731; x_wconf 78' lang='lat' dir='ltr'><strong>eum</strong></span> <span class='ocrx_word' id='word_1_867' title='bbox 497 5651 741 5742; x_wconf 66' lang='lat' dir='ltr'><strong>molliat,</strong></span> <span class='ocrx_word' id='word_1_868' title='bbox 778 5656 892 5742; x_wconf 46' lang='lat' dir='ltr'><strong>haec</strong></span> <span class='ocrx_word' id='word_1_869' title='bbox 934 5658 1165 5742; x_wconf 69' lang='lat' dir='ltr'><strong>adnotat</strong></span> <span class='ocrx_word' id='word_1_870' title='bbox 1198 5661 1253 5742; x_wconf 80' lang='lat' dir='ltr'><strong>in</strong></span> <span class='ocrx_word' id='word_1_871' title='bbox 1284 5664 1528 5734; x_wconf 89' lang='lat' dir='ltr'><strong>margine</strong></span> <span class='ocrx_word' id='word_1_872' title='bbox 1554 5679 1570 5742; x_wconf 87' lang='lat'><strong>_:</strong></span> <span class='ocrx_word' id='word_1_873' title='bbox 1601 5684 1619 5716; x_wconf 80' lang='grc' dir='ltr'><strong>ι</strong></span> <span class='ocrx_word' id='word_1_874' title='bbox 1649 5651 1827 5742; x_wconf 53' lang='lat' dir='ltr'><strong>[femi</strong></span> <span class='ocrx_word' id='word_1_875' title='bbox 1923 5651 2141 5742; x_wconf 64' lang='lat' dir='ltr'><strong>partem</strong></span> <span class='ocrx_word' id='word_1_876' title='bbox 2166 5651 2502 5742; x_wconf 53' lang='lat' dir='ltr'><strong>aééi&#39;ﬁia’idﬁ</strong></span> <span class='ocrx_word' id='word_1_877' title='bbox 2535 5651 2869 5730; x_wconf 41' lang='lat' dir='ltr'><strong>di&#39;ttiéi&#39;téﬁ</strong></span> 
     </span>
    </p>
   </div>
   <div class='ocr_carea' id='block_1_104' title="bbox 249 5686 3502 5823">
    <p class='ocr_par' dir='ltr' id='par_1_104' title="bbox 249 5686 3502 5823">
     <span class='ocr_line' id='line_1_107' title="bbox 251 5686 3498 5742; baseline 0.01 -39"><span class='ocrx_word' id='word_1_878' title='bbox 251 5686 310 5705; x_wconf 76' lang='grc' dir='ltr'><strong>ι..</strong></span> <span class='ocrx_word' id='word_1_879' title='bbox 346 5686 468 5705; x_wconf 61' lang='lat' dir='ltr'><strong>cu...</strong></span> <span class='ocrx_word' id='word_1_880' title='bbox 498 5686 700 5708; x_wconf 71' lang='lat' dir='ltr'><strong>mum...</strong></span> <span class='ocrx_word' id='word_1_881' title='bbox 720 5694 735 5720; x_wconf 98' lang='lat'><strong>,</strong></span> <span class='ocrx_word' id='word_1_882' title='bbox 778 5686 892 5712; x_wconf 74' lang='grc' dir='ltr'>ιιαευ</span> <span class='ocrx_word' id='word_1_883' title='bbox 941 5686 1165 5714; x_wconf 65' lang='grc' dir='ltr'>ιιιιιιυιειι</span> <span class='ocrx_word' id='word_1_884' title='bbox 1198 5686 1253 5716; x_wconf 85' lang='grc' dir='ltr'>ιιι</span> <span class='ocrx_word' id='word_1_885' title='bbox 1284 5686 1528 5734; x_wconf 77' lang='lat' dir='ltr'><strong>margine</strong></span> <span class='ocrx_word' id='word_1_886' title='bbox 1554 5686 1570 5720; x_wconf 84' lang='lat'><strong>;</strong></span> <span class='ocrx_word' id='word_1_887' title='bbox 1601 5686 1619 5716; x_wconf 84' lang='grc' dir='ltr'><strong>ι</strong></span> <span class='ocrx_word' id='word_1_888' title='bbox 1649 5686 1827 5722; x_wconf 76' lang='lat' dir='ltr'><strong>rem-</strong></span> <span class='ocrx_word' id='word_1_889' title='bbox 1998 5686 2135 5727; x_wconf 87' lang='lat' dir='ltr'><strong>rtem</strong></span> <span class='ocrx_word' id='word_1_890' title='bbox 2166 5686 2463 5742; x_wconf 77' lang='lat' dir='ltr'><strong>accipiatur</strong></span> <span class='ocrx_word' id='word_1_891' title='bbox 2486 5714 2501 5738; x_wconf 89' lang='lat'><strong>,</strong></span> <span class='ocrx_word' id='word_1_892' title='bbox 2535 5686 2747 5728; x_wconf 84' lang='lat' dir='ltr'><strong>mtttctte</strong></span> <span class='ocrx_word' id='word_1_893' title='bbox 2784 5686 2869 5730; x_wconf 88' lang='lat' dir='ltr'><strong>est</strong></span> <span class='ocrx_word' id='word_1_894' title='bbox 2894 5686 3204 5733; x_wconf 77' lang='lat' dir='ltr'><strong>existimare</strong></span> <span class='ocrx_word' id='word_1_895' title='bbox 3230 5686 3318 5736; x_wconf 90' lang='lat' dir='ltr'><strong>hic</strong></span> <span class='ocrx_word' id='word_1_896' title='bbox 3339 5686 3498 5737; x_wconf 88' lang='lat' dir='ltr'><strong>aliam</strong></span> 
     </span>
     <span class='ocr_line' id='line_1_108' title="bbox 249 5686 3502 5823; baseline 0.01 -46"><span class='ocrx_word' id='word_1_897' title='bbox 584 5721 1285 5823; x_wconf 32' lang='lat' dir='ltr'><strong>G‘o‘n‘s‘tt‘rnntiamb‘qcﬂsaacnlp</strong></span> <span class='ocrx_word' id='word_1_898' title='bbox 1318 5736 1569 5823; x_wconf 66' lang='lat' dir='ltr'><strong>usurpari</strong></span> <span class='ocrx_word' id='word_1_899' title='bbox 1600 5737 1772 5823; x_wconf 50' lang='lat' dir='ltr'><strong>‘solita</strong></span> <span class='ocrx_word' id='word_1_900' title='bbox 1805 5779 1820 5806; x_wconf 94' lang='lat'><strong>,</strong></span> <span class='ocrx_word' id='word_1_901' title='bbox 1923 5686 2128 5823; x_wconf 50' lang='lat' dir='ltr'><strong>mirere</strong></span> <span class='ocrx_word' id='word_1_902' title='bbox 2173 5758 2349 5823; x_wconf 80' lang='lat' dir='ltr'><strong>posse</strong></span> <span class='ocrx_word' id='word_1_903' title='bbox 2385 5744 2832 5823; x_wconf 80' lang='lat' dir='ltr'><strong>signiﬁcationem</strong></span> <span class='ocrx_word' id='word_1_904' title='bbox 2856 5786 2871 5812; x_wconf 92' lang='lat'><strong>,</strong></span> <span class='ocrx_word' id='word_1_905' title='bbox 2932 5751 3234 5823; x_wconf 71' lang='lat' dir='ltr'><strong>praesertim</strong></span> <span class='ocrx_word' id='word_1_906' title='bbox 3286 5751 3331 5806; x_wconf 90' lang='lat' dir='ltr'><strong>si</strong></span> <span class='ocrx_word' id='word_1_907' title='bbox 3379 5753 3502 5823; x_wconf 86' lang='lat' dir='ltr'><strong>quis</strong></span> 
     </span>
    </p>
   </div>
   <div class='ocr_carea' id='block_1_105' title="bbox 248 5789 3505 5889">
    <p class='ocr_par' dir='ltr' id='par_1_105' title="bbox 248 5789 3505 5889">
     <span class='ocr_line' id='line_1_109' title="bbox 248 5789 3505 5889; baseline 0.012 -46"><span class='ocrx_word' id='word_1_908' title='bbox 436 5789 833 5889; x_wconf 48' lang='lat'><strong>32119518</strong></span> <span class='ocrx_word' id='word_1_909' title='bbox 849 5798 1132 5889; x_wconf 46' lang='lat' dir='ltr'><strong>Eulogius</strong></span> <span class='ocrx_word' id='word_1_910' title='bbox 1175 5803 1289 5887; x_wconf 79' lang='lat' dir='ltr'><strong>suis</strong></span> <span class='ocrx_word' id='word_1_911' title='bbox 1332 5789 1547 5889; x_wconf 70' lang='lat' dir='ltr'><strong>scriptis</strong></span> <span class='ocrx_word' id='word_1_912' title='bbox 1583 5789 1820 5889; x_wconf 56' lang='grc' dir='ltr'><strong>(1ρξεοὶίῖ</strong></span> <span class='ocrx_word' id='word_1_913' title='bbox 2512 5824 2696 5889; x_wconf 84' lang='lat' dir='ltr'><strong>partes</strong></span> <span class='ocrx_word' id='word_1_914' title='bbox 2747 5789 2973 5875; x_wconf 39' lang='lat' dir='ltr'><strong>attente</strong></span> <span class='ocrx_word' id='word_1_915' title='bbox 2997 5789 3352 5879; x_wconf 34' lang='lat' dir='ltr'><strong>wcvo’nsidergt.</strong></span> <span class='ocrx_word' id='word_1_916' title='bbox 3380 5789 3505 5883; x_wconf 41' lang='lat' dir='ltr'><strong>ait:</strong></span> 
     </span>
    </p>
   </div>
   <div class='ocr_carea' id='block_1_106' title="bbox 249 5859 2173 5964">
    <p class='ocr_par' dir='ltr' id='par_1_106' title="bbox 249 5859 2173 5964">
     <span class='ocr_line' id='line_1_110' title="bbox 249 5859 2173 5964; baseline 0.011 -42"><span class='ocrx_word' id='word_1_917' title='bbox 249 5859 413 5922; x_wconf 80' lang='lat' dir='ltr'><strong>Istam</strong></span> <span class='ocrx_word' id='word_1_918' title='bbox 444 5872 803 5939; x_wconf 83' lang='lat' dir='ltr'><strong>opportunam</strong></span> <span class='ocrx_word' id='word_1_919' title='bbox 844 5859 1183 5931; x_wconf 58' lang='lat' dir='ltr'><strong>occasionem</strong></span> <span class='ocrx_word' id='word_1_920' title='bbox 1220 5859 1540 5945; x_wconf 75' lang='lat' dir='ltr'><strong>insurgendi</strong></span> <span class='ocrx_word' id='word_1_921' title='bbox 1562 5859 1825 5938; x_wconf 68' lang='lat' dir='ltr'><strong>adversus</strong></span> <span class='ocrx_word' id='word_1_922' title='bbox 1876 5953 1899 5964; x_wconf 36' lang='grc' dir='ltr'>ι</span> <span class='ocrx_word' id='word_1_923' title='bbox 1923 5859 2173 5943; x_wconf 57' lang='grc' dir='ltr'><strong>’ἕξιίῗξὲῖἶιέ</strong></span> 
     </span>
    </p>
   </div>
   <div class='ocr_carea' id='block_1_107' title="bbox 2113 6037 2139 6049">
    <p class='ocr_par' dir='ltr' id='par_1_107' title="bbox 2113 6037 2139 6049">
     <span class='ocr_line' id='line_1_111' title="bbox 2113 6037 2139 6049; baseline 0 -3"><span class='ocrx_word' id='word_1_924' title='bbox 2113 6037 2139 6049; x_wconf 39' lang='grc' dir='ltr'><strong>..λ</strong></span> 
     </span>
    </p>
   </div>
  </div>
