4050 6340
709 379 848 439 1319

1803 368 2126 464 μυΒΟἫΟῘ
2162 371 2186 430 1
2221 363 2693 430 COGNOMENTO
2732 365 2818 426 ΡΠ

3714 379 3800 440 lilii)

706 497 949 554 siderare
981 492 1188 550 debetis
1214 498 1276 547 ut
1310 489 1510 563 legatio
1536 497 1714 546 vestra
1743 530 1760 558 ,
1790 505 1953 561 quam
1991 490 2118 546 illuc
2141 485 2276 544 diri-
2299 486 2355 548 A
2375 481 2633 554 possibile
2686 481 2991 538 invenirent
3049 479 3426 554 praesentaliter
3456 477 3706 557 [Simond.,
3747 508 3804 562 ρετ

705 603 832 660 gere
859 585 1142 656 disponitis
1165 625 1182 650 ,
1212 591 1362 639 tanta
1390 581 1677 654 prudentia
1714 590 1972 652 tantoque
2023 579 2274 636 modera-

705 678 852 732 mine
889 674 1105 730 suﬁ‘ulta
1128 674 1200 730 sit
1217 682 1277 729 ut
1301 688 1333 728 a
1357 673 1571 730 nemine
1597 713 1612 739 ,
1640 688 1816 743 neque
1843 672 2030 727 Graeco
2052 712 2068 737 ,
2098 681 2276 738 neque

703 767 973 832 Romano,
999 764 1145 835 juste
1166 764 1342 820 valeat
1363 764 1684 834 reprehendi
1711 805 1727 831 ,
1755 765 1850 820 sed
1883 763 2007 819 talis
2042 763 2113 818 sit
2139 776 2278 831 qua-

703 854 810 911 lem
839 871 1055 926 semper
1091 857 1243 911 decet
1284 855 1339 910 in
1364 856 1614 911 omnibus
1641 855 1820 912 causis
1846 854 1915 910 ab
1952 855 2054 910 ista
2093 868 2276 908 sacra-

703 945 912 1000 tissima
941 945 1069 1001 sede
1089 944 1378 1016 proﬁcisci.
1402 944 1471 999 Et
1502 945 1550 1000 si
1589 954 1782 1001 vestra:
1805 945 2078 1000 sanctitati
2099 943 2279 1014 placet

701 1046 765 1092 ut
814 1053 910 1108 pro
951 1038 1053 1092 hac
1091 1038 1206 1108 ipsa
1244 1036 1514 1108 legatione
1554 1038 1707 1093 missi
1747 1036 1916 1093 nostri
1942 1036 2102 1092 simul
2150 1050 2274 1091 cum

700 1127 899 1182 vestris
928 1126 1048 1182 illas
1068 1126 1123 1180 in
1145 1135 1329 1196 partes
1351 1127 1673 1198 dirigantur,
1701 1137 1757 1184 et
1786 1129 1886 1184 hoc
1910 1143 2010 1184 nos
2031 1137 2273 1198 tempore

700 1234 942 1292 congruo
983 1220 1122 1274 scire
1166 1219 1492 1290 permittite;
1528 1228 1584 1276 et
1630 1236 1738 1276 non
1790 1219 1964 1276 solum
2006 1220 2132 1286 hoc,
2177 1220 2273 1276 sed

698 1311 862 1365 etiam
917 1310 962 1364 si
997 1308 1128 1364 ituri
1186 1317 1342 1375 sunt,
1395 1310 1489 1365 ubi
1537 1317 1593 1364 et
1637 1311 1855 1382 quando
1896 1326 2020 1367 cum
2072 1311 2273 1367 vestris

699 1401 882 1458 missis
909 1415 966 1456 se
981 1397 1211 1472 jungere
1231 1399 1483 1457 debeant.
1499 1399 1619 1457 Non
1639 1401 1760 1458 ideo
1781 1410 1961 1456 tamen
1992 1401 2060 1457 de
2091 1401 2273 1458 missis

699 1492 901 1545 nostris
944 1491 1072 1546 illuc
1100 1491 1394 1563 dirigendis
1422 1491 1817 1564 interrogamus
1844 1493 1996 1564 quasi
2023 1507 2272 1548 necessa-

697 1581 839 1634 rium
885 1580 1039 1635 nobis
1066 1580 1312 1636 videatur
1338 1621 1353 1647 ,
1404 1589 1498 1636 aut
1528 1597 1628 1637 nos
1651 1590 1862 1638 vestros
1897 1581 2093 1638 missos
2130 1581 2273 1637 hanc

693 1669 1017 1742 legationem
1053 1685 1152 1740 per
1175 1686 1235 1726 se
1275 1671 1537 1742 perﬁcere
1573 1672 1919 1740 dubitemus;
1967 1673 2063 1730 sed
2091 1675 2272 1745 potius

690 1771 913 1833 propter
940 1763 1045 1818 hoc
1075 1772 1170 1818 eos
1211 1763 1367 1819 vobis
1409 1762 1688 1820 offerimus
1726 1772 1790 1819 ut
1830 1764 2018 1821 sciatis
2066 1780 2165 1821 nos
2214 1767 2270 1822 in

2380 569 2721 644 semetipsos]
2745 578 2934 626 nostra
2959 571 3279 627 auctoritate
3302 572 3594 644 corrigerent
3613 592 3626 642 ;
3647 579 3732 634 etsi
3748 582 3805 637 ali-

2378 675 2484 731 qua
2511 661 2796 718 dilﬁcultas
2845 662 2900 717 in
2929 661 3168 732 qualibet
3205 676 3266 716 re
3304 663 3381 720 eis
3401 663 3655 731 obsisteret,
3689 670 3805 726 aduo-

2379 760 2548 806 stram
2576 751 2823 808 notitiam
2847 751 3058 808 deferre
3097 761 3368 809 curarent.
3418 754 3692 828 Quapropter
3711 764 3803 818 volu-

2378 859 2498 900 lllllS
2537 852 2599 898 ut
2642 859 2738 899 VOS
2779 858 2991 911 omnes,
3034 855 3251 916 propter
3273 859 3576 903 communem
3602 849 3806 908 salutemet

2376 938 2528 1008 regni
2577 938 2838 992 honorem
2886 951 2951 992 ac
2979 937 3160 1007 populi
3205 937 3494 1004 utilitatem,
3535 939 3807 998 obedienteset

2377 1029 2655 1100 adjutores
2680 1029 2865 1085 missis
2893 1029 3095 1085 nostris
3124 1031 3180 1085 in
3209 1033 3445 1087 omnibus
3468 1048 3554 1103 pro
3573 1033 3808 1092 viribusesse

2374 1137 2484 1178 non
2528 1121 2854 1194 negﬂgatis;
2905 1121 3172 1192 simulque
3218 1123 3394 1179 sciatis
3432 1124 3494 1179 ob
3531 1124 3643 1180 hanc
3671 1141 3806 1182 causam

2374 1230 2474 1271 nos
2499 1215 2638 1270 velle
2657 1229 2755 1285 per
2787 1214 3029 1286 singulas
3056 1215 3411 1271 hebdomadas
3445 1231 3541 1271 uno
3564 1217 3634 1272 die
3655 1219 3694 1272 in
3719 1219 3808 1286 pala-

2373 1307 2452 1362 tio
2475 1314 2661 1362 nostro
2687 1306 2755 1360 ad
2782 1321 2977 1362 causas
3028 1304 3320 1361 audiendas
3361 1306 3547 1373 sedere,
3572 1316 3620 1363 ut
3638 1324 3709 1379 per
3725 1309 3809 1366 hunc

2373 1405 2467 1453 aut
2489 1395 2641 1452 illum
2668 1395 2923 1452 comitem
2951 1404 3008 1452 et
3041 1397 3376 1468 providentia
3417 1397 3659 1453 missorum
3682 1408 3721 1454 et
3737 1401 3810 1454 ohe

2372 1487 2573 1544 dientia
2603 1487 2785 1558 populi
2813 1488 2972 1544 nobis
2997 1485 3334 1542 manifestius
3356 1495 3597 1558 appareat.
3619 1488 3669 1542 Et
3689 1489 3810 1544 uthac

2371 1581 2554 1637 omnia
2580 1595 2891 1636 successum
2927 1580 3184 1646 habeant,
3223 1579 3456 1635 volumus
3479 1589 3530 1634 ut
3551 1580 3736 1652 generale
3752 1583 3809 1635 tri-

2373 1676 2610 1732 duanum
2627 1675 2890 1746 jejunium
2933 1676 3170 1731 secunda
3200 1673 3329 1730 feria
3353 1682 3470 1745 post
3487 1675 3666 1730 octabas
3691 1673 3810 1730 Pente-

2376 1778 2562 1825 costen
2618 1767 2999 1824 celebrandum
3055 1767 3338 1833 indicetur,
3387 1776 3439 1821 et
3464 1784 3468 1788 '
3493 1767 3742 1838 generaliter
3772 1765 3811 1820 ab

691 1855 946 1910 omnibus
985 1868 1106 1910 esse
1143 1863 1362 1926 paratos
1387 1871 1506 1926 qua:
1533 1853 1692 1925 hujus
1717 1857 2097 1914 sacratissima:
2122 1859 2266 1915 sedis
2292 1845 2340 1907 Β
2365 1860 2618 1917 omnibus
2642 1873 2767 1914 cum
2793 1874 3002 1914 summa
3032 1859 3319 1914 devotione
3361 1857 3646 1913 observetur.
3676 1856 3722 1911 Et
3737 1855 3811 1925 quia

689 1947 987 2004 necessitas
1037 1957 1129 2002 aut
1168 1947 1420 2004 voluntas
1446 1948 1820 2018 postulaverit.
1849 1949 2110 2020 Optamus
2144 1967 2267 2007 san-

689 2045 833 2094 ctam
879 2047 935 2094 et
964 2039 1327 2095 venerabilem
1355 2054 1419 2095 ac
1443 2040 1589 2111 piam
1617 2041 2003 2110 paternitatem
2028 2049 2265 2098 vestram

689 2143 905 2198 semper
931 2129 987 2184 in
1014 2128 1232 2186 Christo
1255 2131 1394 2186 bene
1420 2132 1602 2186 valere
1619 2171 1633 2197 ,
1677 2140 1734 2188 et
1769 2133 1941 2189 nostri
1969 2149 2034 2190 ac
2052 2144 2270 2190 nostro-

689 2234 811 2274 rum
830 2219 1071 2276 omnium
1094 2221 1150 2275 in
1170 2223 1535 2278 sacrosanctis
1562 2223 1898 2281 orationibus
1925 2227 2265 2298 meminisse,

687 2309 1029 2368 sanctissime
1057 2325 1122 2367 ac
1147 2310 1460 2370 beatissime
1485 2312 1667 2372 Pater.

1219 2423 1557 2481 EPISTOLA
1602 2426 1735 2483 VIII.

822 2505 1083 2550 EPISTOLA
1113 2508 1485 2551 GENERALITER
1511 2512 1714 2554 [κορυιο
1740 2513 1828 2554 DEI
1860 2515 2122 2558 LEGENDA.

912 2585 993 2643 De
1026 2592 1394 2647 convocatione
1421 2603 1650 2664 quatuor
1676 2595 2040 2655 conciliorum.

1299 2679 1472 2753 (Anno
1501 2682 1652 2755 828.)

1105 2768 1356 2837 JBaluz.,
1375 2771 1528 2839 ibid.,
1546 2788 1669 2846 pag.
1698 2774 1848 2850 654.]

755 2859 812 2916 ln
838 2871 1054 2919 nomine
1073 2859 1297 2920 tDomini
1342 2865 1439 2920 Dei
1480 2875 1535 2922 et
1579 2867 1882 2927 Salvatoris
1931 2872 2104 2929 nostri
2135 2872 2265 2931 Jesu

681 2950 906 3008 Christi.
956 2953 1263 3012 Ludovicus
1306 2965 1362 3012 et
1409 2957 1719 3029 Lotharius,
1750 2963 1931 3019 divina
1977 2966 2266 3023 ordinante

681 3045 1039 3114 providentia,
1070 3046 1422 3117 imperatores
1449 3049 1698 3122 Augusti,
1729 3053 1984 3111 omnibus
2013 3054 2265 3113 ﬁdelibus

2367 1951 2608 2019 undique
2654 1949 2903 2006 inimicos
2949 1959 3156 2005 sanctae
3184 1949 3280 2005 Dei
3318 1948 3550 2005 Ecclesize
3573 1947 3810 2010 commoveri,

2368 2048 2427 2096 et
2456 2054 2684 2113 regnum
2714 2055 2747 2096 a
2774 2039 2888 2095 Deo
2933 2040 3090 2096 nobis
3141 2039 3473 2096 commissum
3501 2037 3703 2094 infestare
3731 2037 3812 2092 velle

2366 2133 2768 2205 cognoscimus,
2814 2131 3162 2204 praecipimus
3202 2137 3359 2201 atque
3393 2129 3609 2201 jubemus
3631 2137 3676 2183 ut
3697 2142 3811 2182 omnes

2364 2224 2620 2281 homines
2643 2238 2742 2294 per
2767 2230 2940 2284 totum
2969 2237 3199 2294 regnum
3222 2228 3474 2287 nostrum,
3501 2221 3583 2290 qui
3606 2216 3812 2274 exercitalis

2366 2315 2580 2372 itineris
2626 2314 2899 2371 debitores
2956 2321 3097 2379 sunt,
3155 2313 3291 2368 bene
3334 2311 3439 2368 sint
3484 2310 3709 2382 prteparati
3739 2323 3812 2364 cum

2366 2408 2544 2479 equis,
2588 2409 2777 2474 armis,
2821 2407 3184 2474 vestimentis,
3213 2406 3382 2463 carris
3407 2414 3457 2462 et
3499 2404 3759 2467 victualibus,
3777 2411 3812 2455 ut

2368 2514 2700 2572 quocunque
2728 2506 2972 2570 tempore
2998 2498 3079 2554 eis
3103 2513 3139 2552 a
3181 2497 3332 2554 nobis
3359 2495 3674 2552 denuntiatum
3697 2491 3810 2548 fuerit

2365 2593 2487 2649 sine
2511 2591 2619 2647 ulla
2657 2606 2812 2647 mora
2839 2591 2988 2647 exire
3033 2597 3089 2646 et
3119 2589 3178 2644 in
3209 2603 3558 2660 quamcunque
3585 2594 3738 2657 partem
3757 2597 3812 2637 ne-

2365 2685 2595 2742 cessitas
2617 2684 2990 2757 postulaverit,
3033 2699 3267 2756 pergere
3312 2683 3520 2754 possint,
3554 2690 3600 2738 et
3625 2671 3812 2737 tandiuilli

2366 2792 2488 2837 esse
2516 2777 2756 2852 quandiu
2782 2777 3079 2834 necessitas
3105 2776 3470 2848 postulaverit.

2509 2889 2640 2947 Haec
2660 2899 2782 2947 sunt
2802 2889 3032 2963 capitula
3054 2889 3120 2945 de
3146 2889 3474 2946 instructione
3491 2890 3725 2944 missorum.

2439 2980 2734 3039 Dicendum
2760 2990 2845 3038 est
2863 2979 2970 3037 illis
2998 2980 3126 3052 quia
3155 2996 3374 3038 necesse
3395 2990 3472 3038 est
3495 2987 3548 3034 ut
3568 2977 3811 3047 intelligamus

2367 3088 2560 3132 omnes
2578 3073 2939 3129 communiter
2961 3073 3124 3143 quale
3151 3073 3441 3145 periculum
3465 3071 3596 3128 nobis
3615 3068 3809 3127 immineat.

681 3144 885 3191 sancta:
913 3137 1008 3192 Dei
1037 3137 1294 3194 Ecclesize
1324 3146 1379 3194 et
1404 3140 1627 3196 nostris.

758 3226 1046 3260 Ralm-ulna:
1078 3245 1172 3260 ιηιι.
1201 3231 1468 3260 η-ηιιτηυη.
1492 3233 1726 3260 annuo..-
1746 3234 1848 3260 ι.--
1872 3251 2011 3260 -........
2044 3236 2260 3260 --..-:|:.-

2214 3237 2226 3250 .
2290 3193 2340 3260 ο
2369 3166 2427 3223 in
2467 3181 2535 3222 eo
2567 3165 2802 3222 maxime
2846 3137 2998 3236 quod
3014 3166 3070 3221 in
3120 3137 3312 3222 nostra
3349 3161 3630 3236 negligentia
3664 3163 3811 3260 tanu'et

753 3226 1050 3331 Recordari
1078 3231 1476 3331 voscredimus
1491 3233 1726 3331 qualiter
1746 3234 1850 3291 hoc
1870 3251 2014 3293 anno
2039 3236 2265 3331 consilio
2290 3226 2340 3260 ¹⁴
2373 3259 2525 3327 una,
2553 3273 2652 3331 per
2681 3273 2803 3330 qua,
2828 3226 2971 3314 deus
3000 3256 3204 3315 attendi
3241 3226 3442 3330 potuit:
3460 3226 3508 3314 ei
3549 3256 3683 3312 honor
3699 3259 3735 3307 et
3759 3248 3811 3303 h0-

683 3322 1026 3376 sacerdotum
1065 3330 1122 3378 et
1151 3322 1377 3382 aliorum
1405 3323 1648 3381 ﬁdelium
1676 3335 1986 3384 nostrorum
2017 3329 2268 3402 generale
2367 3322 2736 3424 ηεειέέι-θειίί
2777 3350 3111 3417 decrescere,
3173 3322 3347 3406 adhuc
3395 3322 3554 3404 autem
3579 3345 3701 3401 etiam
3717 3340 3810 3395 alii"!

681 3413 940 3485 jejunium
969 3431 1067 3486 per
1109 3425 1278 3474 totum
1308 3435 1536 3491 regnum
1563 3432 1812 3502 nostrum
1853 3425 2131 3483 celebrare
2149 3426 2267 3497 jus-

2213 3443 2267 3484 ε’·
2366 3413 2698 3502 intellectam
2743 3444 3006 3501 habemus
3049 3413 3426 3516 negligentiam
3471 3456 3529 3497 ex
3570 3436 3696 3512 priori
3719 3447 3808 3489 occa-

681 3505 876 3608 sirnu.s,.
906 3506 1651 3608 Deumquentotadevotione
1677 3515 1969 3584 deposcere
2012 3523 2073 3570 ut
2106 3517 2264 3574 nobis
2364 3534 2520 3592 είοηθ
2564 3543 2748 3591 notam
2793 3505 3380 3608 [Sirmond.,vn;tam],
3417 3533 3465 3588 id
3499 3505 3586 3595 est,
3611 3526 3715 3598 quod
3743 3524 3808 3591 ipsa

680 3595 1078 3702 propitiaretin
1108 3597 1300 3702 quibus
1328 3599 1479 3657 illum
1507 3604 1745 3660 maxime
1786 3604 2053 3662 oﬁ‘ensum
2097 3607 2265 3665 habe-
2366 3629 2564 3702 ιεεεηίο
2587 3644 2695 3686 non
2722 3595 3035 3700 κείρει-πω
3064 3595 3170 3684 fuit
3198 3595 3468 3700 sicutdtpsa
3508 3595 3805 3680 necessitast-

681 3702 865 3744 remus
888 3689 1044 3746 nobis
1067 3691 1438 3796 manifestare,
1466 3703 1522 3751 et
1546 3703 1608 3751 ut
1633 3697 1702 3753 ad
1741 3700 2136 3757 correctionem
2166 3716 2266 3757 no-
2361 3689 2660 3796 povscebat;
2691 3689 3001 3793 quatiquati,
3037 3735 3106 3777 ex
3141 3729 3297 3794 parte
3333 3689 3423 3776 v65
3455 3714 3617 3774 dicatis
3645 3724 3718 3766 ιιοε
3744 3718 3808 3760 m-

679 3789 849 3836 stram
892 3785 1254 3840 necessariam
1295 3789 1643 3860 tranquillum
1691 3800 1907 3864 tempus
1953 3795 2109 3852 nobis
2159 3795 2259 3851 tri-

678 3873 846 3929 buere
895 3875 1228 3946 dignaretur.
1290 3878 1645 3938 Volueramus
1697 3884 1962 3955 siquidem
2019 3895 2262 3957 tempore

679 3980 920 4038 congruo
961 3967 1216 4038 placitum
1263 3981 1508 4027 nostrum
1551 3975 1799 4045 generale
1844 3977 2067 4046 habere,
2111 3988 2167 4037 et
2201 3981 2258 4036 in

677 4055 869 4111 eodem
900 4058 965 4114 dc
992 4062 1264 4116 communi
1313 4066 1652 4120 correctione
1695 4081 1900 4138 agere;
1943 4078 2000 4125 et
2039 4070 2115 4125 ita
2147 4069 2258 4127 Deo

677 4149 974 4206 miserante
1018 4150 1195 4218 ﬁeret,
1239 4152 1344 4208 nisi
1373 4157 1663 4212 commotio
1707 4157 2073 4226 inimicorum,
2121 4160 2260 4217 sicut

649 4233 878 4307 -nostis',
920 4243 1288 4314 prmpedisset.
1333 4245 1438 4303 Sed
1483 4248 1607 4318 quia
1639 4257 1767 4304 tunc
1797 4249 1913 4305 ﬁeri
1951 4267 2058 4307 non
2082 4253 2259 4323 potuit

675 4326 827 4401 juxta
853 4333 1182 4392 voluntatem
1207 4345 1466 4404 nostram,
1494 4340 1667 4394 visum
1697 4341 1852 4397 nobis
1880 4341 1982 4398 fuit
2019 4333 2258 4414 praesens

678 4422 934 4492 placitum
961 4442 1085 4482 cum
1125 4428 1394 4498 aliquibus
1423 4445 1486 4484 ex
1531 4431 1776 4488 ﬁdelibus
1802 4435 2003 4490 nostris
2031 4435 2252 4503 habere,

2364 3815 2558 3872 teriam
2602 3814 2658 3870 in
2685 3829 2751 3871 eo
2798 3813 3011 3870 dedisse
3038 3814 3184 3885 quod
3233 3827 3338 3869 non
3380 3825 3470 3883 per
3490 3805 3638 3865 omnia
3660 3800 3706 3856 ad
3729 3797 3807 3852 hanc

2362 3905 2744 3962 necessitatem
2776 3905 3155 3976 inquirendam
3181 3905 3393 3976 plenam
3434 3899 3568 3957 vobis
3589 3894 3808 3952 dedissemus

2363 3999 2683 4071 iussionem.
2700 3997 2822 4054 Ideo
2847 4011 3190 4068 summopere
3205 3995 3522 4053 tractandum
3541 3997 3608 4046 est
3621 3977 3806 4058 quomodo

2361 4089 2589 4146 Domino
2624 4089 2929 4160 adiuvante,
2961 4097 3017 4144 et
3045 4089 3099 4144 in
3143 4088 3391 4162 praesenti
3436 4085 3497 4141 de
3535 4083 3604 4138 his
3637 4090 3722 4148 qua!
3751 4084 3806 4142 νεῖ

2357 4180 2742 4253 negligentiam
2771 4189 2826 4235 et
2851 4179 3115 4236 incuriam
3162 4182 3444 4252 depravata
3480 4182 3601 4239 sunt,
3625 4165 3807 4234 οοπίΒπΓ

2361 4279 2468 4338 tur,
2502 4279 2558 4327 et
2593 4286 2662 4327 ne
2702 4271 2848 4327 ultra
2894 4271 3022 4327 talia
3061 4271 3197 4328 ﬁant
3240 4272 3458 4329 sollicite
3482 4271 3699 4324 caveatur.
3732 4253 3806 4309 Pot!

2357 4363 2476 4420 hare
2504 4365 2638 4421 socii
2665 4365 3046 4424 denominandi
3088 4375 3235 4432 sunt,
3278 4373 3332 4420 et
3359 4372 3476 4419 tunc
3520 4356 3660 4430 qualis
3690 4347 3806 4406 debat

2357 4471 2478 4512 esse
2504 4456 2701 4528 legatio
2728 4447 3050 4529 inju'ngenda
3076 4466 3180 4513 est.

678 4523 735 4570 et
762 4515 816 4570 in
838 4533 903 4573 eo
927 4519 993 4573 de
1036 4519 1121 4574 his
1148 4535 1267 4590 quae
1295 4530 1515 4623 propter
1537 4525 1856 4594 praedictum
1899 4527 2254 4597 impedimen-
2282 4562 2338 4623 Β
2430 4545 2472 4602 ι,
2505 4515 2689 4602 Ριξωο
2739 4515 3122 4621 “iungendum
3170 4556 3256 4605 εει
3295 4547 3464 4604 missis
3501 4552 3555 4598 υι
3587 4541 3669 4600 hoc

680 4616 794 4664 tum
827 4622 1219 4679 remanserunt,
1247 4615 1477 4683 qualiter
1503 4618 1570 4671 ad
1597 4617 1847 4674 eﬁectum
1889 4622 2257 4692 pervenirent,

676 4699 907 4757 Dor'nino
957 4703 1265 4774 adjuvante,
1317 4708 1681 4766 considerare.
1714 4710 2055 4786 Quapropter
2101 4729 2264 4772 nosse

678 4795 928 4851 volumus
970 4796 1246 4853 solertiam
1293 4807 1531 4856 vestram
1578 4804 1722 4874 quod
1753 4804 1809 4860 in
1856 4806 1960 4863 isto
2006 4811 2263 4878 praesenti

676 4884 874 4957 placito
903 4901 1026 4941 cum
1053 4887 1296 4944 ﬁdelibus
1340 4893 1540 4948 nostris
1567 4895 2026 4956 consideravimus
2051 4911 2112 4958 ut
2153 4904 2264 4976 pri-

679 4992 768 5031 mo
797 4978 1037 5033 omnium
1077 4980 1467 5053 archiepiscopi
1495 5000 1618 5042 cum
1661 4988 1777 5044 suis
1817 4990 2173 5065 suﬁ‘raganeis
2205 4997 2262 5055 in

681 5068 812 5124 locis
840 5071 1089 5142 congruis
1113 5079 1351 5143 tempore
1376 5085 1676 5145 opportuno
1702 5084 2071 5155 convenirent,
2102 5096 2159 5144 et
2185 5090 2261 5147 ibi

682 5168 790 5213 tam
804 5161 867 5215 de
881 5178 978 5216 sua
993 5178 1154 5219 causa
1167 5181 1327 5236 quam
1341 5167 1407 5222 de
1418 5169 1658 5226 omnium
1672 5182 1914 5230 nostrum
1926 5181 2263 5238 correctione

678 5258 734 5305 et
787 5256 1162 5312 emendatione
1226 5258 1522 5316 secundum
1583 5263 1820 5321 divinam
1877 5270 2258 5330 auctoritatem

679 5345 968 5413 quaerendo
996 5347 1320 5417 invenirent,
1349 5360 1405 5407 et
1425 5354 1581 5410 nobis
1603 5365 1764 5427 atque
1789 5358 2034 5417 ﬁdelibus
2058 5365 2259 5421 nostris

678 5437 973 5492 secundum
995 5442 1350 5500 ministerium
1365 5447 1467 5502 sibi
1487 5451 1834 5508 commissum
1853 5454 2258 5516 adnuntiarent.

678 5527 812 5617 Item
852 5530 1310 5593 consideravimus
1336 5547 1397 5593 ut
1433 5540 1639 5598 missos
1669 5551 1883 5601 nostros
1921 5561 2020 5617 per
2043 5550 2261 5605 univer-

679 5615 799 5674 sum
826 5637 1052 5694 regnum
1089 5635 1333 5683 nostrum
1383 5632 1742 5702 mitteremus,
1771 5638 1864 5708 qui
1911 5615 1979 5695 de
2005 5641 2258 5698 omnibus

680 5713 858 5766 causis
909 5729 1027 5783 quae
1067 5717 1134 5772 ad
1178 5723 1570 5779 correctionem
1616 5727 1890 5796 pertinere
1942 5731 2258 5790 viderentur

2365 4637 2542 4696 modis
2568 4649 2813 4708 caveant,
2843 4655 2912 4696 ne
2933 4641 3129 4713 populo
3152 4641 3208 4697 in
3228 4657 3409 4698 eorum
3429 4634 3802 4726 profectioueonftn

2365 4732 2495 4799 δῖοι»
2531 4747 2600 4788 ne
2628 4731 2766 4789 forte
2795 4733 2990 4803 quibus
3016 4733 3305 4791 subvenire
3347 4729 3612 4791 debuerint,
3643 4719 3800 4777 πωπω

2367 4837 2492 4878 nem
2513 4821 2767 4878 inferant.

2435 4915 2500 4972 ll.
2529 4917 2601 4974 Ut
2632 4918 2810 4989 primo
2853 4927 3097 4976 nostram
3131 4920 3327 4992 populo
3368 4918 3649 4974 voluntatem
3679 4908 3800 4960 θιεω·

2367 5007 2538 5075 dium,
2581 5017 2638 5064 et
2675 5025 2782 5080 qua
2825 5010 3126 5070 intentione
3164 5029 3196 5068 a
3233 5013 3383 5069 nobis
3425 5012 3521 5066 sint
3557 4998 3716 5061 directi,
3744 5004 3800 5063 P“

2361 5109 2610 5156 nostrum
2640 5102 2902 5174 scriptum
2942 5108 3208 5163 nuntient.
3255 5103 3536 5164 lnstruendi
3571 5104 3670 5154 sunt
3698 5088 3798 5146 etiam

2357 5191 2488 5263 quid
2515 5192 2808 5263 inquirant.
2843 5191 2852 5202 “
3716 5268 3726 5271 _
3763 5259 3794 5271 ..

2429 5281 2516 5340 Ill.
2544 5262 2820 5356 Inprimis
2847 5285 2950 5345 hoc
2991 5289 3224 5346 maxime
3267 5288 3519 5360 inquirant
3555 5262 3795 5361 (ῐυοωθάθιξί

2360 5374 2452 5446 qui
2473 5375 2730 5446 populum
2754 5392 2944 5449 regere
2973 5380 3188 5447 debent,
3227 5377 3564 5451 unusquisque
3583 5370 3625 5423 in
3651 5375 3720 5418 suo
3737 5368 3796 5451 uu-

2359 5443 2584 5522 nisterio
2613 5481 2672 5523 se
2709 5443 3036 5525 custoditum
3060 5443 3272 5537 habeat,
3301 5443 3462 5540 utqui
3490 5443 3612 5520 bene
3636 5443 3796 5553 “fiala:

2359 5555 2656 5626 gratiarum
2683 5559 2896 5615 actione
2923 5560 3068 5631 digni
3095 5570 3217 5617 sunt
3243 5566 3607 5632 cognoscamus,
3631 5543 3698 5616 σιυί
3715 5543 3795 5632 *εἷο

2359 5648 2746 5704 correctionem
2803 5659 2859 5706 et
2909 5650 3321 5720 increpationem
3374 5663 3464 5720 pro
3504 5650 3653 5699 eorum
3688 5621 3795 5720 “939'

2356 5736 2552 5807 gentiis
2580 5747 2879 5805 merentur,
2920 5715 3238 5797 omnimodis
3270 5715 3417 5794 nobis
3447 5721 3666 5791 manifesti
3699 5715 3792 5807 ﬁll“

680 5809 883 5880 quanto
927 5807 1227 5878 potuissent
1265 5813 1441 5876 studio
1481 5815 1846 5892 decertarent,
1894 5828 1950 5878 et
1992 5822 2254 5900 quidquid
2350 5801 2633 5908 inquisitio
2669 5801 2982 5898 autem'hoc
3018 5832 3176 5893 modo
3200 5831 3306 5888 ﬁat.
3350 5827 3596 5902 Eligantnr
3621 5826 3694 5890 per
3721 5801 3793 5858 ἀπ’
