4050 6340
287 388 422 450 “Si

288 590 336 648 si
356 588 550 660 aliquis
579 588 826 644 inventus
849 586 1010 641 fuerit
1034 586 1099 641 de
1121 585 1251 656 ipsis
1275 583 1364 654 qui
1393 582 1702 639 ﬁdelitatem
1728 596 1856 652 pro-

288 682 510 738 missam
541 682 717 737 adhuc
747 681 900 736 nobis
936 693 1042 734 non
1068 679 1283 743 habeat,
1311 677 1611 747 promittat.
1639 675 1707 731 Et
1732 683 1858 730 tunc

287 771 589 828 instruendi
629 781 755 826 sunt
796 770 1027 840 qualiter
1068 771 1237 840 ipsam
1265 767 1425 824 ﬁdem
1459 783 1586 838 erga
1627 781 1726 822 nos
1756 765 1861 822 sal-

285 875 418 918 vare
462 862 731 928 debeant;
776 862 831 916 id
877 871 980 927 est,
1011 868 1073 915 ut
1113 861 1420 932 quicunque
1459 869 1528 915 ex
1570 857 1656 913 his
1696 857 1861 912 talem

285 967 508 1009 causam
549 952 652 1008 scit
696 952 752 1006 in
780 951 886 1007 illis
915 951 1217 1008 rectoribus
1241 959 1297 1007 et
1333 949 1562 1006 diversis
1596 948 1861 1004 ministris

284 1043 378 1113 qui
418 1043 673 1114 populum
720 1052 1009 1116 regere-et
1056 1043 1268 1100 salvare
1311 1043 1527 1108 debent,
1570 1041 1638 1097 de
1664 1041 1858 1111 quibus

284 1133 601 1207 interrogati
627 1135 844 1200 fuerint,
889 1153 1010 1208 qua:
1035 1137 1101 1194 ad
1129 1137 1309 1209 populi
1332 1137 1585 1193 damnum
1613 1144 1669 1193 et
1689 1136 1857 1192 detri-

283 1235 523 1282 mentum
558 1228 846 1298 pertineat,
874 1238 929 1284 et
967 1237 1188 1302 propter
1215 1230 1319 1286 hoc
1359 1229 1516 1286 nobis
1561 1228 1858 1300 periculum

281 1319 476 1376 anima:
531 1323 747 1378 evenire
797 1323 965 1393 possit
1009 1327 1066 1379 et
1121 1322 1481 1388 inbonoratio,
1527 1322 1767 1388 omnino,
1812 1321 1856 1378 si

282 1412 489 1468 salvam
524 1414 757 1470 voluerit
798 1431 951 1471 suam
1008 1416 1170 1472 ﬁdem
1210 1423 1266 1470 et
1302 1415 1714 1485 promissionem
1762 1415 1860 1470 ha-

283 1502 434 1569 bere,
465 1505 810 1562 manifestum
840 1506 1021 1563 faciat.
1071 1508 1140 1562 Et
1167 1507 1210 1563 si
1247 1515 1371 1577 post
1416 1506 1577 1562 talem
1621 1506 1859 1562 admoni-

280 1593 481 1650 tionem
525 1603 581 1652 et
625 1598 1096 1665 contestationem,
1147 1597 1305 1653 aliter
1347 1613 1510 1668 quam
1555 1613 1614 1653 se
1656 1597 1858 1653 veritas

277 1686 478 1743 habeat
515 1687 716 1744 dixisse
758 1689 953 1761 aliquis
993 1690 1361 1760 deprehensus
1405 1689 1587 1757 fuerit,
1630 1689 1768 1745 sciat
1797 1703 1858 1746 se

276 1777 423 1834 inter
443 1779 684 1837 infideles
711 1797 830 1838 esse
855 1785 1230 1855 reputandum.

274 1886 410 1945 Haec
427 1900 549 1945 sunt
572 1893 802 1963 capitula
815 1912 933 1967 quae
951 1896 1190 1952 volumus
1203 1906 1260 1951 ut
1271 1897 1546 1968 diligenter
1558 1897 1848 1968 inquirant.

347 1981 579 2054 (Collata
618 2003 734 2041 cum
784 1989 1592 2062 codicegTilianoipervetusto,
1628 1991 1719 2062 qui
1747 1991 1851 2062 fuit

523 2059 829 2112 monasterii
859 2059 920 2116 S.
955 2059 1182 2132 Remigii
1218 2059 1569 2132 Rhemensis.)

346 2139 530 2200 Primo
559 2145 624 2200 de
652 2147 920 2218 episcopis
946 2189 961 2215 ,
991 2152 1260 2220 quomodo
1291 2167 1449 2208 suum
1487 2153 1853 2210 ministerium

266 2233 548 2304 expleant,
577 2245 633 2292 et
656 2239 830 2309 qualis
865 2241 936 2296 sit
974 2242 1192 2298 illorum
1212 2245 1578 2312 conversatio,
1602 2247 1689 2301 vel
1714 2263 1851 2317 quo-

273 2321 438 2377 modo
460 2325 720 2383 ecclesias
745 2336 800 2384 et
814 2329 1016 2386 clerum
1033 2332 1138 2388 sibi
1162 2335 1514 2390 commissum
1541 2337 1853 2395 ordinatum

272 2409 513 2470 habeant
549 2426 712 2488 atque
743 2421 1063 2491 dispositum
1089 2463 1106 2489 ,
1136 2425 1222 2480 vel
1271 2427 1466 2496 quibus
1494 2429 1658 2484 rebus
1683 2431 1856 2486 maxi-

274 2517 365 2559 me
393 2506 662 2576 studeant,
714 2511 770 2566 in
817 2514 1149 2584 Spiritalibus
1194 2517 1443 2575 videlicet
1471 2529 1565 2576 aut
1596 2523 1652 2576 in
1678 2539 1852 2580 saecu-

272 2593 482 2654 laribus
523 2602 768 2671 negotiis.
803 2604 1007 2661 Deinde
1054 2607 1243 2677 quales
1291 2609 1404 2664 sint
1435 2609 1711 2680 adjutores
1751 2613 1853 2670 mi-

274 2688 485 2779 nisterii
535 2707 746 2762 eorum,
796 2696 852 2752 id
885 2706 969 2753 est
1001 2740 1018 2765 ,
1058 2700 1430 2774 chorepiscopi
1460 2702 1855 2779 [archipresby-

278 2777 380 2832 teri
394 2778 466 2852 al],
481 2782 873 2851 archidiaconi,
905 2795 962 2842 et
981 2789 1330 2857 vicedomini,
1352 2799 1408 2846 et
1429 2794 1734 2866 presbyteri
1755 2777 1855 2866 per

273 2869 564 2937 parochias
587 2887 796 2940 eorum,
843 2877 1001 2947 quale
1023 2879 1232 2936 scilicet
1265 2883 1503 2937 studium
1533 2883 1769 2940 habeant
1795 2886 1853 2941 in

273 2957 540 3028 doctrina,
569 2964 654 3018 vel
692 2966 906 3036 qualem
933 2967 1136 3026 famam
1167 2972 1402 3028 habeant
1433 2974 1728 3031 secundum
1763 2990 1856 3032 ve-

272 3051 490 3108 ritatem
521 3055 574 3110 in
604 3058 820 3128 populo.
846 3059 1108 3118 Similiter
1131 3064 1199 3120 de
1224 3066 1478 3122 omnibus
1507 3069 1856 3125 monasteriis

271 3141 550 3214 inquirant
568 3146 724 3216 juxta
753 3153 1175 3227 uniuscujusque
1218 3158 1534 3228 qualitatem
1563 3169 1620 3216 et
1644 3160 1856 3230 profes-

271 3234 480 3291 sionem
506 3255 520 3291 :
566 3239 818 3296 similiter
840 3253 892 3298 et
919 3245 986 3301 de
1007 3248 1221 3302 caeteris
1249 3249 1495 3323 ecclesiis
1519 3259 1705 3306 nostra
1727 3267 1854 3309 auc~

271 3325 494 3384 toritate
517 3327 571 3383 in
590 3329 856 3388 beneﬁcio
879 3333 1040 3391 datis.
1073 3335 1260 3392 Utrum
1282 3339 1520 3410 episcopi
1543 3341 1598 3396 in
1620 3343 1853 3399 circum-

268 3415 449 3471 eundo
503 3420 790 3487 parochias
844 3438 972 3479 suas
1027 3434 1254 3484 caeteras
1303 3430 1542 3487 minores
1594 3435 1856 3493 ecclesias

267 3515 518 3577 gravent,
555 3517 648 3563 aut
668 3512 865 3581 populo
904 3515 1057 3570 oneri
1105 3517 1233 3584 sint,
1262 3527 1319 3574 et
1359 3520 1406 3576 si
1435 3522 1504 3578 ab
1533 3523 1664 3595 ipsis
1694 3532 1790 3580 aut
1821 3541 1854 3582 a

266 3597 539 3689 ministris
562 3614 752 3689 eorum
811 3603 1051 3663 indebita
1075 3607 1289 3680 (exenia
1319 3610 1474 3684 [Λίδη
1503 3614 1748 3689 exsenia]
1773 3615 1792 3689 )
1822 3631 1854 3673 a

267 3686 606 3755 presbyteris
628 3691 933 3763 exigantur.
961 3695 1137 3752 Simili
1160 3701 1321 3756 modo
1347 3702 1414 3758 de
1441 3686 1746 3762 comitibus
1768 3686 1855 3763 in-

268 3774 491 3844 quirant
513 3817 528 3844 ,
559 3779 716 3848 quale
747 3786 984 3842 studium
1017 3788 1084 3844 de
1111 3804 1210 3844 suo
1237 3791 1475 3847 habeant
1522 3796 1850 3864 ministerio,

267 3872 330 3919 ut
359 3865 452 3936 qui
507 3867 646 3925 bene
697 3871 893 3927 exinde
939 3875 1068 3930 facit
1123 3895 1537 3951 cognoscamus.
1581 3883 1640 3939 Si
1693 3886 1854 3942 aliter

268 3953 404 4047 facit
433 3997 449 4023 ,
478 3965 534 4012 et
567 3959 671 4014 hoc
699 3975 859 4017 nosse
885 3965 1109 4022 omnino
1139 3968 1388 4025 volumus
1413 3989 1427 4036 ;
1466 3973 1520 4027 id
1545 3983 1649 4038 est,
1678 3977 1725 4030 si
1755 3992 1853 4047 po.

266 4045 430 4116 pulus
455 4062 554 4117 per
577 4063 733 4106 suam
754 4053 1137 4124 negligentiam
1174 4066 1230 4113 et
1261 4060 1522 4116 desidiam
1555 4045 1773 4132 justitia
1798 4076 1855 4124 et

266 4151 405 4230 pace
425 4149 626 4208 careat,
658 4153 754 4200 aut
799 4147 845 4203 si
881 4148 997 4218 ipse
1028 4152 1207 4208 sciens
1234 4161 1330 4208 aut
1375 4157 1626 4214 nesciens
1649 4160 1852 4230 aliquid

269 4225 471 4297 injuste
495 4231 698 4291 factum
728 4237 947 4294 habeat.
977 4240 1179 4298 Deinde
1196 4257 1326 4316 ergo
1355 4246 1546 4317 quales
1574 4225 1853 4308 ministros

269 4318 473 4377 habeat
491 4324 559 4380 ad
580 4326 877 4398 regendum
903 4331 1160 4401 populum
1182 4333 1268 4390 vel
1294 4335 1514 4404 missos,
1538 4347 1722 4395 utrum
1736 4339 1854 4410 jus-

267 4419 328 4468 te
350 4429 417 4469 an
447 4415 645 4486 injuste
671 4419 726 4475 in
756 4421 888 4491 ipsis
916 4424 1233 4483 ministeriis
1266 4439 1432 4500 agant
1463 4471 1480 4491 .
1512 4441 1608 4488 aut
1627 4448 1854 4492 consen-

1697 375 1848 432 E'Pts
1861 372 2075 433 l‘OLzE.

286 497 441 571 gulos
469 495 759 552 comitatus
782 493 872 565 qui
909 489 1161 549 meliores
1184 499 1240 548 et
1263 491 1569 548 veraciores
1593 496 1736 544 sunt.
1787 487 1856 542 Et
1882 491 1937 552 Α

3384 372 3526 432 I32!

2512 482 2839 544 EPISTOLA
2880 487 2968 541 IX.

1957 593 2212 635 EPISTOLA
2239 593 2491 634 CESABEA
2517 593 2891 634 GENERALITEB
2920 592 3122 635 POPULO
3146 592 3232 633 DEI
3259 591 3522 645 LECBNDA,

1960 669 2130 736 Quam
2160 669 2451 725 Ludovicus
2480 669 2916 742 Piusrifmperator
2933 686 2997 725 ex
3022 669 3212 740 placito
3238 668 3529 742 Aquiagra-

2029 742 2175 795 nensi
2201 742 2340 795 misit
2357 742 2422 796 de
2458 740 2690 795 conciliis
2711 741 3068 813 episcoporum
3107 742 3164 796 in
3183 740 3529 813 quatuor—im-

2025 813 2156 880 perii
2185 813 2420 882 partibus
2443 812 2840 883 congregandis.

2554 904 2727 978 (Anno
2774 904 2924 976 828.)

2373 996 2580 1070 [Baluz.
2615 996 2770 1064 ibid.,
2797 1013 2922 1069 pag.
2958 995 3105 1071 658.]

2028 1089 2086 1144 In
2120 1088 2338 1145 nomine
2388 1088 2604 1146 Domini
2649 1088 2746 1144 Dei
2775 1098 2830 1144 et
2851 1087 3147 1143 Salvatoris
3174 1087 3348 1142 nostri
3393 1086 3523 1144 Jesu

1957 1179 2180 1248 Christi,
2195 1181 2497 1238 Ludovicus
2508 1190 2564 1237 et
2577 1181 2881 1250 Lotbarius,
2895 1181 3076 1236 divina
3097 1180 3383 1236 ordinante
3399 1195 3528 1251 pro-

1956 1273 2216 1341 videntia,
2271 1275 2626 1345 imperatores
2648 1273 2920 1345 Augusti,
2975 1273 3224 1330 omnibus
3280 1273 3531 1332 ﬁdelibus

1956 1379 2158 1426 sanctae
2184 1369 2280 1424 Dei
2299 1369 2552 1425 Ecclesiae
2579 1377 2635 1424 et
2653 1369 2874 1425 nostris.

2027 1459 2321 1517 Recordari
2352 1476 2450 1517 vos
2478 1461 2749 1517 credimus
2772 1459 3002 1530 qualiter
3026 1461 3131 1517 hoc
3159 1476 3318 1526 anno,
3346 1461 3530 1518 consi-

1956 1555 2030 1612 lio
2059 1555 2399 1612 sacerdotum
2421 1564 2477 1611 et
2496 1555 2725 1610 aliorum
2746 1554 2986 1610 ﬁdelium
3015 1563 3344 1622 nostrorum,
3367 1569 3530 1626 gene-

1958 1649 2070 1704 rale
2088 1648 2351 1719 jejunium
2376 1662 2473 1719 per
2503 1655 2674 1702 totum
2706 1663 2931 1719 regnum
2963 1655 3208 1704 nostrum
3250 1648 3532 1705 celebrare

1952 1740 2237 1813 jussimus.
2266 1741 2543 1812 Deumque
2573 1747 2688 1795 tota
2719 1740 3004 1796 devotione
3028 1741 3321 1813 deposcere
3344 1750 3405 1798 ut
3428 1755 3530 1798 no-

1881 1854 1931 1916 B
1956 1832 2042 1888 bis
2087 1832 2392 1902 propitiari,
2421 1840 2476 1888 et
2508 1831 2564 1887 in
2591 1833 2787 1902 quibus
2808 1832 2958 1886 illum
2987 1833 3221 1888 maxime
3248 1833 3536 1890 offenderi-

1956 1939 2078 1979 mus
2098 1924 2254 1979 nobis
2279 1922 2645 1988 manifestare,
2672 1932 2729 1979 et
2763 1923 2830 1978 ad
2854 1925 3248 1980 correctionem
3289 1935 3536 1982 nostram

1954 2015 2320 2071 necessariam
2367 2015 2720 2086 tranquillum
2747 2025 2959 2087 tempus
2982 2017 3138 2074 nobis
3167 2019 3410 2075 tribuere
3453 2019 3534 2076 di-

1955 2098 2233 2180 gnaretur.
2281 2107 2640 2166 Volueramus
2683 2111 2948 2182 siquidem
2996 2121 3240 2184 tempore
3294 2131 3536 2188 congruo

1953 2200 2209 2272 placitum
2239 2208 2485 2256 nostrum
2512 2201 2765 2273 generale
2788 2203 3012 2269 habere,
3034 2212 3090 2259 et
3123 2205 3179 2260 in
3205 2220 3272 2260 eo
3296 2206 3362 2262 de
3390 2222 3540 2262 com-

1954 2294 2104 2348 muni
2131 2294 2468 2349 correctione
2488 2307 2680 2364 agere;
2714 2300 2772 2349 et
2791 2294 2867 2349 ita
2887 2295 2999 2350 Deo
3021 2295 3316 2352 miserante
3358 2296 3538 2365 ﬁeret,

1954 2385 2061 2440 nisi
2087 2386 2378 2440 commotio
2399 2386 2764 2454 inimicorum,
2789 2386 2930 2442 sicut
2949 2387 3139 2452 nostis,
3161 2387 3538 2459 praapedisset.

1957 2476 2064 2533 Sed
2079 2478 2205 2548 quia
2225 2484 2358 2532 tunc
2388 2477 2506 2532 fieri
2535 2493 2642 2533 non
2669 2479 2845 2548 potuit
2862 2480 3019 2550 juxta
3046 2480 3381 2537 voluntatem
3407 2495 3538 2537 nos-
3627 2548 3629 2551 ι

1953 2576 2116 2636 tram,
2152 2571 2330 2626 visum
2385 2571 2541 2627 nobis
2568 2569 2671 2626 fuit
2692 2586 2932 2643 praesens
2983 2573 3243 2643 placitum
3285 2588 3411 2630 cum
3439 2573 3539 2630 ali-

1955 2663 2149 2734 quibus
2179 2679 2247 2719 ex
2294 2663 2543 2720 ﬁdelibus
2586 2666 2787 2721 nostris
2817 2665 3038 2733 habere,
3066 2674 3122 2720 et
3159 2667 3216 2721 in
3256 2680 3325 2722 eo
3356 2666 3423 2722 de
3450 2666 3540 2724 his

1955 2771 2076 2826 qua:
2102 2767 2321 2828 propter
2339 2757 2657 2828 praedictum
2683 2758 3125 2828 impedimentum
3139 2766 3540 2828 remanserunt,

1956 2843 2188 2919 qualiter
2213 2850 2280 2905 ad
2304 2849 2554 2906 effectum
2585 2851 2952 2923 pervenirent,
2991 2851 3222 2907 Domino
3252 2851 3542 2923 adjuvante

1955 2943 2322 2998 considerare.
2364 2941 2706 3014 Quapropter
2758 2958 2918 2999 nosse
2968 2944 3215 3000 volumus
3263 2943 3541 3018 solertiam

1955 3042 2196 3090 vestram
2243 3035 2386 3104 quod
2413 3035 2467 3090 in
2506 3034 2610 3090 isto
2635 3037 2889 3106 praesenti
2915 3036 3116 3108 placito
3141 3052 3265 3093 cum
3295 3036 3542 3093 ﬁdelibus

1955 3127 2160 3183 nostris
2187 3128 2650 3184 consideravimus
2689 3137 2750 3182 ut
2781 3129 2958 3198 primo
2981 3129 3226 3183 omnium
3273 3127 3532 3196 archiepi

1879 3217 1925 3282 C
1957 3217 2106 3287 scopi
2145 3233 2269 3272 cum
2299 3217 2412 3273 suis
2452 3217 2809 3290 suffraganeis
2839 3218 2895 3272 in
2933 3218 3066 3274 locis
3114 3219 3370 3290 congruis
3407 3227 3532 3275 tem-

1956 3322 2089 3379 pore
2117 3318 2423 3378 opportuno
2467 3308 2822 3364 convenirent
2865 3307 2917 3374 δ,
2961 3316 3018 3363 et
3061 3308 3136 3364 ibi
3185 3318 3296 3364 tam
3330 3309 3396 3366 de
3447 3324 3543 3366 sua

1956 3415 2123 3471 quam
2163 3401 2230 3456 de
2281 3401 2525 3456 omnium
2568 3409 2817 3456 nostrum
2842 3401 3181 3457 correctione
3207 3411 3262 3457 et
3287 3402 3537 3458 emenda.

1957 3494 2104 3549 tione
2127 3494 2424 3550 secundum
2447 3493 2686 3550 divinam
2722 3495 3107 3550 auctoritatem
3136 3493 3429 3564 quaerendo
3461 3493 3533 3550 in-
3580 3548 3591 3556 ,

1958 3586 2222 3649 venirent,
2250 3593 2307 3640 et
2343 3586 2500 3642 nobis
2527 3595 2690 3658 atque
2721 3585 2968 3643 ﬁdelibus
3017 3586 3220 3642 nostris
3245 3586 3543 3643 secundum

1954 3680 2316 3737 ministerium
2367 3680 2470 3736 sibi
2531 3681 2882 3737 commissum
2939 3681 3347 3736 annuntiarent.
3413 3679 3546 3750 Quis

1956 3773 2101 3828 enim
2126 3788 2232 3827 non
2260 3773 2461 3827 sentiat
2491 3773 2659 3829 Deum
2693 3773 2896 3828 nostris
2937 3773 3277 3843 pravissimis
3331 3773 3544 3833 actibus

1955 3877 2076 3918 esse
2103 3862 2386 3929 oﬁ‘ensum,
2435 3871 2491 3918 et
2537 3864 2606 3919 ad
2636 3863 2970 3918 iracundiam
3003 3872 3378 3935 provocatum,
3415 3879 3544 3923 cum

1954 3951 2139 4007 videat
2163 3961 2244 4006 tot
2285 3952 2442 4008 annis
2495 3951 2806 4008 multifariis
2853 3952 3078 4026 ﬂagellis
3103 3954 3241 4010 iram
3297 3954 3442 4012 illius
3485 3956 3544 4015 in

1955 4057 2124 4115 regno
2151 4043 2310 4100 nobis
2335 4045 2404 4100 ab
2442 4058 2508 4100 eo
2544 4044 2835 4102 commisso
2879 4045 3158 4113 desaavire,
3209 4046 3459 4104 videlicet
3484 4048 3542 4109 in

1955 4133 2100 4192 fame
2144 4137 2419 4203 continua,
2469 4137 2525 4193 in
2553 4137 2883 4194 mortalitate
2923 4139 3256 4208 animalium,
3290 4142 3346 4198 in
3375 4145 3544 4214 pesti-
3641 4146 3644 4150 ’

1955 4227 2123 4284 lentia
2153 4229 2456 4296 hominum,
2485 4230 2541 4285 in
2564 4222 2849 4286 sterilitate
2876 4246 3014 4302 pene
3032 4233 3274 4289 omnium
3303 4233 3539 4307 frugum,

1954 4329 2011 4376 et
2042 4330 2104 4376 ut
2131 4321 2208 4376 ita
2259 4321 2507 4385 dixerim,
2543 4321 2929 4378 diversissimis
2955 4325 3268 4381 morborum
3294 4325 3542 4385 cladibus

1959 4423 1981 4454 ο
2007 4423 2171 4484 atque
2194 4413 2506 4485 ingentibus
2524 4414 2765 4484 penuriis
2793 4415 3047 4487 populum
3080 4417 3237 4473 istius
3260 4419 3409 4490 regni
3438 4419 3543 4476 mi-

267 4507 442 4568 tiente
495 4513 580 4568 vel
607 4515 910 4589 negligente
931 4521 1128 4577 comite
1148 4537 1178 4576 a
1200 4525 1430 4582 veritate
1455 4534 1513 4582 et
1529 4528 1743 4599 justitia
1765 4531 1858 4586 dc-
1880 4576 1933 4599 η
1958 4503 2263 4599 EmPi'i‘“
2306 4512 2562 4599 “mu”?
2596 4514 2651 4560 θί
2688 4503 2963 4599 animum}
3001 4515 3165 4599 “que
3193 4509 3339 4599 ⁰¹¹ἶ¹ῗί
3370 4509 3542 4567 ³δ¹¹¹¹’

267 4599 496 4692 clinent.
528 4603 658 4673 Qua:
677 4576 970 4679 personae,
1000 4612 1086 4668 vel
1111 4576 1184 4670 de
1880 4576 1936 4638 Β
1959 4595 2142 4692 dimi“
2396 4595 2645 4692 q"°dam_
2677 4595 3240 4692 m°d°_e‘_i_nani"{m?
3268 4598 3380 4658 Nec
3408 4601 3541 4661 illud

265 4690 408 4749 biles
437 4695 506 4751 ad
542 4700 888 4768 praesentiam
921 4711 1164 4760 nostram
1205 4706 1390 4764 venire
1437 4709 1673 4765 debeant
1698 4751 1716 4778 ,
1743 4690 1854 4767 dis-

267 4786 604 4843 cernendum
628 4800 732 4846 est.
764 4791 1016 4866 Exceptis
1041 4796 1329 4869 episcopis,
1355 4798 1660 4867 abbatibus,
1685 4802 1853 4859 comi-

269 4875 421 4932 tibus
443 4915 461 4942 ,
489 4879 582 4948 qui
611 4881 678 4936 ad
702 4882 900 4953 placita
931 4895 1118 4944 nostra
1146 4904 1360 4961 semper
1401 4892 1589 4948 venire
1637 4893 1852 4963 debent,

271 4967 366 5024 isti
407 4969 646 5040 venient,
697 4973 742 5029 si
781 4975 837 5031 in
887 4977 1083 5034 talibus
1123 4979 1296 5052 culpis
1336 4989 1393 5038 et
1420 4983 1734 5042 criminibus
1762 4985 1854 5043 de-

270 5058 527 5132 prehensi
554 5061 757 5122 fuerint
780 5067 969 5140 quales
996 5069 1226 5130 inferius
1247 5071 1518 5130 adnotatas
1545 5081 1695 5153 sunt.

349 5502 379 5532 ι
407 5489 568 5547 Deest
589 5504 645 5546 in
666 5489 854 5548 codice
867 5502 974 5546 ms.

348 5558 381 5600 δ
407 5558 545 5632 [ξαρ
562 5560 800 5632 Erotar.,
829 5559 972 5616 Tull.
1008 5559 1213 5632 Episc.,
1239 5560 1326 5618 18.

349 5639 376 5669 ε
407 5628 518 5705 Has
545 5630 760 5705 clades,
789 5645 947 5705 «quas
980 5628 1293 5705 alb—aliquot
1309 5633 1469 5705 annis
1511 5634 1856 5705 patiebantur

275 5697 497 5766 Franci,
529 5701 772 5757 diabolus
793 5697 895 5756 hoc
920 5702 1038 5766 ipso
1059 5697 1202 5756 anno
1231 5700 1335 5758 828
1359 5703 1502 5759 inter
1512 5697 1856 5762 exorcismos

276 5783 379 5842 per
421 5785 484 5826 os
535 5769 812 5842 cujusdam
835 5769 1026 5842 puellae
1063 5772 1299 5828 obsessa:
1343 5774 1664 5842 declaravit;
1689 5786 1750 5832 ut
1774 5778 1857 5833 vi-

281 5839 412 5898 dere
431 5850 514 5898 est
538 5839 678 5913 apud
697 5839 1066 5912 Eginhardum
1088 5843 1142 5898 in
1165 5841 1262 5901 lib.
1293 5859 1355 5901 Ill
1383 5844 1452 5902 de
1481 5839 1853 5907 Translatione

566 5936 838 5998 Ρηιιοι..
882 5934 1020 6004 CIV;

1955 4687 2122 4744 etiam
2161 4686 2469 4743 dubitamus
2515 4701 2582 4743 ex
2626 4688 2774 4759 justa
2814 4689 3056 4746 vindicta
3104 4689 3250 4748 illius
3298 4694 3538 4764 evenire,

1955 4781 2102 4852 quod
2124 4796 2268 4852 saepe
2303 4781 2556 4838 scandala
2604 4798 2704 4854 per
2732 4791 2994 4855 tyrannos
3024 4785 3080 4853 in
3112 4785 3219 4842 hoc
3247 4802 3415 4861 regno
3442 4805 3539 4848 ex.

1957 4885 2206 4949 surgunt,
2261 4875 2352 4946 qui
2400 4890 2592 4946 pacem
2621 4875 2802 4947 populi
2855 4874 3151 4933 Christiani
3193 4885 3250 4934 et
3272 4881 3538 4941 unitatem

1958 4965 2171 5036 imperii
2193 4981 2288 5021 sua
2317 4966 2587 5036 pravitate
2606 4966 2854 5022 nituntur
2873 4967 3138 5023 scindere.
3162 4967 3298 5026 Nam
3322 4982 3379 5029 et
3407 4973 3540 5033 illud

1955 5057 2311 5112 nihilominus
2335 5055 2576 5125 peccatis
2602 5057 2805 5112 nostris
2833 5057 3204 5128 deputandum
3229 5070 3315 5119 est
3343 5104 3358 5132 ,
3391 5066 3540 5137 quod

1955 5144 1985 5186 ἀ
2009 5144 2218 5201 inimici
2249 5144 2452 5202 Christi
2472 5147 2708 5204 nominis
2745 5149 3026 5220 praeterito
3075 5165 3220 5208 anno
3244 5151 3301 5210 iu
3330 5154 3435 5213 hoc
3453 5171 3542 5217 rc-

1958 5253 2122 5309 guum
2149 5238 2382 5311 ingressi
2402 5239 2851 5312 depraedationes,
2879 5241 3130 5300 incendia
3163 5245 3538 5322 ecclesiarum,

1958 5339 2015 5389 et
2067 5333 2458 5404 captivationes
2509 5332 2944 5394 Christianorum
2968 5377 2987 5408 ,
3023 5347 3081 5397 et
3129 5340 3540 5407 interfectiones

1962 5487 2072 5574 ξε..
2096 5489 2478 5574 marcelliui'e‘t
2504 5491 2651 5550 Petri
2687 5501 3008 5567 martyrum,
3041 5511 3164 5570 cap.
3197 5499 3286 5558 i3.
3306 5499 3542 5574 '(Patro-

1963 5559 2267 5637 (agitatam.
2293 5560 2473 5637 CI‘V.)

2028 5630 2056 5670 δ
2090 5630 2206 5710 His_
2230 5632 2411 5710 verbis
2451 5630 2815 5710 designantur
2868 5645 2979 5710 tam
3014 5636 3293 5710 Saraceni,
3343 5639 3540 5710 quibus

1955 5701 2090 5784 éizo
2113 5718 2173 5758 se
2186 5701 2368 5784 junxit
2395 5703 2450 5784 in
2468 5701 2647 5760 Marca
2671 5705 2982 5784 Hispania,
3004 5723 3169 5779 quam
3188 5701 3427 5784 Bulgari,
3443 5712 3539 5783 qui

1955 5772 2289 5831 Pannoniam
2320 5783 2600 5834 vastarunt
2621 5772 2914 5835 anno‘827.

3023 5940 3101 6002 1&2
