4050 6340
264 331 420 388 1525

1687 328 2071 391 EPISTOLE.

3401 343 3543 402 1536

259 451 526 511 renitatis
558 456 752 505 vestrm
777 423 918 503 annb
951 444 1227 518 praeterito
1262 453 1485 503 cunctos
1507 445 1855 504 ecclesiarum
1885 451 1929 511 Α
1961 461 2304 520 nequaquam
2333 454 2515 506 tamen
2542 447 2662 506 haec
2706 465 2827 521 qua:
2861 450 3180 525 specialiter'
3202 455 3270 512 ad
3297 466 3540 518 vestram

258 556 524 622 pastores
551 543 926 606 admonuistis,
957 551 1016 596 ut
1041 541 1168 612 quia
1207 541 1493 596 constabat
1531 556 1626 597 eos
1664 555 1858 612 specu-

1962 557 2250 612 personam
2305 543 2773 615 ministeriumque
2825 548 3097 613 pertinere
3158 551 3544 619 cognovimus,

260 643 478 699 latores
511 641 722 697 Domini
761 639 1020 703 existere,
1060 646 1115 692 et
1141 637 1376 708 gladium
1407 637 1648 692 divinum
1694 652 1861 707 super
1959 633 2218 689 oblivioni
2258 635 2581 692 tradidimus
2608 650 2624 690 :
2647 637 2738 692 sed
2766 637 2948 706 potius
2981 648 3175 695 vestra:
3212 641 3369 697 saluti
3411 659 3541 715 pro-

258 744 498 802 terram,
529 735 582 789 id
609 742 696 789 est
729 749 890 803 super
914 742 1250 802 peccatores,
1291 731 1550 804 grassari,
1595 732 1859 787 memine-

259 829 382 886 rint
407 826 792 898 speculationis
810 840 919 880 suae
936 833 991 879 ct
1011 822 1217 893 jejunio
1245 825 1496 879 triduano
1514 824 1582 878 ab
1607 823 1858 882 omnibus

258 921 600 993 generaliter
628 929 870 991 peracto,
901 919 1276 988 unusquisque
1311 919 1363 972 in
1399 918 1639 989 quolibet
1666 919 1856 975 ordine

258 1013 502 1086 positus,
530 1011 818 1082 diligenter
841 1009 1226 1066 conscientiam
1255 1025 1409 1064 suam
1437 1011 1771 1077 conveniret,
1799 1019 1856 1067 et

259 1106 360 1162 ubi
398 1120 458 1160 se
495 1103 663 1159 Deum
695 1102 986 1158 offendisse
1032 1101 1394 1172 cognoscebat
1437 1111 1709 1157 maturato
1753 1119 1854 1173 per

258 1199 602 1273 poenitentiae
646 1196 1067 1252 satisfactionem
1105 1195 1379 1265 corrigere
1431 1211 1538 1249 non
1586 1194 1847 1250 differret.

259 1290 322 1347 In
348 1290 549 1362 quibus
593 1291 760 1344 etiam
786 1288 1029 1359 apicibus
1061 1288 1301 1342 inserere
1343 1287 1496 1342 vobis
1536 1287 1741 1357 placuit
1767 1295 1846 1354 ut,

258 1385 310 1442 si
349 1385 494 1440 Deus
535 1398 727 1454 pacem
755 1384 991 1453 undique
1017 1391 1072 1437 ct
1095 1383 1264 1437 otium
1291 1383 1444 1437 vobis
1479 1382 1763 1447 tribueret,
1793 1383 1847 1438 in

259 1481 370 1532 hoc
393 1475 650 1546 placitum
663 1483 901 1529 vestrum
925 1473 1176 1545 generale
1188 1488 1508 1528 consumere
1521 1473 1843 1540 voluissetis,

259 1575 326 1622 ut
350 1567 585 1638 primum
613 1565 873 1635 quidquid
901 1566 954 1620 in
993 1567 1169 1631 vobis,
1222 1567 1276 1621 id
1307 1575 1393 1622 est
1439 1583 1494 1621 tn
1530 1582 1760 1636 persona
1790 1574 1846 1623 et

258 1662 568 1720 ministerio
586 1669 790 1727 vestro,
821 1663 1202 1734 corrigendum
1229 1663 1584 1729 inveniretur,
1615 1663 1843 1718 Domino

255 1754 558 1810 auxiliante
586 1754 960 1826 corrigeretis.
985 1755 1188 1809 Deinde
1216 1770 1548 1824 quaecunque
1577 1756 1632 1809 in
1662 1756 1840 1810 omni-

1959 729 2284 799 spicientes,
2317 730 2573 785 nonnulla
2603 731 2840 800 capitula
2878 734 3184 789 necessaria
3215 735 3269 790 in
3299 739 3540 794 secundo

1959 820 2117 890 hujus
2145 823 2324 893 operis
2354 822 2555 888 libello,
2587 822 2653 877 ad
2699 839 2894 879 nomen
2926 825 3393 900 ministeriumque
3415 846 3537 888 ves-

1957 923 2098 970 trum
2145 917 2502 987 pertinentia,
2545 918 2952 988 periculumque
2985 923 3318 990 cavendum,
3350 925 3538 985 solerti

1952 1011 2133 1066 studio
2177 1013 2565 1082 congessimus,
2607 1022 2663 1068 et
2712 1013 2864 1069 vobis
2913 1012 3256 1071 familiariter
3293 1019 3540 1078 admoni-

1955 1103 2117 1158 tionis
2145 1103 2317 1175 gratia
2345 1105 2677 1176 porrigenda
2715 1105 3046 1171 devovimus,
3075 1114 3136 1160 ut
3160 1122 3224 1162 ea
3252 1107 3540 1180 diligenter

1951 1196 2286 1266 aspicienda,
2322 1195 2548 1267 legendo
2595 1203 2651 1251 et
2683 1194 2970 1262 audiendo,
3012 1205 3197 1266 aperte
3236 1208 3398 1270 atque
3424 1203 3539 1260 dis-

1952 1295 2118 1350 tincte
2169 1303 2351 1350 vestra
2377 1303 2672 1367 cognoscat
2714 1295 2995 1359 celsitudo,
3027 1293 3096 1349 de
3125 1293 3322 1365 quibus
3345 1303 3402 1350 et
3426 1309 3528 1365 pro

1949 1390 2144 1459 quibus
2171 1389 2225 1444 in
2251 1389 2566 1444 memoratis
2597 1390 2951 1446 conventibus
2985 1390 3210 1455 nostris,
3239 1391 3533 1445 secundum

1946 1482 2148 1536 virium
2179 1490 2490 1538 nostrarum
2515 1481 2928 1552 possibilitatem
2960 1481 3192 1537 fideliter
3211 1481 3534 1536 salubriter-

1947 1587 2052 1642 que
2099 1572 2386 1644 egerimus.
2433 1571 2647 1628 Abhinc
2687 1580 2988 1644 sequuntur
3029 1574 3276 1642 quaedam
3313 1588 3434 1642 qua:
3467 1587 3536 1628 ex

1945 1665 2199 1732 capitulis
2219 1674 2516 1721 conventus
2542 1666 2715 1721 nostri
2737 1665 2973 1721 breviter
2997 1664 3386 1734 decerpsimus,
3414 1678 3536 1734 qua

1945 1757 2012 1810 ad
2043 1765 2287 1810 nostram
2321 1763 2377 1811 et
2396 1755 2632 1812 fidelium
2654 1766 2963 1811 vestrorum
2994 1755 3253 1811 laieorum
3277 1753 3536 1810 observa-

253 1845 362 1902 hus
389 1846 672 1902 ordinibus
706 1846 917 1917 imperii
947 1847 1111 1901 vestri
1152 1847 1264 1901 Deo
1289 1847 1637 1918 displicerent
1666 1848 1844 1919 inqui-
1869 1841 1918 1902 Β
1948 1847 2150 1903 tionem
2183 1857 2237 1902 et
2275 1847 2506 1903 salutem
2537 1848 2866 1918 pertinentia
2884 1889 2900 1914 ,
2930 1847 3234 1903 necessaria
3264 1861 3387 1902 esse
3409 1861 3534 1916 per-

252 1939 474 2004 reretis,
507 1946 563 1994 et
589 1940 884 1994 secundum
917 1937 1036 2008 ejus
1060 1939 1396 1995 voluntatem
1415 1955 1538 1994 cum
1573 1955 1843 1995 consensu

254 2031 498 2088 fidelium
524 2043 830 2088 vestrorum
852 2035 920 2088 ad
950 2034 1225 2089 tramitem
1257 2034 1598 2089 rectitudinis
1620 2049 1845 2089 revoca-

253 2124 424 2189 retis;
465 2123 672 2179 scilicet
721 2133 782 2178 ιιι
805 2139 929 2179 eum
977 2125 1128 2179 vobis
1156 2125 1460 2195 populoque
1501 2125 1656 2180 vobis
1687 2140 1842 2181 com-

256 2216 428 2272 misso
451 2216 742 2286 propitium
760 2214 1034 2270 faceretis.
1061 2216 1167 2271 Sed
1188 2217 1315 2285 quia
1337 2226 1551 2286 tempus
1570 2224 1836 2286 optatum,

250 2310 617 2366 exterioribus
634 2309 1034 2365 incursionibus
1049 2310 1523 2380 prmpedientibus,
1543 2311 1841 2366 secundum

251 2403 578 2462 desiderium
607 2415 846 2459 vestrum
875 2405 1016 2458 nacti
1044 2419 1148 2457 non
1179 2404 1334 2466 estis,
1368 2403 1523 2459 libuit
1557 2405 1842 2461 serenitati

252 2504 446 2550 vestrae
492 2509 615 2552 cum
666 2495 990 2565 quibusdam
1024 2493 1271 2549 ﬁdelibus
1312 2495 1509 2550 vestris
1563 2497 1840 2565 praeterita

251 2590 431 2647 hieme
451 2589 710 2659 placitum
738 2589 962 2655 habere,
985 2596 1039 2642 et
1071 2588 1137 2643 de
1166 2587 1251 2641 his
1273 2603 1392 2657 qua:
1413 2589 1688 2656 praemissa
1713 2595 1841 2644 sunt

252 2683 542 2754 diligenter
582 2689 838 2746 tractare,
872 2680 1076 2749 Deique
1111 2679 1446 2734 voluntatem
1483 2695 1747 2748 quaerere,
1783 2687 1841 2737 et

252 2771 508 2830 Ecclesiae
536 2774 689 2828 vobis
720 2774 1022 2827 commissa:
1049 2772 1336 2826 utilitatem
1356 2772 1662 2840 providere.
1692 2773 1838 2838 Qua-

251 2876 472 2939 propter
497 2867 563 2922 de
588 2865 838 2920 omnibus
863 2879 979 2934 qua?
1009 2864 1076 2917 ad
1115 2873 1326 2933 tempus
1355 2863 1731 2934 etiiendatione
1756 2863 1838 2918 di-

251 2972 352 3029 gna
385 2958 495 3012 visa
539 2965 680 3020 sunt,
714 2970 953 3026 congrua
983 2953 1220 3024 capitula
1254 2953 1522 3008 serenitas
1551 2961 1732 3007 vestra
1762 2951 1836 3007 die

251 3050 438 3120 gessit,
470 3047 781 3118 legatosque
808 3056 1059 3101 strenuos
1086 3045 1374 3116 delegavit,
1413 3053 1472 3098 ut
1509 3060 1607 3115 per
1643 3045 1836 3100 eadem

252 3138 486 3209 capitula
516 3147 572 3192 et
603 3138 801 3209 flagitia
840 3138 1108 3192 malorum
1149 3137 1429 3191 hominum
1462 3138 1739 3207 punirent,
1781 3145 1836 3190 et

1943 1939 2241 2010 speximus.
2274 1940 2478 1995 Dehinc
2522 1949 2827 2011 sequuntur
2851 1940 2954 1994 alia
2981 1955 3101 2010 qua:
3125 1948 3322 1994 vestra:
3343 1936 3533 2008 pietati

1942 2032 2280 2106 depascenda
2308 2032 2466 2090 valde
2491 2033 2727 2089 salubria
2757 2049 2878 2090 esse
2897 2032 3280 2103 judicavimus.

2501 2145 2834 2202 EPISTOLA
2872 2144 2962 2200 XI.

2012 2231 2260 2273 LUDOVICI
2297 2233 2366 2273 AD
2393 2234 2661 2274 ALDRICUH
2693 2233 2986 2274 EPISCOPUI
3014 2231 3455 2274 (ΞΕΝΟΙΔΝΕΝΞΙ.

2085 2318 2165 2373 De
2185 2319 2499 2391 quibusdam
2529 2321 2682 2375 rebus
2713 2321 2962 2376 alienatis
2993 2321 3108 2391 ejus
3135 2319 3386 2376 sederim.

2547 2414 2723 2486 (Αηηο
2767 2414 2918 2486 855.)

2192 2502 2423 2576 [Baluz.,
2454 2504 2548 2559 lib.
2587 2521 2647 2560 ιιι
2679 2504 2901 2559 Misce“.
2924 2545 2938 2570 ,
2980 2518 3103 2575 pag.
3132 2501 3280 2576 165.]

2010 2595 2068 2652 in
2101 2598 2318 2653 nomine
2359 2598 2569 2653 Domini
2602 2599 2694 2654 Dei
2735 2606 2790 2652 et
2831 2597 3134 2653 Salvatoris
3181 2596 3354 2652 nostri
3399 2592 3530 2653 Iesu

1939 2689 2165 2756 Christi,
2205 2689 2528 2758 Ludovicus,
2578 2692 2756 2747 divina
2784 2691 3173 2761 repropitiante
3215 2689 3526 2753 clementia,

1939 2794 2234 2864 imperator
2272 2795 2566 2865 Augustus,
2613 2793 2833 2849 Aldrico
2876 2791 3174 2849 venerabili
3195 2793 3450 2863 episcopo
3475 2795 3531 2847 et

1940 2885 2082 2941 ﬁdeli
2113 2894 2298 2941 nostro
2329 2887 2576 2941 salutem.
3423 2891 3428 2895 '

2009 2977 2231 3035 Noverit
2275 2988 2363 3034 tua
2416 2978 2692 3034 industria‘
2726 2977 2853 3049 quia
2885 2977 3084 3034 missus
3128 2984 3250 3033 tuus
3280 2983 3528 3032 nostram

1938 3072 2072 3127 adiit
2109 3071 2448 3142 pnescntiam
2500 3071 2844 3126 innotescens
2872 3070 3015 3140 quod
3058 3069 3276 3140 quidam
3310 3055 3531 3126 vassalli

1941 3165 2131 3230 nostri,
2159 3162 2564 3228 thrmundus,
2597 3161 2911 3226 Vulfardus,
2945 3161 3278 3225 Bercliadus,
3303 3161 3450 3215 Bodo
3475 3166 3532 3217 et

250 3230 515 3286 bonorum
545 3229 756 3324 laudem
789 3239 984 3324 vestrm
1010 3230 1319 3324 celsitudini
1348 3237 1709 3324 notescerent.
1750 3228 1836 3324 In:
1861 3206 1914 3272 δ
2154 3206 2302 3319 ἔηής,
2332 3206 2593 3309 beneﬁgi’a
2622 3269 2690 3309 ex
2726 3206 2818 3309 ῐυο
2843 3206 3119 3324 ρςίθοορίο
3149 3206 3370 3319 habém’
3409 3253 3532 3324 qua

252 3331 333 3378 ter
353 3339 472 3392 qua:
502 3322 666 3377 etiam
690 3321 979 3385 statuistis,
1010 3319 1063 3373 in
1090 3329 1322 3390 quatuor
1348 3320 1593 3390 partibus
1622 3319 1834 3390 imperii

248 3418 414 3472 vestri
444 3424 744 3471 conventus
786 3414 1167 3484 episcoporum
1211 3429 1319 3468 uno
1348 3414 1649 3482 eodemque
1699 3423 1837 3467 tem‘

245 3525 378 3584 pore
412 3510 549 3574 fieri,
589 3510 640 3563 in
671 3509 869 3578 quibus
919 3504 1231 3572 tractarent,
1281 3517 1622 3578 quaererent,
1673 3517 1837 3576 atque

247 3615 370 3657 eum
398 3599 490 3654 Dei
517 3598 786 3667 adjutorio
811 3599 1118 3653 invenirent
1137 3599 1202 3652 de
1227 3598 1409 3654 causis
1427 3598 1496 3652 ad
1519 3597 1834 3668 religionem

249 3691 635 3757 Christianam,
681 3707 978 3763 eorumque
1021 3707 1208 3748 curam
1249 3691 1670 3762 pertinentibus,
1703 3690 1834 3760 quid

249 3800 280 3841 ε
315 3784 650 3856 principibus
686 3793 743 3837 et
783 3785 989 3852 reliquo
1037 3785 1236 3854 populo
1269 3785 1353 3839 vel
1397 3785 1504 3849 ita,
1561 3794 1620 3837 ut
1648 3783 1834 3837 divina

250 3877 541 3933 auctoritas
562 3875 739 3938 docet,
769 3884 859 3927 aut
889 3875 1047 3926 aliter
1077 3883 1351 3928 teneretur
1383 3891 1397 3927 :
1430 3873 1515 3927 vel
1541 3874 1669 3943 quid
1700 3872 1828 3926 inde

247 3983 310 4024 ex
325 3978 498 4038 parte,
527 3976 621 4022 aut
649 3981 713 4020 ex
732 3973 844 4020 toto
857 3964 1139 4019 dimissum
1165 3973 1328 4027 esset,
1357 3972 1417 4017 ut
1441 3981 1545 4018 non
1563 3974 1830 4018 teneatur.

249 4061 448 4116 Deinde
478 4061 607 4130 quid
639 4061 693 4114 in
722 4059 989 4129 ipsorum,
1023 4058 1112 4128 qui
1147 4067 1394 4126 pastores
1417 4058 1597 4127 populi
1628 4057 1832 4112 consti-

250 4154 346 4206 tuti
373 4161 518 4217 sunt,
547 4151 812 4215 moribus,
843 4149 1255 4205 cmversatione
1279 4158 1334 4204 et
1355 4150 1566 4204 actibus
1597 4149 1829 4224 inveniri

247 4255 448 4316 posset,
505 4246 648 4314 quod
698 4245 892 4298 divinae
920 4243 1118 4314 rcguhe
1163 4251 1325 4312 atque
1374 4242 1682 4297 auctoritati
1722 4257 1830 4296 non

247 4334 596 4391 concordaret
627 4352 639 4388 :
674 4335 942 4404 simulque
973 4335 1328 4400 inveniretur,
1359 4350 1479 4404 qua:
1513 4334 1831 4388 occasiones

247 4427 299 4482 in
346 4435 575 4497 utroque
603 4426 792 4481 ordine
834 4426 886 4480 id
919 4426 1230 4491 effecerint,
1263 4435 1323 4480 ut
1356 4442 1386 4479 a
1432 4434 1579 4480 recto
1611 4425 1846 4480 tramite—

247 4519 590 4586 deviassent;
639 4527 694 4573 et
736 4519 994 4588 quidquid
1044 4519 1110 4572 de
1151 4520 1236 4573 his
1279 4520 1556 4573 inventum
1611 4517 1823 4583 fuisset,

245 4621 436 4668 veStra:
461 4614 768 4669 celsitudini
819 4623 1006 4668 notum
1056 4600 1316 4669 facerent.
1373 4614 1558 4681 Quod,
1601 4621 1659 4669 ut
1688 4616 1830 4670 Deus

245 4715 402 4776 posse
447 4706 626 4768 dedit,
676 4720 773 4760 nos
813 4703 1114 4760 fidelissimi
1163 4721 1226 4762 ac
1256 4707 1585 4762 devotissimi
1640 4709 1832 4765 salutis

244 4807 435 4851 vestrae
460 4808 861 4866 procuratores,
881 4797 1035 4867 juxta
1059 4799 1383 4868 parvitatem
1415 4813 1607 4853 sensus
1633 4799 1828 4867 nostri,

245 4903 403 4963 prout
425 4893 661 4948 brevitas
684 4893 942 4963 temporis
971 4894 1234 4963 permisit,
1260 4895 1553 4950 secundum
1581 4907 1828 4956 sanctam

247 4986 583 5041 devotionem
614 4995 668 5040 et
704 4985 1099 5040 ordinationem
1129 4997 1396 5053 vestram,
1445 4989 1511 5044 de
1539 4992 1720 5046 causis
1759 4992 1834 5048 ad

243 5079 557 5152 religionem
586 5080 950 5136 Christianam
980 5090 1335 5153 nostrumque
1363 5083 1717 5140 ministerium
1744 5098 1829 5141 at-

246 5189 346 5244 que
384 5173 683 5244 periculum
711 5174 1127 5244 pertinentibus,
1159 5190 1260 5230 nec
1285 5189 1388 5229 non
1416 5184 1471 5230 et
1505 5177 1570 5232 de
1599 5177 1684 5232 his
1705 5192 1836 5248 quo

247 5266 311 5320 ad
350 5275 592 5320 nostram
645 5265 1040 5321 correctionem
1077 5276 1134 5322 et
1173 5267 1606 5324 emendationem
1659 5270 1830 5339 perti-

245 5373 372 5414 nere
396 5359 797 5430 perspeximus,
841 5361 954 5416 sive
981 5360 1048 5416 de
1089 5361 1176 5417 his
1204 5377 1323 5430 qua:
1352 5362 1562 5432 populis
1592 5378 1823 5434 genera-

244 5450 366 5508 liter
408 5453 780 5507 annuntianda
807 5461 864 5508 et
896 5453 1233 5508 admouenda
1270 5454 1636 5524 praevidimus,
1677 5455 1838 5527 capi-r

133 5573 148 5584 ι
244 5542 455 5598 tnlatim
527 5543 582 5599 in
647 5545 1079 5615 prmcedenti'bus
1147 5546 1524 5602 adnotavimus
1581 5547 1824 5617 libellis,

244 5639 544 5708 vestraeqtte
585 5638 862 5693 serenitati
892 5637 1148 5709 legenda,
1181 5638 1290 5694 imo
1316 5640 1594 5710 probanda
1628 5641 1828 5698 obtuli-

245 5747 380 5788 mus.
407 5733 474 5786 Et
495 5746 804 5802 quanquam
823 5734 889 5788 de
914 5733 1000 5786 his
1023 5747 1142 5802 quae
1167 5733 1444 5803 prtemissa
1469 5743 1616 5800 sunt,
1642 5744 1826 5790 vestro

246 5823 620 5882 ardentissimo
654 5823 922 5883 desiderio
943 5825 1099 5894 prius
1137 5824 1452 5884 satisfacere
1477 5826 1821 5899 elegerimus,

1941 3349 2070 3405 olim
2119 3363 2216 3420 per
2257 3349 2533 3420 precarias
2582 3347 2707 3405 inde
2747 3347 2980 3403 alienata
3036 3345 3273 3402 fuerunt.
3317 3345 3433 3413 Qua
3463 3346 3532 3404 de

1943 3457 2002 3496 re
2029 3441 2278 3497 volumus
2329 3448 2388 3495 ut
2414 3448 2468 3494 tu
2506 3448 2693 3494 nostra
2724 3439 3050 3494 auctoritate
3098 3437 3331 3508 recipias
3357 3445 3536 3507 usque

1941 3533 2016 3588 ad
2043 3542 2282 3588 nostram
2310 3533 2674 3605 praesentiam,
2721 3539 2778 3586 et
2811 3531 2878 3586 de
2907 3539 3094 3585 nostra
3126 3528 3381 3584 fidelitate
3415 3541 3533 3582 mae

1941 3641 2102 3698 gnam
2131 3640 2318 3681 curam
2345 3639 2558 3696 semper
2582 3625 2784 3680 habeas
2803 3665 2818 3688 ,
2857 3622 2999 3679 sicut
3041 3623 3304 3676 hactenus
3335 3627 3390 3674 te
3432 3619 3531 3674 lia-'-

1939 3725 2068 3777 bcre
2096 3722 2468 3792 cognovimus.
2502 3719 2638 3774 Nam
2678 3725 3011 3773 memoratus
3041 3716 3237 3770 missus
3267 3722 3394 3768 tuus
3430 3727 3532 3769 no-

1939 3823 2110 3870 stram
2150 3817 2472 3885 deprecatus
2503 3823 2585 3871 est
2627 3816 2885 3885 pietatem
2917 3821 2976 3868 ut
3013 3812 3248 3883 aliquem
3295 3810 3528 3865 missum

1939 3906 2034 3960 tibi
2088 3908 2396 3962 dederimus
2437 3908 2529 3978 qui
2577 3908 2862 3978 praedictas
2906 3921 2994 3960 res
3037 3904 3133 3959 tibi
3169 3899 3530 3972 Ecclesiaeque

1937 3998 2033 4055 tibi
2064 4001 2367 4057 commissa:
2394 4003 2737 4074 consignaret
2757 4045 2772 4068 ,
2796 4010 2852 4057 et
2885 4001 3203 4057 vestituram
3229 3999 3528 4070 legitimam

1937 4090 2158 4148 faceret.
2185 4094 2298 4162 Qua
2337 4096 2402 4150 dc
2438 4109 2495 4149 re
2531 4093 2888 4150 llelisacharo
2917 4095 3083 4148 misso
3113 4101 3300 4147 nostro
3329 4089 3529 4160 praeei-

1934 4187 2114 4256 pimus
2157 4196 2215 4243 ut
2260 4189 2325 4243 de
2371 4189 2700 4260 supradictis
2748 4187 3026 4242 beneficiis
3069 4186 3163 4240 tibi
3207 4184 3527 4239 vestituram

1935 4278 2118 4345 faciat,
2145 4285 2362 4351 quando
2398 4281 2516 4336 illas
2546 4281 2598 4336 in
2631 4290 2815 4352 partes
2841 4295 2871 4333 a
2901 4279 3055 4332 nobis
3079 4277 3318 4332 directus
3339 4273 3526 4328 fuerit.

1936 4371 2196 4428 Volumus
2229 4373 2393 4428 etiam
2421 4386 2482 4428 ut
2509 4388 2670 4443 quam
2702 4374 2863 4427 citius
2890 4371 3094 4442 poteris
3123 4369 3346 4423 missum
3377 4375 3527 4420 tuum

1933 4467 2071 4523 bene
2115 4468 2324 4523 fidelem
2365 4468 2432 4522 ad
2478 4483 2578 4522 nos
2617 4467 2838 4539 dirigas,
2877 4465 2967 4536 qui
3011 4477 3108 4518 nos
3141 4470 3321 4517 certos
3362 4457 3526 4513 faciat

1853 4584 1908 4648 Ι)
1938 4563 2170 4632 qualiter
2213 4578 2340 4634 erga
2380 4576 2476 4617 vos
2504 4570 2559 4615 et
2608 4560 2846 4630 reliquos
2885 4557 3071 4612 fideles
3106 4562 3319 4610 nostros
3366 4549 3526 4648 modo

1933 4665 2147 4727 agatur,
2201 4665 2257 4710 et
2308 4656 2438 4726 quid
2492 4656 2557 4710 de
2601 4653 2706 4708 illis
2744 4653 2925 4708 causis
2958 4651 3159 4705 factum
3207 4664 3328 4717 qua:
3372 4643 3527 4700 vobil

1934 4763 2094 4821 agere
2116 4748 2496 4819 praecepimus.
2541 4746 2683 4800 Bene
2712 4744 2832 4799 vale
2854 4752 2910 4798 et
2931 4758 3028 4797 ora
3056 4757 3154 4813 pro
3176 4739 3352 4796 nobis.

2486 4859 2826 4926 EPISTOLA
2863 4857 2976 4912 .\'|l.

2048 4972 2294 5014 LUDOVICI
2335 4974 2403 5012 AD
2440 4970 2737 5011 BILDUISUI
2778 4965 3024 5008 ABBATEII
3062 4965 3108 5005 S.
3150 4961 3400 5002 DIO‘NYSII.

1932 5052 2020 5126 De,
2037 5052 2342 5126 colligendis
2375 5051 2428 5103 in
2465 5067 2627 5126 unum
2650 5064 2848 5126 corpus
2878 5047 2943 5101 iis
2973 5060 3092 5126 qua:
3130 5043 3186 5096 in
3215 5040 3526 5126 ercarum

2001 5121 2233 5178 historiis
2273 5123 2338 5177 de
2368 5133 2550 5176 sancto
2592 5121 2846 5191 Dionysio
2886 5121 3085 5189 passim
3131 5122 3329 5184 scripta
3371 5128 3520 5184 repe-

2002 5204 2161 5249 rerat.

2559 5285 2708 5340 Anno‘
2762 5281 2885 5341 835.

2699 5293 2708 5298 ‘
2833 5281 2885 5337 5.

1928 5382 2110 5454 [Apud
2137 5383 2200 5437 D.
2226 5281 3000 5521 Βοαίιαθιὲἔέῗξέξῗῗένίο
3030 5376 3101 5432 ad
3128 5373 3270 5432 diem
3295 5373 3329 5429 9
3353 5369 3518 5430 Octo-

2599 5491 2614 5515 ,
2723 5489 2775 5520 υ.
2918 5489 2930 5502 .

2519 5467 2614 5515 ιἰδ,
2654 5467 2775 5515 pag.
2815 5465 2930 5504 un.

2481 5469 2614 5515 Dl‘lS,
2652 5469 2775 5522 pag.
2815 5469 2957 5521 ινα]

2000 5547 2057 5600 lu
2103 5543 2322 5600 nomine
2353 5544 2565 5599 Domini
2598 5543 2693 5597 Dei
2740 5551 2796 5597 et
2845 5541 3144 5597 Salvatoris
3184 5537 3355 5596 nostri
3382 5535 3524 5593 Iesu.

1929 5639 2148 5704 Christi,
2203 5636 2741 5703 Ludovicus,-di'vina
2766 5637 3154 5708 repropitiante
3201 5630 3513 5698 clementia,

1929 5731 2222 5802 imperator
2249 5731 2541 5803 Augustus,
2569 5725 2823 5787 Hilduino
2857 5725 3154 5785 venerabili
3185 5724 3368 5780 abbati
3396 5737 3512 5779 mo-

1928 5824 2154 5882 nasterii
2183 5823 2655 5885 sanctissimorum
2706 5832 3008 5895 martyrum
3063 5833 3126 5874 ac
3191 5815 3509 5890 specialium
