4050 6340
633 276 772 348 ῆὶῑ

1774 274 2093 335 LUDOVICI
2129 272 2149 328 ι
2189 252 2660 331 σοςΝοΜΕΝτο
2696 274 2781 330 ru

3730 281 3824 343 ΗΒ

630 386 1000 476 protectorum
1062 392 1302 468 Dionysii
1347 392 1575 465 pretiosi
1634 391 2019 462 sociorumque
2074 401 2212 459 ejus,
2243 387 2297 447 Α
2319 400 2443 441 men
2474 385 2529 442 in
2554 386 2806 443 humanae
2830 379 3109 445 varietatis
3134 395 3367 453 eventu,
3396 405 3502 459 quo
3523 390 3628 457 Dei,
3652 404 3703 449 ut
3732 412 3830 456 sem.

630 506 891 554 aeternam
924 492 978 547 in
1008 476 1227 547 Christo
1258 487 1507 544 salutem.

700 572 974 655 Quantum
1008 575 1252 639 muneris
1279 596 1343 636 ac
1376 578 1617 652 praesidii
1644 594 1753 635 non
1778 578 1941 634 modo
1966 576 2124 633 nobis
2153 591 2217 632 ac

630 665 1126 752 prmdecessoribus
1161 687 1255 729 seu
1297 671 1735 744 progenitoribus
1772 670 1996 735 nostris,
2026 683 2217 724 verum

631 772 797 830 etiam
849 769 1017 825 totius
1054 765 1263 837 imperii
1300 764 1475 819 nostri
1512 763 1749 834 populis,
1788 761 2006 817 Domini
2038 759 2221 833 provi‘

624 860 815 919 'dentia
867 875 968 931 per
1025 855 1400 913 beatissimum
1443 854 1758 927 Dionysium
1807 850 2215 923 saepenumero,

618 955 744 1011 *imo
783 952 1040 1009 continue
1062 950 1118 1005 in
1153 948 1363 1017 magnis
1389 948 1685 1020 gratiarum
1712 946 2057 1003 ubertatibus
2085 961 2219 1001 con-

634 1047 839 1114 tulerit,
872 1054 1078 1103 cunctae
1112 1058 1209 1115 per
1230 1049 1507 1097 transacta
1539 1029 1788 1111 tempora
1817 1038 2038 1097 Gallica:
2058 1054 2221 1110 gene-

620 1140 877 1196 rationes
899 1143 1203 1198 senserunt,
1234 1149 1356 1205 qua:
1385 1132 1503 1202 ejus
1538 1131 1739 1203 insigni
1764 1129 2073 1201 apostolatu
2096 1128 2220 1185 ﬁdei

633 1231 945 1289 rudimenta
975 1236 1346 1297 sumpserunt,
1378 1234 1434 1281 et
1462 1224 1655 1281 salutis
1684 1224 1924 1280 subsidia
1963 1236 2220 1293 percepe-

634 1329 782 1376 runt.
838 1317 1273 1373 Praedecessores
1324 1322 1506 1370 autem
1559 1313 1735 1369 nostri
1778 1313 2007 1385 gloriam
2060 1311 2221 1382 hujus

633 1409 820 1467 eximii
837 1408 993 1466 testis
1013 1416 1069 1464 et
1087 1407 1246 1463 amici
1271 1407 1366 1462 Dei
1390 1422 1497 1463 non
1527 1406 1766 1462 inaniter
1795 1406 2100 1472 coluerunt,
2126 1406 2221 1476 qui

635 1503 762 1560 dum
791 1501 909 1572 ejus
940 1515 1125 1557 sacras
1153 1499 1377 1555 exuvias
1406 1498 1461 1553 in
1492 1498 1658 1554 terris
1687 1498 1758 1554 ob
1781 1513 2023 1553 amorem
2047 1506 2102 1553 et
2126 1499 2222 1553 ho-

632 1609 826 1659 norem
870 1592 1088 1649 Domini
1140 1591 1315 1645 nostri
1344 1588 1473 1646 Jesu
1500 1588 1706 1645 Christi
1758 1589 1972 1660 opibus,
2025 1590 2221 1658 quibus

631 1694 905 1759 poterant,
937 1685 1362 1749 honoraverunt,
1392 1696 1490 1752 per
1514 1680 1631 1751 ejus
1659 1696 1850 1751 preces
1872 1680 2220 1751 dignissimas

634 1776 859 1843 honoris
884 1774 1166 1847 privilegio
1196 1773 1355 1846 potiri
1382 1781 1438 1829 et
1471 1773 1528 1827 in
1564 1773 1799 1828 terrenis
1819 1782 1876 1828 et
1906 1773 1961 1828 in
1992 1773 2224 1829 caelesti-

633 1867 741 1924 bus
773 1874 1111 1931 meruerunt,
1142 1873 1199 1920 ut
1222 1863 1477 1920 videlicet
1503 1879 1645 1918 unus
1669 1878 1738 1918 ex
1765 1863 1962 1934 priscis
1983 1862 2223 1918 Franco-

639 1976 759 2016 rum
808 1959 1048 2031 regibus,
1088 1958 1440 2030 Dagobertus,
1485 1957 1578 2026 qui
1606 1958 1857 2012 eumdem
1889 1955 2222 2029 pretiosissi-

642 2065 790 2107 mum
825 2048 1025 2105 Christi
1073 2054 1689 2121 martyrem‘veneratus
1737 2063 1843 2101 non
1881 2046 2229 2101 mediocriter

641 2142 841 2209 fuerat,
871 2151 927 2199 et
963 2143 1018 2198 in
1046 2141 1263 2196 mortali
1286 2148 1369 2196 est
1404 2140 1515 2194 vita
1542 2139 1889 2206 sublimatus,
1911 2147 1967 2195 et
1992 2154 2091 2210 per
2111 2138 2230 2209 ejus

643 2235 994 2305 adjutorium,
1038 2235 1179 2289 sicut
1204 2232 1385 2287 divina
1416 2246 1481 2286 ac
1514 2230 1746 2287 celebris
1773 2244 1798 2272 α
1833 2231 2074 2289 ostensio
2104 2245 2229 2301 per-

642 2327 820 2391 hibet,
844 2342 874 2381 a
904 2325 1079 2397 poenis
1101 2332 1185 2379 est
1212 2323 1494 2388 liberatus,
1523 2322 1687 2392 inque
1708 2323 1815 2376 vita
1840 2321 2069 2392 perenni
2089 2321 2232 2377 desi-

647 2418 965 2476 derabiliter
992 2417 1342 2474 constitutus.
1380 2414 1762 2487 Progenitores
1803 2428 2017 2486 quoque
2058 2414 2232 2470 nostri

641 2510 961 2567 melliﬁuum
1004 2524 1202 2565 nomen
1232 2507 1436 2564 domini
1467 2507 1706 2579 Dionysii
1732 2507 1836 2578 (sic
1863 2507 2007 2562 enim
2046 2507 2231 2563 verbis

641 2616 707 2658 ac
754 2601 975 2672 scriptis
1002 2601 1116 2657 suis
1161 2615 1287 2655 eum
1323 2598 1595 2671 appellare
1623 2596 1985 2680 consuevere),
2008 2615 2117 2655 non
2147 2599 2230 2654 in-

636 2712 873 2771 congrue
916 2696 1005 2767 pia
1032 2695 1321 2753 dilectione
1367 2702 1424 2750 et
1451 2692 1809 2749 dilectissima
1852 2693 2059 2764 pietate
2106 2709 2227 2748 am-

636 2789 779 2860 plexi
811 2798 956 2845 sunt.
1012 2788 1152 2858 Quia
1202 2803 1436 2859 proavus
1486 2795 1677 2844 noster
1722 2786 1947 2844 Carolus
1972 2788 2229 2859 princeps

638 2879 974 2937 Francorum
1017 2880 1255 2951 inclytus
1286 2895 1387 2951 per
1424 2880 1702 2937 orationes
1734 2880 1906 2950 ipsius
1950 2880 2228 2937 excellen-

637 2971 834 3051 tissimi
878 2972 1135 3043 martyris
1177 2972 1455 3043 indeptum
1520 2987 1581 3029 se
1608 2971 1775 3028 fuisse
1805 2972 2108 3045 gratulatus
2144 2979 2231 3030 est

639 3063 851 3134 apicem
892 3063 1250 3134 principatus,
1291 3062 1578 3135 eidemque
1603 3063 1834 3120 decurso
1880 3065 2229 3123 mortalitatis

638 3165 886 3234 tempore
914 3155 1036 3231 (An.
1073 3157 1219 3230 7M),
1242 3159 1387 3228 quod
1417 3159 1639 3215 charius
1671 3160 1850 3230 potuit
1896 3160 2100 3217 habere
2135 3162 2229 3218 de-

638 3250 897 3320 positum,
949 3264 1148 3321 corpus
1185 3250 1394 3306 scilicet
1442 3252 1745 3323 proprium,
1801 3252 1854 3306 in
1912 3252 2091 3323 magni
2140 3251 2230 3309 die

634 3341 825 3414 iudicii
865 3343 1256 3410 suscitandum,
1289 3353 1344 3400 et
1374 3346 1614 3401 animam
1637 3346 1867 3403 Domino
1893 3356 2230 3417 praesentan-

643 3432 767 3488 dam
790 3432 1022 3489 ﬁdeliter
1062 3436 1485 3502 commendavit,
1514 3453 1580 3493 ac
1597 3453 1697 3507 per
1727 3439 1831 3494 hoc
1866 3439 2105 3495 maxime
2132 3439 2228 3496 de-

641 3523 914 3599 votionem
945 3532 1108 3595 atque
1134 3523 1390 3580 ﬁduciam
1421 3527 1603 3582 cordis
1630 3528 1712 3582 sui
1743 3543 1870 3597 erga
1899 3529 2233 3599 peculiarem

640 3624 929 3690 patronum
959 3626 1209 3689 patenter
1230 3620 1489 3675 ostendit.
1524 3618 1739 3676 Sanctae
1763 3620 2118 3677 nihilominus
2146 3636 2231 3678 re-

643 3711 973 3768 cordationis
998 3727 1130 3767 avus
1152 3721 1337 3767 noster
1358 3711 1620 3782 Pippinus
1640 3719 1867 3783 propter
1891 3712 2064 3769 altare
2084 3713 2231 3784 quod

648 3792 777 3859 ante
799 3804 1108 3874 sepulcrum
1153 3820 1293 3876 saepe
1317 3804 1411 3859 fati
1457 3803 1762 3876 saepiusque
1788 3806 1998 3861 dicendi
2025 3806 2234 3861 domini

649 3896 891 3968 Dionysii
926 3912 1024 3966 per
1059 3895 1296 3952 divinam
1324 3905 1379 3953 et
1406 3898 1812 3953 memorabilem
1845 3898 2233 3954 revelationem

636 3986 795 4059 jussu
841 3987 1011 4058 ipsius
1040 3987 1370 4044 sanctissimi
1404 3989 1661 4060 martyris
1688 3990 1742 4043 in
1765 3989 2028 4045 honorem
2054 3989 2151 4045 Dei
2181 3996 2236 4046 et

644 4079 1011 4150 apostolorum
1058 4078 1205 4134 Petri
1234 4089 1288 4135 et
1319 4080 1491 4147 Pauli,
1531 4080 1624 4150 qui
1649 4089 1950 4150 praesentes
1977 4082 2233 4139 ostende-

643 4173 865 4237 bantur,
908 4187 938 4226 a
967 4172 1125 4227 beato
1151 4179 1207 4227 et
1250 4172 1494 4244 angelico
1532 4173 1651 4229 viro
1702 4172 1982 4244 Stephano
2024 4190 2237 4231 summo

645 4246 901 4332 pontifice
924 4262 1234 4318 dedicatum
1257 4270 1340 4319 est
1363 4262 1488 4335 (An.
1515 4262 1669 4336 754),
1697 4265 1843 4320 inter
1865 4280 2023 4321 sacra
2044 4266 2237 4322 missa-

652 4368 772 4409 rum
805 4353 1067 4408 solemnia
1101 4370 1205 4408 una
1238 4370 1358 4410 cum
1389 4355 1600 4409 duobus
1646 4354 1795 4422 ﬁliis,
1838 4355 2237 4411 Carolomanno

645 4428 899 4500 videlicet
941 4454 997 4500 et
1019 4446 1155 4500 diva:
1188 4446 1463 4501 memoriae
1493 4446 1712 4501 domino
1742 4462 1806 4501 ac
1852 4446 2097 4517 genitore
2138 4462 2238 4502 no-

646 4544 762 4596 stro
800 4524 1028 4604 Carolo,
1060 4535 1185 4607 jure
1225 4539 1616 4609 praenominato
1662 4538 1876 4609 Magno,
1924 4539 1994 4594 ab
2034 4538 2229 4596 eodem

647 4626 945 4699 apostolico
964 4643 1103 4699 papa
1130 4628 1184 4683 in
1212 4641 1388 4700 regem
1427 4628 1763 4684 Francorum
1792 4638 2008 4696 unctus,
2035 4647 2228 4704 super-

647 4718 704 4772 ni
755 4717 996 4773 muneris
1049 4718 1481 4774 benedictionem
1536 4720 1797 4790 percepit.
1839 4720 2049 4791 Quique
2104 4739 2230 4779 cum

542 4806 547 4809 ’
648 4819 849 4881 quanta
873 4826 932 4867 se
954 4811 1258 4866 humilitate
1284 4821 1409 4867 ante
1430 4812 1617 4867 limina
1653 4812 1890 4868 basilicae
1915 4825 2231 4872 sanctorum

649 4910 972 4973 martyrum,
1021 4900 1277 4957 defuncto
1317 4902 1478 4973 hujus
1506 4903 1632 4959 vitae
1682 4904 1981 4972 curriculo,
2013 4906 2227 4976 sepeliri

646 4992 969 5063 prteceperit
997 4991 1123 5064 (An.
1162 4992 1308 5060 768),
1346 4994 1531 5050 titulus
1554 4995 1722 5049 etiam
1748 4996 1921 5066 ipsius
1946 4997 2232 5053 conditorii

650 5081 959 5138 innotescit.
991 5081 1099 5139 Sed
1125 5091 1180 5139 et
1211 5099 1309 5139 nos
1336 5070 1522 5139 multis
1567 5099 1632 5139 ac
1674 5084 2048 5155 frequentibus
2075 5086 2236 5157 largi-

652 5169 892 5229 tionibus
931 5171 1195 5231 beneﬁcia
1223 5172 1341 5244 ejus
1362 5189 1550 5248 sumus
1592 5174 1823 5246 experti,
1852 5177 2124 5248 praecipue
2159 5185 2239 5233 ta-

665 5333 671 5339 ‘
732 5339 759 5370 ι
803 5325 954 5401 Yisio
996 5343 1156 5401 quam
1205 5329 1501 5401 monachus
1543 5327 2059 5401 SanaDionysianus,
2111 5338 2236 5401 post

651 5397 1225 5475 DagobertiAobitum,
1278 5397 1471 5475 ._l_oanni
1530 5399 1772 5475 eremitae
1801 5397 1982 5458 Siculo
2023 5397 2232 5472 primus

651 5467 928 5528 osténSam
951 5467 1128 5533 ﬁnxit,
1159 5469 1351 5525 fabulis
1371 5470 1724 5526 accensenda.

727 5541 947 5613 l{Hisce
987 5540 1182 5613 litteris
1228 5539 1511 5597 Hilduinus
1558 5540 1759 5613 adjecit
1804 5542 2250 5605 lucubrationem,

656 5611 788 5684 satis
814 5610 1106 5684 prolixam,
1131 5610 1322 5684 inqua
1352 5610 1640 5684 contendit
1656 5612 1970 5684 Dionysium
2000 5614 2232 5684 Areopa-

656 5626 788 5664 saus
814 5626 1106 5680 pronxam,
1131 5626 1184 5665 in
1216 5626 1322 5735 (vita
1352 5626 1630 5668 contendit
1657 5626 1970 5684 monysnum
2000 5626 2227 5738 areorlra-

655 5681 844 5753 gitana,
899 5681 1122 5737 dimisso
1178 5679 1244 5735 At
1283 5680 1487 5736 eniensi
1535 5683 1867 5753 episcopatu,
1916 5693 2075 5754 atque
2124 5684 2227 5739 aio

2319 491 2420 549 per
2446 476 2722 534 fatendum
2750 486 2855 543 est,
2884 478 3031 549 justo
3051 478 3284 549 judicio,
3324 480 3381 536 in
3409 482 3554 554 virga
3584 487 3829 551 eruditionis

2298 578 2430 623 suae
2462 566 2689 634 visitati,
2726 576 2783 624 et
2810 568 3004 624 baculo
3043 570 3315 641 speciosa
3341 570 3701 631 misericordia:
3734 578 3829 649 ejus,

2321 667 2449 714 ante
2472 660 2850 731 praescriptum
2881 660 3055 719 altare
3074 677 3177 733 per
3216 663 3420 719 merita
3448 673 3501 721 et
3525 666 3738 726 solatium
3762 674 3829 731 do-

2320 752 2453 808 mini
2479 769 2545 810 ac
2572 754 2802 825 piissimi
2832 754 3013 811 Patris
3037 756 3212 813 nostri
3241 755 3509 828 Dionysii,
3550 760 3724 817 virtute
3741 766 3831 823 divi-

2319 859 2390 900 na
2409 845 2638 900 recreati
2659 853 2716 899 et
2729 845 2967 901 restituti
2986 861 3175 903 sumus
3202 847 3336 919 (An.
3359 847 3509 920 854),
3534 849 3830 927 cingulumqne

2321 937 2557 993 militare
2602 935 2810 1007 judicio
2863 948 3028 1010 atque
3081 942 3419 998 auctoritate
3483 946 3741 1018 episcopali
3776 967 3832 1009 re-

2320 1032 2674 1103 sumpsimus,
2719 1042 2776 1090 et
2827 1049 3002 1105 usque
3049 1035 3118 1091 ad
3150 1027 3407 1107 praesens
3454 1038 3614 1109 ipsius
3660 1045 3832 1115 gratioso

2321 1122 2592 1193 adjutorio
2638 1134 3031 1183 sustentamur.
3063 1127 3305 1197 Idcirco,
3357 1133 3665 1188 venerabilis
3707 1146 3833 1197 custos
3892 1122 3898 1179 ἰ

2323 1228 2388 1270 ac
2412 1213 2588 1271 cultor
2614 1215 2787 1288 ipsius
2808 1218 3109 1287 provisoris
3136 1227 3194 1275 et
3224 1218 3497 1292 adjutoris
3514 1224 3668 1279 nostri
3691 1225 3832 1287 domini

2322 1306 2585 1379 Dionysii,
2612 1323 2838 1367 monere
2867 1318 2920 1367 te
2942 1310 3193 1368 volumus
3217 1320 3285 1369 ut
3304 1312 3562 1384 quidquid
3585 1316 3643 1372 de
3663 1315 3831 1385 eiusno-

2324 1397 2443 1453 titia
2490 1413 2561 1454 ex
2612 1398 2929 1457 Graecorum
2968 1401 3215 1459 historiis
3262 1418 3365 1475 per
3416 1405 3830 1478 interpretationem

2324 1500 2599 1562 sumptum
2645 1492 2730 1548 vel
2762 1494 2909 1564 quod
2950 1509 3018 1551 ex
3066 1495 3226 1551 libris
3254 1494 3327 1550 ab
3366 1512 3433 1553 eo
3455 1501 3623 1567 patrio
3652 1516 3832 1558 sermone

2322 1586 2669 1658 conscriptis,
2702 1597 2758 1644 et
2792 1590 3135 1647 auctoritatis
3184 1592 3658 1662 nostrzejussione,
3699 1612 3749 1652 ac
3773 1606 3832 1654 tuo

2325 1678 2507 1748 sagaci
2560 1679 2762 1746 studio,
2812 1671 3289 1755 interpretumque
3330 1686 3524 1742 sudore
3570 1688 3620 1742 in
3656 1698 3830 1744 nostram

2250 1776 2298 1836 Β
2325 1770 2566 1842 linguam
2594 1774 2900 1844 explicatis,
2932 1777 3060 1833 huic
3097 1779 3327 1855 negotio
3377 1780 3540 1836 inseri
3582 1780 3719 1837 fuerit
3741 1798 3832 1839 con-

2329 1880 2544 1938 gruum,
2569 1869 2819 1939 quodque
2840 1870 3005 1927 etiam
3035 1872 3086 1926 in
3112 1871 3331 1928 Latinis
3351 1874 3619 1930 codicibus
3640 1874 3731 1941 jam
3749 1877 3831 1932 inde

2329 1956 2500 2013 habes
2528 1957 2832 2027 inventum,
2867 1962 3137 2034 adjunctis
3185 1966 3272 2020 eis
3314 1981 3436 2036 quae
3468 1966 3520 2021 in
3570 1966 3723 2022 libello
3757 1966 3831 2035 ejus

2330 2050 2598 2120 passionis
2645 2053 2973 2121 continetur,
3010 2071 3111 2113 nec
3156 2073 3272 2113 non
3300 2062 3357 2113 et
3396 2058 3499 2113 illis
3523 2073 3630 2129 qua:
3656 2059 3699 2113 in
3723 2060 3829 2115 tomis

2332 2144 2417 2199 vel
2444 2144 2652 2201 chartis
2671 2148 3055 2204 vetustissimis
3077 2151 3309 2205 armari'i
3341 2150 3617 2207 Parisiacae
3639 2144 3827 2217 ecclesia,

2332 2230 2506 2294 sacrae
2541 2239 2795 2297 videlicet
2823 2244 2968 2299 sedis
2996 2259 3130 2309 suae,
3157 2244 3393 2316 prolatis
3415 2244 3692 2311 inveneras,
3715 2244 3828 2301 etob-

2332 2331 2540 2389 tutibus
2590 2342 2791 2390 nostrae
2861 2336 3174 2392 serenitatis
3224 2339 3559 2405 ostenderas,
3613 2337 3826 2393 secunda

2332 2423 2479 2494 quod
2525 2438 2732 2492 rerum,
2770 2442 3061 2484 causarum
3090 2429 3261 2485 etiam
3305 2445 3371 2485 ac
3399 2440 3671 2501 temporum
3694 2444 3826 2485 conve-

2332 2518 2595 2575 nientiam
2645 2522 2887 2590 noveris,
2929 2523 2985 2579 in
3015 2539 3218 2595 corpus
3263 2541 3433 2581 unum
3479 2524 3684 2595 redigas,
3720 2532 3826 2592 atque

2332 2608 2660 2666 uniformem
2683 2619 2890 2668 textum
2917 2615 3113 2672 exinde
3138 2631 3453 2687 componas,
3479 2624 3708 2688 quatenus
3722 2628 3821 2669 eom-

2332 2700 2645 2771 pendiosius
2679 2704 2893 2760 valeant
2938 2705 3233 2773 innotesci,
3262 2716 3320 2763 et
3357 2705 3630 2763 fastidiosis
3652 2706 3824 2760 minusve

2332 2792 2622 2861 capacibus
2650 2793 2736 2850 vel
2776 2797 3035 2853 studiosis
3060 2798 3315 2856 lectionis
3350 2798 3515 2871 possit
3546 2795 3722 2854 taedium
3741 2792 3821 2849 sub

2335 2884 2549 2982 levari,
2602 2889 2915 2961 pariterque
2971 2893 3226 2950 omnibus
3296 2891 3642 2950 :ediﬁcationis
3680 2881 3864 2982 utilitati

2332 2977 2628 3048 provideri.
2660 2980 2760 3037 His
2804 2982 2880 3038 ita
2917 2986 3208 3052 contextis,
3260 2986 3504 3041 volumus
3536 2990 3590 3039 ut
3611 2977 3820 3037 revelatio4

2337 3082 2463 3124 nem
2514 3077 2790 3129 ostensam
2842 3075 3006 3131 beato
3052 3091 3203 3148 papa:
3260 3075 3529 3147 Stephano
3575 3073 3622 3129 in
3662 3066 3820 3127 ecclesia

2253 3142 2299 3207 ο
2331 3156 2575 3229 eiusdem
2623 3164 2953 3222 sanctissimi
2993 3142 3261 3239 Dionysii,
3317 3142 3455 3223 sicut
3499 3166 3561 3221 ab
3587 3178 3643 3220 eo
3682 3161 3818 3217 dictata

2331 3260 2435 3317 est,
2495 3261 2551 3308 et
2597 3262 2749 3326 gesta
2805 3270 2927 3326 quae
2975 3256 3152 3313 eidem
3188 3256 3450 3314 subnexa
3477 3263 3602 3319 sunt,
3626 3268 3709 3309 una
3737 3263 3816 3306 cum

2334 3344 2553 3415 hymnis
2592 3360 2729 3416 quos
2773 3346 2840 3402 de
2873 3336 2979 3403 hoc
3025 3348 3425 3419 gloriosissimo
3469 3355 3675 3418 martyre
3709 3350 3814 3411 atque

2334 3433 2593 3505 pontiﬁce
2635 3436 2823 3503 habes,
2852 3447 2909 3493 et
2958 3437 3193 3495 ollicium
3248 3438 3553 3497 nocturnale
3577 3432 3811 3503 subiungas;

2336 3525 2430 3579 sed
2451 3534 2506 3580 et
2528 3526 2861 3597 diﬂ’erenter,
2891 3545 2956 3586 ac
2980 3545 3105 3587 cum
3130 3532 3439 3606 integritate
3467 3530 3563 3595 sui,
3585 3537 3754 3598 queque
3768 3535 3809 3575 ει

2337 3630 2405 3671 eo
2430 3627 2644 3689 reperta
2671 3630 2816 3688 sunt,
2849 3623 2905 3677 in
2948 3622 3121 3680 altero
3154 3624 3430 3680 volumine
3467 3620 3671 3689 colligas,
3693 3610 3811 3668 "0M9

2335 3725 2442 3780 que
2497 3711 2755 3770 distincte
2804 3721 2861 3771 et
2915 3724 3162 3772 correcte
3224 3715 3539 3782 transcripta
3585 3702 3810 3779 quande

2339 3801 2541 3873 dirigas
2567 3812 2659 3858 aut
2688 3813 2984 3875 pnesentes
3010 3825 3023 3861 :
3056 3809 3317 3878 quoniam
3345 3804 3612 3860 maximum
3631 3795 3807 3862 valdeqne

2339 3894 2711 3952 dulcissimum
2758 3898 2953 3970 pignus
2997 3898 3376 3957 desiderabilis
3421 3891 3678 3969 praesentiae

2340 3985 2543 4042 domini
2595 3995 2650 4042 et
2699 3988 3032 4045 solatiatoris
3082 3990 3285 4058 nostri,
3331 3989 3608 4056 ubicunque
3654 3985 3803 4034 sciva

2341 4079 2542 4147 habere
2563 4093 2658 4134 nos
2679 4079 2969 4146 credimus,
2993 4081 3038 4135 si
3063 4097 3186 4136 cum
3208 4096 3296 4148 eo,
3326 4079 3405 4135 vel
3434 4079 3496 4134 de
3520 4090 3591 4139 eo,
3617 4077 3688 4124 aut
3705 4066 3804 4119 abeo

2340 4168 2522 4233 dictis,
2555 4169 2802 4225 oratione
2822 4181 2861 4237 ,'
2888 4170 3194 4238 Collatione,
3259 4171 3481 4228 lectione
3525 4157 3799 4229 ωυοίιυίιηπ

2341 4259 2473 4315 Vale
2499 4261 2553 4316 in
2573 4260 2812 4330 Christo,
2838 4262 2924 4317 vir
2946 4262 3065 4331 Dei,
3093 4264 3147 4321 in
3173 4265 3346 4322 sacris
3367 4245 3801 4323 orationibuSJ'IlSiW

2341 4368 2552 4408 memor
2575 4354 2767 4410 nostri.

2867 4425 3202 4483 EPISTOLA
3246 4427 3379 4483 XIII.

2260 4498 2315 4560 D
2373 4511 2614 4552 lllLDUlNl
2647 4512 2871 4552 sanans
2909 4513 2954 4553 s.
3007 4514 3236 4555 moursu
3278 4516 3345 4555 Αι)
3391 4500 3649 4554 Luoovicmt
3676 4490 3774 4539 νισι

2341 4587 2675 4674 ραιεξξίηιναε
2693 4590 2955 4674 ,πξεηιοτίιξ
2971 4588 3190 4674 “tuque
3216 4608 3325 4673 Prw
3345 4573 3795 4674 εηοιείθτέτΜίξὶἷξξῖ

2405 4651 2703 4743 ρεᾴίςαὴιηι
2716 4660 2780 4714 de
2805 4671 2983 4715 sancto
3008 4651 3285 4733 Dio'nysio,
3313 4656 3461 4715 simul
3487 4652 3663 4709 collecta
3679 4651 3776 4696 πω

2406 4740 2581 4785 miunt.
3300 4746 3317 4756 ’

2496 4870 2509 4876 -
2531 4871 2561 4876 _
2608 4871 2644 4876 _
2932 4800 3122 4876 ,(ᾼῖιηο

2339 4870 2511 4944 [Apud
2529 4871 2590 4926 D.
2608 4871 2872 4941 Bouquet.
2885 4912 2900 4937 ,
2925 4848 3418 4944 iiilll','1ax'é§i.’.u9,
3440 4877 3537 4923 tom
3556 4857 3645 4917 VIII
3658 4848 3786 4911 Ami-

2410 4940 2425 4943 ν
2600 5014 2612 5025 ο
2742 4940 2759 4941 ί
2839 4940 3060 5025 ,εεεοιεεη
3089 4958 3211 5068 pag.
3243 4940 3411 5066 E6951.
3695 4992 3704 5004 .
3760 4986 3768 4997 ,

2410 5012 2689 5068 bDomino
2727 5014 3065 5084 benignitate
3117 5029 3147 5067 a
3188 5015 3412 5069 mirabn
3458 5016 3507 5063 et
3546 4993 3788 5058 auctoritatis

2339 5106 2643 5163 reverentia
2667 5105 2989 5171 honorabili,
3007 5104 3281 5162 Ludovico
3306 5104 3397 5162 Pio
3415 5086 3780 5174 θεωρετΑυευδίθξ

2338 5198 2625 5256 Hilduinus
2665 5197 2888 5255 humilis
2929 5198 3133 5256 Christi
3172 5198 3414 5265 famulus,
3458 5198 3505 5249 et
3526 5177 3682 5244 domini
3716 5180 3783 5227 In“

3614 5326 3777 5406 «ne;

3598 5402 3776 5471 adyti!“

3604 5463 3776 5548 ροδὲἔὲ

3609 5534 3773 5600 bonluttl

2337 5355 2591 5427 episcOpo
2618 5354 2674 5410 in
2713 5353 2831 5423 ejus
2875 5354 3052 5411 locum
3098 5352 3342 5427 suﬂ‘ecto,
3385 5350 3579 5427 Romam

2336 5417 2694 5496 eumdemque
2740 5417 3055 5496 Dionysium
3104 5426 3160 5481 in
3189 5417 3401 5496 Gallias,
3436 5417 3517 5473 ubi
3556 5424 3596 5465 ιιι

2335 5506 2525 5573 postea
2551 5493 2965 5573 consummari},
2989 5512 3025 5573 _a
3045 5496 3327 5573 Clemente
3370 5493 3576 5573 Romano

2335 5566 2562 5624 missum
2635 5566 2822 5623 fuisse.
2884 5566 3118 5621 Hilduini
3181 5566 3565 5623 lucubrationem

2335 5639 2582 5700 Cointius
2606 5637 2674 5694 ad
2691 5653 2778 5693 an.
2807 5635 3113 5705 855,‘num.
3144 5636 3247 5696 115
3287 5646 3339 5695 et
3359 5644 3493 5700 sequ;

3833 1111 3897 1125 '5
