4050 6340
202 389 343 452 1329

1631 377 1671 429 lt.
1681 373 1989 430 l’lS'l’ULAL
1999 408 2016 430 ο

3328 361 3463 437 ιδδο

201 503 445 576 Dionysii
481 500 705 574 pretiosi
757 515 822 556 ac
873 498 1142 555 sociorum
1190 497 1306 568 ejus
1355 494 1778 557 matricularius,
1810 484 2075 576 Anostro
2102 482 2520 576 Βῑρηγεῑωφιεε
2559 485 2820 576 Ιιαοῐςηυε
2865 475 3045 544 minus
3089 491 3470 564 cognovimus».
3531 495 3534 498 ’

205 610 509 669 vestraeque
536 595 799 666 imperiali
830 593 1182 650 dominationi
1226 594 1279 648 in
1334 592 1584 648 omnibus
1623 591 1786 645 devo-

204 693 471 756 tissimus,
501 697 822 761 praesentem
853 689 907 743 in
934 685 1150 743 Christo
1185 686 1598 756 prosperitatem
1625 693 1786 753 atque

202 794 423 840 aeternae
499 781 775 838 felicitatis
850 779 1282 835 benedictionem
1349 787 1500 848 optat
1557 787 1608 833 et
1671 777 1787 847 glo-

205 877 366 932 riam.

281 967 581 1022 Exsultavit
611 983 706 1023 cor
729 982 909 1023 meum
947 968 998 1022 in
1026 966 1274 1030 Domino,
1313 974 1367 1020 et
1391 965 1683 1021 exaltatum
1706 973 1791 1021 est

207 1077 376 1118 cornu
419 1077 596 1117 meum
630 1062 681 1116 in
713 1063 823 1117 Deo
850 1077 994 1116 meo.
1045 1061 1332 1114 Dilatatum
1364 1065 1446 1114 est
1475 1073 1536 1114 os
1582 1073 1788 1122 meum,

207 1164 265 1212 et
294 1157 599 1226 gaudebunt
630 1156 792 1220 labia,
821 1136 880 1210 ut
921 1156 1232 1210 annuntiem
1273 1154 1540 1225 praeconia
1585 1151 1790 1207 domini

211 1250 317 1304 mei
345 1249 714 1320 gloriosissimi
743 1251 1000 1320 martyris
1024 1250 1260 1321 Dionysii
1289 1249 1356 1304 ab
1382 1248 1579 1304 eximio
1625 1248 1792 1317 impe-

210 1349 396 1396 ratore
431 1341 646 1396 domino
694 1357 816 1396 meo
840 1340 1055 1409 jussus;
1082 1358 1201 1412 quae
1234 1342 1464 1397 reticere
1495 1357 1601 1396 non
1638 1349 1791 1410 pote-

210 1449 348 1495 ram,
380 1435 544 1488 etiam
572 1433 614 1488 si
648 1449 677 1487 a
707 1449 978 1504 quoquam
1035 1433 1254 1488 fuissem
1297 1432 1433 1488 forte
1462 1433 1789 1503 prohibitus.

208 1525 279 1580 Et
312 1541 500 1579 revera
527 1540 721 1593 magna
744 1525 874 1580 mihi
904 1533 986 1579 est
1016 1526 1155 1597 ratio
1181 1525 1506 1596 gratulandi,
1539 1523 1794 1594 quoniam

211 1615 538 1670 cumulatius
558 1617 688 1670 mihi
721 1616 972 1672 effectum
1002 1617 1251 1672 desiderii
1284 1617 1386 1671 mei
1417 1625 1674 1686 prmstare
1695 1632 1792 1670 vo-

213 1708 314 1763 luit
343 1709 521 1763 divina
553 1708 814 1779 dignatio,
844 1717 901 1762 ut
950 1709 1147 1763 mentis
1188 1724 1320 1764 meae
1353 1716 1686 1778 conceptum
1744 1707 1793 1762 ei

211 1802 430 1872 placere
485 1817 888 1872 cognoscerem,
941 1817 1064 1857 cum
1107 1802 1248 1872 quod
1288 1817 1448 1873 agere
1502 1811 1795 1873 spontanea

212 1892 532 1963 disponebat
572 1909 690 1948 mea
736 1893 1032 1957 humilitas,
1081 1893 1135 1948 in
1187 1894 1395 1962 agendo
1452 1894 1576 1947 data
1633 1909 1797 1947 manu

214 1984 584 2053 auctoritatis,
616 1993 1001 2054 cooperaretur
1027 1992 1206 2040 vestra
1231 1984 1344 2039 Deo
1384 1983 1603 2054 placens
1630 1983 1800 2038 subli-

215 2077 395 2132 mitas.
430 2075 546 2142 Qua
579 2076 644 2130 de
684 2091 743 2130 re
787 2075 1052 2131 bonorum
1084 2091 1305 2146 operum
1353 2085 1406 2130 et
1436 2075 1798 2145 spiritualium

217 2167 461 2222 omnium
490 2166 792 2222 studiorum
818 2167 967 2222 illum
995 2175 1270 2222 auctorem
1298 2181 1418 2222 esse
1445 2182 1552 2220 non
1577 2167 1798 2221 dubium

217 2269 324 2323 est,
346 2259 439 2329 qui
461 2274 691 2328 quorum
719 2259 908 2314 incitat
937 2269 1167 2322 mentes,
1207 2274 1314 2328 quo
1367 2259 1468 2313 sibi
1515 2259 1691 2328 placet
1742 2259 1798 2314 in

215 2350 434 2421 ingenio
453 2349 668 2418 adjuvat
691 2351 949 2406 actiones.
969 2351 1073 2405 Sed
1098 2359 1150 2404 et
1171 2351 1224 2404 in
1252 2350 1356 2405 hoc
1381 2349 1534 2405 valde
1561 2349 1798 2404 exsultat

215 2442 439 2510 spiritus
489 2457 643 2497 meus
697 2442 750 2496 in
781 2441 890 2496 Deo
917 2441 1138 2496 salutari
1170 2457 1309 2505 meo,
1355 2441 1610 2512 quoniam
1641 2440 1799 2496 Chri-

215 2533 425 2590 stianus
452 2533 668 2588 animus
687 2541 868 2588 vester
889 2535 968 2589 sic
991 2534 1395 2588 evidentissime
1420 2549 1547 2603 erga
1579 2548 1637 2588 se
1663 2533 1799 2588 divi-

216 2640 301 2680 nae
328 2625 587 2680 bonitatis
611 2624 894 2690 beneficia,
922 2634 978 2679 et
1005 2634 1315 2680 sanctorum
1345 2625 1621 2695 cognoscit
1658 2623 1798 2679 sola-

218 2717 316 2781 tia,
348 2726 402 2772 et
429 2725 537 2772 tam
564 2717 967 2786 promptissime
989 2733 1048 2772 se
1079 2732 1363 2772 accensum
1392 2715 1626 2770 ostendit
1654 2715 1798 2771 circa

219 2809 457 2863 auctoris
478 2817 533 2862 et
561 2808 893 2879 reparatoris
923 2809 1003 2862 sui
1035 2823 1129 2863 seu
1177 2807 1490 2877 spcciaiium
1532 2807 1798 2878 suffraga-

218 2907 395 2953 torum
421 2914 638 2953 suorum
668 2899 1071 2954 venerationem
1121 2906 1281 2969 atque
1305 2898 1646 2968 obsequium.
1680 2898 1797 2954 Non

217 2990 362 3044 enim
394 2989 473 3044 sic
498 2990 565 3044 ab
597 2990 800 3044 intimis
826 2990 914 3060 pia
946 2991 1124 3044 anima
1154 2999 1334 3045 vestra
1363 2990 1540 3044 divina
1571 2989 1798 3045 conﬁte-

219 3088 372 3135 retur
395 3096 522 3136 vera
553 3090 607 3136 et
629 3080 773 3148 justa
797 3082 1022 3152 judicia,
1047 3081 1152 3136 nisi
1184 3097 1242 3137 se
1270 3083 1442 3152 ipsam
1470 3091 1658 3137 sancto
1680 3082 1800 3138 illu-

218 3170 478 3226 minatam
504 3178 855 3242 cognosceret
902 3170 1128 3242 Spiritu,
1171 3187 1271 3226 nec
1328 3172 1403 3226 ita
1449 3172 1799 3228 devotissime

218 3261 376 3318 amici
405 3262 500 3317 Dei
530 3263 668 3318 bene
713 3270 860 3334 gesta
911 3269 964 3318 et
1018 3263 1160 3318 dicta
1193 3263 1442 3318 maximae
1489 3265 1800 3334 sagacitatis

219 3362 413 3409 vestra:
436 3355 720 3425 prudentia
741 3355 1101 3425 perquireret,
1128 3354 1234 3409 nisi
1279 3369 1546 3409 summum
1573 3355 1798 3422 bonum,

218 3460 249 3500 a
269 3461 377 3516 quo
398 3455 453 3501 et
477 3461 576 3517 per
598 3461 756 3516 quem
786 3447 965 3502 omnia
987 3454 1112 3502 sunt
1143 3445 1307 3511 bona,
1335 3445 1601 3518 diligeret.
1635 3444 1800 3514 Cujus

216 3552 401 3593 amore
423 3539 672 3610 religiosa
696 3539 909 3595 devotio
930 3547 1110 3594 vestra
1135 3553 1361 3594 accensa
1383 3553 1501 3593 esse
1522 3537 1796 3609 dignosci-

218 3640 327 3697 tur,
352 3639 411 3685 ut
439 3630 641 3687 Christi
666 3632 896 3688 militum
924 3631 1184 3704 gloriosos
1227 3631 1528 3700 triumphos
1559 3631 1800 3701 inquire-

221 3731 322 3776 ret.
350 3721 497 3788 Quos
523 3739 645 3777 cum
668 3725 902 3790 noverit,
927 3739 1026 3793 per
1063 3738 1251 3778 eorum
1279 3721 1603 3790 adjutorium
1637 3721 1798 3778 robu-

217 3815 352 3870 stius
400 3822 584 3871 contra
633 3817 764 3871 vitia
810 3817 1174 3886 vitiorumque
1219 3825 1468 3872 auctores
1511 3817 1794 3886 pugnabit,

219 3912 486 3972 quatenus
511 3911 812 3974 martyrum
842 3905 1087 3972 exempla
1124 3905 1403 3970 sectando,
1434 3905 1525 3974 qui
1568 3905 1796 3960 viriliter

217 4005 515 4059 certavere,
542 4003 594 4048 et
620 3993 848 4050 ﬁdeliter
876 3993 1007 4049 satis
1035 3994 1237 4058 vicere,
1279 3993 1346 4048 ad
1388 3995 1641 4064 palmam,
1688 4010 1796 4066 qua

218 4085 294 4140 illi
318 4085 584 4140 munerati
629 4093 774 4148 sunt,
801 4094 855 4138 ct
880 4085 994 4155 ipse
1016 4085 1309 4154 pertingat.
1343 4084 1458 4141 Huc
1485 4087 1696 4140 accedit
1723 4087 1795 4145 ad

218 4174 325 4228 voti
341 4184 396 4230 et
415 4175 788 4230 sollicitudinis
807 4182 1001 4230 vestrae
1018 4175 1443 4241 incitamentum,
1462 4177 1587 4246 quia
1607 4177 1795 4247 Esras,

216 4275 418 4324 sancta:
450 4268 743 4338 Scriptura:
770 4276 1070 4337 reparator,
1101 4284 1356 4338 magnum
1404 4271 1799 4328 remuneratio-

217 4359 304 4414 nis
329 4358 526 4414 donum
555 4359 750 4414 exinde
779 4359 916 4429 apud
966 4359 1135 4415 Deum
1177 4361 1498 4430 promeruit,
1525 4368 1580 4414 et
1610 4359 1800 4420 lauda-

217 4449 325 4507 bile
348 4450 449 4505 sibi
480 4465 673 4505 nomen
696 4451 837 4520 apud
875 4450 1123 4505 homines
1175 4451 1478 4519 acquisivit.
1527 4450 1797 4518 Quocirca

1889 574 2042 627 vobis
2092 573 2247 628 ocius
2293 575 2347 629 in
2395 591 2561 630 unum
2614 574 2837 632 collecta
2891 579 3106 633 mittere
3136 582 3381 651 poscitis,
3411 576 3477 638 et'

1889 666 2244 738 incongruum
2273 667 2524 723 ducimus
2555 669 2899 726 auctoritatis
2953 682 3146 728 vestra:
3199 675 3468 730 desiderio

1889 755 2115 822 differri,
2157 758 2300 828 quod
2321 773 2388 813 ex
2416 759 2598 815 debito
2628 761 2941 816 servitutem
2989 774 3230 822 nostram
3256 775 3473 823 constat

1889 846 2088 902 debere
2119 848 2335 919 largiri;
2358 859 2620 920 quantum
2650 853 2902 908 connivct
2923 854 3163 911 brevitas
3191 859 3467 928 temporis.

1890 943 2148 1015 quidquid
2178 947 2259 1001 ori
2283 949 2613 1019 suggesserit
2633 950 2895 1005 memoria
2924 951 3043 1006 citze
3062 954 3470 1018 recordationis.

1891 1037 2105 1094 favente
2153 1038 2412 1105 Domino,
2459 1041 2719 1096 velociter
2765 1043 3118 1098 scribentium
3165 1046 3472 1102 committe-

1893 1143 2016 1184 mus
2043 1129 2380 1185 notariorum
2409 1131 2672 1198 articulis,
2720 1133 3070 1204 deprecantes
3110 1145 3348 1190 vestram
3377 1137 3479 1191 hu-

1893 1218 2096 1274 militer
2149 1221 2492 1290 sapientiam,
2550 1240 2619 1278 ne
2668 1225 2722 1279 in
2770 1225 2854 1281 his
2899 1244 3019 1298 qua:
3076 1232 3377 1285 reverentia
3423 1241 3480 1287 et

1895 1325 2080 1366 amore
2134 1313 2460 1367 sanctissimi
2524 1314 2800 1385 martyris,
2853 1325 2907 1372 et
2959 1329 3176 1388 propter
3215 1317 3478 1387 jussionis

1893 1408 2088 1456 vestrm
2119 1402 2480 1458 obedientiam
2531 1406 2818 1461 scribenda
2868 1410 3229 1480 aggredimur,
3281 1413 3477 1467 verbo-

1895 1509 2016 1548 rum
2044 1496 2460 1566 pompositatem
2492 1506 2586 1551 aut
2614 1499 2922 1554 dictationis
2951 1501 3210 1569 leporem,
3245 1503 3337 1555 sed
3375 1518 3479 1572 pu-

1897 1586 2127 1642 rissimae
2148 1589 2416 1652 veritatis,
2435 1591 2574 1644 sicut
2596 1591 2664 1645 ab
2695 1591 3039 1661 antiquorum
3068 1593 3226 1648 dictis
3248 1595 3481 1664 sumpsi-

1898 1695 2039 1745 mus,
2069 1697 2311 1752 quaerere
2341 1683 2602 1738 studeatis
2633 1684 3021 1738 sinceritatem.
3052 1683 3268 1755 Nosque
3294 1701 3480 1756 repre-

1899 1769 2136 1825 hendere
2184 1771 2251 1826 de
2299 1787 2544 1837 casuum,
2600 1773 3040 1842 praepositionum
3071 1782 3233 1844 atque
3260 1775 3482 1845 conjun-

1825 1849 1874 1910 Β
1901 1863 2138 1916 ctionum
2169 1861 2388 1927 virtute,
2418 1878 2512 1917 seu
2538 1863 2840 1918 litterarum
2871 1865 2925 1919 in
2961 1867 3348 1934 subscquentes
3376 1867 3480 1920 im-

1899 1956 2218 2019 mutatione,
2253 1956 2335 2010 vel
2389 1966 2714 2026 punctorum
2762 1957 3057 2013 secundum
3103 1969 3274 2014 artem
3305 1976 3482 2030 gram-

1898 2047 2153 2103 maticam
2183 2049 2453 2118 positione
2500 2050 2697 2116 nolite;
2751 2053 2877 2120 quia
2906 2067 3012 2106 non
3043 2053 3093 2108 id
3139 2054 3480 2117 studendum,

1899 2138 1992 2192 sed
2043 2146 2244 2192 nostra:
2273 2137 2652 2193 deservitionis
2679 2140 2997 2208 obsequium
3053 2156 3116 2195 ac
3140 2141 3484 2195 commenda-

1900 2228 2064 2282 tionis
2116 2236 2311 2283 vestrae
2359 2227 2595 2284 oflicium
2657 2230 3481 2300 accelerandum'suscepimus,

1898 2322 2134 2376 maxime
2159 2338 2282 2376 cum
2314 2323 2430 2377 haec
2451 2339 2573 2392 qua:
2597 2325 2665 2379 ab
2691 2323 2865 2378 aliena
2892 2324 3071 2394 lingua
3093 2324 3482 2394 expressimus,

1899 2413 1954 2468 in
1984 2415 2186 2470 tenoris
2208 2417 2370 2481 serie,
2399 2417 2542 2471 sicut
2573 2418 2638 2472 de
2667 2419 2834 2487 praelo
2884 2427 3007 2474 sunt
3049 2419 3302 2489 cliquata,
3338 2427 3486 2475 texe-

1899 2521 2050 2570 mus;
2082 2521 2201 2575 qua:
2227 2507 2354 2562 licet
2380 2508 2432 2562 in
2458 2510 2905 2579 interpretatione
2937 2528 3042 2568 non
3066 2514 3487 2584 redoleantsup-

1898 2614 2083 2672 parem
2135 2601 2402 2657 sermonis
2431 2603 2672 2667 odorem,
2723 2602 2969 2674 sapidum
3015 2613 3190 2660 tamen
3244 2605 3485 2660 referunt

1899 2691 2145 2745 veritatis
2167 2699 2223 2745 et
2248 2691 2552 2747 intellectus
2581 2694 2662 2747 sui
2692 2709 2958 2764 saporem.
3019 2693 3272 2751 Ordinem
3323 2696 3486 2766 igitur

1900 2783 2170 2851 historiae,
2197 2786 2339 2841 sicut
2363 2795 2542 2841 vestra
2559 2785 2721 2855 jussit
2751 2788 3068 2855 dominatio,
3096 2789 3149 2843 in
3173 2805 3336 2843 unum
3361 2804 3486 2844 con-

1903 2885 2150 2946 gestum,
2205 2886 2260 2932 et
2312 2878 2623 2947 singulatim
2681 2887 2867 2948 postea
2920 2879 3306 2949 plenitudinem
3368 2878 3486 2948 ejus

1894 2969 2216 3033 discretam,
2239 2970 2451 3024 cunctis
2476 2969 2777 3040 legentibus
2793 2981 2956 3041 atque
2978 2971 3339 3037 audientibus,
3359 2986 3488 3040 pan-

1903 3062 2113 3118 demus.
2141 3062 2277 3118 Nam
2299 3065 2493 3119 divinae
2518 3066 2624 3120 erit
2652 3065 3021 3134 inspirationis
3038 3074 3094 3121 et
3119 3064 3484 3123 exsecutionis

1904 3153 1960 3207 id
1991 3155 2132 3224 quod
2166 3155 2538 3210 desideramus
2563 3155 2704 3210 fideli
2733 3159 2912 3212 animo
2952 3156 3266 3226 propalare;
3295 3171 3484 3211 verum

1903 3253 2064 3315 atque
2078 3246 2356 3316 probabile
2379 3247 2769 3304 demonstrare.
2790 3248 2866 3302 Ex
2893 3263 2999 3318 quo
3020 3247 3487 3306 noslaborandum

1899 3354 2007 3394 non
2039 3354 2367 3410 magnopere
2387 3341 2739 3407 aestimamus,
2791 3342 2917 3415 quia
2944 3342 3071 3416 quid
3101 3345 3389 3401 tenendum
3419 3343 3489 3400 de

1901 3432 2004 3486 hoc
2035 3432 2381 3488 sanctissimo
2415 3443 2654 3510 mattyre
2703 3437 2906 3494 Christi
2957 3439 3050 3504 sit,
3100 3438 3230 3509 quid
3260 3437 3490 3493 creden.

1899 3521 2050 3588 dum,
2079 3529 2217 3578 notae
2237 3530 2289 3580 et
2316 3525 2714 3597 probatissima:
2743 3543 2990 3598 personae
3010 3525 3298 3583 veracibus
3327 3525 3488 3581 dictis

1898 3612 2194 3672 declarant.

2434 3708 2765 3766 EPISTOLA
2806 3709 2943 3765 XIV.

2060 3838 2307 3879 LIYDOVICI
2342 3839 2412 3878 ΡΠ
2450 3839 2590 3880 ΙΟΝΕ
2628 3840 3009 3881 ΑυιιειιΑΝεΝει
3044 3841 3312 3882 EPISCOPO.

2309 3913 2385 3969 De
2412 3918 2728 3970 monasterio
2757 3915 3069 3971 Anisofensi.

2506 4007 2678 4079 (Anno
2738 4007 2888 4078 838.)

1903 4101 2079 4172 [Apud
2102 4101 2164 4155 D.
2200 4099 2391 4170 Bouq.,
2420 4099 2576 4165 ibid.,
2600 4115 2666 4156 ex
2691 4100 2930 4244 ξδέιῖιιῖἰο,
2980 4100 3075 4156 lib.
3112 4116 3169 4156 Ill
3231 4099 3483 4170 Μίδεια..

2535 4187 2658 4242 pag.
2801 4212 2813 4223 .

2535 4187 2658 4242 pag.
2691 4187 2813 4226 ιοι.

1973 4266 2032 4320 ιη
2081 4253 2301 4321 nomine
2334 4265 2545 4334 Domini
2594 4264 2688 4320 Dei
2730 4271 2785 4318 et
2831 4263 3130 4320 Salvatoris
3160 4266 3330 4320 nostri
3358 4263 3488 4320 Jesu

1901 4356 2126 4422 Christi,
2175 4356 2503 4422 Ludovicus,
2534 4357 2713 4412 divina
2756 4357 3144 4427 repropitiante
3174 4357 3482 4423 clementia,

1903 4449 2035 4520 imp.
2064 4448 2362 4521 Augustus,
2390 4447 2539 4504 Jona:
2567 4448 2860 4504 venerabili
2889 4448 3141 4520 episcopo
3171 4449 3422 4503 salutem.

214 4550 273 4599 et
298 4551 492 4598 vestrm
517 4542 820 4598 sedulitatis
851 4543 1128 4606 instantia.
1155 4559 1276 4597 cum
1303 4559 1400 4614 pro
1424 4559 1616 4615 magna
1654 4551 1797 4604 anti-
1821 4565 1875 4626 Ῑ)
1971 4540 2168 4596 Νοῑυιη
2197 4555 2317 4596 esse
2345 4541 2593 4596 Volumus
2621 4541 2745 4610 quia
2800 4549 3114 4611 perventum
3149 4549 3232 4596 est
3277 4541 3344 4596 ad
3385 4555 3487 4596 nos

215 4635 424 4707 quitate
450 4633 611 4704 hujus
629 4636 956 4692 sanctissimi
1001 4635 1180 4691 Patris
1214 4637 1409 4703 nostri,
1438 4646 1705 4707 quantum
1729 4643 1798 4698 ad

215 4727 617 4797 generationem
654 4735 923 4782 terrenam
948 4737 1002 4784 et
1031 4728 1440 4783 conversionem
1470 4744 1563 4784 seu
1587 4734 1800 4790 obitum

216 4817 433 4881 attinet,
455 4818 590 4872 mira
613 4818 901 4874 sanctitate
922 4819 1380 4888 etvmiraculorum
1402 4823 1666 4892 prodigiis
1680 4827 1800 4882 orbi

219 4922 358 4987 pene
384 4917 576 4964 cuncto
603 4909 856 4974 innotuit,
875 4911 1065 4964 notitia
1084 4912 1250 4981 ipsius
1272 4915 1460 4982 paucis
1484 4927 1799 4975 nostrorum

219 5000 450 5070 cognita,
469 5000 715 5070 plurimis
745 5001 920 5056 adhuc
959 5017 1184 5058 manens
1230 5003 1523 5075 incognita,
1558 5026 1675 5066 cun,
1705 5025 1804 5081 per

218 5098 457 5144 vestrum
490 5091 726 5146 studium
754 5093 1009 5161 patuerit,
1061 5101 1115 5148 et
1172 5096 1444 5162 meritum,
1496 5110 1561 5156 ut
1610 5103 1803 5158 melius

217 5181 320 5252 ipsi
344 5181 512 5247 scitis,
542 5182 746 5253 grande
777 5182 929 5238 vobis
974 5185 1356 5252 conciliabitis,
1386 5195 1441 5241 et
1482 5193 1804 5249 'memoriale

217 5281 532 5345 perpetuum
562 5273 872 5344 acquiretis.
907 5274 1094 5331 Faciat
1114 5286 1292 5332 autem
1325 5278 1590 5339 Dominus
1617 5294 1676 5338 ut
1703 5299 1802 5341 nos

220 5364 396 5420 idonei
429 5374 808 5436 cooperatores
837 5366 1176 5421 inveniamur
1200 5368 1267 5422 ad
1320 5369 1481 5430 bona:
1513 5375 1804 5432 voluntatis

214 5465 412 5513 vestrae
442 5457 848 5528 perfectionem,
885 5458 975 5527 qui
1028 5466 1178 5512 tanto
1205 5459 1323 5514 sine
1377 5464 1552 5535 aliqua
1580 5465 1799 5521 haesita-

219 5549 364 5605 tione
393 5549 589 5604 vestris
613 5547 949 5617 jussionibus
975 5549 1272 5615 obedimus,
1293 5565 1501 5624 quanto
1533 5556 1620 5611 illa
1645 5573 1800 5626 roga-

221 5629 288 5696 tis
309 5640 478 5695 seduli
507 5650 790 5695 exactores
817 5656 938 5710 quae
968 5639 1294 5699 exhibemus
1322 5645 1609 5701 voluntarii
1647 5663 1799 5702 exse-

221 5742 461 5787 cutores.
493 5731 700 5786 Idcirco
725 5732 846 5801 quia
878 5739 1094 5802 reperta
1122 5746 1355 5805 quasque
1384 5744 1492 5790 tam
1523 5737 1576 5791 in
1597 5737 1800 5793 Graecis

221 5838 384 5892 quam
439 5823 493 5879 in
540 5822 748 5879 Latinis
803 5821 1078 5878 codicibus
1123 5836 1194 5882 ex
1244 5825 1462 5884 domino
1489 5836 1544 5884 et
1569 5835 1800 5900 patrono

1903 4633 2046 4708 quod
2101 4634 2353 4690 monachi
2402 4649 2468 4690 ex
2521 4633 2852 4690 monasterio
2904 4632 3089 4690 Sancti
3133 4632 3487 4702 Carilephiin

1901 4743 2123 4798 egressu
2138 4728 2522 4798 pratsumptivo
2552 4727 2693 4782 idem
2718 4729 3106 4781 monasterium
3125 4726 3486 4796 expoliassent

1903 4819 2236 4876 ornamentis
2263 4818 2668 4883 ecclesiasticis,
2698 4826 2810 4871 tam
2849 4817 2904 4872 in
2933 4817 3189 4872 thesauro
3211 4829 3485 4886 quamque

1904 4913 1959 4966 in
1975 4912 2122 4966 vasis
2137 4926 2233 4966 seu
2254 4910 2613 4972 vestimentis,
2642 4923 2849 4963 necnon
2871 4916 2926 4963 et
2951 4908 3124 4962 libris.
3142 4906 3486 4977 Quapropter

1904 5003 2002 5056 tibi
2028 5003 2372 5072 praacipimus
2391 5010 2446 5055 et
2469 5001 2702 5056 Henrico
2732 5001 2912 5056 abbati
2961 5008 3020 5054 ut
3054 5015 3152 5054 vos
3179 5001 3325 5055 omni
3355 4999 3478 5054 dili-

1905 5095 2084 5168 gentia
2107 5093 2235 5148 illud
2265 5094 2573 5163 inquiratis,
2607 5101 2810 5148 etcum
2860 5092 3006 5148 omni
3059 5092 3366 5163 integritate
3391 5105 3482 5147 res

1905 5185 2298 5242 ecclesiasticas
2350 5185 2525 5239 eidem
2587 5183 2829 5240 ecclesiae
2893 5184 3180 5239 restituere
3247 5181 3479 5239 faciatis.

1904 5278 2055 5343 Vale,
2083 5295 2149 5334 ex
2174 5279 2278 5332 hoc
2308 5275 2506 5332 habeto
2530 5276 2669 5331 sicut
2698 5275 2764 5331 de
2791 5283 2844 5329 te
2882 5274 3021 5330 bene
3053 5275 3395 5343 confidimus,
3423 5284 3483 5330 et

1906 5371 2045 5429 sicut
2074 5371 2128 5426 in
2159 5371 2262 5426 hoc
2293 5377 2533 5425 nostram
2569 5369 2853 5440 cognoscis
2879 5369 3227 5425 voluntatem.

2434 5475 2766 5536 EPISTOLA
2831 5479 2946 5536 XV.

2468 5568 2697 5608 εωεοειί
2727 5567 2912 5607 Ειυευ.

2492 5645 2664 5716 (Anno
2681 5645 2909 5716 eodem.)

2364 5735 2548 5809 [Apud
2594 5737 2801 5804 Baluz.,
2836 5738 3019 5810 ‘ibid.]

1975 5828 2028 5884 In
2055 5828 2268 5885 nomine
2297 5827 2390 5884 Dei
2418 5839 2470 5886 et
2498 5829 2791 5886 Salvatoris
2822 5831 2949 5888 Jesu
2989 5828 3212 5899 Christi,
3247 5827 3479 5889 LudOVl-
