3918 6304
447 338 506 389 ιι
1343 332 1401 389 S.
1446 331 1866 390 AGOBARDUS
1904 331 2282 391 EPISCOPUS
2320 331 2826 393 LUGDUNENSIS.

3662 337 3741 391 1⁸8

446 458 627 514 cogor,
657 437 1030 522 et_id_quidem
1056 441 1327 522 acriu_s_ac
1359 441 1745 522 vehementius.
1763 455 1927 522 quam
1953 440 2030 494 fa-
2059 446 2106 503 Α
2132 451 2370 522 quatuor
2396 442 2564 522 libros
2587 442 2849 497 Amalarii
2873 444 3157 522 de‘divinis
3193 443 3425 510 Ofﬁciis,
3459 433 3737 522 hactenus

444 510 592 570 ctum
613 519 697 566 est
722 512 775 565 in
801 510 1123 567 Prmfatione
1149 512 1216 565 ad
1251 511 1478 581 Lupum.
1524 510 1661 565 Nam
1694 511 1749 581 si
1778 510 1907 581 quis
1926 526 2025 565 un-

444 598 607 655 quam
630 582 874 655 scriptor
907 582 1127 655 habitus
1163 590 1246 636 est
1288 578 1645 655 indiligenter,
1690 580 1742 655 id
1783 578 2028 655 profecto

444 648 673 722 contigit
717 648 1037 722 Kgobardo;
1083 667 1205 706 cum
1237 648 1464 722 certum
1508 648 1827 722 sitinullam
1857 648 2031 722 ferme

446 719 644 779 lineam
683 719 804 775 esse
835 721 887 775 in
926 721 1164 791 editione
1206 720 1471 785 Massoni,
1513 720 1604 789 qui
1640 720 1850 791 primus
1880 719 2030 791 illum

444 792 640 856 edidit,
673 806 792 862 qua:
824 805 928 845 non
952 790 1154 862 aliquid
1176 791 1447 862 diversum
1470 791 1669 862 habeat
1692 805 1722 843 a
1746 790 1917 862 veteri
1941 803 2031 862 co:

446 864 567 918 dice
588 857 705 931 quo
721 860 1002 915 Massonus
1030 857 1311 931 utebatur;
1330 860 1481 931 adeo
1504 868 1566 913 ut
1588 859 1799 931 Lupus,
1822 857 2030 931 alioqui

446 927 1029 1001 consp'urcatissimus,
1069 929 1545 1001 emendatissimus
1580 927 1746 983 fuisse
1783 928 2034 1001 videatur

446 1004 501 1058 in
552 998 955 1071 comparatione
991 999 1505 1071 Agobardi._l_taque
1538 1013 1663 1054 cum
1706 1013 1901 1071 magna
1930 998 2033 1071 viri

452 1070 599 1126 fama
632 1067 731 1134 sit,
757 1067 1160 1140 plurimumque
1188 1085 1246 1124 se
1270 1069 1346 1140 illi
1375 1067 1573 1140 debere
1598 1067 1841 1136 quotidie
1867 1067 2033 1140 proﬁ-

446 1148 663 1197 teantur
692 1136 939 1194 homines
968 1136 1197 1202 eruditi;
1228 1139 1446 1208 plenum
1469 1138 1600 1193 alea:
1624 1152 1761 1208 opus
1789 1152 1853 1192 ac
1869 1136 2034 1208 plane

444 1210 809 1281 periculosum
847 1210 978 1281 mihi
1033 1206 1339 1281 suscepisse
1378 1206 1711 1281 videor,_qui
1762 1206 2037 1281 negligem-

448 1274 581 1361 tiam
630 1278 748 1361 ejus
787 1279 1159 1361 incuriamque
1185 1274 1424 1361 prodere
1455 1274 1873 1361 ‘destin'averim'.
1917 1274 2036 1361 '"Sed

446 1359 629 1405 tamen
658 1344 748 1403 illa
779 1363 902 1418 spes
944 1364 1031 1403 me
1054 1344 1285 1418 solatur,
1326 1348 1470 1417 quod
1507 1355 1566 1418 tu
1602 1362 1667 1418 ac
1698 1346 1776 1418 tui
1809 1344 2033 1410 similes,

445 1419 618 1476 lector
643 1415 878 1484 erudite,
903 1416 1099 1474 dabitis
1127 1415 1377 1473 lubenter
1394 1415 1610 1471 veniam
1635 1416 1763 1471 huic
1786 1430 1918 1470 mea;
1941 1430 2037 1469 au-

445 1490 636 1568 dacia},
668 1488 1189 1568 huncque_laborem
1215 1502 1395 1542 meum
1413 1486 1552 1568 aequi
1581 1485 1817 1555 bonique
1844 1500 2039 1568 consu-

446 1559 590 1624 letis,
633 1573 757 1613 cum
796 1555 1172 1613 intellexeritis
1210 1555 1571 1613 necessariam
1608 1570 1833 1624 prorsus
1871 1555 2038 1610 fuisse

451 1630 591 1684 hanc
624 1642 814 1683 curam
854 1643 1061 1692 meam;
1090 1626 1145 1682 id
1173 1627 1317 1696 quod
1346 1626 1504 1696 facile
1534 1625 1631 1681 tibi
1663 1625 2036 1696 persuadebis,

450 1700 644 1769 lector,
678 1704 982 1769 postquam
1000 1712 1069 1751 ex
1107 1694 1391 1769 collatione
1418 1695 1580 1765 hujus
1609 1694 1810 1769 nostra;
1840 1694 2039 1749 editio-

447 1768 535 1823 nis
580 1762 705 1823 cum
755 1762 1093 1838 Massoniana
1137 1762 1645 1838 agnoverisquam
1702 1762 2037 1838 deformatus

448 1846 610 1893 antea
650 1836 1099 1905 decoloratusqne
1128 1834 1293 1891 fuerit
1316 1834 1670 1906 VAgoba’rdus,
1706 1834 2037 1889 innumeris-

451 1922 558 1977 que
580 1908 971 1977 propemodum
998 1904 1131 1962 locis
1154 1905 1358 1961 videris
1382 1904 1755 1977 emendatum.

522 1972 725 2048 Damus
766 1976 938 2048 igitur
972 1976 1083 2048 tibi
1129 1990 1327 2048 novam
1378 1974 1649 2048 Agebardi
1706 1972 1996 2029 editionem
2023 2012 2038 2038 ,

449 2043 889 2102 emendatam'ad
913 2045 1076 2101 ﬁdem
1096 2045 1299 2101 codicis
1327 2043 1451 2115 qu_o'
1472 2043 1753 2115 Massonus
1775 2052 1859 2115 est
1888 2058 2037 2115 usus,

446 2132 613 2186 quem
662 2115 819 2171 nobis
878 2130 945 2170 ex
1005 2112 1553 2186 bibliothecgt—Begia
1611 2112 2043 2186 subministravit

451 2182 538 2240 vir
560 2186 962 2241 illustrissimus
1002 2184 1255 2241 Nicolaus
1293 2182 1576 2239 Colbertus
1606 2182 1890 2252 episcopus
1931 2182 2041 2235 Lu—

442 2256 740 2311 cionensis.
796 2255 873 2310 Ac
923 2268 991 2309 ne
1036 2255 1159 2324 quis
1194 2253 1403 2324 dubitet
1446 2253 1587 2324 quin
1613 2253 1661 2308 is
1702 2253 1774 2324 sit
1812 2252 2043 2321 siremps

451 2325 681 2380 Massoni
737 2324 902 2387 liber,
942 2321 1072 2379 haec
1098 2324 1154 2378 in
1202 2321 1383 2378 fronte
1418 2321 1623 2378 cOdicis
1666 2321 1867 2387 scripta
1917 2329 2045 2375 sunt

454 2393 863 2464 manuﬂilinstr.
905 2394 1028 2464 viri
1045 2390 1161 2448 Jac.
1197 2391 1425 2464 Augusti
1472 2391 1680 2464 Thuani
1714 2389 1853 2464 :_Ea:
1893 2389 2042 2464 libris

458 2462 668 2533 Papirii
697 2459 1327 2533 lenonia'i‘ummanu
1347 2460 1570 2533 Joannis
1602 2461 1857 2533 Baptistae
1888 2459 2043 2533 Mas-

448 2525 591 2597 son'i,
621 2532 712 2603 qui
728 2531 931 2603 librum
957 2532 1104 2603 illum
1124 2525 1467 2603 bibliotheca:
1492 2525 1845 2603 Regim'dono
1869 2530 2037 2603 dedit,

451 2604 557 2657 ista
607 2599 831 2657 totidem
884 2601 1080 2657 litteris
1122 2600 1329 2670 adjecta
1364 2607 1493 2670 sunt
1541 2599 1735 2654 :‘Hw‘c
1776 2599 2043 2670 Agobardi

443 2687 606 2751 ρρενα
637 2686 751 2751 ηεξς.
781 2688 814 2724 α
844 2668 1363 2751 Ριξρίγίομιέξεοηο.
1381 2668 1629 2751 ἒῖιᾸυΕεηι
1651 2668 2045 2751 Missam?-

446 2738 623 2811 forem
670 2740 816 2811 illius
858 2738 1121 2811 editionis
1136 2740 1303 2811 ﬁdem
1346 2739 1670 2811 bibliotheca:
1701 2738 1878 2809 Regia:
1902 2738 2042 2811 dodo

445 2808 687 2891 dedier
700 2809 880 2891 ‘Joun.
907 2809 1082 2891 Bapt._
1096 2808 1398 2891 summa,
1417 2810 1558 2891 regis.
1574 2808 2037 2891 eleemosgnarius,

451 2876 659 2949 Papirii
691 2880 879 2949 frater,
918 2876 1005 2933 xvi
1050 2877 1202 2941 Julii,
1232 2896 1373 2949 anno
1397 2876 1585 2949 εᾳζιιιὶε
1610 2876 1886 2949 millesimo
1921 2893 2043 2949 sea:-

448 2945 730 3002 ceutesim'o
779 2948 981 3002 decimo
1042 2957 1244 3002 octavo.
1308 2948 1385 3001 Ls
1433 2947 1666 3004 Massou.
1719 2945 1873 3013 Quod
1924 2946 2045 3001 ideo

456 3018 631 3071 visum
653 3024 739 3072 est
762 3016 1044 3081 adnotare,
1060 3026 1120 3071 ut
1140 3017 1391 3071 omnibus
1415 3024 1627 3071 constet
1641 3016 1784 3070 hanc
1804 3023 2043 3069 nostram

448 3086 890 3156 editionemgesse
917 3095 1266 3156 procuratam
1287 3085 1362 3156 ad_
1378 3084 1538 3156 ﬁdem
1567 3084 2042 3156 ejusdemmetco-

452 3155 591 3226 dicis
610 3170 719 3226 quo
741 3153 1025 3226 Massonus
1050 3155 1321 3226 utebatur.
1344 3153 1607 3225 Magnam
1623 3168 1796 3226 porro
1809 3153 2040 3226 gratiam

450 3222 711 3280 debemus
737 3239 928 3280 omnes
956 3225 1223 3290 Massono,
1253 3225 1323 3279 ob
1362 3222 1639 3278 servatum
1668 3222 2036 3293 Agobardum.

453 3293 601 3365 idem;
619 3308 744 3348 cum
772 3294 839 3358 is,
868 3302 937 3365 ut_
950 3294 1067 3365 ipse
1101 3294 1370 3365 scribitin
1391 3293 1619 3365 epistola
1641 3292 1715 3365 ad
1724 3292 2041 3365 :Ecclcsiam

451 3362 890 3435 Lugdunensem,
917 3361 1162 3435 Lugduni
1190 3364 1243 3416 in
1264 3363 1385 3435 vico
1414 3361 1673 3418 Mercium
1702 3361 1871 3416 libros
1898 3376 2043 3435 quae-

453 3428 621 3503 reret,
641 3440 700 3487 et
720 3433 861 3503 apud
876 3428 1565 3503 compactoremlibrorum
1592 3440 1902 3503 versaretur
1916 3428 2042 3503 ejus

453 3502 532 3557 rei
562 3497 771 3565 causa,"
794 3497 1214 3571 compaétorque
1260 3501 1365 3571 ille,
1390 3497 1662 3571 Agobardi
1683 3497 1964 3571 codicem
1985 3500 2040 3553 in

453 3572 788 3627 membranis
814 3569 1178 3642 perscriptum
1204 3569 1478 3625 veteribus
1503 3571 1651 3642 notis
1666 3569 1929 3642 dilaniare
1946 3584 2042 3639 pa-

452 3649 603 3695 ratus
630 3638 834 3707 esset,’
853 3638 1199 3707 cultrumque
1222 3642 1289 3695 ad
1318 3654 1439 3694 eam
1466 3638 1841 3694 carniﬁcinam
1877 3638 2039 3692 manu

456 3717 685 3775 teneret,
725 3710 893 3765 vitam
922 3709 996 3765 illi
1026 3708 1252 3765 redemit
1292 3709 1605 3775 Massonus,
1650 3716 1933 3764 numerato
1963 3708 2041 3762 vi-

453 3779 652 3850 deiicet
676 3781 854 3850 pretio
883 3779 1029 3836 libri.

522 3848 791 3905 Pnetérea
822 3850 1194 3905 admonendus
1220 3864 1301 3915 es,
1343 3849 1534 3915 lector,
1576 3864 1685 3904 non
1727 3848 1863 3904 adeo
1891 3862 2041 3902 scru-

451 3918 696 3987 pulosum
727 3919 898 3975 fuisse
919 3934 1005 3974 me
1036 3920 1090 3974 in
1116 3920 1219 3975 hac
1245 3920 1504 3983 editione,
1527 3926 1589 3974 ut
1615 3934 1725 3974 non
1766 3916 2039 3973 interdum

450 3998 725 4043 auctorem
747 3990 890 4059 hunc
909 3997 1153 4059 nostrum
1175 3990 1572 4059 emendaverim
1593 4004 1660 4044 ex
1686 3988 1923 4059 ingenio,
1947 3987 2041 4059 ubi

448 4058 667 4112 occasio
696 4058 840 4125 tulit,
871 4058 927 4113 id
951 4068 1058 4123 est,
1088 4059 1179 4112 ubi
1211 4059 1425 4113 turbata
1461 4056 2041 4126 videbatur'Agobardi

449 4129 717 4182 sententia
749 4129 804 4182 in
842 4128 1015 4198 veteri
1057 4129 1277 4192 codice,
1318 4127 1732 4198 emendatioque
1772 4125 1947 4198 facilis
1988 4133 2044 4179 et

451 4198 610 4251 obvia
651 4206 794 4251 erat.
829 4196 976 4266 Quos
1005 4210 1225 4253 errores
1248 4212 1370 4251 cum
1396 4196 1603 4266 librarii
1630 4196 1751 4251 esse
1776 4196 2039 4266 viderem,

448 4281 555 4321 non
603 4281 732 4322 vero
760 4264 1030 4337 Agebardi
1055 4309 1070 4333 ,
1108 4265 1545 4337 optimumfactu
1575 4266 1758 4335 putavi
1794 4265 1840 4337 si
1884 4264 2039 4319 tolle-

449 4350 565 4405 rem
590 4354 603 4389 :
629 4352 730 4391 nec
758 4334 890 4405 puto
918 4334 1246 4405 quemquam
1265 4376 1280 4401 ,
1312 4336 1399 4391 cui
1428 4334 1589 4391 mens
1608 4350 1741 4391 sana
1771 4334 1876 4399 sit,
1899 4348 2044 4404 aegre

455 4404 714 4459 laturum.
754 4404 1147 4476 Quanquamr’Si
1188 4406 1494 4476 emendatio
1524 4406 1790 4476 quaepiam
1817 4404 1895 4476 sic
1920 4412 2042 4476 ten:

2067 3127 2114 3189 Ο

2130 512 2431 586 ineditum__:
2456 512 2547 582 qui
2572 514 2995 586 quonammodo
3018 515 3084 586 ad
3105 530 3202 586 me
3221 517 3552 584 pervenerit,
3582 532 3733 586 pau-

2130 584 2209 639 cis
2236 582 2540 652 expediam.
2585 582 2750 637 Forte
2780 584 2864 636 vir
2905 582 3244 639 clarissimus
3286 586 3554 640 Antonius
3583 582 3733 641 Vion

2133 651 2489 714 llerovallius,
2506 660 2567 704 ut
2587 658 2670 705 est
2693 666 2866 721 prono
2887 665 3015 721 erga
3037 654 3153 709 haac
3178 655 3354 709 studia
3379 656 3584 721 animo,
3610 672 3735 711 me-

2131 738 2256 794 cum
2278 721 2698 794 communicavit
2737 722 2993 794 schedam
3020 724 3339 794 quamdam,
3383 725 3436 779 in
3466 741 3572 794 qua
3594 740 3737 780 con-

2132 792 2406 848 tinebatur
2433 789 2692 845 elenchus
2717 789 3094 845 nonnullarum
3121 789 3551 849 lucubrationum
3586 810 3734 849 nuo-

2132 863 2380 931 rumdam
2432 869 2675 914 veterum
2730 861 3074 929 scriptorum,
3102 877 3221 931 qua:
3274 865 3509 918 nondum
3557 861 3731 920 edita:

2133 930 2368 994 fuerant,
2418 936 2475 986 et
2520 939 2735 984 exstare
2786 930 3315 999 dicebantur’penes
3360 934 3749 991 clarissimum.

2134 1002 2312 1075 virum
2355 999 2575 1075 Petrum
2606 999 2955 1075 Franciscum
2976 999 3317 1075 _C_hi_llletium
3342 1004 3731 1075 presbyterum

2131 1086 2163 1126 e
2190 1070 2455 1127 societate
2497 1068 2647 1133 Jesu,
2692 1070 2785 1138 qui
2813 1085 2955 1124 nunc
2976 1069 3201 1123 Divione
3230 1068 3623 1127 commoratur.
3660 1073 3736 1128 Et

2133 1148 2254 1195 erat
2278 1140 2512 1207 scriptus
2540 1139 2797 1194 elenchus
2824 1155 2985 1193 manu
3010 1138 3283 1194 Chililetii.
3309 1141 3447 1195 Tum
3476 1156 3507 1196 e
3544 1157 3578 1197 ο
3606 1142 3735 1211 plu-

2134 1210 2333 1264 rimum
2375 1207 2652 1263 confidens
2682 1209 2749 1262 de
2792 1209 3129 1263 humanitate
3155 1208 3294 1264 viri.
3336 1158 3623 1264 enistofam
3658 1210 3734 1264 ad

2134 1210 2333 1264 rimum
2375 1207 2652 1280 confidens
2682 1209 2749 1262 de
2792 1209 3129 1280 humanitate
3155 1208 3294 1274 viri,
3334 1207 3625 1280 epistolam
3658 1210 3734 1266 ad

2133 1292 2259 1353 eum
2290 1278 2481 1353 scripsi
2497 1317 2526 1353 ,_
2560 1292 2792 1353 eumque
2820 1278 3021 1353 rogavi
3041 1286 3102 1333 ut
3136 1278 3444 1353 exemplum
3481 1280 3735 1353 Agobar—

2135 1349 2272 1405 dicae
2321 1346 2464 1403 illius
2512 1346 2905 1403 lucubrationis
2954 1347 3021 1401 ad
3051 1363 3139 1403 me
3176 1346 3438 1413 mitteret,
3490 1346 3557 1403 ut
3600 1365 3736 1405 cum

2136 1418 2349 1489 caeteris
2388 1416 2686 1489 clarissimi
2732 1416 3013 1489 scriptoris
3064 1415 3330 1489 pperibus
3382 1418 3468 1489 edi
3520 1428 3732 1489 posset.

2136 1488 2290 1543 Fecit
2330 1486 2540 1550 lubens,
2565 1500 2632 1541 ac
2651 1485 3028 1543 statim'misit.
3066 1485 3290 1542 Interim
3313 1502 3377 1543 ea
3408 1488 3477 1543 de
3503 1485 3561 1543 re
3595 1488 3737 1543 scri-

2138 1558 2219 1638 psi
2247 1555 2699 1638 adclarissimiim
2724 1556 3069 1638 virumkquo
3096 1570 3197 1637 ego
3226 1557 3407 1638 amico
3428 1557 3733 1638 gloria'bar,

2140 1624 2494 1698 Franciscum
2529 1624 2868 1698 Solleiselum
2904 1624 3554 1698 Clapieriumipatricium
3592 1627 3739 1698 Lug-

2139 1697 2455 1768 dunensem,
2496 1696 2586 1766 qui
2631 1708 2863 1768 nu_per_e
2902 1696 3015 1768 vita
3050 1695 3285 1751 excessit
3330 1697 3473 1768 apud
3510 1695 3737 1768 Lugdu-

2072 1794 2113 1855 Β
2141 1782 2295 1855 ἏῗΨης
2308 1766 2370 1855 ΡΞ
2380 1763 3301 1855 ἓῖεθξίὶιέωιὲὶίῗὲθξίὲῗῗξεῖῗὲῗῖἓω
3319 1763 3739 1855 Ῥέᾳῖῗὲἷυεξῖηὲξθ

2144 1834 2615 1892 Οὴίίὶιεδιίιιθῖιιιηε
2656 1834 2855 1888 librum
2885 1834 3266 1904 descripserat,
3317 1843 3534 1891 exstare
3562 1836 3617 1901 in
3648 1835 3738 1889 bi-

2142 1906 2414 1975 bliotheca
2441 1904 2587 1961 Petri
2630 1904 2901 1975 Marnassii
2930 1904 3201 1975 senatoris
3240 1903 3736 1975 Gratianopolitani

2141 1974 2499 2044 canonicique
2537 1974 2887 2044 Viennensis,
2924 1974 3027 2028 viri
3068 1974 3357 2028 clarissimi
3398 1989 3463 2029 ac
3503 1973 3737 2029 nobilis-

2143 2045 2286 2111 simi,
2318 2060 2382 2099 ac
2407 2043 2576 2114 divini
2598 2043 2927 2114 humanique
2950 2043 3112 2114 juris,
3136 2052 3198 2114 _ut
3224 2044 3498 2098 scribebat
3517 2043 3736 2114 Qlapie-

2143 2115 2276 2180 rius,
2307 2112 2700 2183 callentissiini,
2731 2112 2856 2183 eum
2884 2112 3032 2183 ad‘se
3057 2112 3255 2167 deferri
3277 2114 3489 2168 curavit
3515 2112 3739 2183 Lugdu-

2143 2200 2270 2238 num
2295 2223 2311 2249 ,
2343 2192 2399 2237 et
2424 2183 2552 2237 hinc
2596 2181 2865 2253 Lutetiam
2912 2182 2980 2237 ad
3011 2198 3098 2237 me
3126 2183 3308 2253 statim
3338 2197 3438 2253 pro
3466 2198 3561 2238 sua
3600 2181 3737 2252 erga

2143 2268 2229 2308 me
2262 2252 2502 2307 amicitia
2530 2251 2853 2315 transmisit,
2878 2260 2939 2307 ut
2959 2266 3086 2306 mox
3115 2252 3312 2306 dicam.

2212 2320 2804 2392 Enimvero‘putabam
2850 2321 2993 2392 hanc
3039 2322 3332 2377 editionem
3362 2335 3523 2390 posse
3554 2320 3736 2392 incipi

2142 2393 2325 2448 statim
2350 2399 2474 2461 post
2507 2390 2736 2456 Pascha,
2768 2405 2833 2461 ac
2854 2390 3290 2461 perﬁcidemum
3324 2405 3511 2447 mense
3546 2390 3733 2446 Junio.

2127 2462 2250 2517 .Sed
2280 2459 2665 2531 spésliabendi
2693 2460 2895 2515 codicis
2924 2459 3289 2531 Mammsiani,
3318 2476 3482 2530 quam
3522 2468 3734 2531 certam

2143 2529 2376 2612 faciebat
2399 2529 2721 2612 Qlapierius,
2749 2545 2967 2612 moram
2983 2530 3109 2585 huic
3129 2529 3350 2612 negotio
3375 2531 3576 2612 attulit.
3628 2529 3735 2584 Ac-

2142 2601 2308 2657 cessit
2341 2600 2469 2655 huic
2494 2599 2835 2671 incommodo
2864 2599 3064 2654 malum
3087 2599 3256 2658 multo
3283 2600 3519 2671 gravius,
3545 2601 3738 2671 ingens

2142 2672 2423 2727 rtculorum
2454 2671 2697 2740 morbus,
2744 2670 2988 2739 adeoque
3030 2671 3228 2740 gravis,
3257 2670 3317 2724 ut
3346 2671 3510 2724 etiam
3538 2670 3733 2740 timen-

2142 2743 2272 2796 dum
2302 2740 2436 2796 mihi
2480 2738 2642 2794 fuerit
2666 2755 2733 2794 ne
2756 2738 2941 2794 oculos
2967 2738 3270 2808 perderem,
3302 2748 3395 2793 aut
3432 2740 3624 2808 saltem
3655 2739 3736 2791 al-

2143 2818 2410 2865 terutrum
2433 2810 2761 2864 amitterem.
2796 2808 2901 2865 Sed
2925 2807 3018 2863 Dei
3048 2809 3389 2877 providentia
3418 2807 3620 2863 factum
3647 2815 3737 2862 est

2142 2888 2203 2935 ut
2253 2880 2378 2935 huic
2421 2894 2636 2948 quoque
2672 2879 2813 2935 malo
2862 2878 2984 2933 ﬁnis
3013 2887 3229 2948 optatus
3274 2880 3516 2933 daretur.
3548 2878 3736 2947 Itaque

2143 2947 2523 3029 postquam’ex
2549 2947 2653 3003 hac
2677 2947 2998 3029 Ecgritudine
3020 2947 3242 3029 emersi,
3271 2963 3447 3029 neque
3470 2949 3736 3029 enimoau-

2143 3016 2245 3074 deo
2282 3016 2473 3073 dicere
2500 3016 2838 3073 convaluisse
2863 3032 2970 3083 me,
3003 3017 3213 3073 delatus
3256 3025 3340 3071 est
3372 3016 3446 3072 ad
3478 3031 3564 3072 me
3596 3016 3737 3071 liber

2148 3087 2435 3152 Mal-nabsii,
2474 3087 2521 3142 is
2551 3087 2663 3157 ipse
2704 3087 2959 3141 nimirum
2986 3102 3144 3157 quem
3170 3085 3464 3143 Chiﬁletius
3498 3087 3729 3157 viderat.

2146 3157 2280 3238 l‘iam
2311 3159 2367 3212 in
2409 3172 2474 3211 eo
2525 3158 2784 3238 scriptum
2832 3156 3195 3238 eratﬁlibrum.
3220 3157 3387 3238 fuisse
3428 3172 3511 3238 ex.
3537 3156 3732 3238 biblio-

2144 3228 2301 3282 theca
2358 3225 2675 3280 monasterii
2726 3225 3128 3281 Boncvallensis
3182 3228 3235 3281 in
3292 3226 3513 3283 dimcesi
3572 3226 3733 3280 Vien-

2144 3297 2317 3351 nensi.
2354 3295 2535 3366 Prima
2557 3310 2685 3366 ergo
2709 3296 2838 3350 mihi
2871 3310 2999 3366 cura
3032 3294 3132 3350 fuit
3155 3304 3212 3351 ut
3237 3296 3432 3351 librum
3458 3295 3730 3366 Agobardi

2140 3366 2407 3436 adversus
2430 3363 2765 3436 Amalarium
2786 3364 3086 3436 conferrem
3112 3380 3233 3420 cum
3255 3363 3564 3436 apograplio
3585 3363 3734 3436 βω(-

2142 3432 2304 3500 ﬁetii;
2329 3442 2468 3499 tum,
2492 3442 2553 3488 ut
2580 3434 2777 3489 librum
2803 3436 2869 3489 de
2894 3434 3173 3503 privilegio
3197 3445 3253 3489 et
3270 3432 3393 3504 jure
3422 3432 3730 3498 sacerdotii,

2142 3504 2234 3574 qui
2260 3504 2315 3558 in
2340 3518 2407 3558 eo
2434 3517 2650 3574 quoque
2682 3504 2867 3574 codice
2891 3505 3125 3574 scriptus
3161 3514 3311 3561 erat.
3341 3520 3463 3559 cum
3498 3505 3732 3574 editione

2144 3572 2377 3628 Massoni
2408 3573 2660 3628 similiter
2697 3572 3019 3628 conferrem:
3068 3573 3279 3628 Contuli
3326 3575 3511 3638 etiam,
3542 3581 3603 3627 ut
3631 3573 3734 3628 hoc

2184 3657 2362 3724 noque
2411 3642 2589 3724 obiter
2650 3642 3235 3724 meneamkepistolas
3288 3644 3430 3724 Aviii
3477 3642 3731 3724 episcopi

2196 3711 2472 3767 iennensis
2501 3727 2623 3766 cum
2654 3714 2893 3767 editione
2922 3711 3193 3767 Sirmondi
3219 3753 3233 3777 ,
3284 3713 3491 3767 meliori
3523 3711 3732 3766 fort'ean

2144 3782 2264 3837 luce
2292 3782 2580 3851 aliquando
2621 3780 2917 3851 donandas.
2963 3782 3028 3835 Et
3070 3798 3174 3838 non
3201 3784 3271 3836 ita
3309 3783 3473 3836 multo
3500 3790 3622 3851 post
3650 3795 3735 3835 re-

2144 3851 2342 3906 missus
2386 3850 2646 3906 estliber
2689 3851 2757 3905 ad
2800 3850 3151 3921 Clapierium,
3186 3853 3403 3909 domino
3452 3850 3550 3907 suo
3589 3854 3729 3907 bona

2144 3921 2249 3976 ﬁde
2278 3921 2606 3975 reddendus.

2212 3990 2408 4045 Addidi
2455 4001 2634 4044 autem
2682 3989 2809 4046 huic
2858 3990 3117 4056 editioni,
3150 4005 3215 4044 ne
3255 3990 3510 4056 quidhic
3549 3990 3735 4045 deesse

2143 4060 2401 4140 cunqueri
2446 4075 2633 4140 posses
2659 4100 2674 4125 ,
2719 4060 2908 4140 lector,
2942 4060 3221 4140 epistolam
3260 4059 3458 4129 Papirii
3478 4059 3728 4140 “Massoni

2144 4130 2211 4184 ad
2254 4128 2552 4200 Ecclesiam
2601 4128 3040 4200 Lugdunensem,
3088 4128 3732 4200 itemque’prcefationem

2144 4200 2261 4270 ejus
2284 4200 2350 4254 ad
2379 4198 2752 4270 Agobardum,
2781 4208 2835 4252 et
2861 4200 3139 4269 synopsim
3178 4198 3417 4270 Operum
3442 4198 3731 4270 Agobardi.

2146 4214 2261 4323 ejus
2284 4214 2350 4254 aa
2379 4214 2752 4321 agonaruum,
2781 4214 2835 4252 et
2861 4214 3139 4269 synopsim
3178 4214 3417 4270 uperum
3442 4214 3731 4269 agonarui.

2194 4284 2348 4323 erum
2394 4269 2430 4323 il
2456 4269 2526 4322 ud
2552 4277 2606 4323 te
2634 4283 2856 4323 monere
2890 4269 3052 4323 velim
3077 4310 3092 4332 ,
3124 4270 3395 4338 permulta
3423 4283 3543 4323 esse
3568 4269 3622 4322 in
3651 4267 3735 4322 his

2146 4338 2382 4393 Massoni
2408 4338 2890 4403 lucubrationibus,
2922 4354 3043 4407 quae
3073 4353 3247 4406 neque
3277 4338 3603 4393 conveniunt
3624 4350 3737 4407 mo-

2149 4408 2301 4478 ribus
2332 4408 2512 4463 smculi
2555 4407 2901 4478 Agobardici,
2942 4406 3118 4477 neque
3157 4416 3462 4477 congruunt
3498 4406 3736 4462 historia:

452 4483 565 4529 tata
612 4475 893 4547 videretur
926 4472 1165 4544 alicujus
1217 4475 1472 4547 momenti
1501 4515 1516 4541 ,
1542 4472 1671 4547 ‘nou
1701 4473 2044 4547 dissimulavi
2073 4472 2125 4532 D
2150 4477 2364 4533 illorum
2395 4472 2718 4547 temporum.
2747 4476 2854 4531 Sed
2890 4479 3007 4531 haec
3030 4472 3103 4531 ad
3136 4472 3320 4530 vivum
3350 4486 3603 4531 excutere
3638 4490 3734 4547 no-

449 4545 887 4600 emendationem
930 4560 1052 4601 esse
1084 4543 1311 4614 meam,
1351 4543 1431 4599 ne
1456 4558 1617 4614 quem
1659 4544 1749 4599 hic
1775 4543 2049 4612 deciperet

448 4614 649 4669 vetusti
679 4616 883 4671 codicis
910 4615 1224 4671 auctoritas.
1255 4612 1529 4682 Praecipue
1558 4629 1689 4668 vero
1717 4614 1859 4668 hanc
1889 4628 2047 4682 regu-

451 4684 558 4741 lam
588 4694 902 4741 constanter
931 4700 996 4740 ac
1024 4699 1235 4740 summa
1264 4682 1369 4738 ﬁde
1396 4683 1608 4738 servavi
1629 4684 1684 4737 in
1710 4682 1865 4737 libris
1887 4682 2047 4737 editis

454 4756 506 4808 in
535 4770 695 4811 causa
718 4756 931 4811 discidii
968 4755 1107 4810 inter
1126 4754 1456 4809 Ludovicum
1484 4752 1638 4806 Pium
1660 4752 2043 4821 imperatorem

454 4824 699 4893 filiosque
718 4825 869 4895 ejus,
894 4840 1030 4895 quos
1056 4824 1222 4878 libros
1248 4822 1529 4878 emendavi
1564 4822 1633 4895 ad
1660 4819 1821 4895 fidem
1843 4819 2046 4895 codicis

455 4890 843 4963 manuscripti;
873 4890 969 4948 aut
994 4895 1041 4949 si
1070 4894 1197 4963 quid
1234 4907 1302 4947 ex
1331 4900 1547 4961 recepta
1578 4892 1808 4963 lectione
1837 4890 2042 4963 mutavi

452 4963 669 5085 proprio
699 4959 889 5027 marte,
908 4978 1016 5045 non
1048 4959 1192 5018 tacui
1223 4963 1365 5045 inter
1390 4959 1562 5017 notas.
1594 4961 1701 5017 Res
1727 4963 1873 5017 enim
1896 4959 2044 5014 vide-

490 5042 615 5084 atur
638 5048 761 5085 esse
788 5048 967 5085 maam
994 5041 1275 5085 momenti.

490 5042 615 5104 atur
638 5048 761 5104 esse
788 5033 967 5104 magni
994 5033 1275 5104 momenti.

525 5102 756 5158 Exhibet
805 5098 989 5173 autem
1040 5102 1156 5173 haec
1186 5101 1627 5173 editio,_ipraeter
1662 5100 1910 5173 volgatas
1932 5098 2047 5169 jam

525 5116 756 5158 munitiet
805 5116 989 5157 autem
1040 5116 1156 5156 naec
1191 5116 1379 5165 emuo,
1464 5116 1627 5156 raeter
1662 5116 1910 5173 volgatas
1932 5116 2047 5169 jam

450 5170 580 5226 olim
607 5173 879 5243 Agobardi
930 5171 1357 5239 lucubrationes,
1388 5116 1585 5227 liBrum
1625 5171 1745 5244 ejus
1788 5170 2050 5227 adversus

2150 4548 2366 4602 luimus.
2409 4545 2466 4602 Si
2505 4544 2652 4617 'quid
2700 4556 2875 4601 tamen
2923 4548 3035 4601 illic
3092 4546 3377 4617 repereris
3418 4547 3566 4617 quod
3597 4544 3739 4617 notis

2150 4618 2352 4672 nostris
2380 4614 2714 4672 contrarium
2762 4617 2854 4681 sit,
2884 4617 3198 4671 existimare
3235 4616 3457 4670 omnino
3486 4614 3650 4671 debes
3685 4614 3737 4669 id

2150 4694 2323 4741 totum
2352 4701 2473 4741 esse
2498 4686 2833 4741 contrarium
2862 4685 3099 4741 veritati.

2220 4754 2348 4811 Haec
2385 4764 2536 4821 sunt,
2579 4754 2771 4819 lector,
2812 4756 2880 4810 de
2927 4756 3123 4824 quibus
3168 4761 3228 4824 te
3264 4754 3592 4808 monendum
3621 4766 3740 4824 esse

2148 4827 2354 4949 putavi.
2386 4820 2549 4880 Vides
2584 4833 2766 4879 autem
2809 4820 3061 4880 dare'me
3085 4822 3270 4879 sedulo
3297 4837 3521 4892 Operam
3550 4837 3620 4877 ne
3645 4820 3737 4875 fal-

2168 4910 2255 4949 am
2291 4894 2750 4949 exsnectationem
2799 4902 2965 4948 tuam.
2998 4892 3130 4947 Nam
3175 4892 3267 4949 oui
3304 4892 3556 4949 proximo
3603 4905 3737 4946 anno

2168 4910 2255 4949 am
2291 4894 2750 4965 exspectationem
2799 4902 2965 4965 tuam.
2998 4892 3130 4947 Nam
3175 4892 3556 4965 quiuproximo
3603 4905 3740 4946 anno

2153 4961 2515 5035 promiseram
2557 4979 2726 5035 novas
2754 4961 3464 5035 ieditionesﬂnonnullorum
3498 4970 3738 5016 veterum

2153 5031 2506 5105 scriptorum,
2537 5043 2594 5089 et
2626 5034 2679 5088 in
2710 5034 2795 5105 bis
2817 5032 3107 5105 Agobardi,
3140 5031 3313 5105 ﬁdem
3344 5045 3738 5105 meam_,_quant

2156 5099 2625 5226 tibiiobstrictam
2667 5099 2935 5171 sciebam,
2976 5101 3060 5159 vel
3093 5102 3194 5156 hac
3230 5099 3464 5157 editione
3514 5100 3739 5156 liberare

2157 5187 2224 5226 vo
2248 5188 2323 5226 ut.

2157 5187 2323 5228 VOIUI.
