3918 6338
202 362 270 417 l7
1572 352 2089 412 PROLEGOHENA
2099 396 2112 409 .
3423 356 3489 413 18

198 483 256 531 et
279 472 531 531 queritur
561 470 767 527 duobus
790 470 925 526 locis
955 471 1020 525 de
1053 468 1313 525 Romanis
1335 468 1551 525 clericis
1591 478 1646 523 et
1674 466 1796 522 aliis
1826 472 1871 530 Α

200 537 551 615 quibusdam“,
580 543 672 615 qui
702 555 935 615 canones
962 539 1275 615 _Gallicgnos
1304 547 1362 594 ut
1389 537 1607 615 inutiles
1629 547 1683 615 et
1708 552 1797 591 su-

203 607 443 684 perﬂuos
472 607 787 684 aﬂ'cr'ebant,
816 609 1113 684 legatisque
1136 609 1395 663 Romana:
1424 607 1577 684 sedis
1602 607 1797 684 absen-

204 677 365 757 tibus
395 691 452 738 et
491 682 698 757 injussu
724 677 1297 757 Cazsaiisponvocatas
1321 677 1540 757 easdem
1566 677 1799 757 synodos

198 752 503 821 jactabaut.
545 746 1122 821 'Grazcorumefrores
1163 748 1231 803 de
1266 746 1683 821 imaginibus’et
1719 746 1801 821 pi-

205 816 379 877 cturis
400 819 841 875 manifestissime
864 818 1120 888 detegens
1141 857 1156 882 ,
1178 825 1339 887 negat
1354 816 1451 888 eas
1472 816 1801 888 adoraride-

204 892 341 971 here
365 909 377 943 :
405 905 568 971 quam
602 885 1154 971 sententiampiunes
1184 885 1439 971 catholici
1483 885 1799 966 probamus,

205 955 567 1031 Gregoriique
602 959 779 1030 Magni
814 958 1191 1031 testimonium
1233 956 1469 1031 de_illis_
1499 955 1797 1024 sequimur.

207 1024 545 1085 Divisiuném
574 1024 787 1098 quoﬁue
812 1027 1025 1098 imperii
1064 1042 1095 1080 a
1132 1026 1405 1098 Ludovico
1444 1024 1640 1098 factam
1673 1038 1800 1098 per—

206 1099 430 1163 scribit;
456 1114 576 1169 quae
592 1094 736 1168 apud
762 1094 1120 1169 Walafridum
1145 1095 1423 1169 Strabum,
1447 1094 1550 1148 etsi
1576 1094 1804 1169 non_eis-

207 1170 334 1225 dem
367 1162 563 1231 verbis,
586 1162 893 1238 exponitur.
940 1166 1017 1238 De
1046 1166 1250 1238 tonitru
1280 1173 1336 1220 et
1363 1162 1801 1238 tempestatibus,

206 1239 457 1309 falsaque
477 1234 799 1309 insanientis
811 1236 999 1309 populi
1019 1236 1273 1305 opinione
1294 1234 1425 1309 agit,
1450 1242 1510 1309 ut
1533 1241 1659 1309 ante
1680 1248 1803 1287 eum

208 1302 475 1363 Maximus
499 1302 853 1362 Taurinensis
877 1302 933 1360 in
960 1302 1210 1360 sermone
1234 1313 1292 1360 et
1320 1302 1540 1358 homilia
1577 1302 1800 1367 fecerat,

207 1377 503 1433 Theodosii
526 1375 766 1431 Junioris
795 1375 1147 1443 temporibus.
1182 1374 1241 1429 In
1272 1373 1596 1444 disputando
1622 1380 1803 1444 autem

206 1448 386 1503 utitur
415 1448 721 1502 divinorum
753 1442 1016 1501 librorum
1044 1442 1390 1507 testimoniis,
1421 1458 1488 1498 ex
1514 1442 1685 1498 veteri
1718 1457 1805 1497 sa-

206 1532 433 1573 crorum
477 1515 849 1580 translatione,
888 1514 1159 1569 interdum
1199 1523 1255 1568 et
1288 1511 1623 1584 Hieronymi,
1660 1513 1804 1581 quod

205 1587 415 1643 idcirco
446 1600 667 1642 monere
692 1584 981 1653 voluimus,
1012 1599 1080 1639 ne
1109 1584 1232 1653 quis
1266 1583 1641 1653 intempestive
1690 1590 1803 1653 tur:

204 1656 392 1720 betur,
418 1671 551 1711 neve
585 1654 863 1711 existimet
892 1652 1093 1723 aliquid
1125 1651 1156 1708 ὀ
1192 1668 1280 1723 me
1314 1652 1400 1706 vel
1424 1651 1678 1723 additum
1720 1651 1803 1723 vel

204 1733 510 1789 mutatum;
536 1726 680 1793 quod
712 1723 862 1782 nefas
884 1721 1097 1793 semper
1131 1722 1458 1787 existimavi,
1502 1722 1697 1793 bona_m
1736 1721 1800 1793 tl-

206 1795 333 1851 dem
377 1790 694 1850 auctoribus
732 1794 915 1848 deberi
952 1790 1321 1861 (equissimum
1360 1799 1579 1861 putans.
1625 1790 1802 1861 'l‘esti—

206 1864 392 1920 monia
418 1864 640 1919 Patrum
678 1863 769 1933 ubi
801 1860 1051 1933 opusest
1093 1862 1311 1933 adducit
1353 1860 1523 1933 atque
1559 1860 1794 1933 exhibet,

206 1934 319 2013 divi
344 1933 630 2013 _Cypriani,
655 1930 866 2013 Hilarii,
894 1930 1226 2013 Hieronymi,
1255 1930 1549 2013 Ambrosii“,
1581 1939 1647 2013 ut
1684 1930 1801 2011 ipse

207 2004 309 2072 ait,
326 1999 572 2059 doctrina
589 2003 943 2072 etsanctitate
956 1999 1243 2072 przecipui,
1256 2000 1563 2072 Augustini,
1581 1999 1799 2072 Leonis,

207 2070 549 2143 Symmachi,
584 2072 785 2142 Vigilii,
814 2069 1018 2143 Pelagii
1048 2069 1564 2143 sectmdi,__Gregorii
1602 2069 1801 2143 magni,

204 2139 267 2197 et
287 2141 538 2213 Gregorii
560 2139 805 2207 secundi,
834 2139 1065 2197 Alcliimi
1087 2140 1231 2196 Aviti
1256 2139 1577 2197 Viennensis
1596 2139 1807 2208 episco-

1900 468 1977 590 pi,
2019 483 2179 537 quem
2217 467 2491 522 doctorem
2534 464 2892 522 orthodoxum
2929 477 2989 551 et
3025 467 3311 522 facundum
3358 468 3492 550 dicit

1926 553 2102 590 uisse:
2128 544 2403 590 postremo
2426 537 2599 590 Bedae.
2633 537 2778 590 hunc
2799 546 2973 590 gentis
3000 538 3292 590 Anglorum
3316 539 3489 590 homi-

1926 538 2102 602 ’uisse;
2128 544 2403 606 postremo
2426 537 2599 601 Bedae,
2633 537 2778 609 hunc
2799 538 2973 608 gentis
3000 538 3292 609 Anglorum
3316 539 3489 609 homi-

1900 621 2023 677 nem
2055 623 2152 662 suo
2182 615 2423 677 tempore
2451 621 2557 660 non
2586 606 2930 677 mediocriter
2954 606 3170 663 doctum
3205 608 3484 677 praedicat.

1901 676 1978 731 Ex
2014 677 2239 747 Graecis,
2274 676 2576 747 Athanasii,
2614 676 2821 747 Cyrilli,
2861 676 3215 742 Theodoreti,
3252 677 3484 739 Proculi.

1900 747 2125 817 Joannis
2136 746 2529 817 Cbrysostomi,
2552 745 2769 801 Eusebii
2791 746 3155 817 Cmsariensis,
3177 756 3338 816 atque
3358 748 3492 803 alio-

1902 833 2043 871 rum.
2072 816 2402 871 Clementem
2424 816 2725 871 Romanum
2746 816 3051 886 pontificem
3075 826 3129 871 et
3149 817 3487 886 Silvestrum,

1902 903 2045 967 quos
2069 888 2224 967 citat,
2253 885 2551 967 praeterire
2577 885 2843 967 nolumus.
2884 887 3261 967 etsiadhibita
3304 885 3493 954 hujus-

1901 955 2048 1028 modi
2075 955 2411 1028 praefatione,
2436 955 2560 1010 licet
2584 956 2747 1028 iidem
2778 956 2899 1028 libri
2916 956 3228 1028 judicentur
3246 971 3491 1028 apocry-

1902 1026 2016 1095 phi,
2046 1026 2304 1096 pleraque
2324 1034 2505 1080 tamen
2528 1041 2595 1081 ex
2621 1026 2707 1096 his
2736 1026 3042 1096 testimonia
3079 1026 3490 1096 inveniuntur'a

1904 1095 2229 1151 doctoribus
2264 1105 2545 1165 usurpata.
2597 1095 2676 1150 Ex
2718 1095 2959 1165 profanis
2997 1105 3176 1149 autem
3212 1095 3494 1165 scriptori-

1903 1167 2007 1222 bus
2032 1166 2233 1222 nullius
2266 1167 2578 1221 testimonio
2605 1166 2793 1231 utitur,
2822 1174 3183 1235 praeterquam
3224 1165 3491 1220 Prisciani

1903 1238 2263 1306 grammatici.
2312 1236 2521 1306 Habeto
2538 1251 2690 1305 ergo,
2720 1244 2907 1290 sancta
2933 1244 2988 1289 et
3014 1235 3241 1290 illustris
3278 1235 3496 1289 Lucdu-

1905 1304 2091 1372 nensis
2126 1307 2369 1362 Ecclesia
2406 1304 2643 1375 (quando
2687 1306 2758 1359 ita
2798 1306 3065 1360 Eusebius
3102 1314 3153 1360 te
3179 1314 3355 1365 vocat,
3385 1306 3494 1359 imo

1903 1376 2331 1432 illustrissimam
2356 1375 2631 1447 appellat),
2662 1375 2797 1447 mihi
2832 1376 3083 1447 gratiam,
3114 1384 3171 1430 et
3194 1375 3364 1431 civica
3401 1388 3494 1447 eo:

1905 1461 2037 1500 rona
2061 1447 2130 1501 ob
2154 1443 2623 1501 servatum’civem
2651 1460 2738 1500 me
2770 1443 2989 1501 donato.
3029 1444 3165 1501 Nam
3192 1461 3313 1499 cum
3350 1443 3492 1513 apud

1904 1530 2001 1571 vos
2022 1516 2074 1570 in
2094 1516 2215 1571 vico
2236 1516 2490 1571 Mercium
2518 1514 2686 1569 libros
2704 1530 3023 1584 quaererem,
3047 1530 3261 1584 unaque
3284 1527 3492 1584 mecum

1904 1595 2049 1643 esset
2074 1584 2391 1655 Stephanus
2420 1583 2737 1649 Verdierus,’
2774 1602 2917 1641 nunc
2957 1583 3226 1655 mortuus.
3266 1592 3321 1639 et
3352 1583 3493 1653 apud

1903 1653 2303 1729 compactorem
2344 1654 2603 1729 librorum
2646 1669 2991 1729 versaremur
3026 1653 3142 1729 ejus
3191 1655 3267 1708 rei
3306 1668 3490 1729 causa,

1903 1723 2099 1794 illeque
2120 1724 2390 1791 Agobardi
2417 1724 2657 1779 codicem
2686 1725 2739 1778 in
2770 1726 3102 1780 membranis
3134 1723 3490 1794 perscriptum

1836 1814 1877 1873 Β
1905 1795 2180 1873 veteribus
2208 1795 2353 1873 notis
2380 1794 2655 1873 .dilaniare
2689 1804 2909 1864 paratus
2946 1803 3109 1873 esset,
3153 1794 3494 1873 culti-umque

1906 1868 1979 1920 ad
2004 1880 2125 1920 eam
2149 1864 2524 1921 carnificinam
2549 1862 2710 1918 manu
2756 1874 2983 1929 teneret,
3027 1864 3195 1918 vitam
3236 1862 3308 1917 illi
3340 1865 3494 1916 rede-

1907 1935 2300 2017 mimus,quod
2322 1932 2822 2017 felixfaustmnque
2848 1934 2966 1988 fuit.
3052 2002 3091 2017 η
3132 2002 3146 2017 _
3226 1999 3247 2017 .
3427 2001 3460 2012 η

1978 1999 2124 2060 Bene
2168 1999 2307 2060 vale.
2364 2003 2591 2059 Lutetia;
2638 1999 2993 2063 Parisiorum.
3052 2002 3167 2057 Kal.
3218 1999 3495 2057 Januariis

1914 2073 2072 2130 1605.

856 2279 3473 2305 Μ

1406 2387 1797 2466 PAPIRII
1877 2383 2325 2463 MASSONI

499 2548 609 2611 DE
652 2548 850 2609 VITA
897 2544 1312 2609 AGOBARDI
1356 2542 1705 2616 EJUSQUE
1746 2538 2160 2603 DOCTRINA
2201 2538 2705 2599 BREVISSIMJE
2749 2539 3194 2602 SYNOPSEIS.

1679 2678 2032 2696 ψ

283 2777 533 2834 Obscura
560 2773 663 2829 fuit
706 2772 866 2829 istius
890 2770 1133 2842 episcOpi
1162 2768 1347 2825 multis
1380 2767 1593 2825 saeculis
1654 2766 1799 2832 vita;

208 2869 470 2931 obscura,
502 2865 757 2934 inquam,
794 2877 902 2917 non
946 2860 1148 2930 ingenii
1174 2868 1231 2915 et
1253 2860 1522 2915 acuminis
1549 2858 1801 2929 penuria,

208 2974 389 3028 neque
418 2956 662 3012 muneris
710 2952 1071 3024 ignobilitate,
1114 2950 1217 3007 sed.
1233 2958 1537 3020 temporum
1567 2948 1797 3003 nebulis.

208 3048 385 3103 Habet
437 3044 716 3099 Amandus
766 3056 894 3098 suos
945 3048 1143 3106 testes;
1198 3040 1400 3095 habent
1427 3037 1793 3109 Engilbertus,

1910 2762 2172 2823 orandam
2209 2772 2266 2821 et
2310 2764 2641 2821 exorandam
2690 2765 2903 2821 veniam
2950 2767 3179 2838 cogitur.
3229 2769 3493 2831 Auctores

1908 2856 2121 2924 consilii
2142 2865 2460 2927 quaeruntur
2478 2857 2755 2928 puniendi.
2780 2859 3145 2917 Ecclesiastici
3174 2862 3292 2932 ejus
3318 2869 3490 2923 turbae

1908 2946 2124 3004 fomites
2144 2948 2649 3016 deprehenduntur;
2680 2949 2962 3022 aufugiunt
2982 2953 3033 3007 in
3050 2953 3276 3009 Italiam.
3308 2976 3328 3007 ι
3350 2958 3491 3014 Ebo—

1905 3054 2032 3095 nem
2082 3039 2151 3093 ad
2188 3037 2455 3095 Saxonios
2499 3040 2759 3111 compulit
2783 3042 3097 3111 imperator.
3160 3045 3491 3117 Agobertum

204 3138 389 3203 Ionas,
417 3132 749 3191 Walafridus
798 3131 1088 3201 caeterique
1121 3128 1562 3199 contemporanei
1590 3142 1686 3183 sua
1716 3127 1795 3193 lu—
1822 3098 1871 3162 ο
1900 3130 2316 3201 Lugdunensem
2339 3130 2508 3186 nihilo
2538 3133 2715 3188 secius
2755 3134 2903 3189 curia
2926 3098 3245 3205 pontiﬁcum
3266 3106 3449 3194 movet
3475 3156 3488 3193 :

206 3228 396 3291 mina;
450 3224 540 3279 hic
567 3237 696 3277 vero
722 3236 924 3292 pauca,
974 3220 1084 3275 imo
1110 3219 1225 3275 fere
1255 3218 1422 3281 nulla,
1453 3218 1556 3273 nisi
1584 3233 1645 3273 ea
1682 3233 1803 3288 qua:

209 3316 296 3373 vel
334 3314 634 3372 necessitas
675 3311 919 3366 historiae
975 3310 1275 3373 interserit,
1322 3309 1409 3365 vel
1450 3310 1618 3377 ipsius
1645 3308 1800 3362 volu-

207 3410 358 3465 mina
382 3407 570 3479 furtim
603 3414 659 3460 et
691 3404 849 3473 quasi
872 3417 1159 3475 perperam
1212 3408 1484 3472 retegunt.
1522 3398 1801 3457 Habemus

205 3512 392 3555 tamen
420 3513 488 3553 ex
510 3496 700 3551 Adone
720 3494 915 3565 primis
947 3492 1302 3548 incrementis
1331 3492 1604 3546 initiatum
1634 3490 1803 3546 fuisse

204 3590 584 3663 presbyterio;
640 3596 696 3642 et
720 3594 944 3658 propter
982 3585 1153 3655 ipsius
1180 3585 1305 3639 vitae
1342 3592 1396 3639 et
1431 3584 1691 3639 doctrina:
1719 3583 1801 3637 in-

205 3680 522 3751 tegritatem
550 3677 617 3731 ad
642 3675 1129 3745 chorepiscopatus
1174 3673 1491 3743 dignitatem
1511 3680 1797 3735 evectum;

205 3788 338 3828 mox
383 3772 627 3827 Ledrado
686 3771 757 3839 in.
790 3768 1189 3827 Suessonicum,
1216 3768 1609 3823 monasterium
1664 3781 1797 3821 con-

204 3862 453 3925 cedente,
485 3862 552 3916 ad
598 3859 815 3930 fastigia
861 3858 1130 3929 primatiaa
1172 3856 1477 3928 Lugduneae
1505 3856 1796 3921 sublatum,

204 3949 586 4005 consentiente
621 3948 970 4017 imperatam,
1005 3954 1061 4001 et
1092 3946 1346 4001 universa
1372 3944 1655 4000 Gallorum
1684 3945 1801 4015 epi-

203 4043 498 4108 scoporum
521 4037 749 4109 synodo,
781 4036 873 4091 ubi
911 4036 965 4091 in
986 4044 1138 4092 veste
1164 4046 1220 4092 et
1248 4035 1464 4091 sarcina
1488 4044 1651 4091 tantae
1681 4036 1803 4092 sub-

103 4155 117 4167 -
205 4126 456 4182 limitatis
493 4128 691 4180 multos
720 4141 893 4181 annos
947 4125 1066 4181 sine
1095 4125 1325 4181 crimine
1350 4126 1632 4197 transegit,
1684 4140 1804 4195 per-

206 4216 387 4288 petuis
414 4216 614 4271 scholae
652 4224 709 4271 et
732 4215 928 4286 linguae
958 4215 1349 4272 certaminibus
1376 4230 1665 4287 aggressus
1707 4214 1799 4273 Ju-

204 4306 353 4362 daas
408 4320 733 4375 synagogas.
774 4303 884 4359 Sed
934 4303 1084 4361 labes
1108 4305 1270 4359 unica
1311 4303 1603 4375 fulgentem
1634 4303 1798 4358 multa

1904 3218 2232 3290 deponitur;
2284 3227 2513 3276 caeteros
2536 3236 2749 3291 quoque
2798 3222 2855 3278 ln
2916 3223 3119 3289 Italiam
3153 3226 3366 3297 elapsos
3396 3244 3491 3298 per

1901 3310 2143 3368 omnium
2191 3308 2537 3366 sacerdotum
2566 3310 2854 3382 religiones
2894 3312 3140 3370 devovet.
3188 3315 3318 3372 Post
3372 3318 3488 3374 haec

1899 3399 2078 3468 primo
2138 3398 2269 3455 solis
2322 3399 2409 3455 die
2445 3398 2884 3469 Quadragesimze
2943 3403 3088 3458 velut
3135 3407 3483 3464 nondumab

1902 3484 2103 3555 injusta
2129 3486 2557 3543 sacrificulorum
2586 3490 2965 3546 exsecratione
3017 3493 3244 3560 solutus,
3298 3512 3489 3552 rursus

1902 3591 1933 3631 a
1968 3584 2176 3648 septem
2213 3576 2575 3649 Archimystis
2620 3578 2849 3633 solemni
2879 3580 2986 3635 ritu
3030 3580 3169 3638 bene
3219 3586 3491 3654 precanti-

1900 3667 2023 3732 bus,
2055 3666 2212 3723 lectis
2246 3667 2313 3723 de
2340 3666 2480 3722 libro
2509 3668 2953 3739 supplicamentis
2977 3667 3189 3726 faustis
3224 3673 3487 3743 bonisque

1900 3758 2173 3823 omnibus,
2204 3774 2329 3814 cum
2355 3760 2594 3815 maxima
2631 3761 2875 3816 omnium
2902 3762 2996 3832 qui
3023 3763 3252 3818 aderant
3278 3764 3484 3833 laetitia,

1898 3848 2099 3919 populo
2136 3850 2489 3915 acclamante,
2522 3850 2751 3907 feliciter
2773 3853 3044 3922 expiatur.
3073 3855 3241 3923 Quasi
3270 3872 3399 3913 vero
3431 3858 3486 3914 in

1898 3948 2177 4012 potestate
2202 3943 2440 3999 hominis
2476 3944 2569 4013 sit,
2595 3945 2649 3999 in
2696 3960 2933 4015 arcaque
2974 3947 3090 4003 sive
3113 3950 3278 4017 vitro,
3322 3952 3482 4008 sicuti

1900 4034 2091 4103 genius
2130 4041 2249 4089 ater
2278 4034 2488 4104 magico
2512 4049 2738 4091 susurro
2770 4036 2956 4092 clausa
3004 4046 3253 4095 teneatur
3280 4048 3485 4097 aeterna

1902 4123 1991 4178 illa
2018 4122 2300 4193 maiestas,
2332 4132 2393 4179 ut
2419 4134 2550 4178 nutu
2582 4136 2771 4183 nostro
2814 4128 2909 4183 vel-
2927 4129 3147 4185 claudat
3170 4132 3255 4187 vel
3283 4135 3487 4201 aperiat

1899 4213 2069 4269 caelos
2102 4215 2152 4269 ιι.
2212 4234 2230 4268 ι

1971 4305 2166 4360 Turbae
2188 4303 2452 4373 ejusmodi
2485 4314 2539 4361 et
2574 4307 2697 4363 vitae
2734 4316 2940 4379 pacatae
2988 4311 3299 4367 discrimina
3331 4327 3487 4369 aver-

204 4396 379 4469 gloria
415 4403 691 4451 senectam
740 4395 1069 4451 obscuravit.
1102 4407 1127 4435 α
1158 4394 1293 4451 Cum
1330 4396 1475 4451 enim
1527 4392 1798 4449 Clotarius
1834 4458 1873 4471 __
1902 4403 2025 4450 tunt
2051 4396 2294 4450 animum
2318 4411 2348 4450 a
2373 4396 2680 4464 scribendo,
2734 4408 2793 4454 ut
2814 4399 3070 4471 deinceps
3094 4401 3285 4458 lumini
3314 4403 3487 4459 Evan-

204 4458 334 4544 odio
356 4497 411 4542 et
456 4486 613 4542 furiis
640 4500 911 4551 novercae,
942 4486 1160 4540 nomine
1193 4485 1397 4547 Judith,
1432 4484 1555 4539 tiliae
1582 4484 1797 4555 Welphi
1832 4458 1879 4517 θ
1902 4484 2045 4554 gelii,
2076 4484 2322 4539 ecclesize
2371 4458 2703 4555 reparandae,
2739 4490 2947 4545 muneri
2970 4458 3221 4547 obeundo
3246 4458 3485 4549 intentus

204 4578 443 4642 comitis,
484 4593 515 4631 a
545 4578 700 4632 clavo
727 4574 939 4645 imperii
972 4574 1211 4629 universi
1265 4580 1655 4639 removeretur,
1685 4590 1799 4627 ma-

204 4667 464 4723 chinatur
508 4666 648 4721 clam
677 4675 733 4721 et
769 4675 959 4737 aperte
987 4674 1177 4719 contra
1220 4672 1450 4733 patrem,
1478 4664 1799 4733 animosque

203 4756 492 4824 utriusque
514 4755 710 4826 gentis,
739 4755 891 4810 loica:
918 4764 973 4809 et
997 4754 1398 4819 ecclesiasticm,
1442 4753 1495 4807 in
1526 4753 1797 4809 excidium

204 4847 412 4914 sceptri
440 4845 650 4915 paterni
676 4845 878 4915 abripit
908 4862 923 4899 :
950 4844 1092 4898 inter
1120 4859 1261 4914 quos
1282 4843 1601 4914 Agobardus
1628 4860 1659 4898 a
1693 4844 1797 4901 fide

204 4935 469 5004 principis
507 4933 744 4997 avulsus,
797 4934 1045 4989 accendit
1072 4932 1619 5002 consiliojuvenilem
1670 4934 1797 4991 Clo-

204 5021 337 5076 tarii
379 5021 638 5075 animum.
702 5022 1045 5077 Convocatur
1082 5023 1411 5078 concilium:
1439 5024 1531 5078 ubi
1578 5024 1645 5079 de
1691 5024 1780 5078 eri-

204 5110 408 5182 pieudo
462 5112 603 5179 patri
652 5112 954 5167 diademate
989 5112 1347 5168 audacissime
1390 5114 1624 5184 quisque
1665 5128 1799 5170 oon-

204 5200 402 5257 tendit.
424 5200 533 5255 Hac
558 5202 738 5270 specie
754 5203 961 5257 invadit
984 5202 1276 5269 Caesarem,
1291 5213 1347 5259 et
1368 5213 1552 5275 erepta
1570 5220 1795 5272 corona,

201 5293 460 5349 eumdem
492 5293 545 5347 in
593 5294 949 5349 monasticam
984 5294 1325 5350 solitudinem
1366 5297 1601 5367 oonjicit.
1657 5297 1795 5352 Galli

201 5383 441 5447 furiunt,
494 5399 594 5437 nec
633 5385 911 5454 patiuntur
946 5392 1153 5439 tantam
1180 5384 1295 5439 ﬂeri
1330 5387 1469 5455 patri
1501 5373 1791 5457 iniuriam;

204 5482 429 5528 movent
453 5488 628 5538 arma,
658 5476 949 5529 restituunt
971 5475 1389 5545 imperatorem;
1422 5477 1785 5544 vocantiilios,

203 5563 581 5635 Pippinunuet
609 5566 961 5630 Bernardum,
996 5581 1226 5634 quorum
1280 5582 1382 5636 ope
1427 5566 1697 5624 Ciotarius
1726 5570 1793 5623 ad

276 5690 301 5717 ⁸
345 5676 609 5747 Conrad,
640 5676 761 5730 abb.
792 5677 1038 5747 Usperg.,
1083 5678 1136 5737 in
1176 5678 1379 5733 Chron.

277 5747 304 5786 δ
349 5746 674 5811 Aventinus,
705 5746 740 5799 Ι.
784 5763 838 5800 tv
871 5746 1078 5802 Annal.
1118 5748 1387 5803 Boiorum.

1902 4574 1992 4629 sit.
2047 4574 2165 4642 Quo
2208 4589 2352 4629 anno
2397 4582 2579 4640 natus,
2632 4578 2894 4634 nescitur.
2947 4579 3131 4636 Scitur
3178 4582 3354 4652 ipsum
3394 4599 3481 4637 na-

1904 4672 2014 4719 tum
2033 4681 2198 4721 aurea
2235 4665 2415 4721 Caroli
2470 4665 2647 4738 Magni
2675 4676 2856 4734 mtate,
2888 4670 3178 4725 illustrium
3204 4681 3261 4728 et
3292 4674 3484 4729 doctis-

1900 4758 2161 4812 simorum
2217 4758 2527 4828 Apollinum
2578 4760 2830 4828 alumna;
2887 4760 3135 4819 demisse
3186 4772 3347 4821 aetate
3398 4781 3484 4820 ar-

1900 4856 2094 4919 gentea
2126 4848 2419 4915 Ludovici;
2453 4852 2782 4907 exstinctum
2818 4868 2947 4909 vero
2975 4854 3119 4910 inter
3140 4856 3317 4911 ferrea
3344 4856 3480 4912 illio-

1901 4954 2020 4993 rum
2052 4939 2309 4995 Ludovici
2356 4942 2680 5009 certamina,
2721 4944 2863 5013 apud
2910 4944 3211 5002 Sanctonas
3240 4958 3287 5011 ο,
3312 4947 3365 5002 in
3390 4962 3484 5006 ett--

1896 5031 2169 5101 peditione
2193 5032 2361 5103 regia,
2390 5033 2531 5089 inter
2560 5050 2681 5104 quae
2705 5051 2866 5091 omne
2890 5052 3059 5109 genus
3086 5039 3281 5095 excidii
3314 5040 3482 5109 impe-

1898 5117 1963 5171 rii
2007 5118 2237 5173 labentis
2282 5121 2469 5177 ruinas
2513 5123 2867 5179 convellebat.
2929 5124 3199 5181 Prmfulsit
3237 5129 3480 5182 oratorio

1898 5207 2108 5262 dicendi
2167 5224 2388 5279 genere,
2433 5220 2488 5267 et
2527 5212 2791 5283 imprimis
2846 5214 3143 5286 Scriptura:
3193 5219 3457 5272 memoria

1898 5299 2095 5355 Habuit
2112 5301 2349 5357 illustres
2369 5306 3224 5377 contemporaneos,philosophia
3246 5319 3300 5363 et
3323 5310 3473 5363 theo-

1896 5391 2036 5462 logia
2090 5392 2297 5459 claros,
2344 5410 2573 5463 quorum
2617 5395 2887 5451 volumina
2936 5399 3178 5463 terimus,
3226 5399 3475 5454 Hincma-

1898 5497 2013 5536 rum
2050 5483 2511 5553 archiepiscopum
2562 5485 2945 5552 Rhemensem,
2992 5487 3310 5544 Haimonem
3366 5492 3479 5560 epi-

1895 5588 2115 5641 scopum
2143 5573 2491 5639 Halberstati,
2543 5574 2849 5641 Rabanum,
2917 5578 3271 5635 Walafridum
3322 5580 3467 5640 Stra-

1966 5696 1985 5723 c
2034 5682 2148 5741 Ado
2176 5683 2492 5751 Vicnncns.,
2530 5686 2631 5742 sub
2672 5702 2797 5741 ann.
2852 5690 2977 5745 815.
