3918 6328
474 282 544 338 59
1373 288 1432 345 S.
1473 290 1899 352 AGOBARDUS
1931 293 2318 356 EPISCOPUS
2355 301 2870 370 LUGDUNENSIS.
3696 325 3771 384 ΞΟ

472 396 618 457 bum,
657 394 942 451 Claudium
975 395 1368 455 Taurinensem
1402 403 1468 458 de
1492 402 1827 462 Adoratione
1874 407 2070 479 imagi-
2094 412 2136 467 Α
2173 411 2269 467 sed
2315 414 2546 486 origine.
2576 418 2689 477 Nec
2724 423 3033 495 adoptione.
3086 428 3215 499 quia
3265 446 3425 490 secus
3458 437 3767 498 exstitisset

471 501 625 553 num,
656 485 850 541 Jonam
899 487 1349 547 Aurelianensem
1390 492 1754 565 Halitgarium
1776 505 1832 553 et
1850 499 2075 554 Amala-

470 574 611 631 rium
643 575 1031 647 Heliprandum
1051 580 1365 651 episcopum
1395 582 1737 651 Toletanum,
1795 586 2074 659 Engilber-

471 674 606 734 tum,
652 676 785 735 etc.,
814 676 871 724 et
897 669 1189 741 plerosque
1231 672 1386 737 alios,
1435 688 1574 743 quos
1594 675 1908 732 reticemus.
1935 676 2073 733 Gra-

471 772 565 814 ves
612 760 870 815 tractavit
925 763 1218 828 materias,
1275 780 1509 835 quarum
1559 769 1845 839 synopseis
1899 768 2069 839 subji-

467 849 667 905 cimus.

469 939 728 1014 Synopsis
774 944 936 1015 primi
983 944 1262 1001 voluminis
1311 948 1566 1005 adversus
1603 950 1798 1022 dogma
1841 950 2065 1006 Felicis.

534 1033 768 1103 Imperio
812 1035 995 1092 Caroli
1058 1036 1239 1110 Magni
1287 1048 1344 1095 et
1386 1039 1649 1100 Ludovici
1701 1041 2000 1111 Caesarum,
2037 1060 2070 1100 e

462 1126 694 1181 summis
724 1126 971 1198 Pyrenaei
1000 1129 1246 1199 apicibus
1278 1134 1503 1187 emersit
1525 1134 1744 1205 quidam
1780 1136 2068 1207 episcopus

463 1218 718 1288 Origellae
748 1221 818 1275 ab
855 1220 1158 1292 Aragonia,
1196 1223 1284 1277 vir
1327 1224 1570 1295 alioquin
1613 1228 2063 1298 circumspectus,

461 1322 519 1365 et
541 1308 859 1365 subtilitatis
884 1310 1194 1381 Hispanicae
1223 1328 1331 1368 non
1356 1314 1572 1387 indigus
1604 1335 1618 1370 :
1660 1318 1754 1386 qui
1798 1316 2067 1375 Nestoris:

461 1408 626 1455 sectae
658 1399 773 1469 jam
819 1400 913 1455 diu
964 1400 1176 1473 fulgore
1227 1403 1508 1477 Evangelii
1536 1408 1823 1464 exstinctae
1853 1410 2064 1467 semina

461 1492 530 1548 ab
560 1492 755 1549 inferis
782 1494 1060 1550 excitavit.
1110 1495 1441 1569 Objurgatur
1481 1500 1661 1570 primo
1687 1509 1742 1557 et
1776 1505 2057 1561 convinci-

460 1592 550 1638 tur
573 1584 642 1639 ab
667 1583 998 1654 Heliprando
1047 1586 1309 1644 Toletano
1328 1589 1603 1661 episcopo.
1653 1592 1783 1650 Inde
1808 1596 1878 1650 ad
1900 1595 2065 1652 Rati-

459 1675 647 1730 sbona:
674 1677 1069 1746 compescenda
1099 1675 1218 1746 ejus
1244 1679 1534 1735 insolentia
1568 1683 1859 1739 concilium
1889 1686 2065 1741 trahi-

2174 500 2465 572 aliquando
2490 508 2702 569 alienus
2730 529 2762 569 a
2791 516 2923 572 Deo.
2956 517 3067 576 Nec
3093 526 3483 595 assumptione,
3521 532 3651 601 quia
3677 548 3769 589 as-

2174 606 2397 651 sumens
2442 606 2498 653 et
2531 612 2842 674 assumptus
2873 616 2999 663 sunt
3025 610 3189 667 idem.
3246 613 3353 671 Sed
3386 620 3580 677 unicus
3607 632 3768 678 natu-

2174 682 2305 782 ralis
2349 684 2521 745 Filius
2568 691 2685 747 Dei.
2741 696 2809 750 Et
2836 702 3293 766 quemadmodum
3323 709 3555 778 quilibet
3576 712 3763 783 homo,

2171 785 2355 859 anima
2404 784 2459 830 et
2489 792 2640 845 caro,
2690 790 2775 837 est
2799 799 2905 839 una
2933 801 3201 857 persona;
3263 794 3345 850 sic
3373 795 3626 857 Christus
3654 818 3764 859 una

2168 852 2421 937 persona,
2455 871 2691 929 Verbum
2724 884 2777 929 et
2818 852 3002 935 horno.

2242 959 2305 1014 ll.
2365 962 2445 1017 Ex
2491 963 2585 1018 tali
2631 968 2831 1025 unione
2861 971 2998 1039 ﬁeri,
3029 981 3091 1029 ut
3124 991 3188 1032 ea
3220 992 3341 1048 quas
3384 990 3513 1038 sunt
3556 986 3760 1052 carnis,

2170 1049 2303 1106 ﬁant
2343 1054 2661 1111 divinitatis.
2725 1058 2863 1115 Nam
2904 1062 2951 1118 si
2984 1080 3118 1122 caro
3175 1077 3260 1125 est
3299 1074 3519 1144 propria
3568 1049 3761 1143 Verbi,

2169 1154 2271 1195 cur
2300 1144 2519 1199 nomina
2548 1147 2732 1203 carnis
2784 1164 2892 1205 non
2939 1164 3103 1209 erunt
3154 1161 3374 1230 propria
3400 1163 3473 1217 ei.
3529 1164 3765 1237 [deoque

2168 1246 2292 1287 cum
2340 1248 2560 1291 carnem
2614 1240 2865 1309 sumpsit,
2925 1246 3106 1301 omnia
3167 1251 3350 1307 carnis
3384 1255 3604 1325 propria
3657 1258 3763 1314 sibi

2167 1319 2330 1390 fecit;
2372 1324 2449 1379 ita
2508 1332 2569 1381 ut
2623 1331 2925 1387 secundum
2968 1344 3259 1408 utramque
3300 1319 3552 1400 nat—uram
3596 1348 3667 1403 sit
3707 1356 3765 1403 et

2166 1413 2492 1483 viviﬁcator,
2531 1426 2588 1473 et
2609 1420 2878 1490 pontifex,
2900 1433 3031 1492 etc.,
3064 1428 3203 1483 sicut
3228 1433 3527 1490 secundum
3556 1445 3767 1493 utram-

2167 1518 2275 1573 que
2303 1506 2500 1563 animaa
2526 1516 2583 1564 et
2620 1513 2883 1583 corporis,
2915 1522 3059 1572 totus
3080 1506 3243 1576 homo
3271 1523 3470 1580 dicitur
3519 1528 3765 1586 rationa-

2166 1595 2256 1664 lis,
2301 1597 2501 1653 dicitur
2525 1614 2680 1669 puer,
2736 1604 3111 1677 philosophus.

2235 1686 2322 1741 Ill.
2383 1688 2453 1743 Et
2480 1701 2578 1760 per
2598 1707 2959 1765 consequens,
3008 1698 3287 1771 Virginem
3319 1705 3486 1764 fuisse
3523 1719 3758 1770 matrem

459 1774 550 1821 tur
586 1766 655 1820 ab
680 1766 1031 1836 imperatore.
1067 1768 1254 1824 Tertio
1294 1769 1556 1838 Romam;
1613 1773 1707 1828 ubi
1744 1784 2058 1845 prostratus
2090 1769 2449 1849 Butriusque
2508 1790 2738 1850 naturae,
2789 1786 2986 1843 divina:
3042 1766 3235 1861 etiam,
3283 1795 3402 1852 sine
3459 1814 3566 1869 qua

458 1859 527 1914 ad
551 1858 738 1913 limina
770 1859 840 1915 D.
868 1858 1042 1924 Petri,
1078 1860 1330 1917 haeresim
1355 1863 1604 1935 agnoscit
1630 1879 1818 1920 coram
1866 1866 2061 1922 Adria-

458 1963 529 2004 no
568 1949 848 2019 pontiﬁce.
900 1949 1188 2005 Postremo
1240 1967 1363 2007 cum
1404 1954 1600 2008 iterum
1652 1969 1748 2008 sua
1799 1954 2060 2026 ﬁgmenta

458 2040 667 2095 chartis
705 2050 1010 2108 exarasset,
1065 2043 1392 2098 convenitur
1414 2046 1481 2098 ab
1528 2044 1840 2116 Agobardo,
1885 2048 2061 2104 vinci—

457 2138 570 2196 tur,
622 2131 913 2202 proﬁtetur
968 2147 1235 2188 errorem.
1286 2133 1417 2189 Post
1464 2131 1581 2201 ejus
1620 2135 1868 2203 obitum,
1925 2135 2054 2192 fun-

454 2222 708 2278 damenta
755 2222 1024 2293 dogmatis
1074 2223 1261 2288 diruit,
1288 2223 1513 2279 Patrum
1543 2233 1599 2280 et
1629 2224 1928 2297 Scriptura:
1958 2243 2056 2283 au-

454 2311 728 2367 ctoritate.
762 2311 889 2367 Haec
937 2319 1066 2367 sunt
1090 2310 1287 2367 Felicis
1318 2311 1691 2369 fundamenta.

522 2402 563 2457 ἰ.
608 2403 707 2461 Est
734 2419 765 2460 e
803 2402 1097 2459 Nestorio:
1135 2404 1265 2459 Duae
1307 2404 1361 2458 in
1386 2402 1607 2462 Christo
1634 2415 1903 2477 separatae.
1923 2423 2053 2478 per-

452 2512 619 2563 sonae,
650 2512 771 2567 quae
821 2496 1091 2567 duplicem
1137 2496 1307 2551 ﬁlium
1357 2497 1472 2553 sive
1516 2497 1792 2553 Christum
1836 2500 2046 2556 consti-

452 2596 656 2653 tuunt;
701 2587 932 2642 alterum
962 2588 1016 2643 in
1042 2603 1228 2653 carne,
1286 2589 1516 2643 alterum
1548 2590 1602 2643 in
1642 2589 1830 2646 verba.
1880 2590 2052 2647 Istum

451 2694 559 2734 non
591 2678 761 2735 fuisse
792 2679 1112 2735 crucifixum
1136 2720 1151 2746 ,
1185 2681 1281 2737 sed
1308 2694 1434 2736 esse
1454 2680 1653 2737 Filium
1685 2682 1802 2746 Dei,
1829 2690 2047 2749 natura,

449 2770 701 2836 veritate,
734 2770 1091 2841 proprietate,
1128 2784 1348 2841 genere,
1378 2771 1681 2838 nativitate,
1705 2772 2044 2839 substantia;

449 2862 622 2928 illum,
677 2876 872 2932 nempe
925 2861 1295 2928 incarnatum,
1352 2862 1521 2918 fuisse
1565 2878 1808 2933 passum,
1842 2872 1899 2919 et
1923 2879 2045 2921 esse

447 2952 648 3007 Filium
690 2952 786 3008 Dci
852 2952 1047 3025 gratia,
1109 2952 1395 3015 electione,
1464 2954 1776 3021 voluntate,
1818 2955 2043 3026 placito,

446 3042 949 3112 prmdestinatione,
990 3043 1381 3113 assumptione,
1415 3045 1726 3113 adoptione.

517 3131 582 3185 ll.
622 3130 695 3187 Ut
734 3130 908 3186 ﬁlium
966 3130 1064 3188 Dei
1104 3131 1436 3196 naturalem,
1486 3147 1609 3189 esse
1637 3135 1820 3189 omnia
1864 3150 2050 3192 essen-

446 3222 671 3287 tialitcr,
702 3223 1084 3286 aeternitatem,
1127 3222 1477 3294 sapientiam,
1504 3232 1612 3279 etc.
1643 3222 1715 3280 Ut
1745 3225 2046 3294 hominem,

446 3313 630 3369 omnia
660 3328 783 3384 quas
808 3313 885 3367 illi
914 3312 1119 3378 insunt,
1147 3327 1271 3368 esse
1290 3314 1612 3382 accidentia,
1636 3330 1889 3385 puerum,
1916 3332 2047 3386 pro-

444 3404 691 3474 phetam,
732 3411 868 3469 etc.,
910 3418 1033 3474 qua
1088 3412 1217 3460 sunt
1260 3405 1567 3461 accidentia
1622 3406 1701 3461 illi
1745 3409 2047 3463 secundum

444 3494 905 3565 dispensationem
948 3496 1152 3561 carnis,
1184 3511 1293 3551 non
1336 3498 1560 3567 propria
1604 3498 1901 3554 secundum
1950 3516 2047 3570 po-

444 3592 699 3642 testatem
721 3585 1055 3641 divinitatis:
1087 3586 1143 3641 in
1188 3587 1529 3644 humanitate
1577 3603 1702 3645 esse
1755 3589 1933 3645 solum
1951 3604 2043 3645 sa-

443 3677 745 3742 cerdotem,
774 3677 831 3732 in
857 3678 1140 3735 divinitate
1161 3679 1569 3736 viviﬁcatorem.

513 3767 599 3823 Ill.
654 3767 808 3824 Unde
868 3768 1116 3839 sequitur
1168 3769 1445 3840 Virginem
1480 3786 1606 3825 esse
1632 3770 1739 3826 alio
1769 3772 1930 3827 modo
1952 3786 2047 3843 ge-

441 3860 693 3916 nitricem
716 3860 931 3927 divinat,
977 3861 1082 3917 alio
1132 3863 1292 3919 modo
1327 3864 1581 3918 humana:
1632 3872 1859 3921 naturae.
1910 3867 2044 3922 Pro-

439 3951 582 4023 prie,
630 3951 1014 4017 humanitatis;
1055 3953 1226 4024 gratia
1276 3970 1425 4017 vero,
1483 3955 1804 4013 divinitatis.

511 4043 601 4099 iV.
640 4042 714 4101 Et
748 4044 1203 4113 quemadmodum
1249 4045 1503 4101 Christus
1552 4055 1610 4101 et
1653 4047 1898 4104 Ecclesia
1945 4064 2040 4105 vo-

438 4143 638 4191 cantur
663 4149 856 4201 unum,
897 4149 1000 4191 nec
1026 4146 1154 4191 sunt
1184 4153 1290 4191 una
1326 4153 1579 4209 persona,
1613 4151 1886 4212 unumque
1912 4158 2039 4213 sup-

439 4227 714 4297 positum;
761 4225 842 4281 sic
868 4226 1120 4296 quamvis
1176 4228 1389 4283 dicatur
1436 4230 1673 4285 Verbum
1702 4246 1925 4287 carnem
1955 4232 2038 4287 fa-

437 4327 587 4374 ctum
636 4331 783 4383 esse,
802 4325 858 4371 et
878 4332 1000 4373 esse
1018 4333 1209 4383 unum,
1234 4334 1341 4373 non
1362 4328 1491 4374 sunt
1537 4328 1717 4375 tamen
1748 4322 1907 4377 unica
1938 4325 2036 4395 by-

436 4406 695 4477 postasis.

510 4496 577 4551 Et
618 4498 703 4552 hre
732 4505 858 4551 sunt
896 4496 1053 4552 {tedae
1080 4511 1240 4553 voces
1280 4500 1479 4568 quibus
1507 4501 1780 4572 Hispanus
1817 4504 1907 4558 ille
1950 4513 2030 4560 te-

430 4588 626 4644 nebrio
653 4586 855 4645 Christi
878 4588 1079 4643 lumina
1107 4605 1273 4646 ausus
1317 4592 1641 4660 obvolvere;
1672 4610 1809 4664 quas
1844 4605 2032 4653 noster

433 4678 620 4734 Gallus
645 4680 878 4752 egregiis
923 4689 1148 4734 enervat
1170 4685 1522 4753 argumentis.

504 4770 546 4826 l.
587 4771 647 4825 In
675 4769 894 4827 Christo
922 4772 1057 4827 duas
1086 4772 1304 4841 quidem
1344 4783 1591 4841 naturas,
1652 4778 1748 4832 sed
1778 4777 1833 4831 in
1863 4794 2026 4833 unam

433 4862 770 4933 bypostasim
798 4877 1071 4933 unamque
1091 4877 1383 4933 personam
1429 4867 1860 4923 substantialitcr
1908 4870 2027 4923 uni-

433 4965 519 5008 tas
545 4967 559 5007 :
578 4963 632 5007 et
650 4953 776 5008 inde
799 4968 905 5009 non
928 4953 1104 5010 solum
1122 4955 1538 5021 humanitatem,
1563 4959 1656 5012 sed
1680 4967 1853 5014 totum
1871 4958 2029 5014 Chri-

432 5052 578 5096 stum
632 5040 803 5099 fuisse
847 5057 1088 5114 passum,
1149 5044 1488 5100 divinitatem
1528 5045 1696 5103 clavis
1754 5049 2024 5105 conﬁxam

433 5148 533 5189 suo
579 5134 740 5189 modo
787 5133 1125 5203 impassibili,
1179 5137 1296 5191 sine
1342 5152 1523 5200 sensu,
1571 5139 1689 5193 sine
1746 5142 2020 5210 passione.

501 5225 735 5294 ideoque
760 5238 866 5280 non
912 5224 1047 5279 duos
1088 5226 1249 5291 ﬁlios,
1305 5228 1399 5282 sed
1448 5230 1666 5283 unicum
1708 5231 1762 5285 in
1813 5232 2025 5288 duabus

431 5315 661 5378 naturis,
701 5316 818 5372 sine
863 5316 1182 5371 confusione
1230 5319 1650 5388 hypostaticum,
1702 5322 1868 5378 ﬁlium
1926 5325 2022 5379 Dei

432 5418 648 5473 natura,
694 5409 1046 5477 proprietate,
1095 5411 1428 5475 substantia;
1478 5428 1583 5467 non
1613 5423 1793 5469 autem
1822 5418 2018 5485 gratia,

430 5514 553 5553 cum
606 5499 677 5551 sit
724 5507 1025 5554 coaeternus
1074 5500 1239 5555 Patri.
1292 5502 1475 5572 Neque
1515 5506 2018 5573 [)l‘iEdCStll‘lﬂthllé‘,

430 5592 557 5661 quia
606 5590 769 5646 Pater
810 5608 917 5648 non
941 5602 1024 5649 est
1047 5596 1195 5665 prior
1217 5598 1334 5665 ipso
1365 5607 1628 5668 tempore,
1666 5614 1763 5655 nec
1800 5610 2017 5669 natura,

503 5716 530 5745 α
556 5709 670 5761 tloc
700 5709 878 5778 capite
899 5707 1016 5779 lege
1045 5708 1214 5777 Ebon,
1246 5725 1354 5766 non
1385 5709 1550 5765 anr.

2163 1884 2441 1940 nunquam
2469 1871 2570 1927 fuit
2606 1874 2907 1944 incarnata,
2962 1887 3243 1954 totumque
3270 1885 3545 1945 Christum
3573 1892 3757 1950 incar—

2164 1968 2349 2014 natum
2372 1965 2642 2032 genuisse.

2230 2050 2318 2105 IV.
2357 2053 2543 2119 Quoad
2572 2055 2825 2111 unionem
2849 2056 3053 2115 Christi
3085 2077 3209 2118 cum
3252 2065 3517 2136 Ecclesia,
3575 2070 3753 2141 impa-

2159 2156 2276 2196 rem
2298 2156 2418 2198 esse
2441 2159 2565 2199 cum
2596 2145 2988 2205 incarnatione.
3014 2151 3149 2207 Nam
3174 2156 3265 2211 illa
3279 2173 3403 2212 cum
3426 2159 3754 2223 ﬁat,saltem

2159 2230 2379 2299 spiritu,
2430 2248 2539 2288 non
2588 2249 2838 2305 corpore,
2899 2239 3006 2296 ﬁde
3055 2258 3166 2299 non
3220 2260 3408 2314 carne,
3459 2266 3595 2307 voce
3638 2268 3751 2308 non

2158 2329 2307 2386 actu,
2351 2338 2537 2379 amore
2562 2340 2671 2380 non
2707 2329 3074 2398 copulatione,
3130 2350 3203 2390 ex
3232 2337 3445 2395 inﬁnito
3490 2356 3754 2411 persona-

2156 2425 2278 2465 rum
2328 2428 2555 2470 numero
2593 2431 2717 2471 cum
2745 2418 2927 2489 aliquo
2988 2424 3166 2495 capite
3208 2431 3457 2498 mystico,
3506 2448 3615 2489 non
3658 2451 3755 2506 po-

2157 2508 2265 2555 test
2292 2502 2398 2557 dici
2428 2519 2557 2559 vera
2586 2507 2736 2574 unio,
2769 2511 2897 2566 unio
2927 2511 3147 2582 inquam
3177 2516 3591 2590 incarnationis,
3631 2502 3754 2595 qua:

2154 2594 2217 2651 ﬁt
2240 2611 2307 2652 ex
2352 2599 2566 2657 duabus
2603 2604 2817 2659 naturis
2843 2612 2899 2660 et
2936 2608 3257 2668 substantiis
3280 2612 3337 2667 in
3368 2630 3532 2671 unam
3557 2632 3751 2690 perso-

2153 2706 2301 2745 nam.

2226 2780 2292 2835 Et
2320 2781 2437 2836 haec
2464 2791 2590 2838 sunt
2617 2796 2961 2855 argumenta,
2994 2790 3192 2859 quibus
3210 2793 3533 2866 Ago'uardus
3558 2798 3668 2856 vim
3693 2806 3754 2857 et

2152 2887 2381 2927 nervum
2405 2874 2680 2945 dogmatis
2704 2876 2963 2934 Feliciani
2990 2881 3274 2956 confregit.

2404 2983 2468 3038 II
2498 2983 2694 3040 solum.
2735 2985 2817 3042 De
2843 2988 3126 3045 insolentia
3152 2993 3488 3052 Iudaeorum.

2076 3108 2125 3172 ρ
2224 3095 2282 3150 in
2322 3097 2567 3153 adversis
2594 3098 2739 3153 nulla
2771 3115 2904 3171 gens
2930 3102 3214 3173 abiectior,
3252 3107 3306 3162 in
3354 3111 3634 3182 prosperis
3659 3113 3749 3170 in-

2152 3188 2415 3245 solentior
2452 3189 2783 3247 Iudaeorum.
2838 3194 3112 3253 Beneﬁcio
3149 3196 3409 3257 Caesarea:
3447 3204 3752 3276 maiestatis

2150 3280 2301 3336 locus
2335 3283 2488 3353 pacis
2530 3294 2587 3339 et
2626 3302 2794 3343 morae
2832 3288 2992 3344 datus
3040 3291 3173 3362 ipsis
3221 3293 3279 3348 in
3321 3292 3493 3351 Gallia
3543 3297 3749 3366 fuerat,

2148 3371 2396 3443 Lugduni
2423 3376 2787 3444 potissimum.
2843 3378 2954 3435 Sed
2982 3382 3073 3437 ubi
3102 3382 3330 3439 dulcedo
3362 3388 3522 3455 pacis
3547 3390 3746 3459 paulu-

2148 3466 2259 3520 lum
2291 3482 2384 3523 eos
2411 3467 2559 3522 laxat
2583 3470 2653 3524 ab
2681 3471 3042 3529 incommodis
3078 3473 3221 3547 fuga:
3243 3517 3259 3542 ,
3310 3485 3524 3534 struunt
3553 3490 3702 3537 artes
3728 3524 3745 3548 ,

2146 3557 2439 3613 adulantur
2463 3560 2656 3615 aulicis
2695 3561 3049 3619 nobilissimis
3073 3604 3088 3629 ,
3137 3579 3340 3637 eosque
3371 3569 3615 3638 pecuniis
3644 3571 3744 3626 de-

2146 3650 2389 3706 vincunt.
2422 3651 2493 3707 Et
2517 3652 2597 3708 sic
2620 3653 2856 3723 obliquis
2876 3654 3163 3715 fraudibus
3192 3658 3425 3715 indicula
3455 3676 3486 3715 a
3507 3661 3746 3718 clemen-

2146 3739 2357 3794 tissimo
2401 3742 2711 3811 subripiunt
2757 3744 3018 3802 adversus
3062 3748 3319 3806 Ecclesia:
3364 3752 3744 3824 Lugdunensis

2142 3830 2479 3899 episcopum,
2509 3833 2601 3901 qui
2631 3835 2916 3890 avertebat
2940 3837 3198 3907 populum
3224 3841 3294 3895 ab
3321 3841 3429 3897 his.

2212 3919 2293 3976 Ne
2317 3920 2673 3977 divenderent
2697 3924 2968 3995 mancipia
2995 3925 3305 3984 Christiana
3331 3928 3555 3987 Judmis.

2211 4009 2291 4067 Ne
2316 4011 2574 4068 mulieres
2600 4011 2924 4071 Christianze
2950 4030 3072 4071 cum
3102 4018 3184 4073 eis
3213 4020 3638 4078 sabbatizarent.

2211 4102 2290 4162 Ne
2314 4104 2508 4160 diebus
2533 4105 2829 4162 Dominicis
2852 4118 3231 4178 operarentur.

2211 4193 2289 4249 Ne
2318 4194 2744 4269 Quadragesima
2785 4214 2907 4254 cum
2938 4203 3021 4256 eis
3055 4203 3388 4272 pranderent
3420 4216 3477 4261 et
3512 4210 3733 4265 easdem

2139 4298 2334 4341 carnes
2356 4287 2602 4343 ederent.

2208 4376 2287 4433 Ne
2316 4393 2513 4434 carnes
2541 4379 2846 4435 immolatas
2874 4382 2942 4437 ab
2972 4383 3105 4452 ipsis
3132 4393 3404 4451 emerent,
3435 4387 3731 4460 vinumque

2062 4463 2113 4521 D
2136 4481 2323 4523 eorum
2354 4470 2623 4525 biberent.

2204 4558 2549 4621 Insectantur
2572 4576 2720 4626 eum,
2751 4562 3098 4634 singulosque
3125 4565 3465 4623 Christianos
3500 4572 3567 4625 ad
3602 4586 3729 4648 suas

2084 4693 2087 4697 ς
2133 4666 2439 4722 synagogas
2470 4650 2749 4707 blanditiis
2789 4662 2843 4709 et
2884 4656 3194 4725 ampullatis
3234 4659 3612 4727 patriarchicat
3645 4662 3728 4717 di-

2132 4741 2355 4808 gnitatis
2373 4741 2565 4812 elogiis
2586 4743 2833 4813 rapiu‘nt;
2863 4745 3216 4812 insolescunt,
3236 4758 3291 4804 et
3309 4756 3498 4803 contra
3517 4766 3722 4805 morem

2131 4832 2470 4888 Christianos
2500 4847 2689 4890 servos
2711 4844 2919 4889 emunt.
2951 4834 3277 4908 Agobardus
3305 4841 3555 4909 queritur
3580 4843 3723 4911 apud

2129 4924 2424 4990 Caesarem,
2440 4934 2587 4980 artes
2608 4929 2821 4999 retegit,
2840 4937 3091 4985 auctores
3112 4931 3327 4986 consilii
3348 4934 3542 5001 aperit,
3567 4935 3727 5003 petit—

2128 5030 2234 5084 que
2274 5016 2539 5071 medelam
2578 5025 2743 5073 tantae
2773 5021 2973 5086 ruinas;
3015 5022 3289 5092 pollicitus
3327 5039 3386 5078 sc
3427 5025 3723 5096 Scriptura:

2130 5110 2454 5165 testimoniis
2478 5127 2666 5166 eorum
2694 5114 2862 5169 vitam
2887 5154 2902 5179 ,
2959 5130 3140 5171 mores
3186 5125 3241 5171 et
3283 5116 3720 5187 superstitiosum

2126 5202 2251 5257 vitae
2278 5217 2448 5271 genus
2473 5203 2833 5273 depicturum.

2353 5315 2443 5368 111
2477 5316 2577 5371 uol.
2624 5315 2698 5370 De
2735 5315 2980 5373 Judaicis
3009 5320 3485 5390 superstitionibus.

2198 5442 2222 5469 α
2251 5428 2639 5484 Abominanda:
2666 5429 2843 5499 gentis
2870 5429 3109 5486 Judaicze
3149 5433 3509 5501 pervicaciam
3549 5436 3717 5491 ritus-

2125 5534 2232 5588 que
2267 5534 2297 5572 a
2324 5520 2572 5573 veritatis
2599 5520 2791 5574 semita
2820 5519 3029 5575 alienos
3064 5522 3309 5579 effecisse
3352 5526 3495 5593 apud
3527 5526 3716 5582 Patres

2127 5611 2379 5669 antiquos
2419 5618 2473 5670 ιιι
2512 5624 2749 5665 canones
2790 5611 2855 5666 de
2894 5613 3133 5668 cavendo
3176 5616 3552 5683 contubernio,
3586 5632 3710 5673 con-
