3918 6378
195 351 261 407 21
1583 350 1784 410 Ριιοιι

1902 346 2124 405 ΜΕΝᾹ.
3409 358 3484 415 22

195 472 367 537 victu,
390 471 744 543 copulatione
765 475 1003 544 ipsorum
1023 478 1494 542 componerentur,
1518 467 1791 524 fusissime
1818 469 1866 525 Α
1894 468 2203 532 serpentem
2243 461 2297 516 in
2334 463 2452 519 dies
2489 462 2666 519 labem
2698 463 2933 523 Iudaica?
2961 468 3358 524 communionis
3386 483 3483 526 ex-

198 558 290 615 bic
315 560 544 616 disserit
572 561 893 634 Agobardus
912 604 927 629 ,
973 564 1083 618 imo
1122 570 1275 617 tanto
1301 562 1425 617 odio
1453 559 1707 616 habuisse
1735 566 1794 613 ut

197 651 611 709 illustrissimus
640 655 731 709 ille
753 655 1071 711 Ambrosius
1110 662 1341 710 mortem
1372 654 1533 708 citius
1559 652 1791 722 optarit,

196 759 363 813 quam
392 747 694 801 maceriam
722 747 902 819 templi
926 748 1138 804 Judaici
1167 747 1515 803 remdificare.

266 833 311 889 Ι.
353 834 620 893 Seniores
646 837 850 902 clerici,
874 840 967 908 qui
1001 838 1251 895 convivio
1277 835 1504 892 Iudaico
1531 835 1794 892 interfue-

196 924 325 989 rint,
361 930 909 985 excommunicantor
930 945 1031 1002 per
1059 945 1281 985 annum.
1311 928 1563 984 Juniores
1588 928 1634 984 si
1657 943 1795 998 pra:-

197 1018 556 1087 sumpserint,
585 1020 896 1089 vapulanto.

267 1106 330 1163 ll.
372 1107 420 1163 Α
448 1125 605 1165 omna
651 1127 825 1181 usque
860 1113 1037 1181 prima
1076 1110 1286 1167 Pascha
1335 1127 1434 1182 per
1473 1112 1681 1182 plateas
1726 1127 1794 1167 ne

196 1197 541 1256 ambulante.
575 1201 767 1266 Sectis,
795 1217 825 1256 a
848 1202 1125 1272 iudicibus
1151 1203 1564 1274 distringuntor.

264 1287 351 1341 Ill.
396 1288 593 1345 Nullus
636 1290 980 1347 Christianus
1021 1291 1209 1348 Judmo
1259 1308 1450 1349 servus
1494 1301 1647 1357 esto,
1700 1292 1793 1347 sed

196 1376 323 1433 dato
350 1394 428 1433 xu
460 1381 760 1436 solidorum
790 1383 966 1452 pretio
990 1383 1270 1440 liberator.

265 1472 355 1527 iV.
400 1473 461 1527 Si
492 1474 622 1544 quis
648 1476 716 1530 ad
743 1473 1028 1533 Iudaicum
1059 1478 1253 1547 dogma
1280 1490 1500 1531 servum
1525 1473 1792 1531 Christia-

198 1579 324 1617 num
356 1563 631 1631 illexerit,
660 1566 936 1635 plectator
965 1568 1256 1638 mancipio,
1294 1576 1351 1622 et
1378 1568 1536 1639 legali
1566 1567 1792 1623 damna-

194 1650 340 1706 tione
373 1653 652 1721 puniator.

263 1740 329 1794 γ.
371 1740 457 1796 Ne
481 1742 606 1812 quis
625 1742 843 1801 Judaaus
865 1745 965 1801 sub
987 1753 1201 1815 tempus
1225 1745 1506 1802 Paschatis
1530 1744 1789 1802 Christia-

195 1845 292 1885 nos
317 1834 631 1887 convenite.

260 1919 441 1977 Causa
480 1922 785 1979 istiusmodi
828 1925 1141 1981 severitatis
1175 1935 1259 1981 est
1294 1926 1363 1981 ab
1397 1940 1585 1982 eorum
1617 1925 1789 1992 rabie,

1895 551 2192 623 stinguant,
2220 567 2287 609 ne
2313 568 2501 609 eorum
2526 555 2769 612 Ecclesia
2792 558 3185 630 exstinguatur.

2436 646 2518 700 Ad
2546 648 2936 719 imperatorem.

1965 734 2101 801 Quia
2132 736 2235 791 iste
2260 744 2523 794 tractatus
2544 747 2628 794 est
2647 740 2912 814 ἀκέφαλος,
2938 740 3266 805 afllgendum
3290 743 3481 813 putavi

1894 829 2042 884 hunc
2072 829 2311 884 titulum.

1892 941 1971 996 De
1998 942 2263 1017 impietate
2290 942 2454 1017 dacili
2483 953 2665 1017 contra
2693 943 3123 1017 Gundebadicant
3152 944 3335 1017 legem,
3360 961 3481 1016 qua:

2104 1011 2213 1066 vult
2245 1012 2453 1067 ensibus
2482 1030 2587 1067 non
2606 1013 2813 1085 judicio
2841 1031 3032 1070 causa:
3058 1011 3258 1071 dit-inti.

1965 1102 2153 1158 aCum
2199 1118 2390 1159 omnes
2435 1119 2603 1159 unum
2650 1105 2823 1161 simus
2871 1105 2929 1161 in
2972 1106 3222 1174 Christo,
3272 1110 3483 1164 unitate

1894 1192 2039 1258 fidei,
2073 1191 2322 1257 allectus,
2353 1194 2650 1265 religionis,
2682 1194 2906 1265 impium
2947 1205 3032 1252 est
3067 1211 3256 1266 pacem
3287 1198 3483 1252 unani-

1894 1298 2037 1338 mem
2086 1283 2273 1353 praelio
2317 1284 2595 1352 dirimere,
2641 1293 2698 1341 et
2738 1286 2793 1340 in
2839 1285 3048 1353 litibus,
3094 1287 3287 1357 gladiis
3312 1288 3479 1343 vitam

1892 1377 2177 1447 impetere,
2222 1378 2312 1433 ubi
2347 1378 2576 1449 aequitas
2604 1378 2957 1447 iudiciorum,
2988 1382 3206 1436 testium
3243 1381 3385 1436 oculi
3425 1391 3481 1437 et

1893 1465 2194 1539 integritas,
2230 1478 2457 1537 possunt
2484 1470 2755 1539 supplere.
2792 1470 2943 1526 Adde
2969 1473 3111 1541 quod
3144 1473 3229 1526 lex
3258 1474 3346 1527 illa
3374 1489 3481 1529 non

1891 1566 1976 1613 est
2004 1574 2105 1614 nec
2131 1560 2390 1626 Mosaica,
2422 1576 2522 1616 nec
2548 1562 2877 1632 evangelica,
2910 1563 3019 1619 imo
3045 1578 3077 1618 a
3104 1562 3401 1620 fmdissimo
3426 1575 3482 1621 et

1891 1648 2261 1706 infensissiino
2288 1651 2491 1708 Christi
2521 1652 2677 1707 hoste
2707 1654 2924 1709 inventa
2944 1695 2959 1720 ,
3001 1662 3060 1709 ut
3087 1670 3195 1710 non
3230 1656 3478 1720 testibus,

1892 1748 1986 1794 aut
2026 1741 2302 1796 veracium
2354 1741 2666 1797 testimonio
2692 1783 2707 1808 ,
2757 1742 2852 1797 sed
2887 1741 3033 1798 ferro
3083 1750 3139 1798 et
3186 1743 3310 1816 igne
3355 1743 3480 1800 lites

1893 1830 2271 1886 discutiantur.
2322 1831 2641 1902 Agobardus
2668 1848 2798 1905 ergo
2835 1833 3124 1905 compellat
3155 1835 3480 1905 benignissi-

1891 1936 2037 1976 mum
2066 1922 2483 1992 imperatorem,
2527 1932 2587 1978 ut
2626 1939 2657 1979 e
2700 1938 2867 1994 regno
2893 1933 3001 1979 tam
3038 1925 3322 1981 scelestam
3348 1940 3479 1982 con-

191 2009 501 2077 pervicacia
550 2020 716 2082 atque
761 2014 1109 2084 corruptione
1156 2015 1452 2078 doctrinm,
1501 2029 1665 2084 quam
1710 2022 1797 2070 tot
1889 2013 2228 2069 suetudinem
2260 1996 2579 2069 abolendam
2606 2022 2781 2070 curet.

192 2098 406 2154 nebulis
442 2099 774 2157 Pharisaicaa
799 2102 904 2159 illa:
933 2104 1277 2159 Deuteroseis
1304 2103 1701 2170 obtenderunt,
1732 2111 1791 2159 ut

191 2189 266 2244 nil
292 2203 433 2259 pene
459 2190 683 2249 luminis
707 2194 850 2263 apud
875 2194 1020 2265 ipsos
1044 2194 1310 2265 reliquum
1338 2195 1428 2251 sit.

261 2280 436 2336 Deum
467 2297 589 2339 esse
616 2298 962 2355 corporeum,
990 2285 1181 2340 audire
1206 2296 1261 2340 ct
1286 2286 1494 2341 videre.

257 2371 472 2441 Corpus
502 2374 739 2430 hominis
764 2377 832 2430 ad
856 2376 1148 2447 imaginem
1178 2377 1272 2431 Dei
1301 2376 1525 2431 factum.

258 2460 337 2516 Ex
364 2462 528 2518 vanis
556 2463 652 2518 Dei
679 2465 1100 2535 cogitationibus
1126 2466 1402 2521 dmmones
1428 2465 1622 2521 creari.

258 2550 500 2609 Litteras
526 2554 798 2623 alphabeti
827 2569 947 2611 esse
974 2556 1354 2627 sempiternas.

258 2640 462 2714 Legem
491 2643 656 2699 Mosis
682 2653 810 2700 ante
839 2646 1099 2700 mundum
1130 2644 1300 2701 fuisse
1329 2646 1609 2716 scriptam.

258 2728 454 2786 Plures
479 2747 601 2788 esse
628 2733 820 2799 caelos,
846 2734 1032 2804 plures
1060 2744 1259 2799 terras,
1285 2735 1440 2805 plura
1469 2733 1701 2791 inferna.

259 2818 436 2876 Deum
461 2822 667 2878 habere
692 2833 898 2893 septem
927 2826 1104 2881 tubas.

263 2909 490 2966 Petrum
546 2913 848 2983 apostolum
897 2925 1118 2985 propter
1164 2917 1548 2974 hcbctudinem
1595 2932 1788 2975 sensus

190 3001 451 3073 Cepham,
484 3005 538 3059 id
566 3014 668 3070 est,
699 3006 919 3063 Petram
947 3009 1113 3065 fuisse
1136 3018 1410 3065 vocatum.

256 3094 447 3151 Jesum
479 3095 759 3153 Christum
790 3100 994 3155 Tiberii
1025 3101 1233 3172 iudicio
1267 3100 1419 3157 furca
1454 3100 1622 3157 fuisse
1658 3116 1781 3157 sus-

193 3204 413 3261 pensum
433 3230 450 3256 ,
491 3191 761 3260 sepultum
783 3192 941 3263 juxta
970 3208 1123 3263 aqua:
1153 3195 1405 3259 ductum,
1445 3202 1502 3249 et
1524 3194 1592 3249 ab
1617 3195 1779 3249 inun-

192 3282 409 3339 datione
438 3296 702 3353 aquarum
732 3283 1003 3339 sublatum
1025 3324 1041 3349 ,
1088 3298 1117 3337 a
1160 3282 1336 3353 Pilato
1371 3298 1469 3353 per
1505 3299 1585 3337 xu
1626 3282 1782 3336 lnnas

194 3373 501 3443 qumsitum.

260 3460 604 3518 Christianos
635 3462 950 3520 idololatras
974 3471 1193 3527 vocant,
1223 3462 1352 3534 quia
1380 3470 1600 3519 sanctos
1630 3460 1784 3518 invo-

193 3561 337 3607 cant.

262 3643 477 3701 Habent
500 3647 824 3718 praepositos
862 3648 1173 3719 synagogis,
1203 3648 1296 3717 qui
1328 3646 1649 3720 sanguinem
1674 3646 1787 3701 vir-

194 3736 328 3807 ginis
365 3746 721 3794 menstruatae
752 3738 1069 3796 discernunt
1099 3738 1271 3796 oculis
1310 3748 1366 3795 et
1401 3748 1587 3811 gustu,
1627 3755 1785 3794 mun-

194 3824 321 3881 dum
340 3827 427 3882 vel
454 3828 810 3883 immundum.

259 3916 493 3974 Possunt
516 3919 798 3976 ambulare
822 3920 930 3976 duo
954 3920 1125 3975 millia
1150 3919 1347 3992 pedum
1376 3920 1430 3975 in
1460 3921 1709 3977 sabbato.

262 4007 414 4064 Unde
453 4010 792 4073 concluditur
825 4012 971 4082 quod
1011 4012 1058 4067 si
1100 4012 1376 4083 separatio
1408 4014 1477 4067 ab
1513 4014 1785 4069 haereticis

196 4098 555 4154 schismaticis
582 4097 748 4155 fuerit
770 4109 1073 4173 praecepta,
1106 4108 1259 4155 tanto
1292 4101 1468 4172 magis
1500 4116 1532 4155 a
1557 4099 1779 4170 Judaeis,

195 4202 225 4240 a
252 4188 580 4255 concisione,
622 4204 655 4244 a
684 4204 792 4259 qua
821 4189 912 4245 lux
939 4189 1251 4263 evangelica
1288 4188 1392 4244 fuit
1427 4190 1649 4246 omnino
1683 4206 1781 4247 ex-

196 4276 421 4342 stincta;
469 4292 622 4334 more
650 4278 1050 4349 apostolorum,
1092 4279 1187 4349 qui
1219 4279 1274 4333 in
1302 4278 1581 4335 liminibus
1610 4295 1783 4336 excu-

198 4366 395 4422 tiebant
434 4368 711 4437 pulverem
750 4368 980 4438 pedum,
1024 4375 1080 4424 et
1108 4369 1231 4423 diro
1258 4368 1608 4425 anathemate
1634 4368 1785 4440 ipsos

197 4457 545 4515 devovebant.

278 4552 279 4555 “
536 4552 621 4606 Ad
646 4551 1003 4621 Adalardum,
1024 4552 1259 4620 Walam,
1291 4562 1404 4611 etc.

261 4641 340 4697 Ad
370 4642 682 4713 frequentes
708 4642 962 4714 querelas
998 4643 1067 4699 de
1106 4644 1290 4699 mania
1333 4644 1505 4701 turbae
1538 4643 1778 4703 Iudaica;

198 4731 497 4790 Ludovicus
544 4735 845 4805 imperator
886 4734 1064 4806 coegit
1104 4742 1308 4790 emtum
1352 4735 1732 4806 episcoporum
1758 4775 1775 4801 ,

200 4824 285 4881 ubi
311 4841 532 4882 causam
552 4824 878 4883 Christianae
903 4825 1161 4883 Ecclesia
1187 4826 1300 4896 egit
1316 4825 1663 4899 Agobardus,
1680 4825 1777 4882 sed

200 4928 496 4983 perperam,
524 4923 654 4981 etc.,
687 4916 884 4972 timore
909 4916 1256 4987 praepeditus.
1311 4914 1516 4971 Scribit
1548 4913 1664 4984 iam
1706 4916 1777 4971 ad

201 5002 398 5059 nobiles
423 5003 635 5070 Patres,
679 5019 902 5060 causam
948 5004 1147 5075 inopia
1188 5005 1388 5060 mentis
1422 5002 1600 5073 reiicit
1626 5004 1681 5059 in
1710 5004 1779 5060 ti-

201 5108 416 5150 morem.
450 5095 653 5151 Deinde
670 5097 903 5166 carptim
921 5095 1156 5152 consulit
1179 5096 1315 5151 istos
1340 5096 1623 5166 episcopos
1646 5095 1777 5165 quid

202 5197 353 5255 agere
371 5184 566 5241 debeat
587 5186 653 5242 de
674 5185 962 5255 mancipiis
982 5184 1182 5242 Judatis
1201 5185 1294 5255 qui
1320 5185 1389 5240 ad
1406 5184 1777 5241 Christianum

202 5272 458 5345 baptisma
483 5290 670 5334 amore
696 5275 901 5334 Christi
929 5276 1253 5343 illiciuntur,
1276 5282 1460 5331 utrum
1485 5285 1582 5333 eos
1604 5276 1779 5333 susci-

202 5377 321 5435 pere
346 5381 415 5422 an
442 5366 669 5437 reiicere
693 5368 909 5424 debeat.

616 5454 874 5528 Epistole
909 5454 981 5511 ad
1018 5454 1345 5510 Nibridium.

266 5541 547 5602 Connectit
574 5544 844 5617 superiori
869 5544 1171 5617 querelam,
1201 5551 1257 5601 et
1281 5550 1589 5602 commovet
1612 5544 1776 5600 istum

205 5642 401 5701 patrem
425 5650 723 5709 omnesque
756 5649 1070 5709 episcOpos,
1125 5643 1182 5693 ut
1225 5635 1469 5693 unanimi
1508 5649 1775 5693 consensu

268 5755 295 5786 ⁸
319 5746 449 5805 Vide
477 5746 616 5807 llist.
642 5747 916 5825 Burgund.
992 5796 997 5803 .

2220 2103 2327 2157 VII
2359 2104 2553 2159 solum.
2601 2103 2680 2158 De
2708 2104 2839 2160 lure
2866 2106 3170 2160 sacerdotii.

1960 2192 2354 2250 Confabulatur
2404 2211 2527 2251 cum
2579 2196 2900 2267 coepiscopo
2946 2197 3225 2254 Bernardo
3272 2198 3478 2256 diserte

1892 2285 2203 2349 admodum,
2232 2302 2263 2341 e
2288 2286 2542 2342 Patribus
2568 2287 2756 2351 multa,
2789 2288 2885 2343 sed
2909 2288 3063 2359 plura
3105 2304 3137 2345 e
3172 2289 3472 2359 Scriptura;

1962 2377 2002 2433 ι.
2046 2377 2419 2433 Sacerdotium
2442 2393 2565 2434 esse
2586 2378 2826 2434 omnium
2848 2380 2940 2449 qui
2962 2378 3067 2437 fide
3088 2381 3332 2437 membra
3351 2392 3479 2437 sunt

1891 2472 2088 2527 summi
2116 2471 2437 2528 sacerdotis.

1960 2562 2022 2617 Il.
2065 2563 2134 2617 Et
2162 2562 2414 2633 quamvis
2443 2562 2533 2619 illa
2559 2579 2661 2619 vox
2688 2562 2954 2621 latissime
2978 2572 3180 2636 pateat,
3210 2574 3389 2621 tamen
3416 2574 3478 2621 ut

1842 2674 1843 2677 ‘
1890 2665 1973 2712 est
2008 2670 2111 2709 vox
2152 2655 2470 2721 ministerii,
2513 2656 2730 2726 proprie
2770 2657 3044 2727 pertinere
3072 2660 3140 2713 ad
3168 2659 3477 2714 sacerdotes

1890 2746 2225 2817 designatos,
2267 2744 2419 2815 cuius
2448 2746 2660 2801 initium
2695 2745 2795 2801 fuit
2826 2748 2879 2801 in
2914 2748 3099 2813 Abele,
3126 2746 3314 2811 Caino,
3340 2746 3473 2814 Noe,

1888 2836 2220 2899 Abrahamo,
2242 2836 2563 2906 ueterisque
2581 2835 2835 2891 Leviticae
2854 2837 3031 2893 tribus
3050 2836 3341 2903 Nazaraais,
3357 2838 3477 2894 sine

1890 2928 1999 2983 ullo
2026 2929 2343 3005 discrimine
2368 2929 2633 2984 bonorum
2663 2938 2718 2983 et
2745 2928 3032 2985 malorum.

1957 3021 2044 3077 Ill.
2086 3021 2222 3088 Quia
2250 3036 2356 3076 non
2380 3022 2671 3092 respicitur
2699 3022 2752 3076 in
2780 3023 3059 3078 sacerdote
3078 3022 3352 3088 meritum,
3376 3024 3475 3080 sed

1886 3113 1971 3169 vis
1999 3111 2316 3178 ministerii;
2363 3127 2471 3166 non
2498 3127 2727 3181 persona
2746 3153 2763 3179 ,
2804 3114 2898 3169 sed
2928 3113 3162 3184 dignitas
3186 3126 3469 3185 personae;

1888 3218 1993 3258 non
2027 3203 2326 3274 integritas,
2361 3203 2455 3257 sed
2483 3201 2745 3258 cilicium.

1955 3291 2044 3345 ιν.
2085 3291 2162 3345 Ita
2196 3300 2255 3346 ut
2290 3292 2466 3348 bonus
2506 3292 2677 3347 laicus
2717 3308 2827 3348 non
2867 3294 3040 3364 possit
3080 3296 3305 3366 exsequi
3349 3311 3471 3367 quae

1885 3380 2060 3436 malus
2083 3380 2387 3451 episcopus,
2412 3396 2607 3452 nempe
2630 3391 2966 3438 sacramenta
2993 3392 3048 3441 et
3074 3382 3190 3441 rein
3215 3387 3474 3443 ecclesia-

1885 3472 2096 3534 sticam,
2128 3472 2244 3526 sine
2270 3470 2510 3542 pernicie
2536 3472 2748 3537 animae,
2783 3481 2843 3527 ut
2867 3474 2999 3529 Oza.

1958 3563 2023 3617 V.
2062 3562 2193 3629 Quae
2236 3570 2363 3617 sunt
2401 3564 2787 3633 baptisma,et
2822 3564 3107 3622 confectio
3132 3567 3378 3637 corporis
3414 3577 3472 3624 et

1885 3651 2165 3723 sanguinis
2191 3650 2413 3719 Christi,
2444 3660 2585 3718 etc.;
2619 3668 2741 3723 qua:
2768 3668 2891 3709 cum
2924 3670 3025 3711 nec
3053 3656 3316 3711 bonorum
3350 3673 3466 3712 me-

1885 3744 2023 3808 ritis,
2053 3758 2154 3798 nec
2180 3742 2446 3798 malorum
2474 3742 2663 3799 fraude
2686 3745 2896 3816 possint
2923 3758 3026 3801 nec
3050 3746 3345 3812 meliorari,
3368 3763 3468 3802 nec
3518 3806 3521 3807 ν

1883 3832 2226 3898 deteriorari,
2257 3830 2353 3887 sed
2381 3830 2617 3902 Spiritus
2641 3833 2843 3889 virtute
2870 3833 3237 3905 perﬁciantur,
3268 3835 3466 3891 debent

1882 3922 1951 3977 ab
1980 3921 2231 3978 omnibus
2263 3921 2548 3993 aequaliter
2572 3922 2851 3991 honorari,
2880 3924 2995 3981 sive
3024 3924 3259 3992 a-bonis,
3289 3926 3401 3982 sive
3433 3941 3463 3980 a

1882 4013 2040 4068 malis
2064 4012 2368 4083 percipiant
2391 4012 2783 4069 sacerdotibus.

1954 4100 2194 4174 Quorum
2216 4108 2451 4171 quatuor
2471 4108 2598 4156 sunt
2617 4115 2835 4172 genera.
2867 4101 3132 4170 Primum,
3153 4106 3460 4171 amandum,

1882 4191 1975 4261 qui
2004 4189 2141 4246 bene
2178 4197 2234 4244 et
2272 4190 2463 4245 vivunt
2498 4198 2555 4247 et
2582 4191 2796 4247 docent.
2855 4190 3184 4260 Secundum,
3228 4195 3462 4249 toleran-

1881 4279 2029 4344 dum,
2056 4279 2150 4350 qui
2173 4279 2313 4336 bene
2338 4277 2555 4347 docent,
2577 4288 2635 4336 et
2653 4295 2761 4336 non
2786 4281 3073 4337 admodum
3100 4282 3458 4339 benevivunt.

1881 4370 1951 4425 Et
1991 4369 2081 4426 isti
2112 4378 2238 4425 sunt
2272 4368 2545 4436 audiendi,
2584 4384 2690 4425 non
2720 4370 2991 4425 imitandi.
3046 4371 3306 4436 Tertium,
3339 4387 3459 4449 cpn-

1808 4483 1858 4545 D
1882 4460 2237 4527 temnendum,
2265 4458 2408 4517 male
2450 4460 2743 4515 viventium
2773 4470 2829 4515 et
2855 4460 3239 4532 ignorantium.
3288 4461 3463 4528 Quar-

1882 4559 2017 4615 tum,
2062 4549 2640 4615 anathematizandum,
2684 4550 2824 4606 bene
2848 4550 2933 4606 vel
2968 4550 3111 4605 male
3136 4552 3451 4616 viventium,

1879 4639 1973 4696 sed
2001 4638 2141 4694 male
2163 4638 2493 4696 docentium.
2525 4639 2595 4695 Et
2620 4638 2696 4693 illi
2720 4639 2942 4695 omnino
2966 4638 3323 4711 relinquendi.

2294 4726 2375 4782 De
2401 4726 2658 4798 grandine
2690 4735 2741 4781 et
2772 4726 3039 4782 tonitruis.

1946 4817 2254 4875 lnvatuerat
2278 4817 2335 4874 in
2364 4817 2557 4891 vulgus
2586 4825 2729 4874 tetra
2765 4818 2950 4888 opinio
2985 4819 3455 4898 «superstitiosa

1876 4912 1945 4968 de
1970 4912 2234 4985 grandine
2255 4919 2312 4968 et
2334 4910 2608 4983 procellis,
2630 4925 2768 4980 quas
2789 4924 3006 4981 magum
3034 4910 3455 4967 incantamentis

1875 5001 2006 5058 cieri
2027 4999 2306 5070 putabant.
2330 5000 2443 5057 Hoc
2460 4998 2729 5057 vocabant
2750 4999 2952 5054 Auram
2972 4996 3289 5066 lenuitiant;
3309 5000 3457 5070 quod

1875 5092 2156 5149 multintiﬁ
2212 5091 2446 5146 ‘nﬁrmat
2490 5092 2702 5147 ratione
2747 5091 3214 5164 argumentisque,
3258 5091 3454 5163 quibus

1876 5185 2251 5243 circumvolvit
2275 5184 2534 5255 ejusmodi
2558 5182 2902 5240 tenebriones
2927 5189 2986 5239 et
3006 5181 3296 5240 veneficos.
3334 5184 3386 5237 l.
3405 5184 3454 5237 Α

1875 5276 2189 5348 turpisSimo
2216 5276 2495 5331 hominum
2523 5272 2829 5338 mendacio,
2852 5272 2946 5341 qui
2973 5272 3219 5328 tribuunt
3245 5272 3453 5328 homini

1877 5369 2025 5440 quod
2042 5366 2213 5423 solius
2234 5365 2330 5421 Dei
2352 5372 2455 5421 est.
2490 5363 2546 5419 Ξ.
2570 5364 2615 5419 Α
2634 5362 2899 5419 mendacii
2920 5370 3114 5417 natura
3136 5362 3450 5427 intrinseca,

1874 5473 1981 5531 quo
2026 5457 2104 5513 illi
2150 5456 2539 5536 innitebantur.
2593 5456 2649 5511 3.
2684 5454 2731 5508 Α
2770 5454 3095 5509 testimoniis
3128 5451 3446 5522 Scriptura.

1874 5548 2003 5607 Loci
2041 5545 2335 5616 Scriptum
2374 5550 2556 5598 motus
2593 5551 2972 5613 tempestatum
3017 5542 3129 5599 Deo
3173 5542 3450 5608 tribuunt,

1874 5657 1980 5699 non
2010 5638 2167 5707 Mosi,
2197 5652 2303 5693 non
2332 5634 2588 5698 Samueli,
2619 5642 2750 5705 etc.,
2781 5650 2887 5689 non
2914 5633 3089 5690 Jamni
3118 5633 3453 5705 Mambriquc
