3918 6316
447 326 522 382 25
1345 321 1405 379 S.
1447 320 1874 381 AGOBARDUS
1913 316 2298 377 EPISCOPUS
2335 321 2849 383 LUGDUNENSIS.
3676 325 3752 380 24

445 446 724 504 veneﬁcis.
765 445 910 518 Ergo
938 444 1076 501 {also
1109 445 1199 501 isti
1232 446 1541 503 attribuunt
1574 448 1793 504 vatibus
1834 453 2045 515 tempe-
2074 445 2122 502 Δ
2152 442 2526 518 Evangelium,
2550 464 2657 505 non
2689 450 2744 505 in
2772 464 2968 521 pompa
2996 449 3337 522 eloquentiae,
3371 451 3467 507 sed
3495 450 3552 506 in
3576 449 3755 505 virtu-

446 547 649 594 statnm
672 547 872 593 motus.
897 536 1049 592 LAb
1069 536 1434 607 explicatione
1457 537 1703 608 ejusdem
1724 536 2045 607 Scripturze.

445 630 583 686 Nam
610 630 739 686 licet
763 629 907 686 Deus
934 628 1178 685 ell‘undat
1202 630 1494 701 procellas,
1537 631 1653 688 sive
1678 646 1779 702 per
1805 629 2047 702 angelos,

444 722 561 778 sive
593 736 691 794 per
716 721 919 777 Mosem
956 720 1327 792 Eliseumque,
1353 736 1469 777 non
1498 712 1747 793 Sequitur
1771 736 1867 777 eos
1902 737 1935 776 a
1966 736 2046 788 se,

444 810 540 865 sed
566 826 665 881 per
690 810 1074 874 ministerium,
1106 810 1432 867 concitasse.
1470 809 1523 865 6.
1553 811 1637 866 Ab
1670 810 1954 867 harmonia
1988 817 2045 865 et

445 900 758 956 testimonio
781 900 947 956 totius
970 900 1231 956 universi.
1265 898 1439 957 Omne
1460 901 1774 957 universum
1802 900 2050 973 agnoscit

443 1002 725 1049 auctorem
761 1001 819 1049 et
851 1001 1120 1049 motorem
1150 993 1322 1049 Deum
1357 994 1559 1060 solum,
1591 1008 1698 1048 non
1729 1007 1862 1063 ergo
1892 1007 2049 1048 crea-

442 1094 615 1142 turas.
654 1086 707 1138 7.
739 1084 799 1141 Si
825 1086 953 1142 boni
978 1086 1238 1143 Israelita:
1262 1093 1559 1159 potuerunt
1582 1086 1861 1141 evibrasse
1885 1099 2048 1156 gran-

443 1178 599 1233 dines
647 1192 812 1248 super
862 1177 1057 1244 malos,
1110 1176 1241 1231 mali
1284 1192 1502 1247 quoque
1546 1175 1847 1247 potuissent
1882 1188 2048 1245 super

441 1268 635 1334 bonos,
688 1267 833 1338 quod
879 1267 1057 1339 Reges
1086 1266 1380 1322 Chananazi
1417 1281 1697 1335 nunquam
1724 1263 2042 1320 ell‘ecerunt.

442 1360 498 1415 8.
530 1357 589 1414 Si
636 1360 741 1414 hoc
777 1366 1001 1428 possent
1042 1357 1205 1423 mali,
1249 1364 1474 1428 possent
1515 1356 1759 1413 infensos
1800 1369 2046 1426 quosque

442 1450 640 1507 subitis
662 1449 941 1520 ’procellis
984 1451 1236 1505 obruere.
1285 1450 1338 1506 9.
1382 1450 1427 1504 A
1467 1456 1665 1504 natura
1706 1446 2042 1519 ﬂagellorum

440 1554 843 1612 corporumque
870 1540 1206 1605 caelestium,
1250 1556 1481 1612 quorum
1516 1540 1799 1612 proprium
1834 1546 1919 1596 est
1947 1539 2045 1595 ob-

440 1638 753 1699 temperare
785 1645 891 1686 non
924 1630 1127 1685 homini
1154 1672 1169 1696 ,
1218 1631 1313 1685 sed
1349 1630 1559 1686 auctori
1596 1638 1824 1686 naturas.
1875 1628 1964 1684 lO.
1996 1628 2044 1683 A

440 1732 640 1778 natura
668 1723 933 1797 hominis,
978 1723 1071 1792 qui
1111 1723 1324 1793 ignorat
1361 1732 1573 1779 secreta
1607 1723 1849 1779 aetheris.
1878 1722 1967 1777 ll.
1994 1722 2042 1777 A

2156 545 2209 592 te
2236 534 2494 607 Spiritus.

2220 626 2304 682 Ad
2323 627 2413 684 1V.
2442 628 2706 697 Quartum
2733 630 2974 687 inﬁrmat
2998 631 3132 689 locis
3156 632 3453 705 Scriptum
3478 640 3534 688 et
3575 628 3756 702 philo-

2149 720 2373 790 sophiae.

2218 808 2302 863 Ad
2335 809 2400 866 ν.
2436 810 2696 878 Quintum
2726 827 2758 867 a
2782 822 2975 869 natura
3005 812 3123 881 Dei,
3153 828 3275 884 quae
3303 813 3381 869 nil
3411 814 3579 870 habet
3602 810 3749 867 divi-

2148 914 2291 966 sum,
2318 901 2412 955 sed
2445 910 2618 957 totum
2648 910 2734 958 est
2758 903 2813 957 id
2837 904 2982 973 quod
3004 911 3109 959 est.

2216 990 2416 1063 ΛΑΜ.
2444 991 2723 1048 Christum
2762 1009 2870 1048 non
2908 995 3075 1049 fuisse
3116 993 3487 1059 manifestum,
3524 991 3617 1049 sed
3648 991 3755 1047 sub

2145 1079 2389 1139 Levitica
2444 1092 2597 1141 veste
2625 1101 2655 1140 a
2708 1086 3040 1157 patriarchis
3084 1088 3363 1159 cognitum
3415 1102 3513 1157 per
3562 1085 3750 1149 ﬁdem,

2149 1170 2451 1245 Scriptura,
2476 1174 2751 1240 Patribus,
2782 1177 3015 1242 ratione,
3039 1178 3107 1232 ab
3136 1178 3341 1233 unitate
3370 1177 3649 1243 Ecclesiai,
3681 1177 3754 1231 ab

2144 1271 2271 1319 ortu
2296 1264 2511 1330 Adami,
2536 1281 2708 1336 usque
2733 1268 2801 1322 ad
2824 1266 3126 1323 Christum.

2218 1352 2375 1410 Unde
2424 1354 2628 1409 factum
2674 1364 2759 1411 est
2789 1365 2846 1410 ut
2873 1357 3122 1426 quamvis
3156 1366 3341 1413 essent
3394 1357 3609 1413 diversa
3662 1372 3753 1412 sa-

2146 1454 2445 1511 cramenta,
2480 1455 2663 1502 tamen
2691 1448 2880 1502 eadem
2909 1447 3071 1503 fuerit
3110 1455 3579 1503 sacramentorum
3620 1447 3752 1502 sub-

2146 1538 2370 1593 stantia.

2216 1628 2287 1684 Et
2322 1628 2450 1685 licet
2483 1630 2695 1686 dicatur
2737 1630 2907 1685 Vetus
2942 1636 2999 1685 et
3053 1628 3262 1684 Novum
3311 1628 3749 1692 Testamentum,

2147 1735 2255 1776 non
2283 1720 2339 1775 id
2365 1730 2654 1792 propterea
2682 1720 2826 1791 quod
2854 1720 2927 1774 sit
2954 1736 3126 1790 nuper
3154 1720 3459 1783 inventum,
3501 1718 3596 1772 sed
3626 1732 3749 1770 ma-

440 1813 676 1885 pendula
706 1812 1072 1869 veneﬁcorum
1101 1811 1227 1877 ﬁde,
1260 1811 1353 1882 qui
1385 1820 1675 1883 propterea
1706 1812 1783 1867 nil
1813 1819 2045 1868 exorant
2073 1806 2120 1864 B
2148 1810 2458 1865 nilestatum
2486 1811 2634 1876 omni
2663 1810 2886 1874 mundo,
2916 1808 3061 1878 quod
3088 1808 3379 1864 delituerat
3407 1808 3509 1862 sub
3532 1806 3747 1862 cortice

443 1921 474 1960 a
503 1904 635 1961 Deo.
684 1904 751 1960 Et
782 1904 886 1959 alia
916 1904 1086 1959 multa
1122 1914 1356 1960 conatur
1385 1920 1416 1959 e
1446 1903 1613 1959 corde
1645 1904 1827 1975 populi
1856 1903 2041 1959 delere

445 1995 727 2067 ﬁgmenta,
757 1994 964 2065 jamdiu
997 1994 1387 2051 consuetudine
1424 1995 1707 2065 impressa,
1740 1994 2042 2065 praesertim

443 2089 575 2145 illud
610 2090 756 2160 quod
790 2087 1281 2144 circumferebatur
1314 2089 1383 2143 de
1415 2086 1729 2142 Grimoaldo
1766 2087 2042 2144 Beneven-

444 2190 627 2234 torum
656 2180 792 2234 duce
815 2178 927 2249 (qui
952 2177 1288 2233 transmissis
1313 2193 1411 2247 per
1431 2177 1707 2246 pulverem
1731 2178 2043 2233 hominibus

442 2269 623 2325 eﬁ'ecit
656 2276 718 2323 ut
748 2269 917 2325 boves
962 2282 1153 2323 omnes
1196 2270 1597 2340 morerentur),
1646 2277 1706 2323 ut
1748 2270 2040 2338 genuinum

444 2361 723 2433 Evangelii
747 2361 1125 2417 characterem
1155 2360 1445 2431 insculpat.

854 2450 938 2505 Ad
973 2448 1324 2521 Fredegisum
1363 2452 1623 2507 abbatem.

514 2542 843 2614 Fredegisus
862 2543 1030 2598 abbas
1052 2543 1157 2598 ista
1179 2552 1374 2599 contra
1392 2542 1741 2614 Agobardum
1764 2544 2045 2601 asserebat

443 2635 718 2705 dogmata.

514 2726 555 2781 Ι.
593 2725 869 2782 Christum
896 2739 1027 2780 vere
1057 2722 1224 2779 fuisse
1254 2723 1537 2788 humilem,
1566 2731 1623 2779 et
1647 2732 1916 2794 quatenus
1942 2724 2045 2780 hu-

444 2814 649 2880 milem,
678 2829 800 2871 sese
826 2811 1198 2868 errabundum
1230 2827 1515 2883 cegnosse.

512 2906 821 2962 ll.0mnem
849 2902 1189 2974 Scripturam
1219 2917 1343 2957 cum
1369 2903 1623 2958 omnibus
1652 2902 2045 2971 interpretibus

443 2994 787 3058 canonicam,
804 3007 978 3061 neque
991 3006 1087 3048 eos
1101 3007 1340 3061 unquam
1355 3007 1571 3047 errasse
1586 2992 1639 3045 in
1663 2993 2040 3062 grammatica.

516 3084 600 3140 lll.
618 3084 881 3139 Sanctum
909 3082 1173 3153 Spiritum
1205 3083 1505 3152 inspirasse
1530 3082 1810 3152 pr0phetis
1834 3090 1891 3137 ct
1916 3096 2045 3151 apo-

2148 1894 2403 1951 Leviticte
2430 1897 2591 1952 nubis
2620 1897 2688 1951 ab
2716 1896 2926 1966 origine
2958 1894 3112 1965 legis.

2148 2004 2231 2059 Ad
2260 2004 2576 2061 Hilduinum
2607 2005 2817 2060 Walam
2845 2006 3151 2071 antistitem,
3175 2005 3240 2058 de
3268 2004 3525 2074 baptismo
3546 2004 3752 2058 manci-

2643 2078 2854 2146 piorum
2879 2076 3251 2130 Iudaicarum.

2220 2199 2248 2229 ι
2272 2186 2465 2252 Judaei,
2491 2194 2607 2242 tum
2635 2185 2792 2251 dolis,
2819 2195 2932 2240 tum
2960 2185 3228 2255 pecuniis,
3254 2200 3283 2239 a
3314 2184 3528 2240 Caesare
3562 2192 3751 2241 extor-

2149 2288 2336 2335 serant
2364 2279 2531 2334 multa
2558 2279 2678 2348 paci
2703 2278 2960 2333 Ecclesia:
2984 2277 3195 2333 inlensa
3222 2294 3235 2343 ;
3269 2277 3413 2332 inter
3438 2287 3652 2343 caetera,
3684 2286 3751 2332 ut

2148 2370 2329 2426 nullus
2346 2368 2654 2424 Judzeorum
2674 2384 2863 2424 servus
2886 2369 3091 2437 absque
3116 2368 3316 2439 placito
3342 2366 3513 2423 Judtni
3538 2367 3745 2423 domini

2147 2460 2687 2532 baptizareturJnde
2709 2459 2843 2515 dirae
2866 2459 3119 2530 procella:
3145 2460 3288 2513 inter
3308 2468 3593 2529 utramque
3614 2474 3748 2528 gen-

2148 2560 2281 2607 tem.
2304 2550 2622 2621 Agobardus
2642 2564 2757 2605 rem
2780 2550 2884 2603 hac
2900 2548 3128 2619 epistola
3158 2548 3397 2619 depingit
3419 2550 3559 2618 apud
3586 2549 3749 2602 nobi-

2149 2641 2255 2696 lem
2281 2641 2538 2705 aulicum,
2565 2639 2887 2702 antistitem,
2918 2636 3118 2692 Caesari
3141 2637 3529 2705 gratissimum.
3546 2636 3747 2704 Queri-

2151 2742 2239 2785 tur
2251 2731 2316 2786 de
2332 2730 2573 2786 novitate
2586 2729 2770 2785 edicti.
2787 2728 2902 2783 Non
2917 2727 3338 2799 permittendum
3357 2728 3442 2782 his
3455 2742 3747 2798 argumcno

2151 2820 2239 2876 tis.
2278 2821 2327 2874 l.
2352 2820 2580 2891 Propter
2615 2820 2960 2876 insolentiam
2991 2818 3323 2885 Judirorum,
3358 2820 3448 2888 qui
3479 2819 3751 2889 quoslibet

2150 2926 2339 2968 servos
2358 2928 2390 2966 a
2411 2910 2628 2969 lavacro
2648 2911 3051 2966 absterrebunt.
3069 2910 3124 2963 ἓ.
3143 2910 3373 2979 Propter
3396 2909 3489 2964 Dei
3507 2909 3748 2979 jussum,

2149 3002 2242 3072 qui
2270 3001 2385 3055 vult
2414 3016 2605 3056 omnes
2631 3002 2833 3067 salvos,
2877 3002 2985 3055 imo
3023 3000 3315 3069 mancipia,
3361 3000 3556 3068 quibus
3594 3016 3749 3055 com-

2151 3104 2312 3145 mune
2340 3098 2424 3145 est
2444 3105 2567 3144 cum
2589 3091 2842 3145 omnibus
2868 3099 3075 3145 natura:
3114 3098 3170 3143 et
3188 3089 3413 3160 originis
3450 3089 3750 3155 vinculum,

443 3174 599 3230 stolis
636 3182 750 3228 tum
784 3180 1081 3241 conceptus
1116 3172 1385 3236 internos,
1417 3176 1472 3225 et
1509 3170 1852 3224 extrinsecus
1892 3160 2127 3227 voces’C
2156 3188 2211 3235 οι
2250 3180 2498 3250 quamvis
2535 3195 2761 3251 corpore
2791 3181 2991 3235 mundo
3022 3180 3279 3241 serviant,
3313 3178 3429 3232 vult
3474 3179 3619 3250 ipsos
3643 3180 3752 3234 sibi

442 3269 592 3338 ipsas
617 3265 672 3318 in
701 3278 798 3320 ore
825 3261 1112 3326 formasse,
1133 3270 1193 3315 ut
1215 3260 1384 3314 asina:
1411 3259 1669 3313 Balaami.

515 3356 834 3414 lV.Alicubi
861 3364 1014 3410 certo
1056 3354 1175 3409 loco
1220 3353 1433 3408 animas
1472 3368 1594 3408 esse
1630 3361 1863 3419 creatas,
1900 3353 2052 3409 inde-

445 3465 550 3521 que
576 3450 646 3504 ad
672 3462 901 3519 corpora
927 3447 1256 3515 demigrare.

519 3542 758 3598 V.Aliud
782 3555 904 3595 esse
922 3540 1115 3603 Deum,
1138 3538 1281 3592 aliud
1316 3537 1636 3592 Veritatem.

518 3634 607 3691 Vl.
632 3634 837 3691 Omnes
872 3632 1127 3701 antiquos
1165 3630 1511 3700 patriarchas
1549 3644 1654 3683 non
1693 3627 1859 3683 fuisse
1891 3628 2052 3683 Chri—

448 3728 691 3791 stianos;
724 3739 825 3780 nec
862 3722 1139 3779 Christum
1176 3720 1344 3775 fuisse
1374 3720 1429 3773 in
1461 3719 1644 3774 Veteri
1677 3720 2047 3775 Testamento.

518 3816 921 3887 Responsiones
947 3812 1220 3884 Agobardi
1245 3812 1329 3865 ha:
1357 3818 1505 3865 sunt.

518 3908 603 3963 Ad
627 3906 669 3960 l.
698 3905 974 3962 Christum
1003 3903 1203 3956 habere
1224 3899 1443 3969 quidem
1475 3908 1725 3953 naturam
1762 3913 2051 3967 corporum

450 4006 789 4060 nostrorum,
818 4010 924 4051 non
966 3992 1257 4062 originem,
1282 3997 1338 4043 et
1367 3988 1493 4044 inde
1540 3988 1741 4043 habere
1778 3988 2051 4056 impecca-

447 4090 748 4151 hilitatem;
784 4085 859 4139 ita
900 4091 961 4138 ut
983 4082 1111 4137 licet
1148 4095 1270 4135 sese
1322 4078 1583 4133 humilem
1633 4078 1949 4142 reddiderit,
1991 4079 2045 4133 id

450 4180 802 4236 inclinatione
830 4173 1218 4238 miserationis,
1242 4186 1349 4227 non
1377 4172 1733 4227 evacuatione
1760 4171 2053 4240 potestatis

452 4270 665 4333 fecerit,
695 4265 961 4323 abolendo
990 4269 1210 4333 peccata
1236 4260 1433 4323 aliena,
1462 4274 1568 4313 non
1595 4260 1903 4314 conﬁtendo
1928 4275 2053 4328 pro-

454 4364 595 4433 pria.

526 4454 606 4508 Ad
634 4451 697 4506 ll.
728 4447 1121 4505 Auctoritatem
1150 4442 1448 4511 Scriptura:
1469 4439 1899 4507 indubitabilem,
1934 4439 2051 4508 ejus

455 4558 650 4615 nempe
689 4556 810 4612 quae
847 4537 1112 4595 'canonica
1167 4542 1269 4588 est.
1318 4534 1397 4586 Ex
1446 4532 1853 4601 interpretibus,
1900 4548 2047 4585 Lxxn

455 4639 717 4711 primum,
745 4633 869 4689 dein
900 4630 1309 4697 Hieronymum.
1344 4624 1566 4693 Aliqnos
1595 4622 1961 4691 explodendos
1987 4622 2052 4676 de

454 4728 694 4783 Judmis:
729 4720 1003 4792 Aquilam,
1035 4715 1394 4779 Theodotion,
1443 4714 1850 4785 Symmachum,
1890 4712 2053 4783 Didy-

457 4831 627 4873 mum.
656 4808 1093 4882 Expositoresita
1108 4808 1377 4877 legantur,
1399 4815 1458 4859 ut
1474 4812 1713 4875 prmcant
1734 4804 2051 4873 Scripturze,

460 4925 563 4963 non
584 4922 702 4960 cum
718 4901 1003 4973 judicandi
1023 4900 1285 4961 libertate,
1304 4897 1394 4951 scd
1416 4914 1534 4951 cum
1557 4896 1804 4950 credendi
1827 4897 2055 4950 necessi-

458 5010 589 5061 tale,
617 4994 955 5066 expositores
981 5006 1126 5054 vero,
1156 5005 1260 5043 non
1287 5004 1411 5043 cum
1434 4987 1688 5042 credendi
1709 4988 2054 5053 necessitate,

459 5091 553 5143 sed
585 5102 707 5141 cum
730 5082 1005 5152 judicandi
1038 5081 1303 5134 libertate.
1346 5078 1495 5148 Ipsos
1531 5093 1746 5132 errasse
1787 5078 1839 5131 in
1880 5094 2060 5147 gram—

461 5180 684 5242 matica,
714 5192 822 5231 non
853 5172 1081 5232 malitia,
1109 5186 1207 5222 nec
1237 5169 1528 5238 imperitia,
1553 5167 1646 5222 sed
1679 5168 1889 5222 ratione
1931 5184 2032 5222 ron

462 5268 850 5327 descensionis.

536 5364 615 5415 Ad
655 5358 741 5415 lli.
790 5355 1050 5425 Exemplo
1095 5353 1256 5407 Mosis
1296 5362 1351 5403 et
1388 5352 1591 5411 Aaron,
1628 5364 1860 5420 quorum
1925 5348 2061 5401 alter

464 5456 723 5527 propheta
765 5466 953 5505 vocem
998 5448 1187 5502 habuit
1238 5444 1630 5512 impeditiorcm
1672 5456 1835 5510 quam
1880 5441 2061 5493 Aaron

467 5550 559 5618 qui
582 5562 687 5601 non
714 5552 832 5598 erat
871 5535 1549 5610 prophetazapostolorum
1589 5532 1681 5602 qui
1720 5531 2059 5602 promulgant

2149 3271 2444 3326 obstrictos
2510 3270 2670 3325 latria
2713 3271 2912 3325 mentis
2956 3278 3148 3325 contra
3191 3283 3408 3323 omnem
3460 3278 3752 3339 cogentem

2150 3362 2482 3417 violentiam.
2509 3360 2563 3413 3.
2594 3360 2729 3427 Quia
2759 3360 3010 3417 Christus
3035 3371 3119 3415 est
3152 3359 3335 3415 omnia
3376 3360 3430 3413 in
3472 3359 3749 3425 omnibus,

2148 3462 2205 3508 et
2230 3469 2329 3522 per
2352 3454 2680 3523 baptismum
2702 3453 2771 3507 ab
2796 3454 2944 3507 omni
2966 3454 3242 3508 servitutis
3258 3450 3389 3522 jugo
3418 3453 3740 3508 liberantur.

2150 3543 2201 3597 4.
2235 3543 2397 3598 Locis
2450 3542 2747 3613 Scriptura:
2801 3543 3250 3611 expressissimis.
3306 3543 3547 3599 Tandem
3594 3551 3753 3612 rogat

2149 3649 2272 3688 eum
2309 3641 2370 3687 ut
2408 3631 2609 3688 elliciat
2644 3633 2785 3701 apud
2824 3632 3232 3701 imperatorem,
3268 3641 3363 3687 aut
3403 3643 3463 3687 ut
3505 3634 3745 3688 edictum

2151 3724 2497 3795 infringatur,
2521 3733 2613 3777 aut
2634 3724 2825 3778 saltem
2852 3725 2969 3779 sine
2998 3725 3256 3779 violentia
3288 3725 3540 3780 veniendi
3571 3724 3638 3781 ad
3684 3724 3749 3778 li—

2150 3815 2273 3869 dem
2304 3814 2529 3869 libertas
2557 3816 2730 3870 servis
2755 3814 3105 3870 concedatur.

2645 3927 2720 3981 De
2751 3927 2994 3981 illusionc
3019 3928 3307 3997 signorum.

2226 4038 2652 4109 lngravescebat
2687 4037 2935 4107 quaedam
2986 4036 3246 4109 ἐπιληψίαι,
3290 4038 3363 4091 ita
3406 4047 3466 4093 ut
3497 4039 3750 4096 homines

2152 4133 2306 4203 quasi
2331 4130 2645 4187 daemoniaci
2667 4130 2941 4187 caderent.
2970 4130 3081 4186 lmo
3115 4131 3329 4185 exustio
3370 4132 3615 4200 quaedam
3649 4148 3751 4201 pu-

2154 4220 2391 4274 stulacea
2420 4229 2476 4274 et
2504 4220 2758 4290 stigmata
2784 4218 2839 4272 in
2868 4219 3187 4288 corporibus
3213 4220 3567 4289 apparebant.
3594 4220 3749 4277 Unde

2154 4310 2318 4364 ﬁebat
2339 4319 2398 4363 ut
2417 4308 2569 4378 plebs
2588 4308 2780 4363 territa
2800 4306 3063 4375 ejusmodi
3084 4308 3279 4378 plagis,
3303 4323 3455 4362 more
3476 4310 3749 4378 gentilitio

2154 4404 2208 4457 in
2236 4400 2677 4470 propitiationem
2720 4398 2983 4467 ejusmodi
3029 4399 3270 4454 ulcerum
3303 4397 3580 4453 oll‘errent.
3621 4399 3752 4454 Bar-

2080 4502 2131 4562 D
2156 4493 2473 4548 tholommus
2509 4491 2627 4561 ejus
2662 4490 2757 4545 ira:
2797 4490 3011 4545 coalitus
3050 4490 3298 4544 demissa:
3336 4503 3557 4544 causam
3595 4490 3751 4559 petit.

2155 4580 2471 4650 Agobardus
2493 4578 2784 4647 respondet
2808 4578 2925 4631 haec
2952 4576 3070 4631 ﬁeri
3102 4576 3212 4631 Deo
3231 4576 3470 4641 volente,
3487 4585 3543 4630 et
3561 4579 3754 4649 angelo

2156 4670 2517 4733 ministrante,
2563 4668 2874 4725 erudiendis
2912 4667 3179 4734 ﬁdelibus,
3211 4668 3626 4737 cruciandisqne
3658 4682 3747 4722 re-

2155 4760 2338 4828 probis
2357 4802 2370 4825 ,
2397 4771 2456 4813 ut
2469 4758 2597 4814 olim
2612 4774 2709 4828 per
2724 4758 2938 4812 vesicas
2956 4760 3238 4827 turgentes
3253 4766 3308 4811 et
3322 4759 3751 4814 hzemorrhoidcs

2158 4850 2440 4921 Egyptios
2484 4858 2539 4903 et
2586 4849 2926 4904 Philisthazos
2962 4848 3603 4920 proﬂigavitzmultaque
3648 4849 3753 4904 alia

2156 4941 2392 5011 subjicit,
2423 4958 2543 5009 qum
2570 4941 2681 4995 otio
2704 4940 2923 4995 lectoris
2950 4939 3320 5009 relinquimus.

2750 5053 2833 5105 Ad
2861 5050 3207 5121 Matfrcdum.

2234 5164 2469 5233 Epistula
2519 5165 2633 5221 haec
2675 5166 2747 5220 nil
2778 5164 2925 5219 aliud
2950 5164 3189 5235 depingit
3211 5181 3374 5235 quam
3400 5165 3647 5220 miserias
3671 5164 3753 5218 sui

2164 5254 2348 5310 saeculi
2376 5270 2405 5308 a
2434 5253 2634 5310 Judaeis
2663 5263 2982 5318 commotas,
3005 5255 3096 5323 qui
3118 5253 3357 5309 funditus
3386 5254 3755 5324 integritatem

2166 5363 2376 5401 morum
2408 5355 2461 5401 et
2492 5347 2763 5417 religionis
2796 5355 2850 5399 et
2880 5346 3171 5400 harmonia:
3212 5345 3439 5415 publicae
3476 5342 3759 5399 convulse-

2166 5446 2329 5500 rant;
2372 5447 2427 5491 et
2470 5447 2619 5507 rogat
2658 5446 2717 5489 ut
2748 5437 2840 5506 qui
2872 5436 3010 5505 apud
3053 5436 3433 5504 imperatorem
3461 5433 3755 5504 plurimum

2166 5536 2369 5598 posset,
2395 5527 2656 5598 ejusmodi
2685 5528 2862 5583 turbis
2892 5526 3220 5579 mederetur.

541 5696 565 5723 ι
592 5678 878 5735 Hildninus
906 5675 1071 5730 abbas
1100 5668 1417 5730 monasterii
1458 5666 1515 5721 S.
1560 5664 1802 5735 Dionysii
1846 5662 1987 5732 apud
2025 5661 2318 5728 Parisium,
2363 5668 2609 5735 sacrique
2679 5664 2862 5733 palatii
2929 5660 3288 5729 archicapel.;
3332 5655 3563 5713 Conrad.
3623 5654 3749 5710 abb.

476 5754 798 5823 L'spergens.
