3918 6348
166 380 241 441 25
1578 382 2112 443 PROLEGOMENA.
2991 408 2996 412 '
3386 396 3461 452 26

171 505 255 559 Ad
296 504 499 562 clerum
536 500 960 581 Lugdunensem,
998 504 1063 581 de
1100 505 1256 560 modo
1299 502 1566 576 regimini:
1605 500 1768 558 eccle-
1797 504 1843 561 Δ
1870 500 2245 575 Congregatur
2272 501 2634 574 Francol'nrti,
2669 506 2759 563 ubi
2803 506 2981 564 Nicaea
3004 511 3207 581 apertis
3240 522 3459 571 senten-

811 576 1029 633 siastici.

244 687 465 745 Exorta:
485 690 629 745 inter
654 690 880 747 clericos
911 689 1248 761 Lugdunaeos
1281 688 1414 743 rixa:
1438 689 1505 744 de
1539 686 1769 743 admini-

168 779 399 833 stranda
428 780 695 847 Ecclesia,
722 793 943 837 movent
976 779 1322 851 Agobardum
1374 780 1440 834 de
1481 777 1767 834 scribendo

170 867 279 923 hoc
320 869 581 926 themate.
624 871 693 925 Et
730 872 967 942 primum
999 871 1067 925 ab
1098 871 1308 925 unitate
1334 870 1614 935 Ecclesiae,
1651 877 1765 923 tum

167 961 567 1029 membrorum,
598 971 713 1018 tum
741 964 954 1033 capitis,
986 964 1241 1019 hortatur
1268 962 1508 1032 singulos
1530 961 1597 1015 ad
1622 961 1764 1017 iuvi-

166 1071 289 1112 cem
315 1058 605 1113 ineundam
635 1074 847 1129 pacem.
870 1056 999 1127 Ejus
1028 1058 1145 1112 haec
1168 1064 1295 1112 sunt
1317 1056 1609 1110 axiomata.

239 1150 282 1204 l.
330 1150 514 1209 Unicae
542 1168 753 1223 sponsae
782 1155 1001 1209 unicum
1033 1167 1154 1208 esse
1182 1166 1437 1221 sponsum
1470 1166 1484 1205 :
1510 1151 1603 1222 qui
1638 1166 1763 1207 cum

166 1239 242 1293 sit
268 1242 635 1298 essentialiter
658 1244 881 1308 veritas,
901 1258 1029 1313 pax,
1044 1242 1279 1313 justitia,
1298 1250 1523 1296 etomne
1536 1243 1760 1307 bonum,

168 1327 335 1384 debet
370 1341 593 1401 propter
614 1347 695 1397 se,
727 1348 834 1387 non
856 1340 1078 1403 propter
1106 1332 1275 1397 aliud,
1304 1332 1479 1402 diligi.

240 1418 309 1474 Π.
351 1420 518 1491 Cujus
539 1422 795 1478 Ecclesia:
827 1423 1068 1477 membra
1098 1436 1206 1476 non
1233 1430 1361 1475 sunt
1382 1421 1459 1475 illi
1486 1420 1577 1491 qui
1603 1420 1765 1477 vicis-

166 1511 275 1565 sim
300 1512 586 1579 dissident,
619 1515 713 1570 sed
735 1516 828 1584 qui
851 1521 1040 1569 mutuo
1060 1513 1411 1578 conveniunt,
1437 1520 1493 1567 et
1525 1512 1581 1567 in
1612 1528 1765 1569 amo-

166 1617 287 1658 rem
312 1604 626 1675 cultumque
647 1606 817 1675 ipsius
838 1605 1126 1660 aediﬁcant.

239 1691 330 1746 Ill.
373 1692 525 1749 Unde
561 1692 623 1747 ﬁt
652 1701 712 1747 ut
740 1709 804 1748 ex
846 1692 938 1749 illo
973 1701 1160 1747 mutuo
1203 1693 1406 1748 amoris
1452 1701 1510 1749 et
1560 1693 1760 1749 vinculi

160 1795 335 1847 nexu,
381 1781 631 1839 Christus
683 1792 740 1838 et
766 1784 1008 1840 Ecclesia
1059 1794 1321 1839 vocentur
1373 1800 1544 1856 agnus
1597 1802 1754 1852 unus,

160 1886 366 1942 sponsa
392 1889 521 1927 una.

235 1963 327 2017 IV.
366 1963 519 2019 Adde
553 1962 698 2034 quod
723 1978 789 2018 ex
818 1962 907 2018 illo
936 1962 1153 2018 interno
1180 1971 1237 2018 et
1260 1971 1466 2019 aeterno
1492 1964 1763 2019 connubio

158 2057 289 2127 agni
331 2064 387 2111 et
413 2071 564 2127 agn.)
593 2064 922 2126 generentur
946 2055 1068 2125 agni
1105 2064 1161 2111 et
1183 2071 1345 2123 oves;
1392 2056 1485 2126 qui
1523 2056 1766 2111 efﬁciunt

158 2147 385 2202 unicum
413 2187 429 2212 ,
469 2147 887 2217 inseparabilem
912 2188 928 2213 ,
974 2159 1030 2202 et
1074 2155 1279 2203 aeterno
1332 2148 1763 2204 indissolubilem

156 2238 380 2294 vinculo
407 2254 631 2309 agnum,
673 2240 727 2295 id
753 2248 856 2306 est,
882 2239 1203 2295 Ecclesiam.

230 2332 298 2386 V.
341 2331 421 2385 Ex
443 2331 530 2385 illa
546 2332 895 2402 generatione
916 2332 975 2385 ﬁt
1001 2339 1060 2387 ut
1076 2348 1195 2401 qua:
1208 2348 1414 2402 sponsa
1438 2333 1643 2389 Christi
1666 2350 1761 2390 vo-

156 2432 339 2489 catur,
356 2423 555 2479 Christi
570 2431 793 2478 vocetur
807 2423 916 2477 ﬁlia
934 2440 948 2490 ;
966 2424 1092 2494 quia
1110 2439 1245 2493 quos
1260 2424 1421 2479 simul
1440 2433 1493 2480 et
1508 2426 1675 2481 semel
1691 2426 1760 2482 ab

154 2525 365 2571 interno
380 2531 478 2585 pro
503 2531 701 2585 sponsa
719 2516 893 2581 duxit,
912 2517 1130 2572 eosdem
1152 2517 1463 2586 singulatim
1480 2526 1534 2572 et
1555 2519 1608 2571 in
1629 2526 1763 2573 tem-

153 2621 291 2676 pore
319 2623 416 2676 per
447 2608 687 2663 Verbum
738 2616 982 2679 generat.
1034 2609 1271 2664 Vocatur
1319 2609 1491 2665 frater
1539 2620 1762 2682 pr0pter

154 2712 447 2753 commune
476 2705 687 2752 naturaa
715 2707 769 2753 et
795 2698 976 2754 carnis
1002 2700 1335 2755 consortium
1360 2717 1485 2756 cum
1513 2703 1754 2758 homine.

227 2789 422 2852 Vinea,
475 2796 699 2858 propter
761 2789 1168 2845 multitudinem
1217 2789 1473 2845 ﬁliorum.
1533 2791 1755 2859 Hortus,

154 2887 383 2949 propter
432 2879 752 2933 varietatem
797 2885 854 2934 et
899 2887 1260 2936 venustatem.
1311 2880 1488 2946 Fons,
1539 2891 1760 2951 propter

154 2969 546 3023 exuberantem
567 2969 808 3038 undique
828 2968 1171 3040 lympharum
1194 2970 1496 3026 caelestium
1521 2972 1752 3040 copiam.

157 3060 305 3115 Fons
330 3060 596 3132 signatus,
624 3070 847 3130 propter
874 3062 1192 3117 admiranda
1236 3070 1291 3116 et
1315 3062 1527 3117 occulta
1554 3072 1757 3135 myste—

158 3149 263 3203 ria.
306 3149 532 3220 Regina,
560 3158 784 3220 propter
831 3151 1117 3220 imperium
1148 3150 1203 3204 in
1248 3150 1611 3222 Synagogam,
1643 3153 1755 3208 dae-

154 3255 350 3295 mones
372 3250 657 3310 sectasque
677 3241 981 3297 universas.
1007 3241 1236 3305 Ancilla,
1259 3249 1481 3310 propter
1499 3239 1757 3298 obedien-

153 3330 312 3385 tiam.
366 3329 557 3395 Mater,
607 3338 833 3400 propter
863 3331 1267 3401 generationem
1309 3330 1567 3386 ﬁliorum.
1625 3331 1757 3398 Qua:

153 3418 449 3474 diversitas
475 3419 778 3483 nominum,
811 3419 946 3473 nihil
976 3419 1237 3485 divisum,
1271 3420 1366 3475 sed
1396 3435 1562 3475 unum
1587 3436 1753 3491 spon-

154 3521 276 3562 sum
310 3522 678 3578 sponsamque
704 3523 868 3563 unam
905 3507 1094 3562 efﬁcit.

222 3597 331 3651 Ista
355 3599 535 3653 unitas
559 3597 785 3653 affectus
807 3598 969 3654 debet
996 3614 1224 3655 avocare
1251 3600 1324 3655 ab
1348 3602 1498 3656 omni
1528 3602 1756 3660 dissidio

153 3688 385 3754 clerum,
417 3698 479 3745 ut
504 3698 648 3745 stato
680 3690 893 3743 muneri
921 3699 1121 3745 navet:
1156 3693 1299 3762 quod
1330 3700 1414 3747 est
1449 3707 1570 3749 esse
1597 3694 1752 3765 adju-

154 3788 242 3833 tor
270 3779 389 3843 Dei,
431 3795 540 3834 non
562 3778 907 3834 Antichristi.

226 3870 432 3925 Eorum
462 3870 555 3940 qui
581 3870 884 3926 dissolvunt
921 3870 1205 3936 unitatem,
1238 3873 1566 3943 multiplices
1602 3884 1750 3932 sunt.

153 3960 442 4029 Corrupti,
494 3961 585 4029 qui
627 3968 818 4030 aperto
866 3961 1123 4017 seandalo
1184 3962 1449 4017 unitatem
1496 3965 1755 4021 Ecclesiae

152 4052 503 4107 conturbant.
559 4050 887 4123 Hypocritre,
937 4055 1187 4110 simulata
1207 4053 1441 4123 justitia.
1486 4056 1748 4122 Adulteri,

150 4151 339 4212 aperte
356 4151 412 4197 et
426 4142 675 4197 simulate
689 4143 973 4198 veritatem
991 4145 1411 4214 corrumpendo.
1439 4146 1747 4211 Ambitiosi,

152 4232 381 4291 honoris
399 4247 583 4299 causa.
609 4231 1141 4298 Mercenarii,lucelli
1170 4233 1473 4291 dulcedine.
1496 4238 1747 4300 Φίλαντοι,

154 4323 320 4377 corda
348 4338 457 4377 non
484 4322 539 4376 in
570 4322 775 4391 sponsi,
805 4322 899 4378 sed
943 4323 999 4377 in
1043 4324 1126 4378 sui
1154 4339 1397 4379 amorem
1425 4325 1750 4395 laudemque

152 4415 458 4480 alliciendo,
500 4415 764 4471 unitatem
795 4415 1051 4471 Ecclesiae
1079 4416 1422 4471 abscindunt.
1468 4416 1542 4471 At
1585 4432 1749 4473 verus

151 4516 363 4577 pastor,
413 4521 662 4576 verzeque
715 4507 866 4576 pacis
909 4514 1116 4573 custos,
1160 4508 1346 4578 abjicit
1380 4524 1410 4562 a
1441 4509 1746 4564 ministerio
1772 4538 1825 4600 ι)

150 4596 417 4670 ejusmodi
447 4604 719 4665 portenta,
753 4596 997 4668 invigilat
1020 4598 1193 4669 gregi,
1221 4598 1338 4653 sine
1361 4599 1596 4670 ignavia,
1629 4600 1747 4655 sine

150 4668 405 4757 imperio,
437 4687 555 4741 sine
588 4686 955 4752 simulatione,
988 4688 1105 4742 sine
1156 4668 1433 4755 seandalo,
1464 4690 1748 4761 pa'scitque

148 4793 276 4832 eum
303 4778 599 4833 secundum
621 4792 811 4833 omnes
837 4776 1100 4834 formulas
1125 4781 1225 4835 sibi
1250 4796 1281 4835 a
1305 4780 1517 4836 C(ESIII‘C
1538 4782 1747 4839 cmlesti

148 4870 516 4939 praescriptas.
550 4868 621 4925 Ut
646 4870 753 4924 sint
801 4870 959 4936 tales,
989 4870 1240 4927 hortatur
1263 4888 1453 4928 omnes
1479 4881 1744 4944 pastores,

148 4962 521 5033 presbyteros,
567 4962 812 5027 abbates,
864 4962 908 5017 si
940 4962 1107 5017 velint
1160 4979 1280 5019 esse
1327 4966 1572 5021 membra
1602 4966 1747 5021 unici

146 5051 368 5122 capitis,
407 5060 464 5105 et
503 5052 886 5108 administrare
917 5052 1215 5109 Ecclesiam
1244 5055 1541 5111 secundum
1595 5072 1748 5111 man-

146 5142 275 5195 data
304 5140 507 5195 divina.

719 5232 797 5286 De
838 5232 1175 5303 imaginibus.

220 5324 515 5396 Assumpto
543 5326 797 5398 Decalogi
832 5328 1074 5383 secundo
1104 5328 1381 5395 mandato,
1421 5334 1619 5385 tractat
1659 5330 1748 5387 hic

146 5432 216 5471 ex
239 5414 485 5486 professo
505 5415 824 5487 Agobardus
852 5416 919 5471 de
946 5418 1091 5472 cultu
1123 5419 1439 5489 imaginum.
1474 5418 1746 5489 Stupenda

149 5521 249 5560 suo
294 5506 492 5561 saeculo
538 5508 834 5578 imaginum
864 5517 984 5564 erat
1013 5511 1347 5579 superstitio,
1376 5520 1429 5565 et
1454 5512 1601 5566 circa
1626 5514 1743 5567 cul-

150 5608 266 5652 tum
310 5599 729 5653 simulacrorum
772 5602 1039 5656 horrenda
1079 5601 1321 5657 dissidia.
1354 5603 1534 5657 Prima
1565 5602 1744 5659 Nicaea

146 5689 483 5759 przescripsit
510 5691 839 5756 adorandas,
873 5693 1109 5746 secunda
1142 5694 1450 5748 confirmat.
1484 5694 1745 5750 Oriuntur

150 5781 281 5837 time
308 5789 425 5839 toto
451 5782 696 5851 Oriente,
732 5799 850 5854 quae
902 5800 1019 5842 sese
1068 5785 1371 5844 diffundunt
1404 5791 1459 5844 in
1487 5788 1737 5846 Galliam.

1873 593 1965 659 tijs
1987 593 2296 650 damnatur.

1940 684 1983 739 Ι.
2026 685 2177 741 Unus
2203 686 2347 742 Deus
2371 689 2676 746 adorandus
2710 692 2828 749 sine
2853 693 3107 765 imagine,
3134 705 3239 753 etc.

1939 774 2002 828 ll.
2030 774 2243 859 Nullum
2277 778 2583 848 exemplum
2614 781 2810 839 alicubi
2837 785 2965 841 totis
2991 790 3332 846 testamentis
3352 789 3456 848 Pa-

1868 869 2147 940 tribusque
2172 871 2462 929 adorandae
2486 874 2756 945 imaginis.

1938 960 2025 1015 Ill.
2066 962 2198 1017 Esse
2246 964 2444 1020 debere
2488 977 2829 1036 ornamento,
2880 970 3211 1029 delectandis
3255 975 3451 1043 oculis,

1867 1067 1975 1107 non
2006 1053 2335 1110 instruendis
2360 1057 2596 1126 populis,
2630 1069 2735 1114 etc.

1936 1144 2030 1199 Illa
2060 1154 2220 1202 aetate
2245 1148 2436 1204 scribit
2473 1147 2728 1207 Claudius
2756 1152 3106 1210 Tauriuensis
3143 1155 3210 1211 de
3258 1156 3454 1212 adora-

1867 1235 2014 1291 tione
2050 1236 2366 1309 imaginum.
2398 1239 2599 1295 Contra
2625 1242 2799 1311 ipsum
2832 1242 2997 1298 Jonas
3021 1244 3448 1303 Aurelianensis.

1864 1327 2117 1399 Plerique
2166 1342 2499 1388 concurrunt
2552 1335 2606 1388 in
2655 1336 2842 1391 eadem
2893 1338 3118 1393 materia
3176 1340 3449 1409 agitanda.

1866 1421 2040 1491 Reges
2072 1422 2194 1492 ipsi.
2240 1423 2558 1495 Agobardus
2580 1429 2953 1498 apertissime;
2985 1430 3141 1499 cujus
3169 1433 3285 1487 haec
3308 1448 3451 1501 prm-

1864 1511 2023 1581 cipua
2052 1520 2176 1567 sunt
2212 1515 2389 1585 capita
2433 1530 2465 1572 e
2493 1517 2558 1572 D.
2601 1517 2903 1589 Augustino
2931 1522 3249 1593 caeterisque
3277 1522 3453 1578 Patri-

1862 1602 1984 1659 bus.
2610 1602 2617 1619 '

1933 1693 1973 1748 I.
2014 1694 2171 1750 Nulla
2199 1705 2285 1753 est
2304 1698 2407 1753 alia
2435 1699 2529 1755 Dei
2560 1700 2737 1771 imago
2758 1715 2921 1771 quam
2948 1702 3051 1759 hoc
3071 1706 3213 1773 quod
3234 1712 3318 1760 est
3339 1705 3454 1774 ipse

1862 1795 1918 1842 et
1950 1787 2247 1844 secundum
2278 1792 2421 1860 quod
2465 1800 2549 1848 est
2600 1793 2734 1863 ipse,
2765 1809 2873 1849 non
2922 1804 3101 1865 potest
3134 1796 3303 1868 pingi,
3332 1798 3453 1853 ideo

1786 1860 1833 1920 Β
1864 1893 2037 1947 neque
2066 1879 2282 1935 adorari
2313 1881 2368 1936 in
2398 1883 2652 1952 imagine,
2680 1884 2782 1940 nisi
2812 1885 2864 1940 in
2896 1885 2985 1940 illa
3012 1901 3175 1956 quam
3199 1887 3314 1959 ipse
3354 1901 3453 1942 no-

1861 1966 1946 2021 bis
1981 1968 2336 2038 praescripsit,
2379 1987 2571 2041 nempe
2592 1971 2829 2029 Christo.

1933 2054 1996 2109 II.
2039 2055 2247 2127 Duplici
2273 2060 2489 2129 quidem
2520 2064 2852 2129 adoratione,
2876 2073 3104 2122 externa
3132 2074 3187 2122 et
3212 2068 3447 2125 interna.

1863 2143 2103 2215 Utraque
2145 2157 2371 2204 vocatur
2394 2150 2613 2223 religio;
2647 2168 2753 2222 qua
2783 2154 2994 2211 interne
3023 2164 3079 2212 et
3104 2165 3327 2212 externe
3350 2160 3450 2215 ob-

1860 2235 2180 2307 stringimur
2205 2246 2467 2295 aeternum
2492 2251 2548 2297 et
2578 2243 2677 2298 soli
2705 2243 2848 2309 Deo;
2886 2247 2955 2301 ad
2991 2261 3153 2315 quam
3179 2248 3453 2317 pertinent

1860 2323 2081 2393 δουλιία,
2104 2329 2327 2403 λατρεία,
2361 2332 2651 2402 caeterique
2689 2333 2890 2400 cultus,
2917 2346 3186 2405 quatenus
3208 2346 3334 2393 sunt
3355 2354 3451 2394 no-

1862 2419 2010 2475 mina
2042 2420 2340 2493 religionis.

1930 2510 2015 2565 Ill.
2032 2511 2133 2566 Ubi
2162 2527 2291 2567 vero
2311 2515 2671 2569 suntnomina
2694 2514 2859 2571 ofﬁcii
2883 2524 2935 2572 et
2957 2518 3237 2575 servitutis
3266 2520 3453 2574 huma-

1860 2617 1962 2665 nm,
1987 2600 2188 2658 δουλεία
2215 2610 2394 2673 potest
2415 2591 2609 2659 dici'de
2631 2605 2802 2660 servis
2828 2614 2881 2661 et
2900 2608 3163 2675 subditis;
3194 2610 3447 2674 ιὺσέϐσια,

1858 2691 1925 2748 de
1949 2691 2219 2750 omnibus.
2254 2693 2441 2750 Honor
2476 2695 2544 2750 de
2583 2696 2784 2751 sanctis
2808 2704 2864 2751 et
2890 2699 3237 2768 martyribus.
3266 2699 3452 2755 Pietas

1858 2783 1926 2839 de
1953 2786 2286 2855 parentibus.
2313 2785 2385 2840 At
2422 2786 2537 2842 sola
2575 2787 2766 2859 religio
2795 2788 2861 2843 de
2882 2787 3012 2855 Deo,
3049 2790 3176 2859 quia
3200 2789 3299 2845 soli
3333 2807 3451 2845 om—
3516 2822 3532 2839 ι

1859 2874 1988 2930 nino
2020 2875 2130 2929 Deo
2165 2875 2412 2953 debetur.

1926 2966 2019 3021 IV.
2062 2965 2215 3021 Unde
2239 2973 2389 3033 patet
2418 2967 2865 3038 neque’angelos,
2898 2984 3074 3038 neque
3101 2977 3317 3025 sanctos
3342 2969 3451 3025 ullo

1856 3055 2133 3125 religionis
2160 3055 2466 3110 adorandos
2486 3055 2653 3121 cultu,
2686 3066 2885 3125 praeter
2907 3065 3166 3111 aeternam
3195 3059 3290 3114 Dei
3316 3060 3453 3115 ima-

1858 3145 2059 3217 ginem,
2084 3160 2204 3214 quae
2232 3160 2290 3200 se
2317 3146 2551 3201 mediam
2575 3148 2717 3201 inter
2743 3147 2990 3204 homines
3016 3148 3295 3219 Deumque
3320 3165 3451 3206 con-

1861 3236 2056 3291 stituit.
2358 3306 2365 3311 τ

1930 3326 1994 3379 V.
2036 3325 2303 3395 Angelos:
2331 3327 2381 3380 I.
2408 3327 2533 3396 quia
2560 3327 2704 3382 beati
2731 3337 2856 3383 sunt
2881 3329 3213 3384 beatitudine
3238 3330 3445 3398 aliena;

1855 3415 1910 3469 2.
1943 3416 2068 3485 quia
2106 3417 2294 3470 nolunt
2325 3416 2509 3472 oll‘erri
2554 3418 2657 3472 sibi
2702 3417 2964 3485 ejusmodi
2999 3419 3206 3488 cultus;
3232 3421 3287 3477 5.
3321 3424 3451 3491 quia

1855 3520 1955 3575 per
1987 3506 2094 3561 hoc
2120 3522 2152 3559 a
2180 3507 2515 3564 daemonibus
2542 3508 2946 3565 discernuntur.

1928 3596 2015 3653 Vl.
2059 3597 2291 3653 Sanctos
2322 3614 2337 3652 :
2369 3599 2495 3668 quia
2521 3615 2628 3655 non
2656 3608 2783 3655 sunt
2809 3601 2980 3657 sancti
3009 3603 3113 3658 nisi
3155 3605 3449 3663 sanctitate

1857 3688 2113 3758 Spiritus,
2133 3689 2335 3743 lumina
2358 3690 2463 3743 nisi
2485 3705 2515 3744 a
2536 3705 2750 3745 summo
2770 3691 2995 3758 lumine,
3019 3694 3091 3747 dii
3113 3693 3216 3748 nisi
3247 3710 3278 3749 a
3307 3695 3443 3763 Deo;

1853 3786 2127 3848 aguntque
2174 3778 2463 3844 mirabilia,
2494 3794 2600 3834 non
2627 3790 2689 3835 ut
2716 3796 2925 3846 causae,
2955 3784 3050 3837 sed
3079 3791 3141 3837 ut
3186 3786 3361 3841 media
3391 3796 3448 3843 et

1852 3871 2248 3935 instrumenta;
2279 3870 2507 3941 ideoque
2535 3870 2741 3928 relictis
2766 3872 2890 3937 illis,
2932 3873 3144 3950 longius
3172 3877 3240 3932 ad
3264 3876 3446 3933 lumen

1852 3971 2112 4017 aeternum
2135 3961 2514 4017 devolandum.

1925 4052 2035 4107 VII.
2078 4051 2319 4120 Quorum
2367 4052 2718 4108 nihilominus
2765 4055 3088 4122 memorias,
3120 4058 3366 4128 vestigia,
3395 4059 3444 4114 si

1852 4158 1956 4213 qna
1986 4151 2127 4207 sunt,
2161 4143 2273 4197 sive
2294 4143 2345 4196 in
2368 4142 2605 4212 scriptis,
2630 4144 2744 4198 sive
2770 4144 2825 4197 in
2847 4159 3092 4214 corpore,
3122 4147 3231 4201 imo
3253 4163 3443 4204 eorum

1850 4232 2096 4302 sepulcra
2119 4239 2340 4301 propter
2362 4232 2833 4297 resurrectionem,
2863 4235 3052 4300 vitam,
3084 4236 3442 4292 imitationem

1851 4324 2200 4378 honoramus.
2227 4321 2345 4377 Non
2370 4332 2549 4376 tamen
2589 4324 2720 4392 ipsis
2746 4325 2941 4395 templa
2970 4335 3065 4380 aut
3092 4326 3286 4381 altaria
3313 4344 3441 4383 con-

1851 4412 2136 4477 struimus,
2161 4411 2255 4466 sed
2282 4410 2381 4466 soli
2413 4411 2543 4466 Deo.

1923 4502 2057 4557 VIII.
2088 4503 2435 4558 Adorationis
2462 4504 2606 4557 enim
2633 4504 2750 4559 ιιωο
2787 4503 2873 4558 lex
2917 4513 3002 4559 est
3033 4513 3091 4559 ut
3116 4506 3262 4560 nulla
3287 4521 3442 4563 crea-

1851 4604 1995 4661 tura,
2043 4595 2249 4649 nullum
2296 4595 2619 4665 phantasma
2666 4612 2696 4649 a
2727 4604 2907 4650 mente
2939 4597 3007 4651 de
3035 4598 3146 4652 Deo
3176 4598 3437 4665 efﬁctum,

1849 4686 2056 4740 nullum
2086 4699 2222 4755 opus
2258 4685 2573 4751 humanum,
2607 4700 2705 4740 nec
2741 4684 2820 4740 sol
2850 4686 3120 4751 exoriens,
3156 4702 3256 4743 nec
3289 4690 3438 4744 occi—

1850 4780 2005 4845 dens,
2032 4793 2134 4835 nec
2168 4778 2356 4843 nubes,
2389 4792 2490 4831 nec
2533 4778 2692 4848 ignis,
2722 4793 2822 4833 nec
2847 4779 3093 4845 arbores,
3135 4795 3235 4835 nec
3275 4794 3439 4849 opera

1848 4868 2151 4935 hominum,
2182 4875 2243 4921 ut
2286 4876 2412 4921 sunt
2454 4866 2736 4936 imagines.
2767 4867 2902 4920 Nam
2944 4868 2987 4922 si
3015 4884 3181 4938 opera
3208 4869 3302 4924 Dei
3332 4884 3438 4923 non

1849 4970 1974 5017 sunt
2004 4962 2300 5025 adoranda,
2330 4968 2533 5029 quanto
2561 4961 2739 5016 minus
2762 4964 3064 5029 hominum,
3090 4965 3142 5019 id
3167 4973 3274 5029 est,
3300 4965 3437 5019 ima-

1849 5054 2003 5126 gines
2032 5053 2148 5119 Dei,
2189 5051 2529 5122 angelorum,
2556 5062 2869 5108 sanctorum
2902 5056 2919 5111 ι

1918 5144 2009 5197 IX.
2045 5142 2230 5212 Neque
2273 5142 2517 5211 objieias,
2576 5158 2683 5198 non
2738 5152 2789 5199 te
2838 5145 3149 5215 imaginem,
3193 5147 3287 5201 sed
3319 5160 3433 5200 rem

1849 5236 2081 5305 imagine
2103 5234 2360 5295 efﬁctam.
2393 5233 2528 5288 Nam
2569 5235 2841 5305 objectum
2880 5238 3135 5292 terminat
3164 5238 3435 5292 adoratio-

1849 5342 1993 5381 nem.
2017 5325 2168 5381 Adde
2191 5326 2333 5396 quod
2362 5324 2511 5381 fraus
2532 5335 2614 5383 est
2635 5327 2870 5393 Satanae,
2899 5330 2988 5397 qui
3012 5330 3189 5398 specie
3210 5330 3433 5385 honoris

1847 5426 2181 5481 sanctorum,
2240 5418 2307 5473 ad
2357 5417 2499 5473 idola
2560 5427 2795 5472 mentem
2853 5420 3104 5487 traducit,
3146 5428 3259 5476 eta
3301 5436 3434 5477 vero

1846 5517 2051 5564 aeterno
2079 5508 2148 5562 ad
2168 5508 2409 5563 carnalia
2434 5522 2531 5562 nos
2560 5508 2843 5578 demergit.

1917 5598 1984 5651 Χ.
2027 5598 2260 5653 Picturae
2285 5592 2643 5668 aSpectandae,
2676 5614 2774 5652 ceu
2801 5614 2886 5654 res
2910 5600 3239 5665 inanimatae,
3272 5600 3432 5657 oculo

1845 5699 2091 5744 extento.
2124 5688 2266 5742 Deus
2288 5688 2499 5742 interne
2541 5688 2864 5744 adorandus.
2899 5690 3025 5753 Illae,
3054 5705 3217 5744 causa
3263 5692 3432 5747 histo-

1845 5783 1956 5849 riie,
1992 5790 2045 5837 et
2080 5781 2374 5847 memoriae,
2402 5795 2510 5837 non
2548 5780 2822 5853 religionis
2855 5800 2867 5836 :
2901 5781 3043 5839 Deus
3071 5782 3262 5849 latri-.e,
3294 5784 3427 5840 dou-
