3918 6334
473 346 543 402 27
1485 353 1543 409 S.
1585 348 1942 410 AGOBARDI
1979 346 2295 405 EPISCOPI
2332 347 2826 407 LUGDUNENSIS
3710 358 3781 414 εδ

465 461 558 518 lia
595 469 653 518 et
681 462 1026 534 sempiterna:
1077 464 1378 537 religionis.
1429 466 1536 521 Illae
1589 467 1707 521 sine
1751 481 1903 533 cura,
1957 466 2076 521 sine
2107 467 2152 526 Α
2181 470 2365 525 testes,
2401 462 2643 534 vulgaris
2687 463 2955 536 purgatio,
2989 480 3181 536 nempe
3230 482 3384 538 aqua:
3426 469 3654 542 frigidae,
3693 474 3784 527 vel

469 552 700 620 honore,
731 555 857 624 quia
881 570 980 610 nec
1009 555 1146 609 male
1171 573 1272 612 nec
1297 557 1437 612 bene
1459 567 1686 627 possunt
1709 556 1909 612 facere.
1935 556 2079 612 Deus
2183 555 2466 611 candentis
2515 554 2668 624 ferri,
2718 557 3096 613 adhibebatur.
3147 559 3477 628 Agobardus.
3519 574 3783 634 tanquam

466 658 594 702 cum
645 663 760 718 spe,
810 665 932 704 cum
986 665 1194 717 amore,
1241 667 1368 706 eum
1407 651 1613 707 honore
1642 659 1696 705 et
1725 651 1924 721 gaudio
1960 652 2079 706 sine

472 737 604 795 ﬁne.

541 828 636 884 XI.
676 829 828 886 Adde
879 834 1024 902 quod
1071 841 1130 887 ut
1179 833 1469 902 abjiciatur
1515 833 1695 888 omnis
1740 833 2075 903 superstitio,

469 922 620 978 nulla
650 925 829 995 imago
856 925 909 979 in
949 925 1248 994 parietibus
1282 924 1527 980 ecclesia:
1555 924 1915 995 depingenda,
1955 924 2077 979 nul-

474 1012 588 1068 lum
619 1014 971 1070 simulacrum
1003 1017 1352 1088 erigendum;
1396 1031 1497 1073 nec
1527 1017 1632 1072 ilLe
1673 1017 1938 1088 imagines
1983 1033 2078 1072 vo-

471 1107 660 1162 canda:
685 1117 909 1172 sanctre,
935 1109 1060 1178 quia
1087 1110 1161 1164 nil
1185 1119 1267 1165 est
1289 1118 1537 1166 sanctum
1563 1107 1667 1166 nisi
1692 1112 1787 1166 Dei
1815 1111 2077 1181 templum

474 1195 528 1266 (Ι
563 1195 736 1267 Con),
781 1208 841 1252 ut
869 1199 1128 1254 adoretur
1155 1216 1296 1256 unus
1322 1207 1378 1255 et
1415 1215 1575 1256 verus
1603 1201 1747 1256 Deus
1789 1201 1842 1255 in
1876 1201 2076 1257 mula

475 1289 822 1345 smculorum.
849 1291 1042 1345 Amen.

668 1381 747 1435 De
777 1383 1166 1454 dispensatione
1194 1384 1353 1438 totius
1383 1385 1458 1438 rei
1485 1383 1874 1439 ecclesiastica).

473 1473 768 1546 (Prwﬁxus
801 1491 832 1527 a
868 1475 1016 1528 nobis
1045 1485 1122 1528 est
1150 1475 1234 1528 hic
1261 1474 1470 1542 titulus,
1511 1493 1576 1530 ea:
1603 1485 1773 1530 mente
1797 1475 2076 1546 auctoris.)

544 1564 955 1620 Convocaverat
980 1565 1287 1620 Ludovicus
1313 1566 1609 1636 imperator
1630 1575 1832 1622 coetum
1858 1568 2079 1636 amplis-

471 1657 671 1712 simum
697 1655 991 1726 pontiﬁcis:
1035 1666 1091 1712 et
1123 1657 1293 1723 laicae,
1336 1659 1403 1713 de
1429 1658 1772 1728 reformanda
1809 1659 2074 1713 Ecclesia.

469 1749 620 1804 Inter
651 1759 879 1804 caeteros
903 1750 1208 1820 prieluxere
1236 1767 1334 1806 ceu
1359 1751 1504 1806 faces
1539 1752 1903 1815 lucidissima;
1933 1752 2075 1805 Ada-

2180 646 2443 700 nefandas
2465 647 2764 716 impugnat,
2795 649 3088 704 ostendens
3115 665 3204 706 res
3227 652 3470 707 occultas
3500 670 3781 724 nunquam

2179 736 2424 803 pateﬁeri
2454 737 2719 805 ejusmodi
2751 740 3158 796 certaminibus.
3189 741 3450 796 Hortatur
3476 744 3542 797 ad
3563 760 3780 814 pacem,

2178 836 2234 882 et
2258 836 2428 883 totam
2467 828 2580 885 fere
2603 829 2842 884 ethicam
2869 830 3235 886 Christianam
3264 833 3662 903 complectitur.

2723 920 2908 976 Sermo
2951 922 3237 990 Agobardi.

2251 1013 2378 1068 Haec
2407 1014 2597 1070 concio
2613 1022 2699 1069 est
2725 1014 3077 1084 lepidissima,
3104 1014 3253 1070 varia
3293 1023 3348 1070 et
3373 1017 3572 1071 divinis
3594 1016 3784 1088 ﬁguris

2180 1104 2590 1161 circumlucida.
2625 1105 2799 1160 Habet
2841 1121 2942 1176 pro
2969 1107 3196 1160 materia
3235 1106 3533 1162 Christum.
3565 1108 3670 1162 Sed
3693 1110 3784 1162 ab

2180 1196 2270 1250 illo
2298 1197 2475 1267 capite
2498 1197 2550 1251 in
2583 1197 2763 1252 varias
2791 1212 2910 1252 sese
2939 1196 3191 1252 diffundit
3215 1206 3271 1253 et
3298 1199 3634 1268 exspatiatur
3658 1213 3782 1252 are-

2179 1303 2278 1342 nas
2309 1304 2322 1342 :
2358 1287 2435 1342 De
2477 1287 2739 1351 Ecclesia,
2781 1287 2848 1343 de
2888 1287 3006 1356 ejus
3036 1289 3270 1353 meritis,
3320 1290 3386 1345 de
3417 1290 3781 1346 Antichristo.

2180 1377 2311 1445 Qua:
2333 1379 2462 1447 quia
2489 1388 2617 1434 sunt
2641 1379 2798 1448 paulo
2832 1378 3130 1450 ἁμεθοόικά,
3160 1379 3430 1450 relinquo.

2679 1469 2759 1523 De
2787 1470 3044 1524 divisione
3067 1471 3295 1540 imperii.

2250 1560 2466 1629 Imperii
2511 1561 2662 1630 pacis
2707 1561 2948 1625 sedulus,
2997 1577 3316 1631 memorque
3360 1564 3611 1633 ancipitis
3654 1564 3784 1621 vita?

2180 1654 2377 1717 exitus,
2407 1663 2704 1708 convocato
2733 1653 2905 1708 totius
2939 1651 3128 1707 Galliae
3173 1663 3440 1709 conventu
3472 1654 3784 1710 Ludovicus

2183 1743 2482 1812 imperator
2505 1745 2558 1798 in
2588 1745 2691 1798 tria
2740 1759 2903 1813 regna
2943 1744 3236 1812 discerpsit
3280 1745 3594 1814 imperium,
3633 1760 3784 1800 sum-

469 1841 658 1899 lardus
676 1848 732 1896 et
754 1812 1172 1906 Elizaccharus;
1197 1842 1286 1896 ille
1310 1842 1620 1912 integritate
1640 1843 1766 1898 vitae
1787 1849 1842 1898 et
1864 1812 2072 1912 fulgore
2105 1812 2152 1871 Β
2177 1852 2430 1906 mamque
2470 1836 2728 1892 Lotliario
2755 1812 3022 1898 contulit:
3072 1838 3328 1893 adhibitis
3353 1812 3593 1893 omnium
3621 1839 3781 1908 jura-

473 1933 738 1998 muneris,
772 1934 863 1988 hic
892 1933 1150 1988 doctrinae
1173 1933 1395 1988 lumine.
1425 1933 1677 1989 Unanimi
1703 1935 1883 1987 anima
1914 1948 2074 2002 repa-

467 2024 702 2080 randum
738 2023 996 2079 Ecclesiie
1030 2025 1196 2079 decus
1225 2024 1573 2079 conclamant
1591 2039 1803 2080 omnes.
1827 2022 2072 2095 Agobar-

470 2117 574 2172 dus
597 2116 803 2186 excipit
824 2131 1016 2171 eorum
1034 2115 1248 2171 alacres
1272 2115 1451 2170 vultus
1481 2134 1492 2169 :
1524 2124 1665 2180 orat,
1691 2123 1746 2170 et
1767 2131 1866 2184 pro
1888 2116 2073 2170 Eccle-

466 2206 547 2261 sia
579 2206 714 2277 agit,
751 2207 1027 2262 convertit
1073 2207 1411 2276 singulorum
1442 2207 1652 2261 animos
1693 2207 1762 2260 ad
1802 2206 2071 2262 labantem

465 2311 604 2364 pene
639 2296 898 2351 Ecclesia:
926 2297 1188 2366 gloriam;
1225 2295 1514 2361 :ediﬁeent,
1542 2296 1774 2366 erigant,
1805 2297 2073 2352 macerias

462 2384 573 2454 iam
615 2387 932 2443 subruentis
978 2387 1353 2458 Jerosolymm.
1416 2387 1545 2442 Inde
1603 2388 1775 2442 insilit
1832 2385 1894 2442 in
1921 2388 2072 2444 laieee

465 2478 674 2536 fraudis
720 2475 1084 2552 sacrilegium,
1131 2483 1223 2552 qui
1272 2482 1342 2536 de
1394 2481 1647 2551 peculatu
1698 2482 2072 2537 ecclesiastico

464 2571 779 2640 convivam,
810 2580 867 2627 et
891 2587 1007 2628 rem
1037 2572 1134 2627 Dei
1158 2587 1274 2626 rem
1296 2562 1548 2642 sacrilegi
1571 2571 1836 2627 efﬁciunt.
1868 2571 2074 2627 Probat

463 2678 494 2716 a
524 2665 716 2734 primis
755 2665 1033 2720 nascentis
1084 2664 1344 2720 Ecclesiae
1384 2665 1646 2729 exordiis,
1698 2663 2069 2728 incrementis,

464 2757 850 2821 accrementis,
879 2755 1079 2826 quibus
1108 2756 1274 2824 coepit
1303 2755 1490 2820 ditari,
1525 2755 1663 2810 duce
1691 2753 1922 2824 Spiritu,
1943 2763 2068 2808 sta-

464 2855 613 2903 tutos
669 2863 937 2913 canones,
984 2849 1077 2918 qui
1131 2848 1491 2916 direptionem
1519 2846 1628 2902 'rei
1689 2847 2072 2902 ecclesiastica:

463 2945 732 3002 vetarent,
767 2938 1006 3007 nullique
1045 2938 1181 2992 citra
1233 2934 1581 2993 conscientiae
1611 2938 1911 3009 perniciem
1945 2954 2072 2993 con-

464 3029 726 3084 cederent
754 3029 822 3092 ab
861 3027 970 3083 illis
994 3028 1294 3083 canonibus
1322 3028 1636 3086 discedere.
1673 3026 1851 3097 Rogat
1893 3027 2072 3083 C3353-

415 3155 417 3159 ς
463 3133 584 3176 rem
606 3126 666 3174 ut
690 3121 992 3186 medeatur,
1019 3133 1224 3176 castum
1250 3127 1311 3174 ut
1337 3119 1660 3190 deprecetur
1686 3131 1877 3176 contra
1901 3121 2072 3176 sacri-

465 3213 614 3284 legos
640 3212 846 3268 Gallos.
894 3213 1177 3283 Excipitur
1204 3214 1272 3269 ab
1301 3212 1688 3271 Helizaccharo
1719 3223 1774 3270 et
1798 3215 2071 3278 Adalardo

463 3302 689 3358 senibus
716 3302 974 3358 alacriter
998 3305 1173 3358 oratio
1210 3302 1505 3375 Agobardi.
1538 3305 1756 3360 Monent
1781 3306 1850 3360 de
1878 3307 1982 3361 hac
2014 3322 2072 3362 re

463 3394 898 3465 imperatorem:
952 3394 1045 3465 qui
1102 3402 1400 3450 convocato
1451 3396 1684 3452 concilio
1735 3397 1970 3466 politieaa
2017 3405 2073 3452 et

464 3485 694 3539 leviticae
723 3485 962 3550 familiai,
990 3493 1212 3541 mutuas
1238 3486 1499 3541 exstinxit
1526 3487 1830 3542 discordias
1855 3501 1976 3557 quae
2004 3487 2072 3542 de

463 3575 790 3646 possidenda
829 3591 885 3632 re
909 3575 1284 3632 ecclesiastica
1317 3576 1487 3632 laicos
1533 3572 1590 3631 et
1625 3578 1911 3648 episcopos
1941 3593 2073 3633 con-

464 3668 837 3722 tnrbaserant.
864 3665 999 3734 Quia
1030 3681 1162 3722 vero
1183 3667 1402 3736 quidam
1432 3675 1590 3722 erant
1611 3668 1951 3724 detractores
1974 3670 2068 3739 qui

463 3757 669 3827 passim
699 3758 767 3813 de
810 3755 1038 3812 audacia
1068 3765 1124 3812 et
1167 3757 1474 3827 ignorantia
1515 3757 1789 3830 Agoh'ardi
1821 3774 2071 3816 rumores

463 3846 929 3908 circumferebant
949 3847 1175 3918 ejusque
1199 3847 1408 3903 dissidii
1437 3858 1714 3904 auctorem
1745 3851 1921 3920 ipsum
1943 3865 2072 3921 pro-

466 3941 800 4011 mulgabant,
859 3939 1182 4012 Agobardus
1228 3941 1495 4012 ejusmodi
1552 3940 1729 3997 labem
1763 3941 1950 4009 diluit;
1990 3944 2070 3999 rei

464 4031 697 4086 veritate
719 4030 958 4103 efﬁgiem
992 4032 1264 4101 expressit
1309 4031 1452 4103 apud
1493 4032 1783 4102 quemdam
1832 4033 2070 4088 amicum

464 4121 560 4191 qui
599 4135 725 4176 eum
777 4120 846 4176 de
889 4121 994 4176 hac
1050 4136 1110 4176 re
1154 4120 1546 4191 interpellarat.
1601 4120 1668 4175 Et
1697 4121 1822 4176 inde
1852 4137 1913 4176 re
1942 4129 2070 4176 nata

463 4217 648 4278 captat
670 4208 848 4264 locum
872 4211 1147 4266 scribendi
1167 4209 1235 4266 de
1256 4212 1420 4267 rebus
1439 4210 1830 4266 ecclesiasticis
1852 4226 2070 4267 comm-

465 4314 573 4368 que
593 4299 917 4366 ministerio,
941 4300 1173 4369 sumptis
1194 4315 1257 4356 ex
1283 4309 1518 4370 utroque
1545 4300 1897 4356 Testamento
1919 4301 2070 4360 testi-

463 4390 687 4446 moniis.
716 4389 846 4460 Ejus
874 4406 1088 4447 summa
1119 4391 1297 4462 capita
1328 4391 1444 4447 haec
1474 4399 1618 4446 sunt.
1666 4391 1743 4448 De
1768 4393 2066 4448 sacerdoti-

465 4480 587 4536 bus.
621 4481 699 4536 De
720 4482 947 4537 decimis
969 4482 1463 4552 persolvendis._De
1486 4499 1646 4554 pinna
1670 4483 1962 4555 sacrilegii.
1990 4484 2068 4540 De
2101 4509 2149 4570 υ

465 4570 673 4626 honore
700 4572 849 4627 omni
878 4588 993 4628 aevo
1014 4574 1283 4644 episcopis
1304 4574 1568 4643 impenso.
1597 4574 1675 4629 De
1695 4589 1803 4630 non
1830 4575 2064 4631 alienan-

466 4661 551 4716 dis
574 4661 844 4726 eeclesiis,
888 4671 946 4718 et
987 4665 1280 4732 perpetuas
1328 4663 1522 4718 inserit
1547 4663 1850 4720 calumnias
1874 4673 2065 4720 contra

468 4753 834 4810 Simonianos.
887 4752 1015 4808 Ilzec
1051 4754 1256 4820 omnia,
1297 4754 1426 4824 quia
1477 4753 1725 4809 nituntur
1769 4754 1923 4819 locis,
1957 4769 2064 4810 non

467 4844 792 4908 rationibus,
823 4843 1012 4900 lectori
1041 4843 1129 4898 do.

739 4933 896 4989 Liber
923 4935 989 4988 de
1013 4934 1203 4989 divinis
1231 4935 1501 4988 sententiis
1526 4935 1779 5005 digestus.

469 5026 546 5082 De
570 5025 760 5080 divinis
803 5025 1075 5080 sententiis
1121 5035 1304 5080 contra
1342 5041 1430 5089 eos
1459 5027 1548 5097 qui
1571 5037 1756 5096 putant
1794 5027 2062 5097 judicium

707 5116 802 5171 Dei
829 5133 968 5187 aqua
992 5116 1068 5170 vel
1106 5117 1225 5186 igne
1256 5116 1334 5172 vel
1372 5119 1536 5172 armis
1562 5119 1821 5188 pateﬁeri.

543 5205 757 5263 Titulus
782 5207 1009 5276 hujusce
1049 5207 1339 5264 voluminis
1365 5223 1471 5263 non
1503 5209 1638 5263 mihi
1674 5209 1891 5264 videtur
1931 5213 2066 5265 satis

469 5312 762 5370 eongruus.
798 5296 935 5364 Quia
961 5298 1052 5353 hic
1071 5305 1156 5352 est
1185 5313 1396 5354 sensus.
1423 5310 1449 5339 ι
1481 5297 1732 5368 Dupliees
1762 5299 1907 5354 modi
1930 5315 2057 5369 pur-

469 5383 663 5460 gandae
685 5386 894 5443 fraudis
918 5387 1144 5443 occulta!
1173 5395 1228 5444 et
1256 5389 1495 5454 sceleris,
1526 5373 1655 5444 ferri
1681 5399 1737 5443 et
1756 5390 1915 5458 ignis.
1947 5389 2067 5445 Pri-

472 5495 593 5534 mus
641 5486 760 5533 erat
812 5477 1151 5547 Gundebadi,
1199 5482 1293 5550 qui
1345 5482 1768 5546 controversias,
1813 5482 1904 5536 ubi
1957 5497 2064 5536 non

469 5579 631 5626 erant
669 5577 873 5637 testes,
927 5571 1073 5628 ferro
1114 5584 1170 5628 et
1211 5573 1378 5629 armis
1419 5574 1749 5630 dirimendas
1786 5575 2062 5644 praecepit.

471 5661 786 5728 Secundus,
827 5663 1142 5720 inveterata:
1187 5664 1614 5721 consuetudinis.
1658 5664 1756 5720 Ubi
1792 5662 2066 5719 deﬂebant

2175 1930 2396 1991 mentis,
2427 1939 2486 1983 ut
2515 1929 2682 1983 moris
2711 1937 2815 1994 est,
2845 1929 3120 1984 ﬁdelitatis
3143 1939 3196 1983 et
3218 1931 3556 1984 obedientiae.
3591 1929 3782 1985 Desci-

2175 2021 2280 2075 scit
2318 2019 2632 2084 Lotharius,
2661 2028 2870 2088 patrem
2917 2020 3139 2073 invadit.
3174 2020 3380 2074 Favent
3410 2021 3782 2075 ecclesiastici

2175 2112 2302 2167 huic
2327 2111 2669 2182 imperatori,
2701 2110 2857 2180 cujus
2883 2113 3164 2182 obsequiis
3191 2114 3502 2182 juramente
3545 2114 3780 2169 sniemni

2175 2203 2392 2257 fuerant
2418 2204 2723 2257 constricti.
2774 2206 2984 2271 Quibus
3032 2221 3157 2260 cum
3205 2215 3363 2275 pater
3397 2207 3557 2262 veilet
3585 2223 3781 2277 pinnas

2175 2292 2438 2363 inﬂigere,
2469 2294 2790 2363 Agobardus
2829 2295 3088 2350 audacter
3124 2298 3417 2365 respondet
3456 2314 3581 2353 eum
3611 2297 3783 2353 fuisse

2174 2386 2317 2440 illius
2346 2386 2609 2440 tumultus
2645 2395 2701 2440 et
2743 2386 2954 2441 dissidii
3000 2388 3202 2457 publici
3231 2405 3475 2455 causam,
3518 2405 3585 2445 eo
3622 2388 3773 2460 quod

2173 2476 2445 2531 divisisset
2492 2477 2824 2545 imperium;
2871 2486 2928 2532 et
2971 2479 3114 2547 quod
3159 2488 3242 2534 est
3291 2481 3574 2546 audacius,
3605 2481 3782 2551 proﬁ-

2173 2576 2320 2623 tetur
2346 2574 2533 2637 aperte
2563 2582 2621 2623 se
2645 2569 3033 2624 obsecuturum
3071 2568 3351 2637 Lothario,
3393 2580 3615 2642 propter
3645 2571 3777 2625 vin-

2173 2657 2355 2712 culum
2373 2657 2700 2726 juramenti,
2734 2668 2844 2713 etc.

2409 2749 2486 2802 De
2516 2751 2908 2819 comparatione
2935 2751 3211 2822 utriusque
3241 2752 3530 2822 regiminis.

2247 2836 2377 2892 Duae
2412 2837 2502 2892 hic
2538 2838 2887 2893 continentur
2919 2839 3160 2909 epistolae
3186 2840 3427 2911 ejusdem
3448 2843 3779 2910 argumenti.

2174 2925 2356 2981 Prima
2384 2927 2453 2981 ad
2476 2926 2752 2983 Ctesarem
2774 2927 3129 2995 Ludovicum,
3158 2946 3262 3000 qua
3289 2941 3475 2986 noster
3491 2932 3784 3002 episcopus

2172 3019 2419 3073 obtendit
2446 3033 2641 3072 causas
2669 3017 2809 3089 fuga:
2838 3028 2892 3073 et
2922 3036 3108 3076 morie.
3145 3021 3375 3090 Propter
3420 3022 3662 3092 publicos
3693 3035 3783 3077 tu-

2175 3109 2396 3164 multus.
2416 3109 2542 3164 Inde
2559 3109 2728 3164 insilit
2751 3109 2806 3163 in
2823 3108 3100 3180 fastigium
3119 3110 3426 3181 splendoris
3447 3112 3769 3180 impcrialis,

2175 3200 2318 3268 quod
2348 3199 2558 3268 probat
2610 3196 2837 3255 subesse
2877 3199 3171 3270 pontiﬁciae
3223 3199 3519 3275 majestati,
3555 3211 3667 3257 tum
3709 3220 3780 3257 cx

2172 3289 2498 3344 auctoritate
2545 3304 2834 3355 canonum,
2889 3298 3007 3345 tum
3061 3292 3392 3361 quihusdam
3445 3294 3772 3351 Latinorum

2172 3384 2397 3438 Patrum
2428 3383 2774 3438 testimoniis.
2807 3383 2873 3437 Et
2904 3384 3025 3439 ideo
3069 3393 3254 3440 monet
3281 3395 3339 3440 ut
3383 3386 3689 3441 venientem
3726 3389 3782 3443 in

2171 3472 2401 3528 Galliam
2457 3472 2783 3541 Gregorium
2834 3473 3172 3542 pontificem,
3225 3478 3580 3532 mediatorem
3623 3481 3784 3550 pacis

2172 3563 2502 3628 domesticas,
2550 3564 2780 3635 benigne
2829 3565 3086 3635 excipiat,
3134 3567 3294 3638 eique
3325 3570 3625 3626 humillime
3653 3587 3784 3628 sese

2172 3652 2440 3721 subjiciat.

2243 3741 2506 3798 Secundae
2548 3758 2741 3799 sensus
2784 3754 2867 3802 est
2894 3747 3184 3818 ejusmodi.
3241 3751 3482 3807 Defectio
3528 3752 3781 3811 Lotharii

2171 3831 2485 3901 abripuerat
2519 3847 2734 3887 omnem
2781 3848 2919 3905 pene
2967 3837 3197 3904 Italiam,
3247 3839 3583 3909 pontiﬁcem,
3633 3844 3783 3898 mul-

2171 3930 2366 3990 tosque
2410 3921 2576 3976 etiam
2623 3923 2908 3995 episcopos
2953 3926 3155 3993 Gallos,
3206 3944 3437 3998 quorum
3481 3947 3584 4001 ope
3613 3936 3767 4003 patri

2170 4012 2406 4081 eriperet
2453 4012 2763 4083 imperium.
2813 4015 2938 4070 Veri
2989 4015 3127 4071 Galli
3181 4018 3550 4086 recalcitrant,
3598 4022 3782 4079 citant

2167 4103 2538 4175 Agobardum,
2561 4115 2796 4162 recusat.
2827 4105 3035 4164 Habent
3061 4118 3388 4166 conventum
3417 4128 3431 4176 ;
3470 4113 3626 4183 cujus
3653 4115 3779 4172 hinc

2169 4194 2390 4250 fuerunt
2434 4196 2614 4267 capita
2656 4198 2946 4253 adversum
2983 4200 3152 4271 ipsius
3193 4203 3624 4268 contumaciam,
3667 4220 3778 4273 pro

2170 4286 2545 4342 conﬁrmanda
2573 4287 2853 4344 Gallicana
2881 4283 3154 4346 libertate.

2244 4371 2294 4428 1.
2327 4375 2652 4445 Episcopum
2692 4376 3017 4442 Romanum,
3064 4380 3366 4437 vocandum
3413 4396 3626 4452 papam,
3658 4380 3776 4436 fra-

2171 4474 2333 4529 trem,
2364 4481 2470 4520 non
2498 4475 2678 4522 autem
2703 4467 2951 4536 Patrem,
2979 4484 3156 4540 neque
3181 4471 3516 4540 pontiﬁcem.

2241 4554 2297 4610 2.
2329 4555 2670 4624 Imperialem
2716 4557 3056 4626 majestatem
3086 4559 3210 4628 plus
3249 4575 3411 4631 posse
3453 4562 3508 4616 in
3536 4562 3775 4619 admini-

2172 4645 2391 4700 stranda
2414 4645 2656 4700 Ecclesia
2683 4662 2845 4716 quam
2874 4648 3230 4716 pontiﬁcium.

2243 4736 2298 4791 3.
2349 4735 2616 4791 Caesarem
2663 4752 2773 4791 non
2815 4737 3279 4794 dehonestandum
3321 4749 3764 4810 prmsumptuosa

2171 4828 2750 4883 excommunicatione.

2242 4919 2297 4973 ι.
2327 4919 2498 4975 Posse
2523 4935 2690 4974 unum
2719 4919 2954 4989 aliquem
2989 4922 3300 4991 pontiﬁcem
3342 4923 3504 4994 abjici
3531 4924 3648 4981 sine
3677 4925 3775 4981 in-

2161 5005 2305 5075 juria
2337 5007 2482 5062 sedis
2517 5007 2848 5077 apostolicae.

2237 5096 2291 5151 5.
2324 5097 2619 5168 Episcopos
2645 5099 2696 5153 in
2724 5114 2888 5155 causa
2929 5099 3052 5156 ﬁdei
3089 5099 3469 5173 jusjurandum
3497 5113 3773 5174 prmstare

2164 5187 2351 5243 solitos
2376 5187 2707 5258 imperatori.

2241 5301 2293 5355 6.
2323 5299 2667 5370 Agobardum
2693 5299 2981 5371 primatem
3029 5302 3335 5371 Aquitaniae
3368 5303 3572 5358 nullam
3602 5303 3766 5360 dein-

2171 5407 2301 5462 ceps
2352 5391 2664 5446 habiturum
2731 5399 3057 5462 potestatem
3111 5393 3166 5446 in
3215 5395 3769 5461 excommunieando,

2173 5483 2483 5552 nullamque
2519 5481 2953 5552 jurisdietionem
2984 5484 3039 5538 in
3083 5491 3309 5539 caeteras
3355 5484 3661 5554 parochias,
3717 5489 3768 5542 si

2170 5573 2417 5629 obediret
2442 5574 2621 5643 potius
2650 5574 2890 5643 pontiﬁci
2918 5588 3081 5644 quam
3108 5573 3329 5629 Caesari.

2243 5662 2295 5716 7.
2326 5663 2654 5721 Privandum
2683 5664 2994 5734 episcopum
3021 5663 3298 5720 consortio
3333 5672 3388 5720 et
3410 5665 3637 5730 honore,
3664 5667 3765 5734 qui

538 5789 568 5822 ι
602 5777 841 5838 Institut.
876 5780 1020 5854 juris
1067 5797 1288 5851 cauom,
1341 5782 1377 5838 1.
1423 5799 1498 5850 iv,
1528 5783 1608 5840 tit.
1641 5780 1694 5836 2.
1728 5780 1783 5836 In
1825 5778 2064 5836 Historia
2095 5776 2442 5849 Burgundiis.
