3918 6320
137 355 210 414 39
1282 348 1413 403 LIB.
1457 348 1620 404 ADV.
1659 347 1959 407 FELICEM
2001 348 2300 406 URGELL.

3345 317 3417 404 so

142 470 318 542 potius
363 466 610 538 pontiﬁci
659 480 817 536 quam
870 462 1124 520 Ecclesiae
1165 462 1456 519 Gallicanae
1500 461 1728 518 concilio
1755 470 1808 524 Α
1901 462 1956 515 9.
1986 461 2251 531 Antiquos
2278 461 2464 515 Patres
2493 462 2546 514 ln
2575 460 2816 515 carmine
2842 460 3027 515 solitos
3055 459 3342 514 modulari.

143 563 430 620 obedierit.

1904 555 1958 608 5.
1989 552 2201 608 Nullam
2247 567 2368 607 esse
2398 551 2661 612 rationem
2705 567 2804 606 cur
2839 559 3115 609 nocturnae
3157 549 3290 605 ﬂant
3337 553 3416 607 vi-

211 651 533 724 Agobardus
569 665 637 705 ex
682 647 926 719 professo
978 646 1267 715 respondet
1315 644 1557 716 singulis.
1589 643 1732 699 Con-
1832 641 1992 712 gilize.

140 741 330 814 fringit
354 750 619 813 quantum
645 747 824 812 potest
854 740 955 794 ista
1005 737 1306 808 privilegia,
1336 745 1558 806 propter
1584 751 1732 792 com-

1900 733 1955 785 4.
1983 731 2144 785 Multa
2170 746 2289 786 esse
2312 731 2416 785 alia
2443 732 2652 787 cantica
2678 747 2796 801 qua:
2819 747 2927 786 non
2967 732 3236 787 habentur
3262 731 3410 788 Scri-

141 848 306 888 mune
349 832 601 888 factionis
643 847 764 887 cum
811 830 1064 900 pontifice
1105 839 1162 884 et
1208 829 1464 883 Lothario
1509 844 1733 884 consor-
1830 818 2025 887 pl-lll'iS-

141 925 298 979 tium.
331 924 531 979 Nititur
557 926 789 995 probare
815 924 1084 977 Caesarem
1114 929 1169 976 et
1197 920 1467 976 Ecclesias
1496 921 1729 976 Gallicas

138 1017 379 1086 pendere
407 1032 436 1069 a
471 1017 749 1071 cathedra.
802 1014 1008 1069 Deinde
1050 1013 1272 1082 conjicit
1303 1028 1492 1068 omnes
1543 1013 1728 1068 turbas

139 1118 196 1165 et
220 1118 391 1164 :estus
419 1108 707 1181 ﬂagrantes
736 1107 973 1175 imperii,
1003 1114 1116 1160 tum
1147 1107 1200 1160 in
1249 1106 1501 1160 inertiam
1551 1104 1728 1159 Ludo-

138 1198 264 1261 vici,
299 1207 414 1252 tum
441 1200 494 1252 in
521 1198 762 1253 occultas
790 1196 1008 1251 fraudes
1038 1196 1348 1265 reginarum
1387 1193 1583 1263 quibus
1613 1195 1728 1264 ipse

138 1299 424 1360 nupserat.
456 1289 828 1344 Audacissime
865 1288 1012 1342 favet
1053 1287 1278 1342 consilio
1319 1285 1587 1351 Lotharii,
1619 1300 1725 1355 quo

137 1397 270 1453 erga
323 1398 587 1437 novercas
638 1396 770 1436 usus
817 1380 1012 1435 fuerat.
1061 1378 1298 1432 Tandem
1329 1376 1566 1430 concitat
1610 1375 1727 1444 ejus

135 1472 378 1526 animum
411 1473 476 1526 ad
504 1470 877 1540 paenitentiam
904 1478 957 1524 et
981 1468 1364 1532 humilitatem,
1386 1474 1447 1520 ut
1473 1466 1726 1534 deinceps

135 1561 510 1630 resipiscendo
541 1576 626 1615 res
649 1561 861 1631 imperii
890 1561 962 1615 sit
983 1561 1249 1615 securior.

317 1649 538 1704 Publica
575 1649 827 1704 Ludovici
862 1650 1190 1720 imperatoris
1224 1647 1549 1719 paenitentia.

205 1739 392 1795 Rebus
419 1742 650 1810 pacatis,
701 1741 916 1810 publico
943 1748 1211 1795 conventu
1250 1737 1590 1806 compellitur
1615 1735 1722 1790 Lu-

1833 926 2036 993 Quibus
2073 942 2278 1048 Zuoque
2319 926 2373 1005 in
2406 943 2508 1007 suo
2557 927 2932 1006 Antiph'onario
2975 936 3022 980 et
3065 927 3412 998 Rcsponsorio

2111 1013 2226 1048 asce
2249 996 2438 1048 adiecu
2471 996 2815 1048 blasnhmras
2844 1005 2890 1048 et
2912 1007 3169 1048 nortenta.

2111 1013 2226 1050 ascc
2249 995 2438 1064 adjecit
2471 996 2815 1066 blasphmias
2844 1005 2890 1049 et
2911 995 3169 1064 portenta.

1900 1086 1953 1141 5.
1985 1086 2257 1142 Christum
2280 1088 2345 1140 de
2363 1087 2500 1141 caelo
2522 1088 2801 1142 advexisse
2822 1088 3114 1142 humanam
3136 1097 3406 1143 naturam.

1902 1177 1954 1232 6.
1985 1179 2128 1232 Duas
2151 1186 2372 1231 naturas
2399 1179 2736 1234 commisceri
2765 1180 2818 1233 in
2853 1195 3035 1234 unam.

1833 1303 1835 1305 ι
1900 1267 1951 1320 7.
1983 1267 2238 1322 Homines
2266 1269 2568 1337 suscepisse
2596 1267 2893 1333 Christum,
2925 1284 3085 1337 quem
3113 1279 3272 1326 antea
3315 1287 3410 1326 na-

1827 1357 1985 1412 turali
2013 1365 2161 1411 motu
2192 1367 2555 1428 cognoverant
2582 1367 2635 1410 et
2665 1359 3056 1412 desiderarant.

1896 1452 1950 1507 8.
1982 1451 2258 1506 Christum
2305 1464 2401 1518 per
2431 1465 2616 1504 aurem
2644 1448 2882 1519 Virginis
2923 1449 2976 1503 in
3020 1448 3195 1506 locum
3221 1459 3410 1520 partus

1824 1543 2178 1612 subrepsisse.

1895 1631 2216 1702 Agobardus
2242 1630 2447 1700 singula
2476 1630 2738 1685 confutat.

1894 1724 1977 1778 Ad
2007 1724 2058 1777 l.
2089 1724 2385 1779 Ecclesiam
2423 1723 2835 1794 Lugdunensem
2875 1725 3104 1780 ﬁrmiter
3132 1725 3409 1781 inlmsisse

130 1828 361 1883 dovicus
391 1804 718 1897 imperator,-
735 1835 956 1896 propter
982 1826 1106 1880 vitae
1145 1804 1407 1880 anteactae
1434 1823 1718 1887 luxuriam,
1756 1804 1802 1863 Β
1828 1816 2043 1871 statutis
2087 1817 2339 1871 Levitica:
2382 1822 2437 1870 et
2484 1815 2793 1884 apostolicae
2824 1814 2977 1886 legis,
3027 1816 3254 1884 ideoque
3299 1831 3408 1871 non

120 1916 412 1980 inertiam,
437 1916 726 1986 ignaviam,
751 1917 818 1970 ad
841 1915 1108 1985 publicam
1131 1913 1527 1984 paenitentiam.
1552 1911 1728 1982 Agno-

128 2005 256 2069 scit,
305 2013 426 2058 orat
472 2005 708 2070 veniam,
746 2004 812 2058 ad
863 2005 1036 2058 altare
1079 2003 1484 2072 prosternitur;
1535 2010 1726 2070 terque

125 2103 435 2164 quaterque
470 2093 771 2159 confessus,
820 2093 988 2149 [luens
1030 2093 1310 2164 lacrymis,
1354 2090 1610 2160 depositis
1640 2105 1728 2144 ar-

125 2187 234 2242 mis
269 2195 612 2256 sceptroque,
655 2185 891 2254 suscepit
935 2184 1306 2255 paenitentiam
1346 2197 1444 2253 per
1464 2197 1722 2236 manuum

125 2276 519 2346 episcopalium
549 2276 972 2346 impositionem,
1004 2283 1112 2329 etc.

124 2387 207 2443 De
245 2388 402 2442 veteri
432 2389 538 2441 ritu
564 2387 813 2442 cantandi
835 2385 1064 2456 psalmos
1092 2386 1146 2440 in
1170 2382 1410 2456 ecclesia,
1440 2390 1490 2437 et
1513 2383 1576 2437 de
1606 2397 1724 2436 cor-

605 2455 841 2511 rectione
871 2455 1260 2525 Antiphonarii.

126 2565 288 2637 (Haec
310 2569 414 2619 duo
442 2563 617 2637 capita
641 2581 744 2637 non
771 2575 929 2637 erant
957 2562 1330 2633 disjungenda,
1352 2562 1441 2617 sed
1463 2578 1520 2637 in
1556 2578 1721 2616 unum

195 2633 578 2704 componenda,
610 2635 735 2705 quia
778 2634 1014 2688 eamdem
1055 2649 1271 2703 prorsus
1301 2633 1576 2687 materiam
1603 2640 1720 2685 tra-

196 2704 391 2775 ctant.)

195 2815 392 2886 Erupit
434 2813 682 2886 Lugduni
729 2814 994 2869 sectarius
1039 2813 1284 2883 quidam,
1317 2811 1409 2880 qui
1455 2810 1625 2866 miras
1665 2810 1722 2866 in

124 2903 268 2958 ritus
297 2902 697 2959 ecclesiasticos
727 2903 1024 2958 calumnias
1069 2900 1295 2964 invexit,
1341 2899 1510 2954 naevis
1537 2913 1722 2968 asper-

123 2993 220 3059 sit,
254 3002 310 3050 et
338 2997 453 3053 hrec
478 3007 624 3054 sunt.

1825 1920 1982 1974 posse
2012 1906 2288 1960 oberrare.

1896 1994 1979 2048 Ad
2024 1994 2078 2047 2.
2128 1995 2424 2050 Ecclesiam
2468 2003 2706 2050 veterem
2761 2007 3088 2064 magnopere
3139 1992 3408 2061 respuisse

1824 2083 2044 2138 modum
2071 2083 2296 2138 canendi
2326 2083 2616 2154 poeticum.

1891 2171 1976 2227 Ad
2003 2173 2057 2227 5.
2087 2172 2318 2229 Diurnas
2358 2182 2415 2227 et
2438 2180 2733 2226 nocturnas
2760 2170 2973 2241 vigilias
3002 2170 3059 2225 in
3084 2170 3250 2225 choro
3294 2168 3400 2225 Le-

1821 2261 1988 2317 vitico
2012 2277 2041 2316 a
2065 2262 2266 2317 Davide
2292 2263 2638 2317 constitutas.

1892 2351 1975 2406 Ad
2010 2352 2065 2405 4.
2095 2350 2432 2421 Scripturam
2461 2350 2597 2405 adeo
2641 2347 2960 2420 perfectam,
2999 2354 3058 2401 ut
3088 2345 3164 2400 nil
3190 2345 3268 2400 illi
3307 2346 3402 2401 ad—

1816 2442 2130 2514 jiciendum,
2176 2456 2352 2510 neque
2396 2440 2806 2503 detrahendum,
2834 2438 2929 2493 sed
2956 2438 3010 2491 in
3037 2437 3116 2491 eis
3153 2451 3408 2505 quaecun-

1821 2551 1925 2608 que
1951 2535 2295 2606 reperiuntur
2315 2534 2578 2600 canenda,
2606 2533 2812 2602 reliqua
2842 2545 2972 2585 vero
2992 2544 3120 2584 non.

1891 2628 2208 2698 Caeteraque
2232 2624 2497 2694 ejusmodi
2526 2632 2776 2695 portenta
2822 2613 2967 2677 facili
2995 2621 3082 2676 via
3124 2620 3401 2689 discerpit,

1821 2718 2074 2773 restituto
2099 2715 2409 2770 omnimodo
2435 2721 2492 2770 et
2513 2711 2908 2782 Antiphonario
2933 2720 2988 2767 et
3036 2708 3401 2780 Rcsponsorio

1822 2808 1879 2863 in
1901 2806 2188 2876 pristinam
2215 2803 2412 2859 lucem.

1891 2895 1961 2950 Et
1998 2895 2113 2951 hac
2145 2900 2271 2948 sunt
2313 2891 2492 2960 capita
2545 2889 2805 2945 doctrinae
2850 2885 3210 2960 Agobertieaa,
3260 2882 3406 2939 clara

1819 3000 1968 3050 sane,
2001 2983 2270 3047 abstrusa,
2306 2988 2362 3036 et
2402 2979 2551 3036 omni
2598 2986 2882 3034 venustate
2927 2974 3149 3049 fulgida.
3199 2973 3408 3041 Quibus

196 3083 252 3136 1.
301 3084 600 3141 Ecclesiam
648 3085 1058 3156 Lugdunensem
1088 3096 1120 3135 a
1164 3095 1421 3152 germano
1467 3080 1718 3135 cantandi
1746 3140 1790 3156 Α
1820 3073 2037 3129 fruatur
2061 3072 2250 3127 lector.

125 3171 234 3227 ritu
267 3174 532 3230 deviasse.

1743 3140 1794 3202 C

135 3296 3398 3340 ______________________________________————-

850 3421 882 3460 ³
955 3388 1643 3532 anne-rt
1720 3410 2699 3524 AGOBABDI

1355 3600 1666 3658 EPISCOPI
1704 3599 2196 3656 LUGDUNENSIS

413 3772 719 3896 LIBER
760 3754 794 3808 δ
834 3759 1376 3891 ADVERSUM
1457 3753 1818 3882 ΒθῦΜΑ
1896 3751 2283 3879 FELICIS
2363 3751 3099 3897 URGELLENSIS.

1016 3962 1125 4026 AD
1164 3953 1638 4023 LUDOVICUM
1675 3954 1872 4017 PIUM
1915 3953 2524 4017 IMPERATOREM.

193 4183 628 4244 Christianorum
676 4176 1103 4248 religiosissimo,
1150 4181 1508 4252 benignorum
1543 4184 1703 4239 beni-

126 4279 418 4353 gnissimo,
482 4278 889 4327 mansuetorum
961 4271 1443 4341 tranquillissimo,
1505 4274 1709 4330 Christi

1810 4184 2080 4255 Augusto,
2111 4184 2310 4239 domno
2338 4183 2730 4255 gloriosissimo
2751 4182 3025 4239 Ludovico
3054 4182 3392 4254 imperatori,

1817 4275 2139 4348 Agobardus
2163 4275 2382 4345 quidam
2412 4291 2481 4330 ex
2521 4274 2725 4330 ultimis
2764 4274 3015 4330 ﬁdelibus
3051 4276 3393 4333 servulisve-

127 4367 390 4432 amatori,
421 4363 650 4432 ideoque
688 4359 883 4416 victori
929 4374 996 4414 ac
1034 4361 1416 4430 triumphaturi
1469 4363 1714 4433 piissimo
1739 4353 1793 4412 1)
1820 4367 1969 4432 stris,
2024 4366 2482 4423 subterannexum
2536 4366 2855 4436 opusculum
2910 4367 3282 4423 sincerissimo
3331 4384 3397 4426 ac

1063 4463 1068 4467 ‘
1474 4453 1751 4511 BALUZII
1789 4456 2024 4514 NOTAE.

195 4561 222 4590 ι
247 4546 438 4609 Sancti
467 4537 966 4613 Agobardi.__Sancti
994 4540 1446 4613 nuncupationem
1472 4541 1715 4613 Agobar-

123 4621 194 4676 do
233 4609 534 4677 tribuimus
563 4619 685 4682 post
712 4609 1008 4682 editionem
1027 4609 1283 4682 Missum,
1311 4618 1366 4682 et
1392 4609 1714 4682 quia’ctnle-

123 4701 234 4745 stes
254 4687 306 4741 ei
335 4677 581 4739 honores
593 4680 972 4751 persolvuntur
996 4680 1052 4751 in
1079 4677 1319 4751 Ecclesia
1343 4677 1711 4751 Lugdunensi,

124 4761 214 4815 ubi
244 4755 411 4822 vulgo
443 4746 670 4822 vocat—ur
705 4746 853 4802 Saint
887 4747 1084 4822 Agobo.
1116 4747 1252 4802 Tum
1280 4757 1336 4803 et
1365 4746 1716 4822 in'Martyi-p-

124 4827 286 4899 logiis
335 4818 556 4899 Quoque
582 4820 798 4899 illarum
848 4818 1084 4886 partium
1106 4825 1348 4899 “sanctus
1375 4818 1601 4899 dicitur.
1634 4819 1713 4874 Ac

125 4886 210 4952 de"
237 4886 535 4965 Agobardo
589 4886 807 4959 quidem
832 4902 1002 4965 pauca
1034 4887 1190 4965 nobis
1229 4887 1473 4965 dicenda
1495 4888 1714 4965 ῥεια-ξω-

123 4956 318 5034 bunt,"
342 4969 545 5032 praeter
589 4956 654 5013 ea
704 4971 835 5034 quae
861 4956 1123 5034 leguntur
1176 4956 1323 5034 inter
1350 4957 1566 5034 elogia.
1607 4957 1714 5011 Pro

125 5025 567 5100 nostro'tamen
620 5041 771 5100 more
821 5025 911 5100 hic
953 5027 1120 5079 vitam
1168 5025 1287 5091 ejus
1332 5025 1710 5100 delibabimus.

125 5095 310 5159 Patria
371 5099 585 5155 Gallum
626 5096 792 5150 fuisse
817 5095 986 5161 aiunt,
1016 5108 1326 5164 quanquam
1357 5095 1409 5149 id
1446 5111 1554 5150 non
1582 5097 1714 5150 satis

125 5179 366 5229 constat.
400 5167 762 5235 Coepiscopus
800 5163 1313 5235 primum’Leidradi
1332 5164 1711 5235 Lugdunensis

127 5232 553 5310 archiepiscopi,
605 5232 766 5310 quem
821 5248 966 5310 nunc
1008 5232 1712 5310 coadjutorem_vocamus,

128 5298 222 5367 sed
275 5298 389 5364 non
442 5298 568 5361 cum
616 5298 770 5374 titulo
821 5300 1016 5374 futurae
1069 5298 1450 5374 successionis,
1498 5298 1559 5374 'ut
1607 5298 1707 5374 ego

127 5382 351 5452 quidem
384 5376 639 5452 arbitror.
665 5372 802 5452 Nam
839 5373 894 5426 id
927 5373 1138 5442 privata
1169 5372 1505 5452 auctoritate.
1536 5371 1716 5452 facere

130 5441 235 5507 non
275 5447 458 5519 potuit
506 5442 844 5519 Leidradtt§_,
883 5441 1063 5519 neque
1115 5448 1268 5519 extra
1327 5441 1714 5519 conscientiam

127 5510 448 5590 principis,__
478 5527 655 5590 neque
702 5511 828 5565 alibi
870 5510 1279 5590 tumnquam‘jn
1325 5511 1552 5590 sxnodo,
1601 5510 1717 5590 sive

128 5578 473 5660 provinciali,
504 5578 642 5660 __si've
672 5579 943 5660 generali.
996 5578 1130 5660 Dein
1152 5578 1259 5660 illo
1289 5578 1534 5660 cedente,
1567 5580 1715 5660 ac_in

131 5647 466 5714 monasterio
502 5647 1366 5726 Suessionensilseseabdicante,
1397 5647 1716 5718 Agobardus

133 5728 202 5784 ad
245 5741 374 5784 eam
425 5721 743 5793 cathedram
794 5717 1105 5776 conscendit
1129 5733 1218 5772 an.
1256 5717 1381 5785 813,
1423 5717 1716 5772 (consen-

1819 4547 2007 4613 tiente,
2030 4556 2092 4602 ut
2117 4547 2194 4602 ait
2223 4547 2359 4612 Ado,
2391 4546 2719 4616 imperatore
2743 4553 2797 4600 et
2839 4545 3098 4628 universa.
3115 4545 3391 4604 Gallorum

3017 4630 3392 4686 episcoporum

1888 4771 1917 4810 δ
1943 4769 2076 4823 Adv.
2114 4770 2316 4839 Dogma
2339 4767 2560 4839 elicis.
2592 4767 2829 4839 Titulum
2876 4767 3018 4839 hunc
3055 4766 3282 4824 fecimus
3322 4785 3390 4825 ex

1815 4841 2042 4908 elencho
2066 4837 2644 4909 libro‘rumrAgobardi,
2676 4838 2778 4909 qui
2808 4837 3060 4909 pgraeﬂxus
3085 4845 3179 4909 est
3216 4839 3390 4895 codici

1816 4905 1919 4964 ms.
1950 4909 2081 4978 Papi
2120 4907 2373 4978 Massoni,
2407 4905 2479 4962 'in
2506 4922 2613 4978 quo
2641 4905 2724 4978 sic
2766 4905 3014 4978 habetur
3043 4925 3056 4960 :
3098 4905 3388 4978 Adpcrsum

1815 4980 2005 5049 dogma
2028 4975 2234 5042 Felicis
2278 4977 2417 5049 libe_r_
2437 4975 2747 5049 r__Ayobardi
2790 4976 3016 5049 episcopi
3046 4975 3114 5049 ad
3137 4975 3392 5049 Διιιιιιᾳυὶ-

1815 5044 1933 5103 cuin
1955 5050 2338 5116 imperatorem.
2372 5044 2584 5116 Nullum
2615 5047 2756 5100 enim
2798 5045 3000 5116 alioqui
3035 5044 3247 5116 titulum
3295 5046 3393 5099 ha-

1815 5119 1976 5174 bebat
1999 5114 2088 5170 hic
2115 5116 2250 5170 liber
2272 5116 2327 5169 in
2353 5115 2521 5169 veteri
2568 5116 2771 5170 codice.
2796 5115 2861 5168 Et
2903 5114 3091 5168 mirari
3120 5114 3267 5168 lubet
3296 5129 3391 5167 au-

1815 5188 2024 5242 daciam
2049 5184 2283 5239 Massoni
2305 5186 2395 5253 qui
2421 5199 2527 5238 non
2547 5192 2829 5239 contentus
2847 5183 3199 5253 inscriptione
3221 5185 3392 5238 veteri

1815 5255 2056 5338 epistola":
2105 5255 2172 5308 ad
2211 5252 2550 5334 Ludovicum.
2579 5253 2755 5332 Pium,
2809 5252 2976 5332 aliam»
3001 5252 3070 5332 de
3112 5266 3210 5332 suo
3239 5253 3390 5331 adje-

1815 5335 1929 5379 cit.
1989 5334 2250 5379 tanquam
2304 5338 2334 5376 e
2381 5330 2553 5376 veteri
2603 5323 2804 5376 codice.
2854 5321 2945 5374 διο
2984 5335 3129 5375 enim
3176 5336 3230 5374 in
3272 5335 3390 5379 ipso

1815 5337 1929 5390 Cll,
1989 5337 2250 5390 tanquam
2304 5338 2334 5376 e
2381 5337 2553 5376 veteri
2603 5337 2804 5376 ροαιοε.
2854 5337 2945 5374 διο
2984 5337 3070 5375 em

1816 5335 1929 5390 cit,
1989 5335 2250 5446 tanquam
2304 5335 2553 5403 eOveten
2603 5335 2804 5403 conice.
2854 5335 2945 5402 bne
2984 5335 3129 5375 enim
3176 5336 3230 5374 in
3272 5335 3390 5389 ipso

1816 5410 2038 5465 operum
2143 5392 2574 5465 goba_rdicorum_
2602 5398 2754 5465 initio
2803 5390 2971 5465 edidit
3020 5408 3031 5442 :
3085 5389 3394 5465 Aggbgrdsts

1817 5456 2085 5533 episcopus
2140 5456 2500 5533 Lugdunensis
2543 5458 2806 5533 Ludovico
2866 5456 3183 5533 imperatori
3227 5456 3286 5512 S.
3320 5457 3389 5511 υ.

1817 5526 1948 5600 Quis
1988 5526 2092 5587 non
2124 5526 2377 5600 crederet
2402 5528 2476 5582 ita
2525 5529 2791 5600 scriptum
2820 5526 3053 5600 vidisse
3087 5526 3393 5600 Massonum

1819 5593 1871 5656 in
1902 5602 2072 5656 veteri
2096 5600 2315 5657 codice?
2341 5598 2408 5654 Et
2433 5607 2610 5654 tamen
2632 5593 2795 5652 ‘nihil
2815 5596 2925 5652 illic
2951 5594 3148 5664 legitur
3195 5593 3389 5664 hujus~

1819 5672 2052 5728 cemodi.
