3918 6330
498 394 575 453 35
1476 393 1536 452 S.
1576 392 1945 463 Ααοωεωι
1966 392 2281 453 EPISCOPI
2318 394 2808 461 LUCDUNENSIS
3722 401 3796 460 56

493 509 673 573 banda
698 518 895 581 putant
915 518 1114 568 cuncta
1141 526 1264 582 qua:
1292 509 1460 577 dixit;
1485 511 1792 567 nescientes
1815 496 1944 581 quia
1985 525 2096 567 non
2122 516 2171 576 Α
2199 512 2269 601 Et
2287 520 2349 567 ut
2394 513 2536 570 alius
2585 516 2776 583 doctor
2820 513 2957 572 dicit
3006 514 3193 589 (Augur
3241 516 3299 571 in
3338 496 3491 573 Psal.
3533 522 3744 594 chvu)
3778 539 3793 579 :

492 618 563 659 ex
581 603 693 658 vita
715 604 957 661 hominis
975 604 1252 661 metienda
1276 613 1363 659 est
1393 603 1546 671 ﬁdes,
1568 603 1665 660 sed
1691 615 1717 644 ι
1746 618 1815 658 ex
1837 602 1945 659 ﬁde
1967 617 2097 673 pro—

490 693 671 750 banda
705 702 791 749 est
814 694 947 750 vita.
982 694 1307 771 Quanquam
1337 695 1483 751 enim
1514 694 1673 751 multi
1694 693 1835 751 bene
1868 694 2098 751 creden-

491 794 597 851 tes,
627 786 773 842 male
812 786 1047 843 vivendo
1086 795 1349 858 pereant;
1396 786 1575 859 nullus
1600 795 1783 843 tamen
1810 785 1952 842 male
1974 801 2097 843 cre—

493 874 651 940 dens,
674 876 813 932 bene
833 877 1068 933 viveudo
1093 878 1353 933 salvatur.
1381 877 1563 934 Solius
1588 878 1734 934 enim
1758 877 2098 949 omnipoten-

490 967 564 1021 tis
593 965 689 1021 Dei
726 975 812 1030 est
868 983 1031 1025 nosse
1056 968 1292 1028 .occulta
1346 969 1653 1033 hominum,
1690 966 1776 1022 vel
1804 968 1926 1039 quis
1966 981 2097 1025 cum

490 1058 911 1127 reprehensibili
960 1059 1074 1114 vita
1123 1058 1384 1114 humilem
1451 1065 1691 1114 mentem
1742 1066 1946 1131 gestet,
1997 1067 2094 1118 aut

488 1147 615 1220 quis
646 1148 675 1188 δ
706 1163 831 1205 cum
878 1147 1138 1205 laudabili
1179 1148 1291 1204 vita
1334 1149 1647 1220 superbam.
1699 1148 1905 1207 Neuter
1945 1153 2092 1209 enim

489 1238 767 1308 perfectus
791 1247 911 1295 est;
926 1239 1036 1296 Sed
1060 1240 1184 1310 quis
1213 1256 1245 1297 e
1271 1240 1481 1297 duobus
1530 1243 1705 1315 magis
1728 1246 1944 1299 auctori
1972 1244 2090 1301 dis-

490 1328 712 1399 pliceat,
778 1329 855 1384 illi
901 1331 1003 1385 soli
1051 1332 1292 1401 suppetit
1340 1347 1523 1388 nosse.
1585 1332 1823 1390 Scimus
1855 1351 2092 1407 namque

488 1421 619 1491 quia
645 1421 739 1492 qui
795 1421 1135 1477 inﬁrmitatis
1182 1436 1296 1478 suae
1338 1424 1480 1478 bene
1531 1424 1636 1479 sibi
1685 1433 1813 1481 sunt
1862 1426 2089 1493 conscii,

486 1517 707 1567 unctos
741 1528 801 1568 se
829 1527 973 1579 esse,
1011 1513 1230 1568 etiamsi
1254 1515 1325 1569 ab
1351 1513 1475 1570 aliis
1504 1514 1777 1580 dicantur,
1814 1531 1922 1571 non
1964 1532 2091 1572 cre—

486 1602 644 1657 dum.
694 1602 798 1670 Qui
844 1612 1026 1658 autem
1075 1613 1301 1674 propter
1348 1605 1549 1660 bonam
1602 1602 2089 1672 conversationem,

483 1692 613 1748 dum
641 1692 935 1773 laudantur
956 1696 1025 1750 ab
1069 1695 1210 1760 aliis,
1249 1705 1469 1752 sanctos
1518 1711 1578 1752 se
1622 1696 2089 1763 esse-eonﬁdunt,

482 1792 539 1837 et
565 1783 791 1840 idoneos
818 1800 877 1840 se
906 1792 1101 1856 puttnt
1136 1785 1559 1855 adjudieandum
1598 1795 1830 1843 caeteros
1868 1796 1924 1842 et
1956 1788 2092 1843 alios

2198 603 2355 661 Sicut
2394 604 2680 677 virginitas
2727 605 2934 673 carnis,
2977 620 3178 677 corpus
3226 607 3489 663 intactum
3542 618 3660 677 est;
3715 611 3796 667 ita

2195 694 2484 766 virginitas
2553 697 2769 763 animae,
2822 695 2957 753 ﬁdes
3021 698 3357 769 incorrupta.
3415 718 3436 751 ι
3485 698 3578 754 Ait
3627 702 3799 758 etiam

2197 782 2384 856 (Aug.,
2412 783 2590 840 Tract.
2618 802 2715 841 vm
2737 787 2794 841 in
2819 783 3024 858 Evang.
3050 786 3238 861 Joan.)
3267 802 3281 843 :
3313 806 3332 839 ‹
3372 788 3467 846 Sic
3488 797 3575 845 est
3591 792 3803 850 veritas

2196 872 2470 942 Christus,
2514 884 2577 932 ut
2604 883 2775 932 totum
2798 891 2991 932 verum
3034 877 3337 948 accipiatur
3369 878 3425 935 in
3460 878 3681 937 Christo
3704 897 3802 939 ve-

2195 962 2578 1023 rum‘Verbum
2607 967 2731 1033 Dei,
2749 968 2893 1022 Deus
2935 967 3159 1037 aequalis
3186 967 3355 1036 Patri,
3400 985 3531 1026 vera
3574 972 3784 1040 anima,

2194 1070 2328 1113 vera
2365 1070 2515 1121 caro,
2545 1071 2710 1113 verus
2752 1056 2934 1123 homo,
2962 1072 3125 1129 verus
3164 1056 3329 1126 Deus,
3354 1075 3485 1116 vera
3516 1062 3798 1133 nativitas,

2199 1158 2223 1188 ο
2252 1163 2384 1204 vera
2425 1148 2629 1219 passio.
2659 1147 2716 1205 Si
2746 1147 2953 1219 aliquid
3000 1149 3090 1204 hic
3119 1148 3326 1205 dixeris
3366 1148 3588 1219 falsum,
3624 1151 3804 1210 intrat

2193 1240 2459 1309 putredo,
2516 1239 2587 1300 de
2642 1254 2853 1294 veneno
2914 1240 3187 1309 serpentis
3236 1250 3543 1296 nascuntur
3581 1257 3803 1300 vermes

2194 1330 2625 1396 mendaciorum,
2678 1337 2734 1385 et
2787 1328 2923 1383 nihil
2974 1329 3247 1401 integrum
3296 1332 3623 1387 remanebit.
3655 1319 3799 1400 Quia

2194 1420 2288 1475 ubi
2314 1419 2483 1476 fuerit
2504 1419 2628 1474 falsi
2659 1419 2887 1490 alicujus
2929 1419 3228 1491 corruptio,
3261 1419 3334 1476 ibi
3374 1421 3625 1477 veritatis
3656 1423 3799 1477 inte-

2193 1512 2367 1581 gritas
2396 1526 2504 1567 non
2534 1512 2661 1566 erit.
2698 1530 2717 1564 ι
2748 1510 2946 1567 Valent
2972 1519 3157 1567 autem
3195 1512 3426 1568 multum
3464 1514 3532 1569 ad
3566 1529 3799 1587 perpen-

2193 1601 2430 1656 dendam
2463 1601 2818 1662 subtilitatem
2844 1602 3116 1669 veritatis,
3157 1617 3279 1672 quae
3305 1603 3549 1660 dicturus
3587 1621 3709 1660 sum
3739 1606 3799 1661 in

2193 1691 2299 1747 hoc
2323 1691 2474 1757 loco;
2504 1692 2552 1747 si
2576 1700 2759 1747 tamen
2783 1700 3159 1763 competenter
3180 1691 3475 1750 valuissem
3508 1692 3798 1765 explicare

2193 1796 2317 1852 qua:
2351 1783 2496 1839 dico.

484 1871 704 1942 quidem
733 1882 956 1946 propter
986 1875 1155 1929 vitam
1196 1876 1495 1941 carnalem,
1536 1876 1678 1932 alios
1723 1884 1906 1931 autem
1956 1893 2083 1948 pro-
2116 1862 2162 1922 B
2213 1918 2219 1930 ,
2257 1873 2349 1930 1V.
2392 1872 2679 1929 Nestorius
2701 1872 2992 1930 bzereticus
3017 1873 3099 1930 sic
3124 1873 3263 1931 duas
3283 1884 3511 1932 naturas
3537 1876 3591 1933 in
3629 1877 3799 1935 unico

482 1972 607 2036 pter
653 1964 961 2021 fatuitatem
1017 1982 1210 2023 sensus
1257 1968 1589 2039 despiciunt,
1625 1969 1878 2025 omnibus
1903 1978 2086 2025 tamen

485 2056 543 2111 in
590 2072 879 2113 commune
927 2059 1242 2123 detrahunt,
1307 2075 1416 2114 non
1460 2039 1689 2131 possunt
1743 2060 1819 2114 illi
1871 2060 2089 2129 placere

482 2147 577 2217 qui
607 2147 783 2203 dixit:
828 2146 1027 2203 Discite
1067 2167 1100 2204 a
1129 2166 1213 2203 me
1238 2150 1367 2220 quia
1410 2148 1554 2203 mitis
1597 2166 1715 2204 utut
1771 2158 1819 2203 et
1870 2140 2086 2205 humilis

483 2238 798 2307 corde.‘Qui
827 2248 1014 2297 autem
1034 2257 1165 2297 vere
1190 2242 1405 2313 placere
1442 2241 1553 2296 Dco
1598 2250 1777 2305 curat,
1829 2243 2087 2312 subjiciat

482 2330 723 2386 animam
772 2346 929 2387 suam
972 2332 1086 2388 Deo
1138 2349 1263 2388 cum
1315 2334 1465 2389 omni
1519 2333 1847 2388 humilitate.
1922 2333 2086 2389 Fides

480 2429 565 2477 est
587 2422 733 2478 enim
757 2424 930 2494 prima
957 2440 1079 2494 quae
1122 2424 1375 2496 subjugat
1420 2415 1658 2479 animam
1702 2423 1835 2488 Deo,
1887 2423 2093 2479 deinde

481 2520 752 2585 praecepta
797 2514 1047 2580 vivendi;
1097 2516 1654 2585 quibuscustoditis,
1727 2529 1854 2585 spes
1896 2523 2085 2570 nostra

481 2598 755 2669 tinuatur,
780 2612 837 2660 et
867 2605 1112 2660 nutritur
1159 2606 1429 2661 charitas.
1483 2605 1621 2660 Cum
1671 2620 1805 2676 ergo
1848 2606 2086 2676 cognitio

480 2702 537 2751 et
572 2695 717 2751 actio
752 2696 973 2751 beatum
1017 2696 1293 2750 hominem
1347 2696 1577 2761 faciant;
1630 2696 1772 2752 sicut
1810 2696 1865 2750 in
1906 2697 2088 2767 cogni-

480 2786 626 2842 tione
650 2786 905 2844 vitandus
930 2794 1015 2843 est
1047 2802 1225 2853 error,
1273 2788 1349 2842 ita
1392 2788 1446 2843 in
1480 2788 1697 2844 actione
1723 2789 1969 2848 cavenda
2000 2797 2087 2845 est

480 2875 749 2947 nequitia.

552 2970 639 3027 ιιι.
699 2968 1069 3039 Quamobrem
1122 2971 1353 3027 obsecro
1404 2971 1754 3027 dilectionem
1817 2979 2082 3038 vestram,

476 3054 678 3132 quibus
706 3050 811 3116 hoc
842 3075 981 3131 opus
1019 3062 1389 3123 necessarium
1444 3078 1567 3120 esse
1609 3062 1754 3127 dico,
1785 3078 1894 3118 non
1928 3064 2086 3119 vobis

475 3150 725 3221 injiciant
753 3149 1030 3227 fastidium
1061 3153 1226 3208 verba
1249 3152 1547 3228 simplicia;
1579 3153 1677 3207 sed
1716 3152 1901 3222 potius
1931 3151 2081 3208 dele-

478 3248 592 3296 ctet
616 3256 712 3296 vos
752 3241 962 3309 paritas
1009 3240 1154 3295 ﬁdei.
1186 3239 1459 3307 Quoniam
1504 3243 1557 3297 in
1594 3243 1776 3302 verbis
1804 3242 2082 3299 disseren-

479 3332 636 3396 tium,
666 3338 727 3385 ut
753 3319 978 3400 quidam
1004 3330 1227 3386 Patrum
1269 3331 1348 3387 ait
1368 3331 1555 3404 (Aug.,
1578 3332 1642 3387 de
1667 3331 1852 3387 Doctr.
1878 3330 2077 3387 Christ.

480 3422 519 3477 l.
574 3432 652 3488 tv,
712 3438 763 3478 c.
824 3422 935 3494 li),
990 3423 1201 3479 veritas
1260 3425 1491 3479 amanda
1538 3434 1641 3490 est,
1703 3439 1811 3479 non
1866 3423 2081 3479 verba:

481 3531 501 3565 ι
531 3512 673 3582 Quid
711 3513 860 3569 enim
888 3515 1111 3583 prodest
1144 3513 1317 3569 clavis
1354 3529 1540 3575 aurea,
1584 3515 1629 3570 si
1679 3513 1895 3584 aperire
1936 3513 2084 3582 quod

474 3603 859 3659 volumusnon
881 3602 1226 3672 potestzAut
1254 3602 1385 3672 quid
1434 3604 1593 3658 obest
1629 3603 1829 3674 lignea,
1882 3603 1927 3658 si
1978 3605 2084 3658 hoc

476 3701 680 3764 potest,
726 3694 944 3763 quando
990 3691 1125 3748 nihil
1178 3692 1497 3763 quzeritnus,
1546 3693 1649 3748 nisi
1698 3701 1888 3763 patere
1937 3694 2081 3768 quod

476 3784 721 3840 clausum
744 3784 867 3840 est?
901 3803 920 3837 ι
960 3782 1063 3851 Qui
1097 3791 1280 3838 autem
1300 3784 1524 3838 omnino
1544 3784 1870 3855 dedignatur
1902 3784 2083 3856 legere

476 3884 687 3939 nostra,
742 3873 909 3930 habet
958 3874 1050 3928 hic
1110 3872 1450 3929 sufﬁcienter
1495 3882 1809 3929 sanctorum
1856 3875 2079 3931 Patrum

476 3966 777 4022 sententias
803 3966 1061 4030 adnexas,
1096 3966 1296 4036 quibus
1324 3958 1572 4022 conferat
1601 3983 1820 4022 sensum
1852 3967 2075 4023 Felicis.

477 4057 714 4114 Tantum
742 4073 851 4115 non
878 4058 1117 4131 negligat
1145 4058 1214 4113 ad
1238 4073 1428 4113 earum
1458 4059 1701 4130 regulam
1734 4061 1891 4115 ﬁdem
1924 4076 2079 4115 suam

474 4148 769 4219 puriﬁcare
798 4165 812 4202 :
844 4148 993 4219 quia,
1040 4156 1103 4204 ut
1150 4147 1342 4204 beatus
1382 4148 1713 4204 Athanasius
1760 4150 1837 4204 ait
1870 4168 1882 4200 :
1921 4170 1939 4203 ι
1992 4150 2083 4205 Fi-

476 4238 601 4293 dem
622 4236 948 4293 catholicam
1004 4235 1110 4291 nisi
1157 4237 1281 4305 quis
1334 4238 1602 4311 integram
1654 4239 2081 4311 inviolatamque

478 4328 805 4394 servaverit,
856 4328 1063 4399 absque
1128 4327 1296 4383 dubio
1354 4327 1409 4382 in
1462 4336 1727 4385 aeternum
1778 4330 1997 4399 peribit.
2054 4350 2073 4383 ι

2105 3203 2153 3266 C

2189 1965 2327 2020 Filio
2360 1964 2459 2021 Dei
2486 1965 2718 2021 Domino
2747 1973 2941 2023 nostro
2970 1965 3102 2022 Jesn
3126 1966 3349 2023 Christo
3374 1969 3569 2023 dividit
3601 1985 3669 2026 ac
3704 1986 3796 2025 se-

2187 2064 2367 2127 parat,
2403 2064 2465 2111 ut
2510 2058 2569 2112 in
2612 2057 2981 2127 disputatione
3027 2058 3299 2130 dogmatis
3334 2060 3417 2115 sui
3454 2061 3533 2115 sic
3576 2061 3644 2116 de
3682 2076 3797 2117 uno

2188 2148 2347 2216 quasi
2397 2146 2466 2202 dc
2499 2147 2710 2202 duobus
2754 2146 3030 2218 loquatur,
3072 2148 3229 2216 quasi
3281 2148 3449 2202 alium
3502 2151 3796 2220 suspicans

2188 2237 2360 2297 Deum
2386 2238 2645 2302 Verbum,
2692 2237 2859 2292 alium
2906 2221 3252 2304 Emmanuel,
3298 2238 3427 2295 licet
3470 2240 3798 2311 plerumque

2187 2342 2352 2381 unam
2392 2329 2589 2384 horum
2617 2329 2854 2384 fateatur
2876 2344 3189 2399 personam.
3224 2328 3269 2383 E
3291 2333 3572 2388 contrario
3608 2342 3795 2389 autem

2187 2417 2462 2490 Eutyches
2496 2420 2552 2474 in
2588 2420 2843 2491 dogmate
2867 2436 2967 2477 suo
3013 2422 3093 2476 sic
3134 2422 3201 2476 de
3232 2424 3379 2478 unici
3414 2423 3538 2480 Filii
3570 2426 3667 2480 Dei
3711 2427 3793 2483 io-

2187 2511 2378 2580 quitur
2416 2510 2679 2582 singulari
2723 2526 2962 2581 persona
3008 2513 3165 2583 quasi
3209 2514 3275 2569 de
3311 2530 3421 2569 una
3463 2516 3794 2574 substantia.

2187 2600 2258 2655 Et
2290 2614 2607 2671 quanquam
2650 2602 3045 2671 sempiternam
3092 2602 3402 2659 divinitatis
3440 2602 3557 2673 ejus
3592 2605 3795 2662 nativio

2190 2698 2357 2746 tatem
2391 2696 2739 2758 conﬁteatur,
2768 2692 3126 2762 temporalem
3173 2708 3392 2763 quoque
3433 2695 3796 2753 humanitatis

2188 2796 2296 2836 non
2323 2790 2515 2853 neget;
2553 2781 2627 2836 ita
2654 2790 2837 2837 tamen
2880 2790 3169 2852 utramque
3195 2783 3554 2858 substantiam
3591 2786 3798 2856 permi-

2186 2881 2306 2929 scet
2330 2882 2496 2943 atque
2518 2870 2824 2938 confundit,
2850 2880 2912 2926 ut
2938 2888 3046 2927 una
3074 2875 3450 2928 tantummodo
3486 2876 3794 2944 praedicare

2187 2962 2543 3033 intelligatur.
2576 2961 2712 3018 Cum
2740 2976 2871 3034 ergo
2896 2970 3210 3033 utrumque,
3236 2964 3289 3018 id
3321 2972 3429 3030 est,
3453 2964 3795 3033 Nestorium,

2186 3059 2243 3106 et
2286 3051 2610 3123 Eutychem,
2647 3052 2855 3108 veritas
2905 3053 3034 3107 ﬁdei
3085 3052 3329 3122 abjiciat,
3380 3070 3502 3125 quae
3549 3057 3803 3113 medium

2188 3143 2334 3199 inter
2375 3157 2470 3198 eos
2518 3151 2689 3199 tenet.
2725 3143 2940 3210 locum;
2996 3144 3189 3200 beatus
3240 3144 3493 3217 Cyrillus,
3544 3149 3794 3219 ejusdem

2184 3234 2434 3291 veritatis
2471 3234 2750 3301 defensor,
2782 3233 3187 3291 Alexandrinus
3216 3237 3478 3304 antistes,
3526 3239 3652 3293 dum
3679 3238 3798 3295 vcl-

2183 3326 2260 3382 iet
2282 3327 2560 3400 corrigere
2578 3318 2913 3399 pravitatem
2944 3328 3205 3394 Nestorii,
3234 3338 3460 3399 propter
3482 3329 3797 3387 obscurita-

2186 3426 2317 3473 tem
2347 3406 2664 3485 verborum,
2696 3426 2758 3473 ut
2804 3428 2933 3489 pote
2985 3419 3361 3476 subtilissimae
3409 3421 3512 3487 rei,
3562 3421 3797 3479 offendit

2184 3508 2408 3562 beatum
2435 3507 2703 3563 Joannem
2754 3510 3043 3579 praesulem
3089 3508 3447 3565 Antiochenae
3503 3510 3793 3576 Ecclesiae,

2185 3606 2243 3652 et
2269 3612 2364 3653 eos
2392 3598 2485 3666 qui
2514 3612 2638 3653 cum
2668 3597 2760 3653 illo
2781 3606 2973 3665 erant;
3005 3598 3259 3669 factaque
3292 3607 3379 3654 est
3406 3600 3603 3655 divisio
3640 3602 3797 3674 inter

2185 3688 2587 3744 Antiochenam
2614 3696 2670 3745 et
2691 3682 3121 3750 Alexandrinam
3167 3690 3491 3746 Ecclesiam.
3546 3691 3792 3764 Rogatus

2184 3787 2271 3835 cst
2295 3787 2478 3835 autem
2510 3780 2580 3834 ab
2606 3780 2967 3836 Antiochenis
2996 3782 3375 3838 Theodoretus
3410 3782 3535 3854 Cyri
3573 3784 3791 3853 episco-

2184 3887 2307 3941 pus,
2330 3880 2392 3925 ut
2415 3880 2605 3943 ageret
2630 3872 2923 3928 adversum
2949 3873 3171 3928 beatum
3194 3872 3474 3944 Cyrillum;
3504 3875 3789 3929 Etmirum

2184 3962 2240 4015 in
2272 3957 2516 4027 mo‘dum,
2547 3961 2676 4016 dum
2707 3962 2930 4035 utrique
2958 3971 3148 4018 essent
3187 3963 3469 4029 catholici,
3511 3965 3565 4019 id
3593 3972 3700 4030 est,
3730 3972 3793 4021 et

2182 4050 2536 4116 Antiocheni,
2596 4059 2653 4107 et
2703 4048 3089 4131 Alexandrini,
3136 4053 3331 4108 beatus
3375 4051 3609 4123 Cyrillus
3654 4055 3791 4109 dum

2181 4153 2405 4214 putatur
2436 4160 2559 4201 esse
2585 4145 2898 4210 haereticus,
2928 4145 3071 4214 quod
3099 4160 3208 4201 non
3238 4153 3379 4210 erat,
3411 4145 3670 4202 inventus
3698 4156 3793 4203 est

2182 4254 2212 4292 a
2259 4238 2603 4293 Theodoreto
2636 4237 2784 4292 inter
2811 4236 3123 4293 Nestorium
3165 4238 3480 4293 haereticum
3525 4250 3581 4293 et
3608 4236 3791 4309 Cyril-

2184 4329 2294 4382 lum
2325 4328 2656 4384 catholicum
2690 4328 2901 4384 medius
2929 4329 3103 4393 locus,
3126 4328 3272 4384 unde
3297 4329 3443 4384 idem
3473 4328 3791 4388 Theodore-

2150 4438 2385 4494 NOTAE.

1306 4464 1311 4469 ι
2150 4438 2193 4492 Ν
2247 4438 2385 4494 ΤΑΞ.

482 4528 662 4598 inquit
708 4526 1043 4600 Vincentius
1072 4526 1394 4600 Lirinensis,
1441 4543 1541 4583 cur
1594 4439 2160 4591 intlerdunli3
2187 4438 2312 4586 (ise
2346 4530 2619 4585 dicuntur.
2651 4527 2916 4600 Prmclare
2939 4528 3169 4600 Optatus
3209 4530 3553 4588 Mitevitauus
3577 4534 3789 4595 inlibro

477 4598 822 4671 providentia
874 4599 1141 4668 quosdam
1185 4598 1560 4671 Ecclesiarum
1617 4599 1907 4671 magistros
1943 4615 2080 4654 nova

479 4668 729 4738 quasdam
779 4669 1034 4738 dogmata
1084 4668 1386 4738 praedicare
1452 4670 1712 4737 patiatur.
1772 4669 1849 4738 Ut
1908 4678 2082 4723 tentet

480 4737 598 4804 vos,
622 4738 818 4807 inquit,
850 4737 1111 4794 Dominus
1159 4738 1301 4791 Deus
1330 4745 1530 4792 vester.
1564 4738 1631 4792 Et
1675 4737 1917 4807 profecto
1964 4755 2081 4793 ma-

479 4824 583 4879 gna
608 4809 837 4879 tentatio
858 4816 973 4879 est,
990 4823 1114 4879 cum
1138 4808 1251 4879 ille,
1276 4821 1434 4877 quem
1466 4816 1522 4861 tu
1546 4809 1889 4879 prophetam,
1914 4824 2075 4879 quem

479 4876 906 4948 prophetarum?
926 4876 1303 4948 discipulum,
1332 4892 1498 4946 quem
1546 4876 1836 4932 doctorem
1888 4876 1947 4932 et
1983 4894 2073 4934 as-

479 4945 748 5002 sertorem
776 4945 1025 5002 veritatis
1059 4945 1238 5017 putes,
1279 4961 1679 5017 quemisumma
1722 4948 2077 5003 veneratione

477 5026 536 5072 et
588 5032 775 5087 amore
825 5016 1144 5087 complexus
1172 5016 1270 5080 sis,
1299 5016 1560 5087 isisubito
1604 5017 1835 5072 latenter
1888 5020 2081 5073 noxios

483 5086 813 5157 subinducat
850 5085 1091 5157 errores,
1136 5094 1243 5157 etc.
1276 5104 1328 5157 an
1359 5085 1496 5157 Tum
1526 5088 1746 5141 adducit
1769 5088 2077 5157 exemplum

480 5156 742 5227 Nestorii,
769 5154 1018 5221 'Photini,
1072 5163 1130 5211 et
1156 5154 1537 5227 Apollinaris;
1559 5172 1698 5227 quos
1723 5154 1952 5227 magnos
1998 5158 2081 5212 vi-

482 5242 575 5296 ros
625 5224 795 5282 fuisse
845 5227 1154 5292 constabat,
1205 5224 1272 5280 ἐι
1322 5224 1645 5296 prmvaiidbs
1695 5224 2078 5282 haereticorum

480 5295 851 5351 adversarios.

553 5376 579 5406 ι
617 5364 705 5437 ἔξω
737 5365 1135 5437 ﬁdgprqbandu
1156 5373 1233 5437 est
1260 5365 1386 5437 vita.
1419 5363 1697 5437 Nimirum,
1728 5365 1886 5437 juxta
1924 5380 2079 5437 men-

481 5442 593 5506 tem
628 5434 972 5506 Tertulliani,
1010 5436 1118 5506 qui
1152 5435 1208 5489 in
1235 5434 1413 5506 capite
1452 5435 1614 5506 tertio
1647 5434 1770 5490 libri
1817 5435 1893 5489 De
1940 5434 2083 5506 Prai-

485 5503 787 5576 seriptione
817 5501 1319 5576 ﬂzrétic'orumsic'
1346 5504 1585 5575 loquitur
1611 5522 1624 5558 :
1667 5522 1685 5555 ι
1720 5506 1800 5559 Ex
1828 5505 2080 5576 personis

480 5573 782 5648 probamus
804 5574 988 5648 ﬁdem,
1012 5590 1081 5630 an
1111 5588 1180 5628 ex
1211 5573 1318 5648 ﬁde
1358 5573 1660 5648 personas?
1696 5593 1715 5625 ι
1830 5573 1847 5576 ⁷
1894 5644 1897 5647 Α

556 5642 587 5695 ἢ
606 5639 742 5697 Cum
763 5643 911 5698 laud.
936 5645 1042 5698 vita
1064 5639 1377 5713 superbam;
1407 5643 1462 5698 id
1482 5651 1585 5713 est,
1632 5644 1897 5700 mentem.
1933 5644 2077 5713 Ergo

482 5718 542 5767 et
568 5712 624 5768 in
652 5713 851 5785 pannis
877 5727 1093 5795 quoque
1120 5712 1453 5795 esse
1483 5712 1679 5795 fastus.
1717 5714 1861 5795 Ergo
1913 5724 1971 5770 et

482 5783 703 5856 quoque
723 5783 943 5856 superbi
971 5783 1100 5842 esse
1125 5783 1405 5841 interdum
1455 5790 1709 5857 possunt,
1753 5783 1847 5857 qui
1894 5785 2074 5842 sancti

2187 4601 2429 4676 secundo
2460 4597 2733 4676 adversus‘
2775 4597 3565 4676 Parmenianum,“et_qu_idem_
3614 4620 3787 4676 appo-

2187 4617 2429 4655 secunao
2460 4617 2733 4655 adversus
2776 4617 3305 4665 rarmemanummt
3320 4617 3556 4724 guinem
3614 4620 3784 4676 appo-

2185 4669 2288 4725 site
2317 4685 2542 4739 prorsus
2572 4669 2638 4723 ad
2667 4677 2900 4739 mentem
2926 4669 3197 4739 Agobardi
3232 4688 3245 4723 :
3278 4689 3295 4720 ι
3372 4671 3784 4733 eliorainventa

2184 4738 2714 4810 sunt’peccataieum
2743 4738 3066 4810 humilitate,
3098 4755 3259 4810 quam
3286 4741 3599 4797 innocentia
3651 4760 3782 4802 cum

2182 4803 2520 4889 superbiai»
2564 4809 2654 4865 Sic
2690 4808 2832 4877 apud
2863 4803 3442 4889 SulpitiumS-everum
3470 4814 3525 4866 in
3564 4813 3785 4889 dialogo

2183 4879 2237 4960 μ,
2271 4892 2391 4960 cap.
2428 4879 2484 4960 5,
2507 4895 2629 4960 eum
2660 4891 2790 4960 piter
2812 4879 3031 4960 quidam
3063 4879 3304 4948 aspidem
3351 4881 3553 4960 illgsus
3585 4879 3785 4955 appr'é.

2182 4947 2484 5013 hendissct,
2510 4950 2672 5013 idque
2691 4948 2902 5003 facinus
2933 4947 3532 5006 fratres'monasteriiin
3554 4947 3780 5009 modum

2185 5018 2431 5073 miraculi
2457 5018 2809 5082 extollerent;
2847 5020 3037 5083 abbas,
3078 5033 3147 5072 ne
3177 5018 3392 5075 inﬁrma
3443 5029 3577 5076 retas
3628 5022 3784 5080 insu-

2185 5087 2439 5161 lesceret,
2465 5087 3302 5161 virgiscompescuit,dictitans
3336 5108 3355 5141 ‹
3397 5091 3526 5161 quia
3584 5092 3788 5149 melior

2180 5166 2329 5212 esset
2352 5158 2684 5213 inﬁrmitatis
2733 5158 3091 5222 conscientia,
3124 5158 3388 5213 virtutum
3415 5158 3701 5215 'vanitate.
3754 5184 3776 5217 ι

2184 5226 2403 5301 Vide__S.
2441 5227 2761 5301 Gregorium
2794 5227 2972 5301 in‘lib.
3006 5244 3079 5292 tv,
3110 5227 3185 5301 De
3206 5227 3351 5301 (Σαιξι
3378 5229 3665 5285 Pastorali.

2256 5306 2279 5334 c
2328 5295 2460 5369 vero
2490 5295 2685 5369 passio.
2714 5297 2870 5369 Apud
2903 5297 3267 5369 Augustinum
3298 5299 3555 5354 Tractatu
3579 5316 3697 5365 Vill,
3721 5302 3791 5363 ira

2180 5364 2530 5438 Evangeiium
2560 5364 2805 5438 Joannis,
2837 5375 2894 5422 et
2926 5364 3067 5437 apud
3122 5366 3455 5438 Prosperum
3504 5368 3567 5425 in
3609 5370 3783 5438 Libro

2185 5434 2589 5510 Sententiarum
2612 5452 2679 5491 ex
2703 5434 3005 5510 Augustin—0
3033 5451 3153 5507 cap.
3204 5434 3316 5493 i596
3346 5438 3543 5510 legitur
3584 5457 3598 5493 :
3636 5437 3801 5510 Vera.

2184 5506 2451 5576 nativitas,
2479 5522 2597 5560 uera
2624 5506 2823 5576 passio,
2852 5523 2971 5576 vera
2996 5506 3161 5571 mors,
3191 5524 3317 5562 vera
3341 5506 3674 5563 resurrectio.
3711 5507 3780 5565 Si

2182 5575 2385 5651 aliquid
2411 5577 2598 5630 horum
2618 5575 2817 5651 dixeris
2840 5575 3055 5651 falsum,
3099 5586 3210 5651 etc:
3252 5576 3360 5651 Sed
3394 5579 3553 5651 apud
3587 5579 3783 5651 Augu-

2180 5646 2384 5719 stinum
2412 5661 2520 5701 non
2552 5653 2777 5719 exstant
2791 5646 2911 5719 haec
2934 5649 3128 5719 verba;
3169 5646 3312 5713 Quia
3347 5648 3435 5702 ubi
3456 5646 3622 5718 fuerit
3644 5646 3782 5719 falsi

2180 5714 2411 5785 alicujus
2433 5716 2722 5790 corruptio,
2762 5715 2834 5769 ibi
2889 5716 3121 5790 veritatis
3169 5714 3588 5790 integritas'non
3638 5714 3777 5787 erit;

2179 5799 2300 5857 qua:
2321 5795 2501 5841 tamen
2530 5785 2787 5857 leguntur
2821 5787 2963 5857 apud
2990 5785 3341 5859 Prosperum.
