3918 6340
134 407 196 462 37
956 448 958 452 .
1284 400 1415 456 LIB.
1456 397 1617 455 ADV.
1657 395 1956 453 FELICEM
1996 397 2295 455 URGELL.
3348 401 3420 460 δη

142 528 224 574 tus
251 531 507 589 pugnans
531 532 631 587 pro
657 516 891 571 veritate
910 554 925 581 ,
957 522 1145 585 ageret
1176 522 1367 568 contra
1395 511 1688 567 veritatem
1714 527 1729 577 ;
1765 514 1810 572 Α
1838 510 1940 565 bus
1967 508 2145 575 lectis,
2186 505 2439 578 promisit
2468 520 2528 561 se
2555 505 2735 561 omnis
2778 508 3175 566 emendationis
3197 511 3424 586 diligen-

143 607 230 679 qui
258 608 388 662 dum
420 606 545 661 istis
582 604 869 661 catholicis
910 603 1173 674 placeret,
1225 603 1333 658 illis
1370 601 1727 671 displiceret:

140 695 280 766 quod
311 704 523 758 tamen,
565 694 681 748 Deo
710 692 1035 759 auxiliante,
1064 689 1305 749 Joannes
1334 698 1390 745 et
1419 689 1607 760 Cyrilli
1650 689 1735 744 in-

141 787 350 842 dustria
378 794 691 840 correctum
733 792 837 839 est.

210 878 274 931 V.
318 875 446 930 Hmc
503 875 690 943 itaque
746 874 951 929 idcirco
998 871 1068 927 ad
1116 870 1355 927 medium
1401 868 1623 933 deduxi,
1674 874 1735 921 ut

139 983 303 1039 quam
332 964 631 1031 subtiliter,
675 980 840 1035 quam
878 963 1183 1029 humiliter,
1238 977 1401 1032 quam
1440 962 1732 1029 veraciter,

136 1074 303 1130 quam
347 1056 535 1112 timide
579 1056 706 1111 fidei
744 1056 950 1111 veritas
991 1055 1315 1125 inquirenda
1363 1053 1454 1119 sit,
1504 1054 1735 1111 sollicite

136 1147 563 1218 perpendamus.
596 1145 765 1215 Igitur
793 1154 1090 1215 antequam
1137 1144 1205 1200 de
1247 1144 1329 1200 eis
1374 1159 1494 1214 qua:
1538 1145 1735 1213 praedi-

132 1245 258 1291 ctus
282 1234 436 1290 Felix
468 1235 671 1304 scripta
722 1234 944 1303 reliquit
990 1222 1348 1303 disputemus,
1399 1234 1734 1305 praemitten-

132 1327 266 1381 dum
296 1324 457 1379 video
485 1324 756 1394 quomodo
783 1324 1020 1394 prepriis
1048 1324 1233 1379 verbis
1262 1324 1608 1393 quibusdam,
1639 1323 1733 1377 ad-

138 1415 244 1469 huc
276 1414 487 1472 vivens,
513 1412 696 1481 aliqua
734 1412 1093 1482 improbanda
1139 1413 1474 1483 persuadere
1500 1421 1731 1469 conatus

135 1512 240 1559 est.
270 1502 453 1573 Cmpit
498 1502 812 1572 aliquando,
839 1510 901 1557 ut
927 1502 1065 1568 dixi,
1096 1503 1361 1572 quosdam
1410 1504 1628 1569 docere,
1675 1512 1735 1558 ut

133 1593 433 1649 crederent
478 1592 769 1646 Dominum
817 1599 1065 1646 nostrum
1108 1590 1296 1647 Jesum
1323 1592 1623 1657 Christum,
1651 1609 1734 1648 se-

132 1682 377 1738 cundum
423 1696 645 1739 carnem
688 1681 965 1736 veraciter
1006 1680 1251 1748 nescisse
1289 1681 1595 1751 sepulcrum
1624 1682 1730 1737 La-

133 1774 271 1837 zari,
306 1788 429 1827 cum
453 1773 661 1828 diceret
697 1772 978 1828 sororibus
1009 1772 1128 1843 ejus
1157 1790 1170 1826 :
1205 1770 1305 1826 Ubi
1337 1774 1584 1843 posuistis
1610 1791 1730 1828 eum

1837 600 1966 654 tiam
2002 599 2217 654 sibimet
2247 598 2634 652 adhibiturum.
2658 596 2889 667 Propter
2925 614 3087 667 quam
3118 616 3233 656 rem
3264 602 3427 659 silen-

1838 697 1923 745 tcr
1966 704 2090 745 eum
2141 689 2440 754 dimittens,
2493 703 2603 743 non
2658 688 2843 757 putavi
2893 692 3266 746 necessarium
3302 708 3427 751 esse

1835 783 2055 838 easdem
2084 782 2450 853 hlasphemias
2496 780 2614 849 ejus
2667 782 2721 836 in
2770 791 2992 839 exteros
3045 786 3420 856 publicandas,

1835 873 1963 942 quia
2009 883 2030 912 ε
2061 886 2164 927 nec
2202 872 2270 927 ad
2296 886 2383 926 me
2416 870 2742 940 pertinebat.

1910 962 1998 1018 Vl.
2030 960 2058 1001 ἀ
2094 961 2225 1017 Post
2263 968 2496 1045 mortem
2533 975 2663 1015 vero
2692 959 2834 1029 ejus,
2884 964 3113 1035 cognovi
3139 979 3239 1035 per
3264 980 3430 1037 quos-

1836 1052 1963 1107 dam
1990 1050 2180 1106 ﬁdeles
2210 1050 2429 1115 fratres,
2456 1050 2549 1120 qui
2589 1050 2659 1105 ab
2702 1050 2794 1105 illo
2820 1053 3125 1119 audierant,
3158 1054 3300 1125 quod
3344 1055 3428 1111 di-

1838 1142 1980 1196 xerit
2007 1141 2177 1197 Deum
2204 1140 2301 1194 Dei
2324 1140 2504 1195 Patris
2532 1140 2728 1195 Filium
2753 1140 3063 1199 nullatenus
3086 1143 3192 1200 dici
3225 1146 3425 1201 debere

1834 1245 2058 1298 passum
2105 1239 2199 1285 aut
2226 1228 2567 1295 cruciﬁxum,
2598 1230 2693 1285 sed
2721 1231 2790 1285 ab
2821 1246 2887 1285 eo
2915 1232 3188 1290 hominem
3216 1249 3426 1289 assum-

1834 1326 2023 1388 ptum;
2054 1318 2379 1373 confirmare
2424 1320 2528 1374 boc
2563 1319 2745 1374 nitens
2783 1322 3032 1391 exemplo
3060 1322 3232 1383 isaac,
3273 1324 3427 1393 quia

1834 1418 1991 1478 patre
2020 1409 2213 1464 ductus
2243 1408 2309 1463 ad
2350 1408 2761 1475 immolandum,
2803 1427 2919 1466 non
2958 1413 3095 1482 ipse,
3142 1414 3237 1468 sed
3286 1414 3429 1471 aries

1832 1517 1931 1571 pro
1959 1516 2025 1556 eo
2050 1511 2135 1557 est
2164 1502 2505 1568 immolatus;
2549 1512 2807 1573 tanquam
2855 1507 2908 1560 in
2961 1507 3112 1563 lsaac
3162 1509 3428 1580 figuratus

1834 1590 1896 1644 ﬁt
1922 1589 2065 1646 filius
2101 1591 2220 1656 Dei,
2254 1599 2308 1647 et
2344 1593 2398 1646 in
2426 1594 2598 1656 ariete
2628 1593 2770 1648 ﬁlius
2792 1595 3049 1651 hominis.
3091 1597 3218 1654 Haec
3243 1607 3426 1654 autem

1836 1680 2072 1737 faciebat
2091 1682 2414 1752 saepedictus
2440 1682 2614 1748 Felix,
2635 1686 2761 1754 quia
2784 1685 3094 1742 nullatenus
3114 1689 3429 1758 acquiesce-

1834 1771 1929 1825 bat
1959 1771 2184 1835 sentire,
2222 1786 2323 1826 nec
2349 1772 2583 1827 suadere
2599 1764 2820 1828 sibimet
2845 1774 2919 1828 ita
2945 1775 3184 1844 valebat,
3214 1786 3276 1832 ut
3307 1792 3429 1833 cre-

134 1862 324 1933 (Joau.
358 1878 434 1926 xl,
476 1861 592 1935 54),
622 1869 679 1917 et
700 1862 973 1917 veraciter
1003 1874 1028 1903 ι
1066 1862 1320 1932 ignorare
1348 1862 1493 1919 diem
1515 1862 1731 1932 judicii,
1768 1852 1808 1910 Β
1836 1862 1991 1915 deret
2018 1861 2073 1914 in
2111 1876 2220 1916 uno
2265 1860 2495 1916 Domino
2544 1870 2732 1917 nostro
2776 1862 2905 1918 Jesu
2936 1863 3156 1921 Christo
3198 1868 3427 1923 duarum

133 1952 412 2005 veraciter
437 1951 605 2005 etiam
633 1950 917 2021 ignorasse
938 1950 1069 2021 quid
1093 1950 1439 2006 conferretur
1465 1968 1495 2007 a
1522 1953 1733 2008 duobus

130 2041 421 2110 discipulis
452 2040 860 2096 ambulantibus
889 2040 945 2095 in
975 2042 1062 2095 via
1091 2043 1158 2097 de
1194 2042 1279 2096 his
1300 2057 1420 2111 quae
1447 2041 1590 2098 facta
1617 2043 1736 2101 fue-

128 2142 263 2184 rant
331 2131 384 2184 in
436 2130 811 2195 Hierusalem;
863 2130 1136 2187 veraciter
1192 2146 1407 2200 quoque
1455 2133 1736 2203 ignorasse

127 2226 323 2272 utrum
358 2218 480 2288 plus
501 2217 825 2288 diligeretur
845 2233 877 2271 a
915 2216 1101 2296 Petrg,
1133 2232 1297 2287 quam
1326 2218 1395 2273 ab
1421 2218 1546 2272 aliis
1571 2219 1736 2274 disci-

130 2310 305 2380 pulis,
335 2325 459 2364 cum
487 2310 695 2365 diceret
720 2329 733 2362 :
779 2307 968 2363 Simon
997 2308 1173 2373 Petra,
1215 2325 1364 2363 amas
1398 2325 1480 2362 me
1505 2308 1624 2379 plus
1653 2309 1735 2363 his

130 2400 325 2471 (Joan.
357 2415 446 2453 xx:
467 2440 481 2464 ,
530 2398 656 2475 16)?
700 2398 815 2453 Hoc
851 2404 911 2453 ut
939 2399 1193 2469 cognovi,
1221 2398 1250 2437 ιι
1278 2398 1490 2453 accessi
1515 2397 1583 2452 ad
1612 2412 1735 2453 eum

132 2504 327 2544 wram
378 2488 513 2559 ipsis
564 2488 764 2559 quibus
816 2488 921 2543 ista
967 2488 1254 2553 suadebat,
1296 2495 1352 2543 et
1406 2487 1736 2558 interrogavi

130 2594 266 2632 cum
305 2586 487 2632 utrum
522 2578 596 2633 ita
623 2592 848 2648 prorsus
878 2578 1129 2633 sentiret.
1177 2577 1334 2645 Quod
1379 2593 1504 2633 cum
1533 2578 1737 2633 conﬁr-

134 2684 297 2725 mare
347 2676 605 2732 tentaret,
653 2666 934 2739 objurgavi
980 2682 1126 2731 eum,
1178 2676 1237 2723 et
1283 2667 1585 2722 detestatus
1614 2682 1737 2722 sum

132 2774 342 2830 pravos
372 2774 654 2813 sermones
680 2758 830 2829 ejus;
862 2758 1187 2827 ostendique
1230 2765 1289 2811 ut
1316 2756 1483 2827 potui,
1524 2757 1738 2812 caeteris

135 2867 252 2919 igua
301 2849 553 2905 custodia
598 2849 705 2904 ista
757 2848 1128 2919 repudiarent,
1180 2857 1235 2902 et
1270 2862 1376 2917 quo
1406 2863 1571 2902 sensu
1620 2846 1738 2901 loca

137 2941 234 2995 illa
276 2939 681 3009 Scripturarum
719 2939 1024 3011 intelligere
1052 2939 1347 3005 deberent;
1384 2939 1595 3009 ipsique
1633 2939 1739 2993 Fe-

134 3032 237 3086 lici
293 3038 541 3101 sumptas
600 3040 917 3085 sanctorum
963 3029 1187 3084 Palmm
1242 3030 1566 3092 sententias,
1620 3044 1741 3099 quae

135 3123 501 3193 biasphemiis
522 3121 645 3191 ejus
670 3122 1010 3177 contrairent
1075 3120 1334 3191 legendas
1376 3120 1570 3175 direxi.
1610 3119 1740 3187 Qui-

1837 1958 2156 2005 naturarum
2216 1950 2518 2004 unitionem
2583 1952 3019 2008 substantialiter
3080 1954 3306 2021 factam,
3374 1966 3431 2012 et

1836 2039 2008 2094 Deum
2040 2040 2276 2094 Verbum
2329 2039 2628 2094 secundum
2672 2037 3075 2098 subsistentiam
3108 2046 3262 2099 carni
3307 2046 3429 2101 uni-

1838 2135 1987 2193 tum,
2018 2129 2162 2184 sicut
2197 2129 2403 2199 liquido
2444 2129 2498 2183 in
2545 2132 3006 2200 consequentibus
3032 2148 3100 2187 ex
3130 2134 3313 2190 verbis
3361 2136 3427 2190 il-

1837 2217 1941 2273 lius
1966 2219 2268 2287 apparebit.
2306 2217 2507 2273 Contra
2534 2234 2655 2288 quas
2682 2228 2738 2274 et
2762 2236 2861 2275 nos
2894 2223 3173 2277 obviantia
3200 2225 3304 2278 sibi
3346 2235 3428 2280 te-

1838 2308 2094 2362 stimonia
2143 2317 2459 2363 sanctorum
2502 2308 2752 2375 Patrum,
2788 2310 2897 2366 Deo
2927 2313 3244 2379 auxiliante,
3284 2315 3433 2385 pusi-

1841 2397 1948 2450 turi
1975 2411 2183 2451 sumus.
2226 2396 2448 2452 Timens
2478 2398 2623 2453 enim
2653 2401 3071 2468 permixtionem
3110 2402 3433 2474 Eutychetis

1839 2483 2143 2549 incurrere,
2192 2485 2400 2540 corruit
2434 2486 2491 2539 in
2544 2497 2568 2526 ο
2626 2487 2947 2543 divisionem
3000 2489 3261 2546 Nestorii.
3323 2492 3432 2549 Sed

1841 2564 2145 2645 quia'eum,
2193 2576 2261 2631 de
2306 2592 2413 2647 quo
2446 2592 2626 2640 sermo
2652 2587 2755 2641 est,
2788 2580 3061 2635 corruisse
3102 2581 3339 2639 diximus
3370 2584 3427 2640 in

1839 2666 2076 2722 Nestorii
2128 2668 2823 2748 pessimam‘divisionem,
2885 2680 3250 2742 opportunum
3296 2684 3441 2745 puto,

1840 2772 1961 2813 esse
2002 2758 2057 2811 in
2086 2758 2189 2812 hoc
2233 2756 2355 2814 loco
2404 2774 2605 2828 ponere
2635 2762 2935 2816 sententias
2979 2762 3235 2829 Nestorii,
3276 2750 3432 2821 ante;-

1839 2863 2004 2918 quam
2037 2848 2107 2903 ad
2135 2847 2294 2917 hujus
2321 2849 2463 2904 dicta
2500 2851 2837 2905 discutienda
2865 2852 3176 2919 veniamus;
3205 2861 3266 2908 ut
3292 2869 3423 2923 pru-

1842 2940 1976 2999 dens
2022 2939 2194 2994 lector
2234 2954 2561 3011 cognoscere
2598 2941 2777 2995 valeat
2805 2956 2966 3011 quam
3005 2958 3244 2999 consona
3274 2945 3428 3000 Felix

1842 3029 2092 3085 Nestorio
2117 3030 2371 3095 senserit,
2405 3038 2460 3085 et
2495 3031 2800 3100 ubicunque
2847 3033 2989 3087 male
3039 3042 3329 3105 utramque
3376 3036 3433 3091 in

1844 3134 1952 3174 uno
1974 3119 2202 3174 Domino
2231 3119 2423 3175 dividit
2446 3120 2807 3175 substantiam
2862 3128 2919 3175 et
2942 3120 3193 3191 confugit
3234 3123 3433 3179 iterum

1512 3244 1787 3301 BALUZII
1824 3243 2058 3301 NOTAE.

219 3401 248 3429 ι
274 3374 533 3457 Ιρηοηένε
559 3382 694 3457 diem
716 3374 933 3457 iudicii.
971 3379 1119 3457 idem

183 3446 379 3512 rubrat
397 3455 562 3509 etiam
597 3446 858 3505 Alcuinus
888 3451 941 3503 in
975 3446 1110 3503 libro
1141 3464 1173 3500 v
1201 3447 1465 3501 adversus
1492 3446 1743 3501 eumdem

170 3528 392 3582 Felicem
418 3542 487 3595 τίς
520 3522 872 3595 Tandemque
896 3519 1020 3595 illuc
1043 3517 1366 3595 peruenisti,
1428 3516 1626 3595 iuquit,
1660 3516 1748 3568 ubi

140 3597 215 3651 de
256 3597 348 3650 die
400 3593 573 3648 ultimi
633 3584 901 3645 examinis
958 3584 1098 3643 idem
1141 3586 1402 3641 Dominus
1455 3584 1693 3654 loquitur
1733 3602 1745 3637 :

141 3666 309 3734 cujus
342 3665 447 3720 diei
476 3662 839 3734 cognitionem
886 3658 1128 3734 Christo,
1170 3657 1225 3709 in
1274 3663 1542 3734 quantum
1574 3654 1751 3734 homo

144 3724 258 3799 (δεῖ,
296 3724 569 3802 denegare
590 3730 913 3804 labor1_1_s,__ut
943 3745 1009 3783 ex
1036 3724 1359 3804 _tt_1is_verbis
1390 3725 1610 3804 agnosci
1639 3739 1751 3804 po-

145 3793 286 3860 test.
329 3824 348 3856 ι
382 3793 720 3873 Tumverba
746 3798 943 3873 Felicis
984 3796 1310 3873 adducit,_in
1362 3793 1559 3873 quibus
1601 3793 1751 3873 vide:

147 3878 320 3929 batur
345 3874 420 3927 ita
444 3869 729 3943 scripsisse
760 3887 786 3943 :_
818 3887 836 3917 ι
873 3868 990 3943 lps_e
1022 3875 1135 3943 est.
1173 3865 1341 3943 enim,
1392 3863 1596 3943 inquis,
1657 3863 1751 3931 qui

146 3944 461 3999 secundum
484 3934 911 4011 pn'escien‘tiatuf
942 3936 1170 4011 Deitatis
1218 3934 1359 4011 diem
1394 3934 1595 4011 judieii
1654 3948 1752 4011 per

146 4002 501 4084 prophetam'
530 4008 809 4084 praedixit.
845 4007 967 4084 Dies
1026 4007 1170 4059 enim
1220 4003 1437 4084 ultionis
1483 4002 1548 4084 in_
1576 4002 1751 4084 .corde

148 4070 305 4145 ineo,
335 4094 514 4135 annus
532 4070 934 4146 redemptionis
966 4091 1099 4129 mea:
1127 4074 1293 4146 venit.
1325 4072 1443 4146 ipse
1471 4070 1751 4146 _nihi_lomi-

149 4170 263 4207 nus
290 4141 377 4206 est
400 4157 620 4219 propter
645 4141 1000 4219 humanitatis
1034 4142 1283 4198 naturam
1306 4182 1319 4206 ,
1350 4142 1442 4219 qui
1464 4142 1525 4219 in
1576 4141 1751 4193 Evan-

148 4223 302 4303 gelia
330 4211 625 4303 secundum
660 4216 895 4303 Marcum
922 4222 1259 4303 protestatur
1290 4227 1304 4265 :
1337 4211 1527 4303 Ibidis
1576 4219 1750 4303 autem

147 4280 254 4345 illa
283 4299 331 4345 et
352 4291 483 4343 hora
511 4303 659 4340 nemo
682 4287 802 4349 scit,
829 4280 989 4354 neque
1034 4282 1207 4354 angeli
1258 4280 1527 4345 caelorum,
1590 4296 1752 4349 neque

148 4360 358 4421 Filius,
385 4358 485 4411 nisi
519 4356 679 4409 Pater
715 4355 878 4408 solus.
921 4373 939 4405 ι

231 4431 263 4470 b
296 4418 504 4482 Accessi
521 4425 588 4478 ad
610 4440 752 4489 eum,
778 4424 1034 4479 nimirum
1062 4423 1112 4475 in
1142 4422 1359 4475 civitate
1380 4418 1748 4489 Lugdunensi,

147 4500 254 4555 ubi
294 4497 572 4554 exsulasse
609 4487 747 4548 eum
797 4494 961 4547 tradit
994 4493 1109 4545 Ado
1156 4491 1240 4544 his
1289 4487 1486 4543 verbisl
1525 4506 1543 4537 ‹
1601 4487 1751 4542 Felix

156 4568 542 4639 Urgellitanus
565 4562 1172 4639 episcopushhgerctincns
1183 4558 1594 4639 ueprehcnsus,
1612 4558 1754 4639 ado-

194 4629 373 4693 tiv'um
398 4650 503 4689 non
524 4629 804 4704 proprium
832 4631 1026 4704 Filium
1055 4630 1147 4684 Dei
1183 4629 1468 4704 Dominum
1502 4638 1752 4704 nostrum

186 4723 351 4764 esum
379 4696 655 4776 Christum
705 4702 1083 4776 dggmatigans
1109 4718 1121 4752 :
1149 4699 1239 4768 qui
1288 4698 1355 4776 ad
1402 4696 1750 4776 praesentiam
1781 4715 1828 4776 ο

149 4777 390 4833 Adriani
416 4772 689 4845 pontificis
733 4766 962 4845 [tomum
985 4766 1265 4845 deductus,
1302 4768 1553 4845 hmrcsim
1569 4766 1752 4845 verbis

148 4836 507 4903 solummodo
549 4841 833 4896 abdicavit.
869 4840 1120 4909 Synodus
1145 4840 1342 4909 iterum
1366 4836 1518 4909 facta
1562 4844 1752 4909 coutra

151 4919 370 4973 dictam
413 4912 664 4968 haeresim
690 4910 745 4964 in
773 4905 1189 4973 Fran'conofurt,
1218 4906 1410 4977 legatis
1438 4905 1751 4977 apostolica:

150 4987 318 5043 sedis
355 4980 770 5054 praesidentibus
813 4979 1215 5054 Theophylacto
1246 4974 1301 5031 et
1325 4974 1602 5054 Stephano
1638 4974 1755 5054 epis

153 5046 373 5125 scopis,
398 5061 454 5107 et
475 5049 799 5125 aucturitate
814 5046 1131 5125 sanctorum
1148 5048 1369 5102 Patrum
1392 5046 1678 5125 convictus
1698 5051 1755 5097 et

152 5118 460 5181 damnatus
483 5129 584 5176 est.
602 5118 799 5173 lterum
839 5119 989 5173 Felix
1021 5133 1147 5173 cum
1175 5130 1361 5174 errore
1376 5130 1474 5169 suo
1490 5122 1755 5183 perpetuo

151 5193 366 5250 exsilio
418 5191 559 5261 apud
588 5186 908 5259 Lugdunum
932 5188 1201 5261 relegatus
1240 5195 1344 5261 est,
1372 5199 1534 5261 quem
1575 5186 1759 5236 ferunt

156 5267 217 5319 in
256 5264 381 5333 ipso
418 5253 518 5333 suo
538 5253 1094 5333 error’eAmortuumfi
1130 5257 1222 5312 Sic
1248 5257 1389 5309 enim
1405 5253 1754 5333 habetvetus

154 5322 368 5395 editio,
396 5330 590 5401 melius
616 5326 859 5401 profecto
889 5342 1148 5401 qua_m_ea
1163 5325 1451 5401 quae_typis
1467 5322 1759 5401 So_nni_an_is

154 5391 378 5459 excusa
408 5410 495 5455 est
528 5391 753 5452 Parisiis
773 5391 1078 5452 anno'1585
1125 5391 1257 5451 cura
1288 5391 1563 5449 Laurentii
1607 5393 1674 5445 de
1708 5391 1758 5444 la

154 5474 361 5531 Barre,
390 5473 444 5524 in
474 5484 582 5539 qua
608 5475 881 5537 postrema
897 5467 1062 5539 verba
1093 5463 1754 5539 hujuslucisicleguntur:

155 5544 443 5597 convictus
466 5534 517 5592 εἰ
545 5534 826 5590 damnatus
849 5544 924 5589 est
967 5534 1175 5590 iterum'
1199 5534 1355 5588 Felix
1405 5549 1522 5587 cum
1581 5546 1761 5583 errore

154 5629 293 5674 suo,
326 5618 686 5729 perpetmilque
706 5605 1043 5669 milio,letc,
1072 5605 1215 5673 quod
1242 5602 1417 5658 fraudi
1441 5602 1542 5656 fuit
1570 5598 1757 5654 erudi-

160 5683 391 5729 tissimi)
415 5678 540 5729 viro
602 5673 1044 5729 oanniliarianze.

160 5673 391 5737 tissime
415 5673 540 5731 viro
568 5673 1044 5730 Ioanniliariante.

244 5763 271 5792 ε
316 5750 432 5805 Nec
454 5745 529 5802 ad
553 5761 638 5799 me
660 5742 960 5812 pertinebat.
988 5742 1142 5801 Felix
1164 5745 1309 5802 enim
1335 5750 1454 5800 erat
1474 5740 1760 5812 episcopus

1159 3378 1365 3432 crimen
1421 3374 1589 3430 Felici
1652 3392 1745 3431 cx-
1772 3382 1817 3445 (ζ
1849 3377 1901 3431 in
1926 3376 2098 3431 aliena
2124 3377 2424 3445 provincia,
2463 3377 2516 3431 in
2569 3377 2909 3435 Narbonensi
2962 3382 3240 3439 nimirum.
3292 3385 3431 3443 Nam

1854 3456 1991 3519 uim,
2022 3455 2144 3514 post
2180 3445 2571 3519 Maurorumin
2602 3448 2890 3517 Hispanias
2915 3452 3225 3519 adventum,
3252 3459 3434 3519 excisa

1852 3516 2180 3594 Tarracone,
2212 3516 2452 3594 episcopi
2480 3516 2968 3594 illarum’partinm
2999 3522 3100 3594 sub
3122 3516 3437 3594 metropoli-

1852 3594 1982 3639 tano
2004 3584 2340 3640 Narbonensi
2380 3584 2661 3656 erant;”iit
2705 3584 2945 3656 pluribus
2996 3591 3199 3645 dictum
3248 3584 3331 3649 es't
3380 3596 3435 3650 in

1852 3655 1998 3709 nmis
2022 3656 2090 3708 ad
2136 3657 2428 3710 concilium
2489 3655 2839 3712 Narhoucnse
2872 3659 3114 3714 habitum
3176 3663 3436 3720 adversus

1851 3726 2109 3797 Felicem.
2149 3723 2240 3797 Sic
2270 3725 2561 3797 Faustinus
2610 3726 2895 3797 episcopus
2928 3722 3323 3797 Lugdunensns
3367 3735 3437 3790 de

1851 3810 2014 3869 causa
2052 3794 2310 3869 Marciani
2340 3793 2672 3869 Arelatensis
2700 3793 2938 3869 episcopi
2969 3793 3295 3869 cognoscere
3338 3818 3439 3857 no-

1852 3864 1973 3937 luit,
2008 3879 2073 3918 eo
2106 3864 2743 3937 quotllessetepiscotpns
2766 3866 2819 3919 in
2852 3864 3349 3937 alienaprovincia,
3381 3873 3435 3927 in

1851 3933 2188 4005 Narboneusi
2218 3934 2496 4005 nimirum,
2526 3942 2583 3986 ut
2608 3935 2854 4002 pluribus
2876 3933 3110 4005 explicat
3136 3933 3437 3998 illustrissi-

1852 4020 1987 4075 mus
2007 4004 2086 4056 vir
2107 4002 2304 4057 Petrus
2334 4004 2407 4075 de
2436 4003 2618 4075 ματος]
2649 4002 3087 4075 archiepiscopus
3110 4008 3438 4067 Parisiensis

1853 4073 1905 4126 in
1940 4073 2079 4152 libru
2109 4075 2286 4152 primo
2315 4071 2720 4152 de__Concordia
2753 4071 3052 4152 _Sat:e£do_tti
3095 4087 3152 4133 ct
3194 4079 3435 4150 Imperii,

1851 4157 1970 4211 cap.
2008 4142 2096 4206 i0,
2121 4142 2148 4214 §
2174 4143 2241 4206 8;
2274 4150 2329 4196 et
2354 4141 2445 4195 lib.
2482 4158 2579 4204 vn,
2608 4157 2725 4211 cap.
2752 4147 2803 4201 l.
2836 4142 2943 4215 δῦ.
3274 4141 3293 4150 ’
3420 4141 3432 4147 ’

1921 4212 1957 4289 ἀ.
1981 4211 2108 4289 Post
2136 4220 2498 4289 morte'rn‘uero
2518 4212 2652 4280 ejus.
2689 4212 2825 4268 Hinc
2851 4213 3026 4289 colligi
3060 4224 3238 4289 potest
3270 4217 3437 4289 (quod

1851 4281 2049 4353 etAdo
2076 4281 2262 4351 tradit)
2288 4280 2517 4353 Felicem
2545 4290 2815 4353 mortuum
2840 4297 2963 4353 esse
2981 4280 3257 4353 Lugduni.
3277 4280 3436 4353 Quod

1852 4352 2015 4427 etiarn
2046 4359 2193 4427 patet
2223 4350 2286 4403 ex
2313 4351 2429 4419 ipso
2458 4350 2579 4404 libri
2613 4351 2772 4406 istius
2816 4352 2970 4407 initio
3003 4370 3015 4404 :
3122 4370 3257 4427 __quo
3278 4350 3440 4427 uligo-

1853 4420 2055 4474 bardus
2086 4421 2162 4473 ait
2193 4430 2462 4489 repertam
2497 4435 2524 4473 a
2560 4435 2617 4473 se
2645 4430 2767 4489 post
2794 4431 3023 4476 mortem
3042 4420 3240 4477 Felicis
3268 4420 3440 4480 fuisse

1853 4490 2163 4561 schedulam
2186 4486 2474 4558 quamdam
2507 4486 2686 4561 abeo;
2716 4490 2933 4561 editam
2970 4492 3070 4561 sub
3124 4493 3305 4561 specie
3354 4495 3436 4549 in-

1856 4560 2240 4634 terrogationis
2269 4566 2325 4611 et
2354 4559 2741 4634 responsionis.
2797 4561 2875 4634 Fx
2913 4559 3181 4634 Lugdune
3230 4572 3435 4630 autem,

1856 4644 1963 4699 quo
1988 4628 2436 4699 eum’relegatum
2462 4636 2592 4695 puto
2612 4643 2640 4681 a
2672 4628 2865 4684 Carolo
2911 4628 3103 4698 Magno
3154 4646 3297 4686 anno
3334 4628 3438 4688 799

1855 4697 1975 4824 post
2002 4697 2275 4769 synodum
2294 4697 2786 4819 Aquisyanensem
2812 4700 3068 4768 scriptam
3121 4702 3360 4757 arbitror
3408 4718 3440 4758 a

1900 4769 2034 4823 elice
2057 4767 2345 4824 epistolam
2368 4768 2434 4820 de
2507 4767 2591 4821 dei
2625 4768 2970 4823 confessione
3014 4770 3081 4823 ad
3124 4770 3329 4824 clerum
3386 4780 3440 4824 et

1900 4767 2345 4837 elice’epistolam
2368 4768 2434 4820 de
2469 4767 2591 4821 ﬁdei
2625 4767 2970 4823 confessione
3014 4770 3081 4823 ad
3124 4770 3329 4825 clerum
3386 4780 3443 4827 et

1854 4835 2550 4911 popu_luum_lJrgellensem,
2576 4851 2703 4911 quae
2728 4838 2897 4911 edita
2947 4846 3028 4893 est
3080 4837 3227 4893 int'er
3275 4856 3443 4911 apera

1854 4907 2097 4979 Alcuini.
2121 4909 2219 4979 Diu
2249 4907 2945 4979 ergopostdepositionem
2976 4922 3131 4979 suam
3162 4907 3443 4979 superstes

1857 4975 2462 5059 fuisse'videturFeiix,
2492 4975 2746 5031 nimirum
2776 4992 2948 5047 usque
2984 4977 3053 5032 ad
3082 4975 3296 5034 initium
3334 4980 3441 5035 im-

1856 5048 1994 5117 perii
2023 5046 2279 5101 Ludovici
2310 5044 2414 5099 Pii.
2859 5044 2876 5047 “

1937 5128 1961 5155 θ
1992 5116 2315 5170 Divisionem
2355 5113 2893 5170 NestoriirAlcuinus
2920 5116 2973 5169 in
3016 5115 3197 5172 iibrot
3247 5118 3447 5173 adver-

1858 5202 1951 5243 sus
1972 5185 2207 5240 Felicem
2240 5203 2253 5237 :
2298 5203 2317 5256 ς
2356 5184 2466 5240 Nos
2486 5187 2903 5256 nongsequimur
2929 5201 3029 5240 nec
3057 5185 3443 5242 Nestorianam

1856 5257 2200 5317 divisionem,
2227 5254 2318 5324 qui
2338 5263 2559 5325 prOpter
2588 5254 2721 5310 duas
2748 5263 2973 5309 naturas
3018 5256 3154 5311 duas
3179 5260 3446 5325 personas

1858 5327 1911 5381 in
1934 5326 2152 5381 Christo
2173 5324 2414 5379 inserere
2434 5325 2622 5389 voluit,
2651 5339 2753 5380 nec
2796 5325 3115 5395 Eutychetis
3164 5324 3445 5380 confusio-

1857 5411 2002 5465 nem,
2032 5396 2123 5465 qui
2157 5401 2379 5464 propter
2406 5410 2567 5465 unam
2592 5409 2877 5465 personam
2908 5410 3069 5465 uuam
3088 5404 3337 5465 naturam
3386 5396 3443 5450 in

1858 5464 2075 5520 Christo
2097 5464 2342 5537 intexere
2370 5464 2558 5518 voluit.
2590 5464 2832 5537 Amboa
2875 5464 3143 5537 catholica
3194 5464 3302 5519 ﬁde
3344 5465 3445 5520 de-

1864 5538 2096 5597 viantes,
2136 5533 2412 5604 impietate
2459 5548 2641 5604 pares,
2690 5534 2818 5603 quia
2872 5533 3032 5604 ﬁdem
3082 5542 3285 5604 rectam
3337 5549 3447 5604 non

1866 5612 2191 5729 tﬁnucuruutt;
2215 5601 2310 5658 Sed
2347 5601 2535 5659 errore
2566 5601 2819 5673 impares,
2843 5601 2971 5673 quia
2996 5604 3099 5659 iste
3138 5602 3443 5669 confundit,

1867 5692 1881 5729 l
1926 5690 1955 5729 e
2016 5689 2087 5728 iVl
2128 5690 2144 5727 ι
2175 5712 2188 5727 .
2226 5694 2246 5725 ι

1867 5674 1955 5730 ille
1980 5674 2188 5729 dividit.
2226 5694 2246 5725 ι
