3918 6316
466 363 542 421 89
1435 361 1495 418 S.
1530 358 1881 418 AGOBARDI
1920 353 2228 413 EPISCOPI
2266 356 2762 417 LUGDUNENSIS
3676 363 3755 418 40

465 479 625 553 quasi
652 481 720 536 ad
754 478 1022 534 unitatem
1067 493 1316 550 personae
1356 478 1630 534 dicendo:
1683 475 1832 531 Unus
1882 484 2060 528 tamen
2093 475 2139 532 Α
2166 472 2271 540 rit,
2304 492 2324 526 ι
2369 481 2423 529 et
2472 481 2594 544 post
2637 488 2812 542 pauca
2857 474 3135 546 subjunxit
3159 515 3175 541 ,
3231 493 3250 526 ε
3287 475 3576 531 anathema
3601 476 3691 535 sit.
3727 498 3753 531 ο

467 588 524 628 ut
547 582 791 644 utroque,
841 590 945 628 non
986 571 1114 638 duo,
1159 577 1425 642 quantum
1470 580 1527 628 et
1572 573 1629 627 in
1671 571 1778 626 hoc
1807 568 2060 623 eumdem

469 658 781 721 Nestorium
824 664 1100 718 imitetur.

539 755 652 811 Vll.
694 755 978 811 Nestorius
1007 754 1157 819 dicit,
1187 754 1476 810 Dominum
1527 772 1546 806 ι
1598 753 1836 824 Spiritus
1881 747 2060 808 sancti

457 848 668 902 virtute
709 848 763 901 in
798 844 1232 917 Virginis‘vnlva
1260 843 1576 909 formatum,
1609 843 1814 898 laetum
1845 857 1912 897 ex
1941 856 2063 896 mn-

469 938 621 1004 liere,
649 946 706 993 et
737 937 937 991 factum
965 936 1066 990 sub
1093 935 1228 1007 lege,
1264 942 1326 989 ut
1349 951 1542 990 omnes
1585 949 1684 990 nos
1717 949 1748 988 a
1796 934 2062 990 servitute

467 1029 603 1100 legis
625 1014 950 1094 redimeret;
993 1036 1120 1081 ante
1165 1027 1278 1097 jam
1311 1025 1788 1096 praedestinatum,
1818 1025 2063 1094 adoptio-

469 1135 596 1175 nem
648 1119 1026 1188 accipientem,
1081 1115 1524 1170 inenarrabiliter
1579 1115 1798 1170 sibimet
1849 1115 2059 1181 vivens,

469 1209 608 1264 mori
656 1198 873 1278 quidem
921 1221 1046 1263 eum
1089 1205 1389 1262 secundum
1417 1204 1592 1276 legem
1634 1205 1926 1259 humanam
1976 1202 2062 1257 fa-

467 1299 645 1364 ciens,
671 1301 946 1354 suscitans
975 1312 1198 1353 veroex
1249 1296 1504 1361 mortuis,
1562 1304 1617 1349 et
1660 1295 1964 1366 perducens
2008 1294 2064 1348 in

468 1393 690 1459 catlum,
714 1401 772 1447 et
797 1391 1091 1446 consedere
1116 1389 1324 1444 faciens
1367 1391 1436 1445 ad
1463 1388 1746 1443 dexteram
1772 1384 1890 1450 Dei,
1920 1385 2066 1439 unde

470 1499 636 1554 super
660 1498 850 1539 omnes
876 1482 1206 1537 constitutus
1241 1480 1599 1552 principatus,
1643 1485 1700 1533 et
1744 1483 2064 1547 potestates,

469 1584 526 1630 et
565 1575 815 1640 virtutes,
865 1581 921 1628 et
944 1573 1362 1637 dominationes,
1396 1578 1454 1626 et
1481 1584 1644 1625 omne
1696 1583 1892 1623 nomen
1922 1566 2068 1637 quod

474 1665 805 1748 geminatur,
825 1678 931 1717 non
961 1662 1135 1716 solum
1167 1662 1221 1716 in
1244 1662 1349 1716 hoc
1374 1658 1590 1725 saeculo,
1605 1673 1794 1713 verum
1819 1659 1985 1711 etiam
2013 1661 2070 1710 et

473 1747 527 1808 in
557 1752 762 1818 futuro,
804 1753 874 1807 ab
913 1751 1062 1807 omni
1111 1760 1364 1807 creatura
1409 1749 1623 1818 accepit
1670 1747 2066 1812 adorationem,

2165 559 2310 616 Ecce
2339 562 2509 616 habes
2534 563 2834 618 sententias
2858 562 3097 618 Nestorii
3135 580 3148 617 :
3189 578 3326 634 quas
3367 565 3412 618 si
3454 573 3512 620 et
3541 565 3596 619 in
3623 581 3762 622 con-

2157 647 2439 717 junctione
2490 666 2740 722 personae
2782 691 2798 719 ,
2853 659 2910 707 et
2959 653 3012 706 in
3063 653 3328 708 divisione
3388 662 3704 710 naturarum
3735 694 3756 720 ,

2163 740 2345 794 verbis
2378 740 2576 796 Felicis
2614 740 2884 810 conferas,
2915 743 3159 798 invenies
3192 757 3288 799 eos
3320 758 3430 800 uno
3465 759 3628 800 sensu
3672 746 3762 801 in.

2165 830 2383 886 cedere.

2235 919 2372 975 VIII.
2413 920 2640 978 Videtur
2667 921 2800 976 mihi
2829 922 2993 978 etiam
3036 932 3216 980 vestra
3245 926 3486 981 charitas
3513 941 3762 982 commo-

2166 1011 2341 1067 nenda
2371 1012 2438 1068 de
2474 1011 2578 1066 hoc
2610 1012 2756 1081 quod
2795 1013 2948 1068 Felix
2982 1012 3299 1084 frequenter
3334 1016 3534 1086 gaudet
3572 1016 3766 1073 dicere

2164 1102 2427 1157 hominem
2455 1111 2804 1172 assumptum,
2844 1101 2929 1158 vel
2967 1102 3196 1172 formam
3239 1105 3393 1159 servi.
3431 1104 3763 1174 Quanquam

2165 1189 2314 1244 enim
2339 1197 2395 1244 et
2421 1189 2508 1260 pie
2538 1189 2645 1245 dici
2673 1191 2865 1260 possit,
2915 1189 3058 1246 sicut
3083 1198 3139 1246 et
3185 1190 3623 1263 frequentissime
3669 1194 3762 1249 di-

2165 1289 2316 1336 ctum
2352 1297 2385 1337 a
2414 1282 2621 1337 sanctis
2667 1282 2921 1339 Patribus
2954 1283 3260 1351 invenitur;
3295 1293 3478 1340 tamen
3509 1286 3768 1341 conside-

2167 1372 2401 1427 randum
2435 1380 2521 1426 est
2548 1372 2692 1442 quod
2717 1372 2884 1426 etiam
2912 1373 3076 1442 impie
3103 1373 3210 1428 dici
3235 1375 3429 1444 possit,
3460 1375 3765 1430 secundum

2166 1462 2316 1533 quod
2365 1463 2421 1517 in
2468 1462 2722 1518 Nestorio
2754 1463 2871 1518 haec
2905 1463 3072 1518 verba
3108 1464 3313 1518 nostris
3341 1463 3762 1534 displicuerunt,

2166 1553 2251 1610 Ad
2281 1554 2425 1623 quod
2455 1553 2648 1608 beatus
2675 1553 2911 1625 Cyrillus
2957 1554 3041 1608 ita-
3071 1554 3356 1624 respondit
3401 1553 3477 1625 (in
3511 1553 3630 1622 Def.
3683 1568 3765 1608 xu

2169 1645 2354 1698 anath.
2384 1643 2505 1698 adv.
2539 1643 2735 1698 Theod.
2766 1661 2812 1698 ε.
2844 1643 2897 1715 7)
2931 1661 2944 1698 :
2983 1661 3002 1695 ‹
3039 1643 3150 1698 Nos
3180 1659 3300 1713 qua:
3329 1627 3555 1698 meliora
3587 1652 3644 1698 et
3670 1648 3772 1699 ve-

2170 1733 2315 1788 riora
2344 1742 2471 1788 sunt
2494 1747 2687 1803 sapere
2713 1734 2992 1797 consueti,
3023 1740 3079 1788 et
3099 1733 3410 1789 subtiliores
3442 1735 3769 1804 contingen-

472 1845 615 1899 s'wm
642 1809 1063 1913 inseparabilem
1099 1857 1129 1896 ε
1165 1842 1348 1896 divin.
1387 1809 1584 1896 ηθιυιῖι
1612 1840 1822 1894 habens
1851 1809 2070 1908 θορυιδζ
2101 1809 2146 1870 Β
2175 1831 2258 1879 tes
2289 1823 2597 1878 intellectus
2629 1824 2698 1878 ad
2727 1823 3160 1893 explanationem
3188 1825 3548 1890 sacramenti,
3580 1825 3771 1879 scien-

475 1933 700 1997 tionem,
733 1932 998 1986 relatione
1040 1930 1138 1985 Dei
1174 1940 1230 1984 et
1261 1929 1618 2000 inteliigentia
1643 1926 1791 1982 ornni
1821 1933 2072 1980 creatura

473 2025 850 2080 adorationem
884 2023 1195 2078 exhibente.
1247 2021 1313 2075 Et
1355 2036 1536 2090 neque
1579 2020 1713 2074 duos
1751 2017 1893 2073 ﬁlios
1938 2013 2074 2070 dici-

477 2135 616 2181 mus,
649 2134 825 2188 neque
867 2119 1002 2173 duos
1029 2117 1316 2182 Dominos;
1345 2116 1602 2186 quoniam
1631 2129 1772 2169 unus
1797 2112 1941 2167 [ilius
1971 2110 2074 2166 Pa-

477 2210 577 2264 tris
603 2209 899 2264 seeundum
930 2208 1168 2263 Verbum
1195 2207 1338 2262 Deus
1362 2205 1676 2276 unigenitus
1704 2204 1846 2258 ﬁlius
1867 2202 2069 2267 Patris,

476 2301 618 2356 sicut
643 2301 746 2355 iste
769 2300 1090 2370 coniunctus
1136 2307 1192 2354 et
1238 2298 1516 2370 particeps
1575 2296 1908 2351 constitutus
1962 2294 2074 2347 tilio

478 2392 843 2449 communicat
867 2392 1088 2445 nomine
1125 2397 1182 2446 et
1219 2390 1448 2454 honore,
1479 2385 1745 2442 Dominus
1773 2385 2073 2441 secundum

456 2485 796 2549 -essentiam,
836 2483 981 2546 Deus
1021 2483 1282 2546 Verbum,
1328 2481 1415 2536 cui
1464 2480 1569 2535 iste
1608 2479 1933 2551 coniunctus
1978 2478 2077 2533 ho-

481 2589 616 2632 nore
639 2577 1025 2629 communicat.
1052 2572 1122 2625 Et
1145 2571 1269 2626 ideo
1297 2584 1475 2640 neque
1513 2568 1650 2624 duos
1695 2568 1835 2622 ﬁlios
1865 2567 1966 2622 hos
1994 2566 2077 2621 di-

483 2671 681 2734 cimus,
711 2681 890 2738 neque
933 2667 1069 2722 duos
1107 2666 1398 2730 Dominos;
1432 2664 1560 2733 quia
1606 2660 1899 2718 manifesto
1943 2676 2076 2716 con-

482 2761 674 2815 stituto
700 2757 996 2813 secandum
1035 2754 1399 2810 substantiam
1426 2752 1658 2808 Domino
1683 2758 1742 2805 et
1783 2748 1944 2816 Filio,
1993 2749 2078 2805 in-

484 2847 843 2919 separabilem
871 2853 1020 2900 tenet
1047 2845 1114 2898 ad
1159 2859 1284 2898 eum
1323 2843 1747 2912 copulationem,
1783 2841 1878 2911 qui
1913 2854 2077 2896 causa

485 2947 687 2994 nostrae
713 2937 902 2992 salutis
916 2943 1226 3006 assumptus
1247 2931 1529 2988 confertur
1555 2931 1775 2986 nomine
1793 2938 1848 2986 et
1869 2931 2077 2985 honore

487 3030 597 3084 tilio
649 3038 705 3084 et
750 3028 1012 3090 Domino;
1051 3042 1158 3080 non
1201 3025 1346 3078 sicut
1373 3023 1748 3092 unusquisque
1775 3021 2076 3076 secundum

2174 1915 2416 1984 tiamque
2438 1913 2762 1985 periectam,
2793 1923 2848 1970 et
2875 1914 3172 1970 secundum
3201 1931 3480 1972 sacrarum
3501 1917 3768 1987 placitum

2174 2005 2503 2070 litterarum,
2559 2013 2614 2060 et
2665 2006 3110 2060 mansuetudines
3158 2016 3472 2061 sanctorum
3519 2008 3766 2071 Patrum,

2175 2110 2282 2149 non
2321 2095 2598 2149 hominem
2625 2103 2966 2163 assumptum
2999 2095 3230 2150 dicimus
3255 2110 3286 2150 a
3325 2095 3436 2151 Deo
3466 2097 3676 2161 Verbo,
3713 2106 3771 2151 ct

2181 2185 2492 2255 copulatum
2538 2187 2589 2240 ei
2637 2187 2936 2240 secundum
2977 2185 3222 2240 habitum
3270 2187 3628 2252 extrinsecus,
3670 2188 3772 2242 sed

2174 2276 2357 2344 potius
2385 2275 2663 2330 hominem
2703 2275 2908 2329 factum
2936 2289 3058 2330 esse
3095 2275 3461 2330 decernimus.
3502 2273 3614 2330 llac
3658 2277 3768 2330 ita-

2175 2381 2283 2436 que
2307 2366 2482 2437 gratia
2527 2380 2558 2419 a
2597 2365 2801 2435 pietate
2843 2365 3158 2434 dogmatum
3197 2364 3428 2420 dicimus
3465 2366 3772 2422 excessisse

2176 2470 2272 2512 eos
2295 2457 2388 2526 qui
2410 2465 2744 2526 praesumunt
2772 2455 2955 2512 dicere
2992 2464 3327 2526 assumptum
3357 2457 3629 2512 hominem
3649 2496 3664 2522 ,
3714 2465 3773 2511 et

2176 2549 2450 2604 aﬂirmant
2478 2557 2731 2619 oportere
2768 2563 2893 2602 eum
2929 2547 3068 2603 sicut
3102 2547 3332 2602 alterum
3363 2546 3518 2601 alteri
3568 2547 3774 2602 coado-

2178 2645 2288 2698 rari
2318 2643 2430 2697 ﬁlio
2456 2643 2574 2697 Dei.
2617 2663 2634 2694 ι
2662 2642 2795 2696 Item
2826 2642 2979 2710 ipse:
3015 2658 3034 2692 ‹
3069 2639 3272 2695 Factus
3286 2645 3369 2695 est
3392 2639 3558 2710 igitur
3579 2640 3770 2704 homo,

2179 2749 2285 2788 non
2315 2734 2607 2802 assumpsit
2633 2732 2929 2796 hominem,
2958 2729 3361 2786 sicutNestorio
3384 2729 3579 2799 placet.
3613 2730 3678 2782 Et
3711 2738 3776 2783 ut

2179 2826 2494 2881 crederetur
2521 2824 2647 2894 quia
2672 2823 2846 2877 factus
2872 2832 2956 2877 est
2985 2823 3167 2887 homo,
3200 2836 3426 2876 manens
3456 2821 3600 2891 quod
3622 2829 3775 2886 erat,

2177 2916 2430 2972 videlicet
2458 2915 2620 2978 Deus,
2647 2914 2804 2983 juxta
2823 2921 3111 2978 naturam;
3143 2913 3348 2967 idcirco
3377 2919 3435 2966 et
3463 2911 3672 2965 esurire
3687 2910 3780 2964 di-

2179 3007 2342 3072 citur,
2377 3015 2433 3060 et
2461 3020 2527 3059 ex
2561 3005 2775 3059 itineris
2801 3004 2987 3057 labore
3013 3015 3039 3043 ι
3074 3002 3392 3067 lassessere,
3426 3021 3445 3052 ι
3473 3010 3528 3055 et
3552 3009 3776 3056 caetera.

486 3121 722 3191 seipsum
745 3117 1077 3174 constitutus
1098 3121 1184 3169 est
1213 3113 1376 3176 illius,
1409 3089 1556 3166 unde
1585 3119 1640 3165 et
1664 3089 1833 3164 multi
1876 3122 2064 3164 secun-

2249 3096 2341 3150 ιχ.
2384 3095 2530 3148 Dixit
2576 3095 2759 3161 itaque
2787 3092 2939 3145 Felix
2989 3091 3044 3145 in
3076 3093 3443 3160 suprascripta
3486 3103 3582 3144 sna
3612 3089 3781 3142 sche-

2192 3187 2301 3207 j_.l-
2345 3194 2465 3207 ___a
2494 3185 2666 3207 _I:_---
2698 3201 2809 3207 ---μ
2832 3183 3166 3207 -..μ-..ζηλ-..ι
3213 3183 3362 3207 κυλλζ
3389 3182 3730 3207 ἓ...Α-...υ-Α.ηιι
3761 3197 3774 3207 .

488 3210 615 3265 dum
644 3210 862 3275 beatum
890 3206 1116 3261 Paulum
1146 3204 1379 3259 dicimur
1408 3201 1534 3267 ﬁlii;
1583 3200 1679 3256 sed
1707 3199 1856 3255 solus
1883 3198 2078 3270 ιπωοί-

489 3315 654 3369 puum
686 3299 894 3352 habens
931 3296 1036 3350 hoc
1057 3294 1203 3363 quod
1230 3293 1299 3347 ad
1323 3292 1418 3346 Dei
1451 3290 1616 3346 Verbi
1652 3289 2076 3358 copulationem,

490 3389 836 3459 adoptionem
862 3394 918 3441 et
962 3378 1387 3440 dominationem
1417 3380 1785 3455 participans,
1823 3377 2078 3432 auferens

488 3479 708 3549 quidem
747 3490 965 3532 omnem
1007 3461 1371 3543 Suspicionem
1426 3471 1715 3528 dualitatis-
1756 3469 1990 3524 ﬁliorum
2026 3474 2081 3521 et

490 3569 871 3631 Dominorum,
899 3571 1161 3634 przestato
1197 3576 1330 3630 vero
1367 3559 1526 3615 nobis
1564 3560 1617 3614 in
1647 3557 1989 3627 copulatione
2014 3555 2082 3609 ad

491 3659 666 3713 Deum
690 3655 1176 3712 Verbum'omnem
1203 3652 1434 3708 haberet
1463 3650 1635 3721 ipsius
1657 3651 1818 3704 ﬁdem
1845 3655 1900 3703 et
1924 3647 2082 3702 intel-

490 3748 768 3819 ligentiam
807 3754 863 3802 et
889 3745 1154 3800 theoriam
1178 3783 1193 3807 ,
1240 3758 1342 3814 pro
1389 3742 1588 3811 quibus
1625 3750 1680 3796 et
1713 3741 2082 3819 adoArationem

494 3810 594 3912 pro
631 3815 897 3894 relatione
924 3837 1028 3891 Dei
1048 3836 1115 3890 ab
1139 3810 1287 3890 omni
1310 3810 1552 3902 suscepit
1580 3810 1851 3888 creatura.
1880 3830 2082 3885 Verum

493 3932 658 4004 igitur
686 3929 883 3985 Filium
913 3929 1146 3984 dicimus
1172 3934 1228 3981 et
1248 3926 1536 3983 Dominum
1565 3924 1750 3979 Jesnm
1780 3923 2081 3988 Christum,

491 4039 591 4094 per
616 4038 780 4092 quem
807 4021 989 4076 omnia
1035 4020 1180 4074 facta
1235 4025 1383 4081 sunt,
1441 4017 1820 4086 principaliter
1867 4016 2085 4086 quidem

493 4113 663 4169 Deum
710 4112 949 4167 Verbum
1004 4109 1368 4177 intelligentes
1418 4106 1853 4162 substantialiter
1887 4105 2085 4160 Filium

495 4201 612 4256 Dei.
649 4221 668 4252 ι
696 4201 898 4255 lterum
923 4199 1064 4253 idem
1085 4196 1369 4251 Nestorius
1397 4215 1409 4250 ;
1447 4213 1466 4247 ι
1507 4194 1564 4249 Si
1589 4195 1714 4265 quis
1737 4210 1861 4248 eum
1885 4195 1974 4264 qui
2004 4202 2089 4248 est

495 4290 817 4358 Emmanuel
843 4330 858 4355 ,
882 4291 1054 4345 Deum
1080 4303 1268 4343 verum
1300 4302 1419 4342 esse
1443 4286 1659 4350 dixerit,
1687 4293 1743 4340 et
1767 4301 1872 4339 non
1907 4285 2088 4355 potius

497 4383 790 4438 Nobiscum
821 4381 982 4444 Deus,
1020 4380 1124 4434 hoc
1150 4387 1235 4433 est
1259 4419 1274 4444 ,
1329 4377 1665 4431 inhabitasse
1693 4392 1814 4431 eam
1843 4393 1963 4446 quae
2005 4391 2090 4431 se-

2183 3187 2330 3252 dula,
2345 3194 2469 3256 post
2492 3185 2672 3255 aliqua
2693 3201 2812 3255 qua:
2832 3183 3187 3254 praemiserat,
3210 3183 3364 3251 quasi
3387 3182 3735 3250 interrogans
3761 3197 3776 3232 :

2188 3296 2206 3327 ‹
2244 3276 2387 3330 Deus
2433 3275 2593 3328 Pater
2621 3275 2999 3343 omnipotens,
3026 3271 3303 3325 voluntate
3341 3271 3527 3340 genuit
3545 3268 3777 3334 Filium,

2182 3381 2250 3420 an
2267 3364 2643 3420 necessitate?»
2662 3363 2728 3418 Et
2744 3362 3060 3433 respondtit:
3073 3380 3091 3412 ‹
3102 3361 3374 3427 Quantum
3389 3360 3456 3414 ad
3471 3359 3782 3416 divinitatis

2181 3458 2299 3528 ejus
2327 3456 2622 3511 essentiam
2648 3455 2903 3525 pertinet,
2931 3467 3108 3522 neque
3130 3451 3430 3515 voluntate,
3468 3465 3642 3520 neque
3665 3465 3780 3507 ne-

2183 3547 2459 3610 cessitate,
2507 3545 2602 3599 sed
2634 3551 2849 3599 natura.
2881 3542 2939 3597 In
2970 3557 3100 3596 vero
3145 3542 3344 3612 quippe
3390 3539 3502 3595 tilio
3529 3541 3596 3594 de
3642 3541 3785 3596 sub-

2183 3638 2386 3693 stantia
2440 3637 2616 3706 patris
2665 3636 2864 3707 genito,
2901 3633 3150 3689 voluntas
3197 3633 3538 3687 natiVitatem
3575 3631 3784 3702 praeire

2184 3743 2291 3782 non
2321 3734 2520 3798 potest,
2547 3726 2639 3782 ubi
2670 3733 2863 3778 natura
2899 3723 3176 3796 praecedit.
3213 3722 3321 3778 Sed
3355 3738 3530 3793 neque
3575 3738 3780 3779 neces-

2185 3823 2369 3885 sitate,
2405 3821 2536 3889 qua:
2559 3818 2614 3872 in
2645 3817 2757 3872 Deo
2782 3817 2967 3886 utique
2996 3829 3102 3869 non
3125 3822 3226 3869 est.
3256 3813 3527 3880 Quantum
3555 3827 3683 3867 vero
3706 3813 3784 3868 ad

2185 3907 2541 3968 humanitatis
2564 3907 2681 3980 ejus
2710 3908 3071 3962 substantiam
3100 3905 3372 3970 convenit,
3401 3905 3652 3959 eumdem
3683 3903 3784 3958 Fi-

2187 4003 2319 4056 lium
2357 4016 2537 4066 suum,
2585 3998 2712 4068 quia
2744 4012 2852 4054 non
2901 4011 2967 4051 ex
3011 3996 3302 4064 semetipso
3328 3993 3534 4064 genuit,
3582 3993 3678 4047 sed
3708 3992 3783 4047 de

2187 4091 2490 4147 substantia
2521 4088 2714 4144 matris
2736 4086 2961 4156 virginis
2990 4083 3216 4148 creavit,
3239 4091 3296 4137 et
3321 4083 3473 4137 nasci
3498 4081 3685 4147 voluit,
3705 4084 3784 4137 ob

2188 4184 2313 4245 hoc,
2345 4181 2620 4235 voluntate
2650 4185 2872 4248 propter
2907 4173 3324 4241 redemptionem
3351 4180 3614 4236 nostram,
3665 4186 3783 4226 non

2189 4271 2430 4340 qualibet
2459 4268 2787 4324 necessitate
2812 4263 2929 4332 ejus
2955 4262 3096 4316 ﬁlius
3124 4260 3383 4316 creditur.
3421 4279 3440 4311 ο

2261 4362 2329 4417 Χ.
2371 4363 2429 4417 In
2473 4362 2577 4416 hac
2620 4357 2889 4415 sententia
2920 4355 3069 4410 Felix
3096 4354 3332 4424 primum
3369 4368 3436 4407 ex
3477 4353 3787 4421 interroga-

497 4476 732 4532 cnnduin
789 4488 888 4527 nos
941 4480 1026 4528 est
1076 4478 1348 4534 naturam,
1385 4484 1484 4538 per
1529 4469 1582 4523 id
1612 4468 1758 4537 quod
1783 4469 1974 4522 unitus
2005 4475 2077 4522 esl

2193 4457 2338 4510 tione
2369 4452 2639 4523 superﬂua
2675 4457 2731 4504 et
2779 4462 2941 4512 vana,
2982 4461 3086 4515 qua
3118 4445 3438 4513 interrogat,
3472 4450 3652 4496 utrum
3680 4457 3786 4497 vo-

2197 4552 2209 4559 .
2357 4558 2360 4559 ,
2737 4545 2770 4559 ο.
2817 4551 2854 4559 ,ν
2901 4555 2948 4559 η-
2973 4539 3133 4559 ,ηΑμει
3174 4537 3338 4559 “-ι-..
3373 4536 3566 4559 πεπυ...
3625 4550 3751 4559 --ΑΔ

498 4575 702 4620 nostrae
753 4576 917 4632 quam
969 4561 1037 4616 de
1079 4559 1249 4614 Maria
1276 4559 1488 4628 virgine
1517 4557 1794 4627 suscepit:
1837 4577 1855 4608 ι
1891 4565 1947 4612 et
1968 4569 2089 4627 post

499 4657 680 4727 aliqua
737 4652 1003 4720 subjecit,
1053 4669 1072 4702 ‹
1125 4650 1413 4704 anathema
1444 4649 1535 4703 sit.
1567 4668 1586 4700 ι
1620 4648 1756 4702 ltem
1786 4648 1937 4716 ipse:
1973 4665 1991 4697 ι
2029 4648 2088 4702 Si

499 4748 624 4817 quis
645 4761 814 4800 unum
844 4760 965 4799 esse
979 4752 1102 4814 post
1128 4741 1555 4810 assumptionem
1582 4739 1843 4804 hominis,
1869 4747 2090 4793 natura-

499 4837 627 4892 liter
656 4835 752 4891 Dei
795 4835 962 4889 ﬁl‘rum
1007 4832 1170 4886 audet
1196 4831 1399 4896 dicere,
1440 4845 1563 4884 cum
1617 4829 1688 4883 sit
1727 4826 2085 4894 Emmanuel,

503 4927 792 4981 anathema
820 4924 909 4979 sit.
942 4943 960 4976 ι
993 4922 1123 4976 item
1154 4921 1270 4990 ipse
1304 4938 1316 4972 :
1358 4937 1376 4970 ι
1413 4918 1472 4973 Si
1505 4919 1629 4988 quis
1670 4927 1793 4986 post
1837 4919 2088 4973 incarna-

504 5017 706 5072 tionem
757 5015 927 5069 Deum
973 5011 1211 5068 Verbum
1259 5009 1490 5062 alterum
1546 5007 1850 5080 quempiam
1890 5014 2090 5075 praeter

503 5109 782 5169 Christum
812 5106 1196 5171 nominaverit,
1233 5124 1251 5156 ι
1280 5111 1336 5159 et
1366 5111 1492 5172 post
1539 5115 1712 5170 pauca
1763 5099 2041 5169 subjunxit
2073 5140 2086 5161 ,

510 5220 528 5253 ι
565 5201 857 5256 anathema
884 5198 974 5253 sit.
1008 5216 1026 5249 ι
1060 5197 1128 5252 Et
1154 5197 1299 5251 ‘item
1328 5211 1342 5250 :
1378 5213 1396 5246 ί
1436 5193 1496 5248 Si
1523 5193 1647 5264 quis
1677 5192 1952 5247 hominem
1998 5191 2091 5261 qui

507 5292 559 5345 in
588 5291 798 5360 virgine
835 5296 1053 5344 creatus
1081 5295 1184 5348 est,
1224 5288 1368 5342 hunc
1394 5299 1517 5340 esse
1541 5284 1874 5354 unigenitum
1939 5284 2091 5338 dixe-

2197 4552 2403 4606 luntate
2442 4563 2510 4602 an
2542 4545 2868 4604 necessitate
2891 4539 3138 4611 genuerit
3174 4537 3338 4592 Pater
3373 4536 3591 4601 Filium,
3621 4550 3787 4590 occa-

2194 4645 2404 4699 sionem
2430 4640 2533 4694 sibi
2563 4644 2720 4707 parat
2749 4652 2798 4705 pe
2820 4629 3097 4688 rveniendi
3127 4630 3197 4683 ad
3225 4628 3277 4682 id
3305 4628 3446 4695 quod
3479 4626 3619 4680 male
3656 4641 3788 4680 sen-

2198 4737 2281 4799 tit,
2313 4741 2369 4789 et
2396 4729 2664 4800 loquendo
2693 4727 2965 4796 explicare
3005 4736 3109 4775 non
3141 4719 3322 4774 audet.
3355 4717 3787 4770 Dicendonam-

2195 4839 2300 4896 que
2329 4843 2340 4878 :
2371 4823 2437 4877 In
2468 4837 2584 4876 vero
2610 4819 2796 4890 quippe
2821 4815 2933 4884 ﬁlio
2963 4812 3025 4867 de
3055 4809 3350 4865 substantia
3383 4807 3550 4876 patris
3573 4807 3785 4886 genito,

2199 4918 2270 4970 ita
2301 4912 2494 4969 dividit
2522 4907 2856 4965 divinitatem
2887 4904 2955 4959 ab
2977 4902 3315 4958 humanitate
3345 4903 3400 4956 in
3428 4900 3678 4963 Domino,
3719 4910 3788 4953 ut

2197 5018 2316 5069 eam
2346 5003 2400 5056 in
2427 4999 2540 5055 sola
2570 4990 2852 5052 divinitate
2878 4992 3020 5048 dicat
3048 5006 3239 5047 verum
3264 4991 3482 5056 Filium,
3514 4992 3568 5045 in
3598 4977 3701 5058 qua
3725 4998 3787 5042 et

2197 5093 2264 5148 de
2288 5089 2468 5145 Patris
2497 5084 2796 5142 substantia
2818 5091 2900 5136 est
2929 5081 3172 5151 genitus;
3202 5079 3357 5150 juxta
3386 5078 3784 5134 humanitatem

2198 5192 2397 5244 autem,
2451 5178 2506 5232 in
2535 5191 2641 5244 qua
2688 5180 2742 5227 et
2786 5171 2920 5226 dicit
2965 5168 3114 5224 illum
3143 5169 3208 5224 de
3238 5167 3538 5224 substantia
3587 5165 3780 5220 matris

2197 5271 2424 5343 virginis
2452 5274 2715 5328 creatum,
2762 5261 2959 5317 sentiat
2985 5275 3109 5316 eum
3150 5275 3256 5315 non
3290 5273 3502 5323 verum,
3530 5256 3656 5311 licet
3693 5253 3778 5310 lo-

1853 5413 2131 5470 BALUZII
2169 5404 2404 5465 ΝΟΤᾸΕ.

577 5557 602 5584 ι
633 5542 950 5608 Lassessere.
982 5536 1075 5591 Sic
1121 5533 1342 5608 omnino
1380 5531 1548 5608 codex
1599 5535 1785 5608 vetus;
1809 5541 1931 5608 _pro
1972 5542 2082 5608 quo

507 5616 788 5675 Massonus
828 5607 1074 5664 ediderat
1122 5605 1413 5673 ﬂacessere.
1447 5600 1526 5675 _Et
1574 5597 2087 5675 scribendum_erat

507 5666 808 5744 Eiidem,
835 5686 1078 5731 veterem
1095 5666 1333 5744 eamque~
1351 5671 1609 5744 optimam
1635 5666 2084 5744 orthographiam

507 5737 805 5826 sequendo.
823 5747 932 5805 Sed
961 5737 1510 5802 voluimus—exhibere
1524 5739 1664 5794 bona
1683 5737 1785 5793 lidc
1803 5737 2087 5790 lectionem

2187 5518 2392 5574 veteris
2418 5512 2640 5569 codicis.
2689 5507 2948 5563 Alcuinus
2975 5505 3030 5560 in
3060 5502 3222 5574 libro
3237 5498 3483 5574 “primo
3515 5498 3779 5554 adversus

2189 5569 2522 5657 Elipantum,
2553 5581 2779 5657 lo_qu_ens
2801 5578 2867 5657 de
2896 5573 3109 5630 diabolo
3136 5590 3147 5625 :
3180 5569 3333 5657 «ille
3362 5569 3650 5657 explorare
3674 5582 3782 5657 Iro.

2187 5637 2401 5720 1233’s}
2426 5637 2573 5712 ﬁlius
2594 5637 2688 5702 Dei
2720 5655 2865 5703 esset
2892 5659 3052 5714 quem
3082 5640 3312 5705 esurire,
3360 5637 3538 5705 sitire,
3583 5645 3640 5693 et
3669 5637 3779 5692 las-

2191 5742 2389 5785 sescere
2418 5721 2694 5779 cernebat.
2733 5737 2753 5770 ι
