3918 6344
148 402 207 458 ιι
1281 397 1408 452 LII).
1449 396 1610 452 ADV.
1657 396 1955 452 FELICEM
2000 395 2295 452 URGELL.
3363 405 3434 462 ω

156 518 355 589 quendo
407 516 685 588 explicare
734 534 840 572 non
892 518 1106 571 audeat.
1155 516 1395 585 Apparet
1435 513 1583 569 enim
1626 512 1740 565 hare
1766 513 1818 577 Α
1845 511 2082 566 solarum
2114 513 2266 568 nobis
2290 513 2615 584 dignitatum
2631 516 2896 570 unitatem
2922 518 3320 589 introdueenle,
3349 525 3440 581 ho-

152 608 288 664 fraus
314 609 369 662 in
400 623 468 662 eo
497 608 646 677 quod
678 609 757 664 sic
782 609 847 662 de
873 606 1200 662 substantia
1231 604 1534 660 divinitatis
1562 603 1739 672 loqui-

153 709 251 766 tur,
279 701 434 770 quasi
463 699 532 755 de
560 700 664 753 alia
694 715 927 770 persona
964 707 1165 769 praeter
1202 696 1616 752 humanitatem.
1651 693 1742 748 Di-

150 809 270 851 cens
298 809 535 864 namque
566 793 632 848 de
670 793 784 849 sola
815 792 1114 847 divinitatis
1142 790 1451 846 substantia
1485 808 1496 842 :
1531 787 1597 842 In
1623 805 1738 842 vero

149 889 325 958 quippe
347 885 464 954 ﬁlio
481 927 497 952 ,
524 887 644 940 vult
667 885 1047 941 demonstrare
1076 899 1182 938 non
1209 898 1332 938 eum
1361 896 1483 937 esse
1512 881 1565 934 in
1591 888 1742 934 utra-

149 992 248 1047 que
273 976 581 1031 substantia
613 991 803 1030 verum
851 975 1044 1029 ﬁlium.
1081 973 1237 1041 Quod
1273 982 1457 1028 autem
1497 971 1740 1039 interpo-

149 1069 221 1122 nit
257 1067 482 1121 dicens:
544 1064 802 1120 Voluntas
829 1065 1158 1119 nativitatem
1201 1063 1391 1134 prurire
1420 1079 1524 1116 non
1569 1070 1738 1132 potest

145 1162 228 1216 ubi
253 1171 442 1215 natura
472 1163 748 1232 pra'cedit,
779 1161 1183 1232 apertissimum
1229 1159 1575 1214 mendacium
1616 1174 1738 1228 pro-

149 1251 337 1306 ﬁtetur.
369 1252 428 1305 In
456 1253 834 1321 omnipotente
870 1251 1016 1306 enim
1041 1259 1098 1307 et
1117 1250 1450 1320 sempiterno
1479 1249 1593 1303 Deo
1623 1264 1740 1302 om-

147 1343 230 1398 nia
261 1342 598 1412 sempiterna
627 1350 772 1407 sunt,
798 1356 972 1412 neque
1001 1342 1049 1396 ei
1075 1341 1170 1411 qui
1191 1340 1323 1395 fecit
1349 1348 1613 1408 tempora,
1642 1338 1740 1392 ali-

142 1437 264 1506 quid
299 1437 535 1492 accessit
575 1451 649 1509 ex
679 1444 944 1507 tempore.
977 1434 1199 1490 Naturae
1238 1433 1386 1489 enim
1416 1439 1537 1502 qua:
1581 1431 1738 1486 initio

146 1537 285 1585 caret
326 1536 382 1585 et
429 1529 772 1585 incremento
801 1545 912 1583 non
959 1526 1184 1598 indiget,
1216 1526 1362 1598 quod
1387 1532 1473 1581 est
1502 1525 1734 1588 habere,

145 1623 241 1677 hoc
268 1636 421 1686 esse;
461 1631 521 1677 et
554 1623 698 1691 quod
727 1629 812 1676 est
839 1636 983 1685 esse,
1010 1627 1336 1690 perpetuum
1365 1626 1487 1683 est;
1522 1624 1577 1671 et
1599 1619 1739 1671 sicut

146 1713 339 1769 nullum
367 1713 558 1779 ﬁnem,
587 1716 660 1769 ita
689 1706 895 1768 nullam
921 1713 1116 1783 recipit
1142 1710 1587 1766 mutabilitatem.
1616 1708 1734 1762 Non

143 1821 264 1877 ergo
291 1806 344 1860 in
377 1804 472 1860 illo
514 1811 709 1860 natura
738 1805 998 1876 praecedit
1026 1803 1388 1866 voluntatem,
1423 1815 1600 1870 neque
1638 1816 1735 1852 vo-

1844 604 2155 674 minemque
2196 604 2307 660 Deo
2336 606 2646 676 c0pulatum
2681 608 2894 664 dicente
2939 610 3216 670 ﬁliationis
3246 615 3438 672 homo-

1843 697 2044 764 nymia,
2107 698 2210 752 hoc
2253 705 2358 763 est,
2405 697 2785 755 univocatione
2838 701 3197 772 honoratum,
3253 722 3442 766 neces-

1841 787 1987 840 sario
2024 802 2122 842 nos
2153 788 2312 842 dictis
2342 788 2487 843 illius
2520 800 2887 861 repugnantes
2914 796 3210 851 secundum
3257 798 3441 856 subsi-

1843 877 2096 932 stentiam
2139 879 2400 933 unitatem
2437 881 2668 936 dicimus
2712 881 2952 949 factum;
2993 885 3098 941 hoc
3134 889 3433 947 secundum

1841 969 2284 1036 subsistentiam,
2331 971 2468 1026 nihil
2511 972 2658 1027 aliud
2703 975 3087 1040 declarantes,
3138 979 3249 1034 nisi
3288 983 3433 1052 quod

1842 1061 1955 1115 sola
2010 1062 2172 1118 Verbi
2220 1073 2413 1118 natura
2459 1065 2574 1120 sive
2623 1068 2972 1124 subsistentia
3004 1111 3018 1136 ,
3062 1072 3206 1140 quod
3256 1071 3432 1145 ipsum

1845 1153 2080 1207 Verbum
2124 1154 2376 1209 humanae
2413 1165 2624 1210 natura:
2663 1158 2961 1213 secundum
3001 1161 3429 1220 veritatemuui-

1841 1254 1977 1309 tum,
2007 1246 2124 1300 sine
2151 1245 2260 1300 ulla
2291 1249 2648 1302 conversione
2685 1257 2848 1320 atque
2883 1250 3223 1319 confusione,
3268 1253 3428 1311 sicuti

1840 1354 1984 1410 smpe
2033 1341 2292 1407 diximus,
2344 1357 2484 1396 unus
2536 1342 2876 1415 intelligitur,
2927 1355 2982 1401 et
3029 1357 3114 1401 est
3160 1345 3430 1416 Christus,

1841 1432 1988 1486 idem
2041 1432 2189 1488 Deus
2216 1442 2271 1488 et
2318 1435 2501 1488 homo.
2535 1455 2554 1487 ›
2614 1435 2748 1498 Item
2777 1438 2892 1507 ipse
2928 1455 2941 1490 :
2998 1456 3016 1489 ‹
3053 1438 3228 1494 Unum
3266 1449 3433 1512 atque

1839 1524 2089 1578 eumdem
2107 1526 2424 1591 adorantes;
2445 1527 2570 1594 quia
2584 1541 2692 1581 non
2706 1527 2940 1582 alienum
2953 1544 3150 1600 corpus
3169 1546 3199 1584 a
3227 1531 3428 1597 Verbo,

1839 1614 1935 1668 sed
1962 1613 2015 1667 ei
2037 1615 2211 1685 magis
2236 1621 2318 1669 est
2349 1616 2651 1685 preprium,
2682 1631 2805 1670 eum
2832 1632 2940 1686 quo
2967 1621 3223 1673 cons‘edet
3249 1619 3429 1688 Patri;

1840 1720 1945 1760 non
1978 1707 2118 1761 sicut
2145 1706 2357 1761 duobus
2385 1705 2511 1761 ﬁliis
2544 1707 2983 1773 consedentibus,
3016 1711 3109 1764 sed
3141 1711 3282 1766 sicut
3327 1726 3436 1769 uno

1841 1812 1963 1850 cum
1991 1811 2155 1851 carne
2175 1804 2400 1867 propter
2419 1798 2703 1852 unitatem.
2735 1796 2792 1853 Si
2821 1813 2952 1854 vero
2976 1799 3433 1858 subsistentiaicm

142 1896 312 1953 lunias
377 1897 693 1961 consilium,
744 1911 921 1966 neque
965 1895 1251 1951 consilium
1295 1892 1565 1958 Verbum;
1609 1893 1735 1961 quia
1767 1879 1813 1938 B
1842 1886 2104 1940 unitatem
2135 1901 2480 1953 recusamus,
2517 1888 2776 1942 irruimus
2805 1896 2863 1943 ut
2899 1887 3035 1945 duos
3066 1889 3208 1945 ﬁlios
3235 1891 3438 1960 pnedi-

143 1989 281 2044 sicut
328 2005 612 2058 nunquam
662 1988 764 2042 fuit
811 1989 929 2043 sine
954 1988 1153 2053 Verbo,
1202 1988 1281 2041 ita
1325 2001 1603 2056 nunquam
1634 1984 1736 2039 fuit

142 2084 251 2140 sine
283 2084 572 2153 sapientia,
627 2084 743 2138 sine
787 2082 1053 2148 consilio,
1111 2081 1230 2137 sine
1280 2080 1598 2145 voluntate,
1651 2077 1736 2134 vel

143 2173 390 2244 quidquid
421 2174 492 2228 de
521 2173 634 2228 Deo
662 2173 935 2229 veraciter
973 2172 1076 2227 dici
1108 2179 1309 2242 potest.
1392 2174 1396 2178 “

207 2263 292 2318 XI.
329 2263 442 2319 Nos
470 2274 656 2319 autem
681 2264 974 2319 Dominum
997 2273 1268 2328 nostrum,
1290 2264 1507 2317 unicum
1535 2261 1733 2316 Filium

144 2356 253 2422 Dei,
305 2358 448 2413 sicut
483 2371 677 2411 verum
718 2355 890 2412 Deum
926 2354 1285 2419 conﬁtemur,
1339 2355 1414 2408 ita
1457 2361 1514 2408 et
1547 2368 1736 2408 verum

144 2449 330 2505 Filium
377 2449 686 2515 credimus;
724 2449 852 2518 quia
884 2463 990 2502 non
1039 2456 1123 2503 est
1159 2446 1300 2502 alter
1340 2462 1406 2500 ex
1447 2454 1635 2515 patre,
1683 2455 1738 2502 et

147 2540 273 2596 alter
300 2557 368 2596 ex
394 2550 605 2604 matre;
638 2540 766 2596 licet
795 2537 941 2594 aliud
966 2539 1038 2594 sit
1066 2537 1345 2604 divinitas,
1374 2545 1428 2593 et
1462 2537 1607 2592 aliud
1637 2538 1737 2592 hu-

146 2633 402 2696 manitas;
441 2632 541 2687 sed
572 2631 713 2686 idem
746 2632 802 2686 in
830 2639 1066 2700 utroque
1100 2645 1242 2684 unus
1266 2639 1322 2684 et
1349 2645 1537 2696 verus,
1575 2629 1737 2685 beato

147 2722 340 2796 Cyrillo
387 2741 492 2781 nos
522 2725 598 2780 ita
648 2725 917 2780 docente:
965 2742 983 2775 ‹
1025 2722 1173 2779 Unus
1208 2738 1341 2794 ergo
1368 2721 1560 2788 Filius,
1597 2739 1739 2778 unus

146 2816 398 2873 Dominus
453 2815 611 2872 Iesus
663 2816 934 2883 Christus,
996 2825 1052 2872 et
1096 2824 1224 2871 ante
1279 2814 1734 2885 incarnationem,

143 2915 330 2976 etpost
356 2907 816 2962 incarnationem.
844 2905 964 2961 Non
1003 2906 1150 2961 enim
1175 2904 1314 2961 alter
1335 2914 1419 2961 est
1448 2903 1588 2960 ﬁlius
1612 2904 1741 2959 Ver-

144 2997 264 3053 bum
292 2999 389 3054 Dei
420 2999 620 3064 Patris,
666 3009 722 3054 et
761 2999 900 3054 alter
925 3000 1126 3054 iterum
1157 2998 1249 3068 qui
1293 2999 1360 3053 de
1403 3006 1592 3053 sancta
1625 2998 1739 3051 Vir-

147 3089 259 3157 gine
297 3099 460 3145 natus
487 3099 602 3155 est;
633 3090 729 3144 sed
775 3089 919 3145 idem
970 3090 1085 3160 ipse
1113 3089 1206 3160 qui
1249 3098 1335 3144 est
1381 3097 1505 3143 ante
1541 3086 1736 3143 saecula

165 3179 316 3245 Deus,
360 3181 530 3236 etiam
555 3181 854 3236 secundum
878 3195 1098 3236 carnem
1131 3197 1200 3236 ex
1237 3180 1466 3234 muliere
1494 3179 1737 3234 creditur

144 3268 312 3324 editus
353 3287 364 3322 :
412 3285 522 3324 non
569 3271 713 3340 quod
747 3287 812 3326 ex
859 3286 922 3326 ea
952 3270 1165 3326 initium
1205 3270 1380 3326 deitas
1417 3267 1533 3338 ejus
1581 3283 1737 3324 acce-

146 3357 276 3427 perit
306 3367 363 3412 ut
390 3359 482 3425 sit,
535 3369 628 3414 aut
673 3360 1005 3416 subsistendi
1055 3362 1384 3431 principium
1436 3362 1503 3416 de
1547 3371 1738 3415 sancta

146 3448 342 3519 virgine
368 3451 696 3521 sumpserit;
727 3452 822 3506 sed
846 3453 1060 3523 potius,
1086 3459 1145 3505 ut
1167 3452 1301 3516 dixi,
1328 3453 1472 3521 quod
1496 3452 1739 3508 Verbum

148 3540 436 3596 subsistens
461 3548 589 3596 ante
615 3540 834 3605 saecula,
869 3544 1169 3597 secundum
1189 3555 1412 3596 carnem
1443 3540 1646 3597 dicitur
1672 3556 1738 3595 ex

147 3644 204 3683 ea
228 3631 587 3701 progenitum.
609 3630 836 3702 Propria
860 3633 1006 3686 enim
1031 3630 1174 3686 facta
1203 3642 1288 3686 est
1307 3631 1424 3700 ejus
1448 3647 1597 3694 caro,
1628 3632 1738 3686 sic-

153 3729 280 3777 utet
324 3721 552 3793 singulis
598 3723 754 3777 nobis
778 3730 860 3778 est
894 3723 1174 3794 proprium
1205 3737 1422 3792 corpus.
1457 3742 1474 3774 ι

213 3835 320 3890 XII.
362 3835 520 3904 Quod
549 3845 731 3891 autem
773 3843 918 3892 totus
945 3851 1110 3891 verus
1155 3835 1297 3890 Deus
1324 3835 1581 3889 credatur
1605 3875 1618 3898 ,
1664 3835 1738 3888 ita

151 3927 254 3998 ipse
301 3929 494 3984 beatus
539 3927 774 3999 Cyr-illus
822 3928 982 3982 docet
1025 3926 1246 3998 (Anam.
1301 3926 1387 3996 i):
1447 3945 1464 3976 ι
1503 3925 1562 3980 Si
1612 3925 1736 3993 quis

152 4033 248 4072 non
271 4019 557 4074 conﬁtetur
583 4017 756 4074 Deum
784 4033 905 4074 esse
932 4017 1231 4072 secundum
1275 4016 1564 4070 veritatem
1607 4016 1736 4069 Em-

154 4110 372 4177 manuel,
412 4118 466 4165 et
505 4119 792 4180 propterea
830 4109 928 4162 Dei
970 4108 1293 4179 genitricem
1337 4115 1584 4161 sanetam
1618 4107 1740 4194 Vir:

152 4205 314 4271 ginem
350 4204 603 4274 genuisse
640 4218 766 4257 cum
804 4201 1124 4266 carnaliter,
1168 4215 1392 4255 carnem
1434 4197 1640 4254 factum
1673 4189 1738 4252 ei;

155 4291 256 4347 Deo
284 4294 542 4359 Verbum,
593 4294 886 4348 anathema
939 4293 1031 4347 sit.
1069 4312 1087 4345 ι
1143 4291 1212 4346 Ει
1253 4291 1454 4346 iterum
1504 4290 1594 4361 (In
1639 4290 1741 4344 Dc-

154 4385 274 4439 clar.
301 4402 373 4441 xu
401 4384 610 4457 anulla.)
637 4400 654 4438 :
683 4384 924 4440 Dicimus
956 4391 1138 4439 autem
1166 4382 1322 4437 carni
1361 4381 1600 4436 animam
1642 4383 1740 4436 ha-

154 4476 290 4530 benti
315 4477 638 4532 rationalem
663 4475 871 4530 unitum
894 4475 1155 4536 Verbum,
1176 4471 1270 4527 sed
1299 4472 1444 4526 ultra
1473 4481 1735 4537 mentem,

153 4566 582 4631 etineﬁ‘abiliter,
627 4575 683 4621 et
708 4565 850 4621 sicut
879 4565 1026 4619 solus
1057 4564 1173 4633 ipse
1221 4563 1392 4619 novit.
1435 4562 1578 4634 Ergo
1615 4577 1738 4631 per-

157 4659 337 4712 mansit
366 4657 508 4713 Deus
538 4666 593 4712 et
641 4657 697 4710 in
747 4655 1120 4724 assumptione
1148 4653 1348 4716 carnis,
1399 4661 1455 4706 et
1485 4660 1569 4707 est
1599 4669 1738 4708 unus

156 4745 308 4802 Filius
333 4748 427 4803 Dei
458 4757 515 4803 et
544 4747 725 4802 Patris
743 4746 1008 4812 Dominus
1037 4754 1222 4799 noster
1250 4743 1414 4799 Iesus
1452 4743 1733 4806 Christus;

157 4840 285 4896 idem
313 4843 425 4911 ipse
456 4849 514 4896 et
540 4847 668 4894 ante
692 4854 853 4895 omne
892 4836 1150 4892 saeculum
1183 4844 1237 4890 et
1267 4844 1501 4906 tempus,
1538 4851 1738 4890 secun-

159 4931 271 4985 dum
314 4933 456 5004 quod
488 4932 808 5003 intelligitur
835 4929 1074 4984 Verbum
1107 4937 1160 4982 et
1203 4928 1455 4998 splendor
1483 4928 1737 4983 substan-

160 5023 237 5078 tia:
269 5023 402 5092 ejus,
445 5025 586 5079 etin
626 5022 938 5078 novissimis
988 5021 1327 5091 temporibus
1371 5020 1736 5090 dispensative

159 5115 304 5169 homo
329 5124 553 5186 propter
577 5130 695 5169 nos.
730 5134 748 5165 ι
780 5111 914 5167 Item
943 5112 1058 5182 ipse
1084 5130 1095 5164 :
1133 5129 1151 5161 ι
1183 5110 1384 5166 Factus
1410 5119 1493 5164 est
1518 5124 1645 5165 caro
1669 5124 1733 5162 ex

159 5204 258 5260 Deo
290 5205 448 5264 Patre
489 5207 748 5269 Verbum,
788 5221 896 5260 non
921 5219 1020 5273 per
1050 5203 1446 5264 transitionem,
1490 5211 1583 5256 aut
1607 5218 1737 5257 con-

160 5300 446 5354 versionem
493 5315 604 5354 sua:
643 5308 876 5361 naturae,
918 5297 1014 5352 sed
1057 5297 1336 5367 propriam
1378 5297 1583 5352 faciens
1614 5279 1734 5352 ear-

160 5403 268 5444 uem
319 5407 382 5446 ex
409 5398 599 5446 sancta
625 5390 847 5460 Virgine
893 5397 1198 5459 sumptam;
1231 5405 1481 5458 unusque
1512 5400 1565 5443 et
1592 5389 1732 5443 idem

161 5481 434 5550 appellatus
480 5481 640 5545 ﬁlius,
693 5489 820 5535 ante
868 5481 1315 5535 humanatiouem
1353 5481 1573 5550 quidem
1615 5481 1732 5535 sine

161 5585 309 5625 carne
365 5572 540 5626 adhuc
573 5572 832 5634 Verbum,
874 5578 996 5641 post
1047 5569 1552 5625 inhumanationem
1603 5588 1732 5627 vero

162 5660 289 5716 idem
339 5664 739 5734 iucorporatus.
777 5682 796 5714 ›
838 5661 970 5719 Item
1006 5662 1120 5731 ipse
1153 5661 1244 5732 (In
1270 5662 1390 5732 Dei.
1422 5678 1499 5716 xu
1543 5663 1727 5717 anatli.

162 5750 267 5804 adv.
301 5751 516 5816 Theod.,
546 5769 663 5822 cap.
693 5751 749 5822 2)
783 5770 795 5804 :
834 5771 851 5801 ι
886 5752 1136 5808 Nestorio
1165 5753 1328 5823 igitur
1359 5753 1560 5822 ubique
1582 5755 1730 5829 peri.-

164 5855 320 5897 tuente
346 5845 435 5899 Dei
468 5843 630 5897 Verbi
675 5844 971 5898 secundum
997 5857 1218 5898 carnem
1264 5843 1636 5909 nativitatem,
1674 5853 1727 5898 et

541 5939 818 6000 ΡΑτιιοι.
864 5935 1004 5999 CIV

1835 1990 2042 2030 cemus.
2076 1975 2308 2032 Necesse
2337 1988 2420 2032 est
2458 1979 2603 2032 enim
2644 1989 2843 2034 cuncta
2874 1980 3136 2046 dividere,
3172 1991 3227 2037 et
3255 1983 3438 2041 dicere

1838 2063 2111 2119 hominem
2132 2065 2352 2134 quidem
2369 2067 2678 2136 specialiter
2706 2067 2800 2122 ﬁlii
2829 2069 3137 2139 prredicari,
3166 2079 3222 2126 et
3244 2087 3437 2129 rursus

1838 2154 2147 2224 specialiter
2175 2155 2345 2210 Deum
2375 2156 2614 2212 Verbum
2649 2157 2744 2211 ﬁlii
2774 2174 2971 2214 nomen
3004 2170 3169 2230 atque
3197 2161 3438 2233 appella-

1838 2246 2040 2300 tionem
2077 2245 2402 2301 naturaliter
2436 2247 2659 2302 habere.
2697 2247 2813 2303 Non
2846 2265 2977 2320 ergo
3024 2251 3078 2304 in
3108 2251 3243 2308 duos
3293 2252 3433 2310 filios

1837 2349 1978 2388 unus
2007 2334 2273 2390 Dominus
2294 2333 2455 2390 Jesus
2491 2334 2743 2391 Christus
2778 2337 3097 2395 dividendus
3129 2350 3231 2396 est.
3273 2339 3434 2397 Nullo

1840 2427 2001 2482 modo
2024 2427 2168 2482 enim
2198 2436 2417 2499 oportet
2445 2430 2712 2485 rationem
2745 2439 2908 2486 recue
2954 2432 3074 2489 ﬁdei
3105 2435 3183 2491 sic
3210 2435 3433 2507 habere,

1839 2518 1933 2572 sed
1963 2531 2066 2572 nec
2111 2533 2470 2589 personarum
2503 2522 2786 2588 unitatem,
2821 2522 2962 2578 sicut
2999 2525 3164 2596 aliqui
3201 2526 3433 2598 opinan-

1838 2619 1948 2666 tur.
1985 2631 2005 2664 ›
2037 2611 2211 2666 Item:
2249 2631 2267 2664 (
2300 2613 2576 2668 Processit
2598 2615 2762 2670 homo
2783 2631 2850 2670 ex
2877 2615 3124 2683 muliere,
3153 2617 3296 2675 Deus
3313 2634 3438 2676 esse

1839 2717 1946 2780 non
1981 2703 2253 2771 desinens,
2290 2714 2345 2760 et
2365 2719 2431 2759 ex
2463 2707 2574 2761 Deo
2616 2705 2777 2762 Patre
2801 2722 2921 2763 esse
2949 2711 3296 2780 progenitus,
3337 2715 3434 2768 sed

1840 2792 1894 2847 in
1952 2795 2320 2866 assumptione
2368 2797 2569 2864 carnis,
2633 2799 2778 2868 quod
2826 2797 3005 2854 fuerat
3051 2816 3430 2870 perseverans.

1841 2886 1988 2940 Istud
2007 2886 2205 2958 allegat
2230 2888 2431 2958 ubique
2459 2889 2673 2945 subtilis
2709 2889 2832 2946 ﬁdei
2864 2891 3024 2948 ratio.
3064 2913 3082 2944 ι
3113 2891 3243 2948 Item
3274 2895 3431 2965 ipse:

1847 2996 1864 3026 ι
1899 2977 2036 3032 Cum
2076 2976 2358 3049 Scriptura
2385 2981 2647 3036 divinitus
2679 2982 2940 3051 inspirata
2981 2999 3145 3038 unum
3175 2983 3320 3043 dicat
3345 2985 3435 3045 Fi-

1843 3069 2008 3136 lium,
2059 3082 2222 3152 atque
2267 3073 2574 3128 Dominum.
2633 3076 2898 3143 Quocirca
2940 3087 3062 3146 post
3106 3077 3433 3136 ineffabilem

1786 3188 1788 3190 τ
1842 3168 2130 3227 unitatem,
2154 3163 2199 3218 si
2242 3163 2412 3218 Deum
2443 3167 2691 3223 nomines
2725 3167 3065 3235 Emmanuel,
3094 3169 3433 3227 incarnatum

1842 3261 1897 3308 et
1925 3253 2202 3308 hominem
2229 3254 2434 3311 factum
2480 3257 2833 3329 intelligimus
2873 3276 2972 3316 nos
3010 3277 3078 3316 ex
3120 3263 3231 3318 Deo
3272 3262 3441 3319 Patre

1845 3345 2104 3401 Verbum.
2159 3347 2286 3400 Sive
2334 3350 2613 3404 hominem
2663 3352 2834 3419 dicas,
2890 3354 3247 3410 nihilominus
3284 3355 3434 3412 illum

1842 3434 2024 3516 ipsum
2041 3436 2097 3489 in
2122 3439 2395 3493 mensuris
2429 3440 2784 3496 humanitatis
2806 3444 3188 3514 participatum
3216 3445 3441 3516 dispen-

1843 3513 2018 3582 sa‘tive
2062 3529 2460 3597 cognoscimus.
2501 3529 2729 3586 Factum
2773 3548 2903 3589 vero
2934 3513 3163 3589 dicimus
3190 3513 3438 3606 palpabi-

1842 3614 1948 3670 Iem
1982 3617 2074 3684 qui
2113 3617 2474 3689 impalpabilis
2526 3630 2640 3688 est,
2693 3623 2962 3679 visibilem
3012 3625 3103 3695 qui
3151 3627 3437 3684 invisibilis

1842 3715 1944 3761 est.
1981 3705 2097 3762 Non
2129 3709 2272 3761 enim
2307 3707 2406 3763 fuit
2432 3717 2754 3766 extraneum
2776 3714 2826 3768 ei
2858 3715 3069 3768 unitum
3093 3715 3195 3785 ipsi
3216 3729 3431 3787 corpus,

1843 3798 1986 3867 quod
2021 3800 2188 3855 etiam
2224 3801 2455 3858 dicimus
2488 3818 2610 3858 esse
2656 3805 2924 3876 palpabile
2973 3815 3028 3861 et
3063 3807 3296 3864 visibile.
3325 3809 3438 3884 Qui

1842 3899 2024 3946 autem
2063 3892 2137 3946 ita
2190 3909 2299 3948 non
2345 3895 2596 3961 credunt,
2656 3897 2999 3969 distinguunt
3044 3908 3246 3966 autem,
3297 3901 3445 3958 sicut

1844 3984 1979 4049 dixi,
2013 3986 2397 4042 subsistentias
2427 3998 2552 4057 post
2582 3990 2869 4058 unitatem,
2900 4003 2956 4047 et
2984 4009 3175 4064 puram
3218 3995 3299 4051 eis
3347 4010 3433 4051 co-

1843 4073 2172 4145 puiationem
2211 4078 2624 4151 subintelligunt
2653 4082 2951 4137 secundum
2989 4084 3160 4140 solam
3204 4086 3440 4157 dignita—

1847 4176 1955 4222 tem
1992 4169 2106 4224 sive
2141 4171 2541 4238 auctoritatem,
2578 4172 2780 4228 alienat
2809 4188 2904 4228 eos
2935 4174 3002 4228 ab
3036 4175 3122 4231 his
3148 4176 3241 4246 qui
3286 4183 3438 4232 recte

1845 4275 2038 4329 sapere
2073 4273 2479 4317 consueverunt
2505 4279 2743 4333 prmsens
2778 4266 3289 4321 anathematismus.
3322 4286 3343 4318 ι

1916 4351 2048 4406 XIII.
2109 4352 2412 4425 lnterrogat
2460 4355 2613 4411 Felix
2663 4376 2674 4410 :
2738 4377 2755 4409 ί
2816 4357 3009 4413 Utrum
3057 4357 3226 4414 Maria
3283 4359 3438 4430 virgo

1849 4447 2016 4500 Deum
2045 4456 2102 4500 et
2137 4449 2432 4512 hominem,
2465 4449 2608 4502 sicut
2636 4449 2862 4518 pariter,
2894 4448 2970 4502 ita
2993 4457 3049 4503 et
3072 4448 3326 4504 similiter
3347 4464 3440 4521 ge-

1850 4536 1995 4600 nuit,
2029 4551 2099 4589 an
2131 4537 2290 4592 aliter
2315 4537 2550 4607 genitrix
2578 4538 2816 4604 deitatis,
2853 4546 2908 4593 et
2942 4538 3099 4594 aliter
3133 4540 3439 4595 humanita-

1764 4611 1818 4670 Β
1847 4626 1915 4681 tis
1943 4642 2065 4681 esse
2096 4629 2372 4682 credatur.
2420 4649 2437 4680 ι
2489 4628 2906 4700 Respondetque
2948 4630 3164 4685 sibimet
3209 4631 3309 4701 ipsi
3355 4630 3439 4688 di-

1846 4732 1977 4772 cens
2005 4736 2017 4770 :
2058 4736 2075 4767 (
2107 4717 2258 4772 Licet
2288 4718 2476 4772 eadem
2509 4718 2743 4789 gloriosa
2776 4718 2941 4792 Virgo
2968 4720 3063 4775 Dei
3100 4729 3154 4775 et
3201 4720 3436 4778 hominis

1847 4811 2080 4880 genitrix
2107 4809 2336 4864 ﬁdeliter
2365 4807 2641 4876 credatur,
2667 4809 2823 4865 aliter
2848 4820 3029 4866 tamen
3061 4809 3157 4864 Dei
3178 4810 3431 4881 genitrix,

1846 4909 1899 4953 et
1928 4899 2089 4955 aliter
2120 4899 2354 4953 hominis
2383 4908 2529 4954 recte
2555 4898 2858 4970 proﬁtetur.
2895 4921 2913 4953 ›

1913 5013 2052 5067 XIV.
2090 5012 2171 5067 Ad
2225 5013 2340 5067 hzec
2371 5013 2536 5067 verba
2571 5029 2668 5067 nos
2699 5014 3090 5084 respondemus
3136 5017 3280 5086 quod
3330 5032 3436 5070 non

1839 5103 2018 5159 solum
2066 5105 2174 5157 sint
2202 5103 2520 5174 blaSphema
2555 5113 2610 5159 et
2660 5106 2806 5159 omni
2853 5105 2977 5160 odio
3021 5107 3214 5178 digna,
3248 5122 3434 5162 verum

1840 5193 2008 5248 etiam
2056 5209 2195 5249 nova
2245 5202 2299 5247 et
2331 5194 2594 5248 inaudita.
2635 5192 2914 5259 Quomodo
2943 5196 3085 5249 enim
3133 5196 3292 5251 aliter
3338 5195 3435 5252 Dei

1841 5284 2100 5354 genitrix,
2130 5291 2184 5338 et
2215 5283 2376 5337 aliter
2407 5283 2641 5338 hominis
2671 5299 2792 5338 esse
2823 5284 3034 5353 potuit?
3065 5285 3224 5340 Certe
3263 5284 3433 5341 Deum

1842 5375 2029 5448 genuit
2055 5375 2417 5439 incarnatum,
2451 5375 2537 5429 cui
2567 5376 2660 5430 uni
2691 5391 2800 5430 uno
2828 5383 2912 5430 est
2960 5377 3119 5430 modo
3165 5377 3397 5448 genitrix
3418 5417 3434 5441 ,

1843 5485 1950 5524 non
1999 5468 2236 5534 duobus;
2269 5483 2335 5523 eo
2381 5468 2589 5523 scilicet
2622 5484 2730 5537 quo
2765 5469 2907 5523 Deus
2938 5468 2991 5522 in
3020 5468 3110 5522 illa
3147 5478 3203 5523 et
3237 5483 3305 5524 ex
3342 5469 3435 5525 illa

1843 5556 2019 5616 factus
2049 5568 2104 5614 et
2132 5569 2294 5615 natus
2324 5569 2408 5615 est
2450 5562 2632 5614 homo.
2665 5559 2777 5614 Nec
2811 5569 2896 5614 est
2922 5575 3053 5613 usus
3096 5559 3394 5615 catholicus
3417 5602 3430 5626 ,

1842 5653 2078 5708 hominis
2103 5667 2223 5706 eam
2251 5651 2570 5721 genitricem
2617 5652 2923 5716 nominare,
2953 5651 3046 5705 sed
3081 5666 3296 5723 semper
3333 5650 3428 5709 Dei

1841 5745 2179 5816 genitricem.
2223 5744 2279 5798 Si
2315 5742 2464 5798 Deus
2492 5743 2653 5798 homo
2686 5743 2880 5809 factus,
2910 5759 2974 5797 ex
3003 5743 3088 5797 illa
3123 5754 3282 5798 natus
3308 5754 3394 5799 est
3414 5785 3430 5810 ,

1839 5839 2048 5894 duobus
2077 5839 2262 5907 utique
2291 5838 2464 5893 modis
2495 5853 2598 5892 non
2630 5847 2710 5894 est
2748 5847 2924 5892 natus.
2975 5835 3110 5889 Nam
3143 5837 3188 5890 si
3217 5836 3431 5894 duobus

2952 5928 2992 5985 2
