3918 6336
487 390 556 442 63
1467 387 1523 440 S.
1568 386 1921 443 AGOBABDI
1962 385 2269 444 EPISCOPI
2311 390 2802 450 LUGDUNENSIS
3712 396 3780 454 16

491 501 664 556 modis
713 505 1050 562 nasceretur,
1097 496 1307 551 duabus
1353 506 1409 552 et
1448 497 1661 553 vicibus
1710 507 2030 554 nasceretur
2067 513 2080 551 :
2113 502 2164 561 Λ
2190 501 2295 554 culi
2322 501 2654 571 temporibus
2683 503 2984 570 inconfuse,
3011 505 3498 562 inconvertibiliter
3525 523 3594 562 ex
3622 507 3785 564 vulva

490 589 637 663 quod
670 586 777 644 dici
804 585 958 643 nefas
987 595 1091 642 est.
1123 586 1236 642 lino
1264 587 1309 642 si
1337 585 1493 642 aliter
1525 587 1669 645 Deus
1693 603 1759 645 ex
1791 603 1876 655 ea,
1909 597 1965 645 et
1989 589 2083 644 ali-

493 696 578 742 ter
602 685 768 740 homo
803 690 964 738 natus
999 690 1116 748 est;
1148 681 1253 738 duo
1281 691 1431 749 sunt,
1461 681 1600 738 alter
1643 682 1808 749 Deus,
1851 693 1908 738 et
1951 683 2088 739 alter

493 779 680 842 homo,
728 773 784 831 id
810 781 914 842 est,
945 789 1053 830 non
1095 773 1237 830 idem
1281 773 1426 830 Deus
1452 775 1544 844 qui
1582 774 1766 841 homo,
1802 791 1905 831 nec
1943 775 2085 832 idem

494 871 660 925 homo
685 866 778 938 qui
802 864 964 922 Deus.
996 864 1280 922 Nestorius
1304 866 1616 932 haereticus,
1646 867 1737 936 qui
1774 866 1849 921 ita
1884 866 2085 931 sensit,

493 976 605 1017 non
649 957 787 1015 dixit
833 957 1002 1012 Deum
1052 972 1120 1013 ex
1152 956 1324 1013 Maria
1374 967 1584 1022 natum,
1635 957 1738 1013 sed
1787 958 2086 1024 hominem,

494 1065 561 1105 ex
606 1049 816 1105 semine
871 1046 1065 1104 David.
1115 1046 1223 1103 Iste
1281 1055 1483 1112 autem,
1534 1047 1581 1103 si
1649 1046 1949 1105 catholicus
1998 1063 2089 1103 es-

495 1147 600 1201 set.
646 1153 816 1194 unum
866 1139 1228 1209 eamdemque
1259 1153 1381 1195 esse
1421 1146 1478 1194 et
1520 1138 1693 1195 Deum
1733 1148 1788 1194 et
1813 1139 2089 1195 hominem

495 1238 550 1283 et
577 1244 747 1284 unum
780 1243 891 1284 uno
937 1228 1119 1293 modo,
1153 1237 1210 1284 et
1235 1228 1405 1287 semel
1430 1237 1642 1285 tantum
1682 1240 1868 1298 natum
1899 1233 2089 1287 crede-

497 1329 602 1376 ret.
637 1319 694 1376 Si
743 1325 925 1376 autem
966 1319 1112 1375 esset
1138 1317 1515 1387 Nestorianus,
1544 1331 1636 1376 aut
1677 1333 1703 1362 ει
1732 1321 2088 1388 Paulianista,

496 1411 611 1468 sive
629 1411 1007 1477 Photinianus,
1026 1410 1201 1466 solum
1227 1412 1504 1468 hominem
1534 1413 1781 1470 crederet
1813 1429 1881 1471 ex
1909 1430 1975 1470 ea
1996 1430 2092 1472 na-

497 1515 636 1571 tum,
678 1512 733 1559 et
778 1503 945 1560 semel
971 1511 1204 1558 tantum.
1243 1502 1399 1560 Nunc
1436 1513 1618 1561 autem
1646 1505 1774 1576 quia
1804 1506 1939 1562 dicit
1963 1521 2092 1562 san-

495 1601 640 1649 ctam
683 1593 959 1664 Virginem
989 1593 1146 1648 aliter
1177 1593 1271 1648 Dei
1319 1609 1442 1650 esse
1467 1595 1813 1667 genitricem,
1845 1604 1903 1652 et
1935 1595 2095 1652 aliter

496 1684 754 1750 hominis,
785 1699 885 1755 ego
911 1692 1043 1755 puto
1070 1684 1199 1756 quia
1243 1685 1384 1740 sicut
1430 1701 1534 1741 nec
1575 1686 1779 1742 usitato
1814 1702 1968 1742 more
2013 1686 2093 1742 lo-

496 1776 714 1847 quitur,
745 1775 818 1830 ita
867 1791 970 1831 nec
995 1775 1473 1833 catholico.-Certe
1511 1778 1765 1834 catholici
1793 1779 2092 1848 praedicant

2189 593 2401 648 unitum
2427 595 2585 649 carni
2614 595 2852 652 animam
2881 597 3100 652 babenti
3127 598 3466 667 rationalem,
3495 601 3684 671 sicque
3705 600 3788 658 fa-

2190 690 2336 737 ctum
2363 691 2610 739 nostrum
2638 687 2937 742 secundum
2968 688 3264 744 hominem.
3298 710 3318 742 ι

2262 774 2400 830 ΧΠ.
2439 775 2640 832 lterum
2669 786 2792 849 post
2826 779 3007 850 aliqua
3037 781 3425 855 interrogando
3450 783 3602 840 Felix
3639 800 3790 855 qum-

2189 865 2301 920 rit:
2342 884 2358 917 ι
2395 866 2588 922 Utrum
2629 867 2882 924 Christus
2910 869 3174 927 Dominus
3207 873 3263 928 in
3308 883 3542 945 utraque
3589 885 3788 930 natura

2191 957 2445 1012 similiter
2469 958 2543 1013 sit
2568 957 2738 1014 Filius
2769 959 2887 1026 Dei,
2917 976 2985 1015 an
3017 961 3357 1020 dissimiliter
3382 981 3397 1031 ;
3435 986 3453 1018 ι
3485 973 3542 1020 et
3566 965 3792 1036 subjun-

2192 1050 2270 1119 git
2293 1049 2694 1120 respondendo,
2729 1069 2747 1102 ι
2780 1067 2889 1107 non
2915 1051 3195 1119 similiter,
3225 1055 3322 1110 sed
3366 1055 3727 1112 dissimiliter.
3766 1076 3784 1109 ι

2192 1137 2395 1205 Quaerit
2435 1140 2629 1196 deinde
2666 1157 2774 1212 quo
2810 1144 3002 1198 ordine
3051 1145 3105 1200 id
3138 1144 3233 1200 fiat
3264 1164 3277 1200 :
3310 1154 3367 1201 et
3409 1149 3792 1218 respondendo

2194 1228 2428 1284 affirmat
2450 1231 2635 1286 dicens
2663 1250 2674 1285 :
2711 1250 2729 1282 ‹
2761 1232 2898 1300 Quia
2923 1234 3064 1289 sicut
3094 1235 3149 1290 in
3180 1250 3240 1291 se
3267 1237 3515 1294 continet
3540 1239 3679 1294 duas
3703 1256 3794 1295 na-

2195 1331 2367 1388 turas,
2420 1323 2473 1377 id
2506 1331 2590 1378 est
2615 1365 2630 1390 ,
2675 1323 2976 1382 divinitatis
3021 1342 3160 1393 suae,
3199 1337 3254 1384 et
3293 1329 3652 1387 humanitatis
3695 1349 3794 1388 no-

2194 1420 2342 1480 stra,
2379 1412 2454 1468 ita
2499 1411 2712 1470 duobus
2745 1415 2924 1472 modis
2963 1431 3106 1473 unus
3146 1418 3388 1476 creditur
3411 1419 3506 1474 Dei
3534 1419 3727 1476 Filius.
3769 1443 3786 1474 ι

2193 1501 2250 1557 ln
2291 1517 2401 1573 quo
2443 1503 2564 1560 loco
2586 1504 2815 1561 obsecro
2842 1513 2899 1561 et
2925 1507 3196 1562 admoneo
3223 1506 3505 1572 lectorem,
3533 1508 3581 1563 si
3607 1517 3792 1563 tamen

2195 1592 2361 1650 fuerit
2383 1595 2478 1666 qui
2505 1594 2684 1666 legere
2713 1596 2988 1668 dignetur,
3015 1605 3074 1652 ut
3099 1606 3294 1668 penset
3321 1604 3526 1653 attente
3549 1597 3697 1668 quod
3722 1598 3798 1653 di:

2193 1686 2353 1740 citur.
2388 1685 2564 1756 Supra
2590 1687 2726 1742 dixit
2751 1695 2995 1746 sanctam
3025 1687 3303 1758 Virginem
3342 1688 3504 1743 aliter
3526 1689 3620 1745 Dei
3647 1705 3794 1754 esse,
3883 1690 3886 1754 ί

2193 1783 2250 1828 et
2302 1776 2461 1829 aliter
2506 1776 2748 1831 hominis
2803 1777 3145 1848 genitricem.
3202 1777 3358 1833 Nunc
3402 1778 3535 1832 dicit
3582 1779 3798 1833 duobus

495 1865 786 1922 Dominum
815 1880 916 1921 nec
945 1865 1000 1920 in
1037 1865 1321 1921 divinitate
1358 1866 1565 1923 habere
1601 1877 1859 1934 matrem,
1888 1883 1990 1924 nec
2036 1868 2092 1923 in
2121 1879 2168 1938 Β
2200 1865 2374 1920 modis
2414 1880 2537 1920 esse
2587 1865 2785 1921 Filium
2839 1866 2935 1921 Dei
2979 1867 3269 1923 Dominum
3309 1876 3557 1923 nostrum
3585 1908 3600 1933 ,
3642 1876 3703 1922 et
3745 1868 3799 1922 in

497 1956 838 2012 humanitate
861 1965 1093 2026 patrem.
1129 1956 1236 2012 Iste
1283 1966 1466 2012 autem
1504 1973 1613 2028 qua
1655 1959 1870 2014 ratione
1899 1974 2095 2029 seque-

496 2046 721 2102 strando
749 2046 818 2101 ab
848 2045 1189 2101 humanitate
1213 2045 1577 2115 divinitatem,
1605 2047 1767 2102 aliter
1801 2062 1922 2104 eam
1961 2047 2094 2111 Dei,

497 2146 554 2192 et
599 2136 757 2191 aliter
781 2136 1022 2191 hominis
1051 2137 1371 2206 genitricem
1422 2152 1544 2194 esse
1577 2139 1771 2206 credit,
1808 2147 1863 2194 et
1911 2139 2002 2194 hic
2029 2153 2097 2194 ex

496 2237 652 2301 parte
681 2228 858 2300 aperit
901 2228 1133 2283 dicendo
1164 2248 1176 2282 :
1221 2246 1239 2278 ι
1270 2228 1475 2283 Natura
1503 2229 1702 2301 quippe
1743 2230 2098 2286 humanitatis

499 2328 791 2392 assumpta:
824 2321 1102 2390 propriam
1139 2333 1260 2372 eam
1291 2334 1413 2374 esse
1441 2319 1796 2390 genitricem,
1834 2319 1930 2374 Dei
1967 2335 2099 2376 vero

499 2421 731 2466 matrem
762 2410 937 2483 gratia
965 2417 1022 2465 et
1056 2395 1372 2482 dignatione
1404 2410 1710 2466 divinitatis
1737 2409 1961 2477 factam,
1993 2431 2011 2463 ι
2045 2420 2104 2466 et

500 2502 553 2556 in
583 2501 1042 2572 subsequentibus
1071 2509 1127 2555 et
1165 2500 1320 2572 pejus
1355 2509 1409 2556 et
1437 2501 1744 2556 evidentius
1773 2499 2095 2572 patefaciet,

499 2594 589 2646 ubi
622 2598 676 2647 et
704 2601 802 2647 nos
831 2592 1189 2663 opportunius
1217 2593 1283 2646 ad
1311 2593 1416 2648 ista
1458 2594 1773 2663 responsuri
1807 2608 2013 2648 sumus.

565 2679 679 2736 XV.
724 2681 882 2737 Nunc
908 2689 1089 2736 autem
1124 2677 1253 2751 quia
1287 2680 1449 2736 aliter
1472 2680 1570 2736 Dei
1593 2689 1649 2737 et
1675 2682 1833 2736 aliter
1862 2681 2100 2738 hominis

496 2788 617 2828 eam
647 2773 967 2845 genitricem
993 2772 1125 2828 dicit
1148 2787 1286 2836 esse,
1316 2788 1441 2827 cum
1469 2789 1750 2844 nunquam
1783 2773 1955 2835 fuerit
1969 2789 2101 2829 usus

500 2867 553 2920 in
585 2864 799 2919 ratione
847 2861 970 2918 fidei
998 2863 1236 2919 hominis
1279 2877 1403 2919 eam
1438 2863 1764 2933 genitricem
1792 2865 2095 2931 nominari;

497 2956 695 3024 quippe
718 2967 842 3008 cum
859 2952 1218 3008 necmirabilc
1232 2952 1324 3020 sit,
1339 2968 1464 3008 cum
1489 2961 1640 3010 certe
1659 2953 1903 3009 omnium
1925 2955 2102 3010 homi-

498 3061 626 3101 rrum
640 3054 844 3101 matres
857 3045 1135 3100 hominum
1150 3045 1440 3116 genitrices
1453 3045 1676 3110 sint,illa
1690 3045 1922 3115 qualiter
1934 3046 2102 3100 homi-

498 3136 582 3193 nis
595 3135 747 3204 facti,
767 3136 819 3192 id
832 3136 1106 3201 est,Verbi
1124 3152 1252 3192 caro
1267 3134 1396 3191 facti
1423 3136 1658 3208 genitrix
1672 3136 2017 3206 praedicetur,
2031 3153 2099 3192 ex

498 3319 805 3390 praecipuus
842 3317 933 3373 ille
947 3326 1286 3389 expugnator
1312 3315 1651 3371 Nestorianze
1680 3317 1979 3386 impietatis
2003 3317 2099 3372 do-

499 3409 775 3463 ctissimus
795 3415 849 3462 et
872 3406 1221 3463 beatissimus
1239 3406 1500 3478 Cyrillus:
1526 3425 1543 3457 ι
1568 3406 1917 3461 Aﬂirmamus
1934 3406 2100 3477 igitur

499 3514 566 3551 cx
596 3496 708 3552 Deo
733 3504 888 3566 patre
911 3494 1148 3550 Verbum
1181 3497 1235 3550 in
1267 3496 1643 3564 assumptione
1693 3494 1921 3559 factum,
1967 3511 2097 3549 san-

501 3599 603 3645 eta:
630 3597 686 3644 et
717 3591 973 3643 animata:
999 3589 1150 3642 carni
1195 3588 1430 3653 unitum,
1468 3586 1762 3642 secundum
1812 3588 2098 3642 veritatem

502 3683 784 3739 inconfnse
815 3695 880 3736 ex
910 3679 1068 3734 vulva
1105 3680 1220 3750 ipsa
1261 3679 1600 3748 processisse
1634 3677 1930 3742 hominem,
1969 3692 2096 3747 per-

504 3774 767 3830 mansisse
807 3780 990 3826 autem
1034 3771 1201 3826 etiam
1230 3771 1528 3825 secundum
1567 3769 1826 3825 Verbum.
1866 3769 2100 3838 Ideoque

501 3873 558 3919 et
585 3863 679 3919 Dei
706 3862 943 3935 genitrix
986 3869 1071 3916 est
1109 3869 1297 3916 sancta
1328 3846 1524 3931 Virgo.
1548 3858 1890 3930 Superfluum
1917 3867 2100 3914 autem

503 3955 739 4011 arbitror
765 3963 1020 4024 oportere
1044 3953 1485 4017 existimandum,
1517 3960 1572 4008 et
1597 3952 1833 4006 hominis
1877 3952 2099 4022 genitri-

501 4061 624 4102 cem
649 4059 770 4100 eaxn
812 4045 940 4102 dici.
973 4044 1255 4115 Siquidem
1286 4051 1473 4098 essent
1515 4042 1683 4113 aliqui
1715 4057 1782 4097 ex
1825 4043 1992 4097 multa
2018 4043 2101 4097 ni-

503 4137 607 4193 mis
634 4135 878 4202 vesania,
902 4137 994 4206 qui
1015 4135 1261 4190 dicerent
1285 4134 1381 4189 Dei
1405 4133 1568 4189 Verbi
1595 4142 1867 4197 naturam,
1895 4131 2099 4188 fontem

503 4225 672 4282 veluti
701 4226 992 4296 quemdam
1024 4234 1078 4281 et
1109 4225 1342 4296 propria:
1373 4225 1624 4279 essentice
1650 4225 1977 4296 principium
2003 4225 2100 4278 ba-

507 4320 690 4386 buisse
716 4334 960 4373 carnem.
999 4317 1163 4373 Forte
1188 4317 1382 4372 fuisset
1411 4316 1704 4387 aliquando
1727 4332 1833 4371 non
1863 4317 2099 4372 absurda

505 4421 560 4466 et
587 4411 988 4466 contemnenda
1017 4410 1154 4466 ratio
1181 4409 1491 4464 volentibus
1517 4424 1639 4463 eam
1669 4410 1833 4464 etiam
1866 4409 2101 4463 hominis

504 4503 774 4559 nominari
803 4512 1057 4574 oportere
1097 4501 1436 4574 genitricem.
1478 4502 1615 4569 Quia
1653 4515 1784 4556 vero
1817 4501 2098 4556 abomina-

2199 1955 2331 2025 ipsis
2379 1955 2737 2010 dissimiliter.
2782 1956 2924 2012 Ecce
2974 1967 3210 2027 quatuor
3259 1959 3425 2024 modi,
3464 1967 3518 2014 ct
3555 1949 3699 2014 inter
3741 1975 3800 2014 se

2199 2043 2492 2100 dissimiles
2518 2085 2533 2110 ,
2570 2044 2767 2115 quibus
2805 2046 2936 2101 dicit
2971 2047 3261 2102 Dominum
3309 2062 3430 2102 esse
3459 2046 3655 2102 Filium
3700 2047 3799 2103 Dei

2198 2134 2418 2201 Patris,
2480 2144 2538 2190 et
2580 2135 2816 2191 hominis
2861 2137 3072 2192 matris.
3131 2137 3387 2193 Forsitan
3445 2139 3537 2208 qui
3593 2138 3798 2209 plura,

2201 2242 2368 2298 quam
2429 2242 2549 2298 ego,
2589 2226 2740 2300 legit,
2791 2229 2998 2284 invenit
3035 2229 3241 2300 aliquid
3291 2231 3419 2287 huic
3462 2233 3541 2287 rei
3594 2223 3800 2289 simile.

2199 2318 2314 2390 Ego
2357 2326 2540 2382 tamen
2580 2335 2760 2391 neque
2802 2322 2858 2376 in
2899 2322 3171 2378 catholico
3209 2339 3388 2394 neque
3432 2325 3486 2379 in
3536 2325 3803 2381 haeretico

2200 2410 2452 2483 dogmate
2491 2411 2866 2482 hujuscemodi
2908 2429 3024 2469 rem
3067 2415 3265 2486 legisse
3293 2433 3380 2472 me
3407 2418 3550 2472 novi.
3589 2417 3698 2473 Sed
3724 2417 3804 2472 in-

2201 2503 2497 2573 spiciamus
2533 2513 2589 2558 et
2627 2505 2940 2573 sequentia,
2975 2513 3234 2562 utrumne
3274 2508 3342 2563 ad
3388 2508 3522 2563 istos
3561 2517 3805 2578 quatuor

2201 2595 2390 2650 modos
2425 2603 2480 2650 et
2510 2595 2646 2650 aliOS
2682 2596 2867 2666 plures
2908 2608 3125 2667 augeat.

2271 2685 2434 2742 XVII.
2488 2685 2796 2757 lnterrogat
2851 2687 3034 2758 itaque
3074 2688 3228 2744 Felix
3270 2690 3458 2747 dicens
3492 2710 3503 2744 :
3545 2711 3562 2742 ι
3599 2691 3803 2747 Ρτοεθο

2200 2793 2371 2848 quere
2412 2777 2610 2848 quibus
2646 2777 2968 2834 subauditur
3007 2778 3183 2834 modis
3227 2799 3239 2834 :
3279 2799 3299 2832 ι
3329 2780 3398 2837 et'
3421 2783 3804 2852 respondendo

2203 2869 2478 2941 snbjungit
2508 2887 2520 2923 :
2567 2887 2584 2920 ι
2607 2867 2926 2925 Secundum
2953 2869 3257 2928 divinitatis
3286 2873 3583 2927 essentiam
3605 2915 3620 2939 ,
3648 2883 3816 2928 natu-

2203 2973 2262 3012 ra
2285 2999 2300 3024 ,
2336 2958 2588 3024 veritate,
2613 2958 2951 3029 proprietate
2972 2999 2986 3024 ,
3019 2974 3217 3031 genere
3235 3001 3249 3027 ,
3294 2961 3608 3027 nativitate,
3636 2972 3804 3033 atque

2205 3049 2508 3103 substantia
2543 3067 2556 3103 :
2581 3048 2736 3118 juxta
2788 3050 3187 3104 humanitatem
3242 3066 3374 3106 vero
3425 3067 3535 3107 non
3579 3062 3805 3113 natura.

2204 3140 2304 3206 ait,
2333 3139 2429 3195 sed
2455 3141 2631 3212 gratia
2650 3181 2666 3207 ,
2708 3139 2998 3207 electione,
3028 3141 3308 3198 voluntate
3327 3183 3341 3204 .
3371 3142 3572 3214 placito
3594 3183 3609 3211 ,
3657 3160 3805 3214 prm-
3887 3139 3889 3214 ἓ

499 3240 811 3284 sanctorum
849 3227 1074 3283 Patrum
1108 3228 1392 3283 sententiis
1423 3227 1833 3281 audiamus.Ait
1860 3241 2097 3295 namque
2125 3230 2169 3291 C
2201 3231 2588 3297 destinatione,
2612 3232 3007 3302 assumptione,
3035 3239 3091 3288 et
3111 3240 3333 3299 caetera,
3361 3232 3572 3303 inquit,
3604 3233 3692 3288 bis
3735 3236 3805 3290 si-
3888 3227 3889 3300 1

2204 3322 2372 3376 milia.
2408 3342 2426 3374 ι
2461 3322 2599 3377 Ecce
2623 3323 2749 3378 dum
2779 3332 3013 3393 quatuor
3031 3329 3350 3397 prazdicarct
3379 3332 3571 3386 modos
3598 3331 3804 3386 nativi—

2203 3414 2334 3470 tatis
2371 3415 2678 3481 dominicae,
2706 3416 2841 3472 duos
2865 3432 2933 3472 ex
2980 3428 3156 3477 matre
3187 3422 3418 3494 virgine,
3449 3424 3584 3479 duos
3615 3439 3681 3478 ex
3710 3423 3805 3491 Pa-

2203 3511 2289 3558 tre
2315 3504 2446 3569 Deo,
2471 3506 2677 3560 inventi
2703 3505 2815 3575 jam
2839 3517 2966 3562 sunt
2987 3509 3297 3577 duodecim,
3327 3528 3422 3567 sex
3447 3513 3705 3569 videlicet
3739 3531 3807 3570 ex

2203 3593 2455 3660 Patre,et
2476 3612 2572 3651 sex
2596 3613 2661 3652 ex
2687 3606 2882 3653 matre.
2915 3598 3033 3668 Qua
3065 3609 3245 3656 autem
3277 3600 3442 3656 faciat
3465 3604 3805 3668 intentione.

2201 3686 2341 3742 bene
2370 3686 2843 3742 considerantibus
2871 3691 3215 3759 perspicuum
3251 3700 3358 3757 est,
3393 3693 3651 3748 videlicet
3674 3692 3805 3764 quia

2203 3785 2400 3832 cuncta
2430 3793 2549 3848 quae
2571 3778 2851 3832 nativitati
2881 3779 3186 3835 divinitatis
3214 3781 3428 3848 tribuit,
3473 3782 3805 3838 humanitati

2204 3870 2414 3925 adimit.
2457 3869 2611 3937 Quod
2651 3869 2696 3924 si
2743 3878 3032 3940 propterea
3079 3871 3320 3938 fecisset,
3373 3881 3434 3927 ut
3489 3873 3806 3929 ostenderet

2203 3959 2350 4016 aliud
2378 3974 2500 4015 esse
2531 3959 2950 4025 humanitatem,
2983 3959 3128 4014 aliud
3169 3961 3537 4029 divinitatem,
3572 3962 3805 4018 haberet

2202 4050 2444 4120 profecto
2481 4049 2779 4105 faciliorem
2827 4058 2883 4104 et
2936 4051 3285 4105 usitatiorem
3333 4052 3588 4122 loquendi
3618 4061 3806 4122 pater—

2204 4157 2334 4196 num
2377 4142 2616 4206 modum,
2646 4158 2752 4212 quo
2781 4142 2835 4197 id
2862 4143 3152 4198 ostendere
3194 4145 3462 4212 potuisset
3496 4164 3506 4197 :
3543 4159 3704 4213 quem
3760 4146 3805 4200 si

2204 4241 2423 4289 secutus
2462 4232 2678 4299 fuisset,
2711 4250 2811 4289 nec
2843 4249 2982 4288 nova
3030 4235 3272 4300 diceret,
3322 4250 3423 4290 nec
3455 4236 3804 4293 mendacium

2205 4324 2528 4379 incurreret.
2562 4322 2803 4377 Diceado
2852 4338 3087 4393 namque
3142 4325 3444 4379 secundum
3493 4324 3807 4382 divinitatis

2203 4414 2500 4468 essentiam
2555 4412 2787 4466 veritate
2819 4426 2942 4468 esse
2981 4412 3204 4478 Filium,
3240 4421 3298 4468 et
3351 4415 3711 4484 proprietate,
3748 4426 3804 4471 et

2203 4505 2420 4560 caeteris
2449 4518 2568 4572 qua:
2597 4503 2671 4559 ibi
2697 4502 3009 4575 coniungit;
3047 4504 3164 4558 vult
3194 4519 3316 4559 eum
3345 4519 3466 4559 esse
3498 4506 3804 4561 secundum

505 4597 628 4652 bilis
669 4605 725 4651 et
763 4595 950 4650 odiosa
995 4595 1215 4664 quidem
1258 4587 1400 4658 apud
1447 4607 1637 4648 omnes
1666 4599 1756 4647 est
1793 4592 2100 4662 hujusmodi
2128 4581 2181 4640 D
2207 4597 2602 4651 humanitatem
2644 4610 2746 4651 nec
2776 4611 2989 4661 verum,
3022 4612 3120 4651 nec
3147 4598 3446 4667 proprium,
3479 4597 3575 4651 sed
3618 4611 3650 4651 e
3676 4613 3808 4653 con-

506 4687 798 4750 sententia,
860 4685 1287 4754 intelligiturque
1336 4697 1443 4736 non
1502 4682 1666 4736 aliter
1723 4682 1818 4737 Dei
1867 4681 2099 4751 gcnitrix

505 4789 692 4836 sancta
725 4780 911 4851 Virgo,
934 4778 1042 4833 nisi
1067 4778 1244 4848 primo
1269 4775 1575 4846 susceperit
1601 4775 1890 4844 quisquam
1919 4772 2099 4838 ﬁdem,

507 4878 612 4933 hoc
637 4884 741 4941 est,
763 4876 888 4944 quia
920 4873 1095 4929 factus
1127 4880 1213 4927 est
1239 4885 1392 4936 caro,
1418 4871 1520 4924 hoc
1548 4877 1652 4934 est,
1681 4869 1843 4924 homo
1865 4868 2104 4924 Verbum

507 4985 575 5024 ex
619 4967 729 5022 Deo
757 4967 942 5022 Patre.
991 4965 1109 5019 Non
1139 4964 1286 5018 enim
1326 4961 1729 5032 quodammodo
1760 4960 2101 5026 divinitatem

507 5058 730 5126 nudam,
762 5059 922 5116 sicuti
953 5059 1086 5122 dixi,
1111 5056 1529 5127 peperitVirgo.
1555 5052 1684 5120 Quae
1713 5053 1874 5121 hujus
1896 5053 2099 5106 instan-

511 5156 598 5208 nm
621 5153 837 5209 videtur
858 5152 1066 5205 utilitas
1089 5149 1381 5203 dicentium
1410 5154 1663 5217 Oportere
1687 5145 1956 5199 nominari
1978 5159 2099 5198 eam

509 5255 564 5299 et
609 5245 844 5299 hominis
887 5241 1226 5313 genitricem.
1274 5239 1402 5304 Sed,
1429 5240 1570 5294 sicut
1606 5245 1849 5308 apparet,
1881 5237 2100 5290 inventa

509 5335 760 5406 quzedam
789 5333 857 5387 ab
884 5334 964 5388 eis
991 5340 1073 5386 est
1098 5339 1287 5386 contra
1314 5330 1590 5386 Christum
1610 5330 1725 5383 haec
1747 5328 2099 5383 machinatio.

512 5428 630 5482 Non
656 5427 802 5481 enim
834 5425 1113 5495 patiuntur
1138 5437 1353 5493 sapere,
1379 5421 1462 5476 vel
1487 5421 1670 5476 dicere
1708 5421 1882 5490 ipsum
1914 5421 2004 5490 qui
2036 5436 2099 5475 ev

514 5517 624 5571 Deo
654 5515 812 5568 Patre
853 5522 936 5567 est
963 5519 1088 5567 ante
1114 5512 1309 5567 szecula
1339 5509 1527 5577 Filius,
1570 5511 1624 5564 in
1656 5509 1966 5565 novissimis
2007 5524 2105 5564 sae-

2208 4691 2376 4744 trario
2409 4689 2615 4744 omnia.

2278 4779 2460 4839 XVIII.
2510 4781 2618 4835 Sed
2657 4781 2785 4849 quia
2827 4781 2944 4835 haec
2985 4781 3040 4834 in
3072 4781 3532 4851 subsequentibus
3574 4783 3806 4836 manife—

2207 4873 2344 4927 stius
2379 4872 2576 4940 aperit,
2608 4871 2921 4925 intueamur
2949 4886 3092 4926 nunc
3140 4887 3310 4940 quare
3355 4888 3476 4927 eum
3505 4871 3619 4925 vult
3643 4870 3803 4940 juxta

2208 4965 2604 5019 humanitatem
2653 4978 2776 5016 esse
2807 4962 3004 5017 Filium
3041 4963 3250 5027 Patris,
3281 4979 3387 5017 non
3435 4973 3650 5030 natura,
3693 4980 3804 5018 non

2212 5057 2518 5122 nativitate,
2552 5072 2658 5110 non
2707 5071 2942 5127 genere,
2995 5072 3101 5111 non
3151 5057 3414 5122 veritate;
3467 5058 3560 5111 sed
3599 5059 3801 5127 gratia,

2204 5148 2489 5211 electione,
2525 5147 2843 5210 voluntate,
2896 5146 3121 5216 placito,
3167 5149 3678 5216 praedestinatione,
3720 5166 3805 5204 ass

2205 5239 2530 5309 sumptione.
2581 5235 2899 5306 Quicunque
2946 5237 3112 5308 igitur
3147 5239 3403 5307 antiquos
3457 5238 3603 5291 illius
3653 5255 3805 5292 erro-

2207 5343 2296 5382 res
2341 5326 2618 5397 cognovit,
2654 5325 2782 5394 quid
2819 5333 2873 5378 et
2915 5341 3057 5378 nunc
3107 5325 3294 5394 utique
3325 5325 3453 5379 velit
3499 5327 3798 5395 cognoscit.

2209 5419 2430 5473 Dixerat
2456 5431 2687 5485 namque
2712 5417 2999 5470 Dominum
3029 5426 3274 5471 nostrum
3304 5415 3489 5471 Iesum
3520 5417 3799 5471 Christum

2209 5509 2507 5564 secundum
2545 5507 2940 5561 humanitatem
2988 5507 3299 5576 adoptivum
3340 5522 3462 5563 esse
3490 5508 3658 5562 filium
3709 5508 3800 5561 Pa-

1885 5598 2155 5655 BALUZII
2197 5600 2425 5657 NOTA‘J.

587 5709 613 5739 ι
648 5694 1007 5751 Paulianista.
1024 5695 1100 5750 lta
1115 5695 1286 5750 codex
1301 5693 1719 5762 manuscriptus.
1740 5693 1924 5761 Neque
1944 5693 2101 5746 video

517 5760 642 5837 quid
671 5781 1010 5838 causaesse
1036 5765 1272 5838 potuerit
1297 5774 1356 5819 ut
1415 5760 1694 5838 blassonus
1718 5764 2098 5838 Apollinaris!“

517 5834 697 5892 oleret
724 5854 817 5907 pro
847 5834 1199 5891 Paut'iantsta.
1231 5835 1362 5888 Nam
1404 5835 1650 5887 diversus.
1712 5835 1806 5885 fuit
1857 5834 2093 5892 Αυυοιιι-

2214 5695 2544 5748 naristarum
2571 5709 2725 5746 error
2753 5693 2821 5747 ab
2860 5705 2924 5745 eo
2946 5706 3111 5762 quem
3141 5691 3228 5745 hic
3275 5691 3621 5760 persequitur
3658 5692 3798 5762 Ago-

2211 5764 2425 5818 bardus.
2464 5764 2590 5818 Vide
2622 5763 3071 5816 Prmdestinalntn
3103 5761 3194 5814 lib.
3231 5778 3270 5826 ι,
3304 5778 3422 5827 cap.
3453 5761 3542 5816 Μ.
3573 5761 3663 5814 45.
