3918 6330
167 384 241 443 45
1304 384 1432 438 ιλιι.
1474 383 1634 439 Αυν.
1682 381 1767 437 FE

1882 381 1977 436 ΕΜ
2020 381 2318 437 υιιοειιι..
3390 381 3463 435 46

173 500 264 557 tri.
303 500 376 554 Et
408 498 537 569 quia
582 497 705 552 licet
752 505 807 552 et
855 496 961 551 alia
1015 495 1193 552 adhuc
1234 496 1420 566 pejora
1469 494 1674 549 diceret
1722 503 1774 548 et
1804 498 1854 556 Α
1878 509 1945 549 ex
1974 494 2155 550 verbis
2186 493 2453 559 Nestorii,
2486 494 2560 549 ita
2592 497 2745 551 etilli
2784 512 2907 553 esse
2937 513 3142 553 morem
3185 498 3464 570 loquendi,

174 591 434 656 sentiret,
466 587 653 652 nescio
678 602 784 658 qua
808 587 1081 642 existente
1116 602 1281 642 causa
1328 586 1395 642 de
1423 586 1539 641 solo
1582 586 1775 642 adora-

178 681 347 737 tionis
388 678 633 753 [Batuz.,
668 677 977 748 adoptionis
1005 676 1056 750 δ]
1086 677 1310 734 nomine
1348 677 1629 734 discussus
1666 684 1773 741 est,

175 776 323 847 quod
352 784 411 831 et
434 771 748 844 compulsus
772 779 857 829 est
885 786 1087 843 negare
1112 771 1419 834 convictus,
1447 778 1504 826 et
1532 783 1641 824 non
1681 775 1772 824 so-'

175 867 290 923 lum
341 876 429 921 ter
458 872 554 919 aut
592 870 810 933 quater,
859 862 957 918 sed
992 862 1021 902 δ
1058 860 1338 918 multoties
1387 861 1455 917 de
1498 861 1602 916 hoc
1646 875 1776 915 con-

175 956 381 1019 victus,
414 961 641 1009 coactus
692 958 779 1007 est
823 951 892 1007 ad
923 950 1231 1023 negandum
1280 950 1385 1006 hoc
1412 949 1559 1022 quod
1608 963 1776 1019 prave

178 1058 347 1100 ausus
372 1042 559 1098 fuerat
572 1042 788 1098 docere.
804 1039 913 1097 Sed
928 1040 1055 1111 quia
1068 1040 1126 1096 id
1140 1051 1162 1080 ο
1181 1053 1246 1095 ex
1277 1039 1470 1096 intimo
1489 1037 1671 1094 cordis
1691 1037 1775 1094 sui

176 1149 343 1191 sensu
374 1141 436 1188 et
457 1140 709 1204 prompta
737 1127 1017 1187 voluntate
1037 1145 1149 1185 non
1178 1128 1329 1196 fecit,
1358 1128 1662 1185 arbitratus
1691 1136 1779 1189 est

177 1224 319 1297 apud
349 1224 710 1295 semetipsum
737 1222 880 1277 bene
920 1235 983 1277 se
1027 1220 1183 1292 prius
1210 1220 1476 1285 sensisse,
1504 1228 1561 1275 et
1586 1226 1776 1290 postea

176 1314 318 1370 male
354 1328 606 1385 negasse.
653 1314 732 1369 Ac
758 1328 854 1383 per
879 1312 986 1368 hoc
1010 1311 1140 1383 quia
1161 1311 1271 1367 illic
1300 1310 1591 1381 trepidavit
1619 1311 1777 1365 timo-

178 1421 265 1472 re,
303 1405 403 1460 ubi
448 1420 559 1461 non
602 1414 720 1459 erat
747 1403 932 1468 timor,
961 1401 1165 1458 ideirco
1194 1400 1252 1456 in
1299 1400 1386 1457 bis
1420 1401 1535 1457 suis
1580 1400 1777 1456 litteris

178 1511 326 1553 nunc
362 1495 635 1561 elaborat,
666 1502 729 1549 ut
754 1493 1009 1550 ostendat
1030 1492 1320 1549 Dominum
1352 1492 1651 1549 secundum
1678 1491 1778 1545 hu-

177 1587 527 1653 manitatem,
567 1600 668 1641 nec
718 1598 909 1639 verum
937 1582 1111 1639 Deum
1158 1597 1282 1639 esse
1336 1598 1437 1639 nec
1471 1597 1658 1637 verum
1695 1580 1778 1635 Fi-

177 1676 310 1732 lium
362 1677 499 1741 Dei,
563 1692 664 1733 nec
711 1675 1014 1747 proprium.
1071 1673 1179 1730 Sed
1231 1676 1359 1744 quia
1419 1682 1609 1729 contra
1660 1674 1777 1728 haec

176 1769 360 1825 omnia
421 1768 730 1824 sententias
777 1774 1093 1822 sanctorum
1146 1763 1402 1831 Patrum,
1459 1763 1572 1819 Deo
1620 1763 1775 1834 aziju-

1878 584 2015 638 idem
2066 600 2229 639 unum
2272 601 2383 639 esse
2430 585 2484 640 in
2531 595 2785 658 utroque,
2836 604 2939 649 non
2972 589 3127 645 duos.
3172 587 3280 646 Sed
3317 600 3470 648 certe

1877 675 2068 730 beatus
2099 674 2333 747 Cyrillus
2375 685 2432 733 et
2464 679 2651 734 czeteri
2681 680 2773 750 qui
2820 681 3002 743 idonei
3043 682 3373 740 exstiterunt
3396 686 3469 741 ad

1877 768 2234 839 detegendam
2285 767 2528 825 fraudem
2569 770 2714 827 illius
2760 779 2815 827 et
2858 773 3274 846 expugnandam
3311 789 3466 841 vosae

1876 859 2047 924 niam,
2097 875 2207 917 non
2244 859 2320 915 illi
2368 862 2723 918 crediderunt
2758 879 2927 919 unum
2968 863 3259 921 Dominum
3304 879 3468 936 posse

1877 956 2065 1004 tenere
2094 949 2150 1004 in
2180 948 2307 1016 ﬁde,
2332 950 2403 1007 de
2428 966 2537 1024 quo
2564 952 2639 1006 ita
2662 961 2848 1023 aperte
2875 954 3213 1025 loquebatur,
3238 956 3381 1012 sicut
3400 957 3468 1013 de

1876 1040 2107 1095 duobus.

1947 1130 2067 1186 XX.
2102 1131 2209 1189 Sed
2238 1141 2381 1199 esto,
2428 1134 2832 1190 consentiamus
2869 1137 2919 1191 ei
2946 1136 3038 1205 qui
3064 1145 3293 1192 conatur
3322 1152 3469 1193 asse-

1878 1240 2001 1281 rere
2020 1241 2187 1281 unum
2211 1225 2410 1281 Filium
2438 1225 2676 1283 Felicem
2712 1227 2983 1299 sapuisse,
3015 1241 3122 1283 non
3147 1225 3467 1294 duos..Quid

1877 1333 2007 1390 ergo
2036 1325 2122 1373 est
2156 1318 2302 1389 quod
2328 1334 2497 1373 unum
2519 1318 2880 1389 eumdemquc
2902 1318 3035 1375 dicit
3061 1334 3251 1375 verum
3280 1326 3468 1395 etnon

1877 1423 2092 1475 verum,
2136 1407 2419 1479 proprium
2462 1416 2518 1463 et
2561 1423 2669 1464 non
2718 1408 3029 1480 proprium,
3082 1408 3366 1464 nativitate
3412 1418 3469 1464 et

1877 1499 2167 1570 adoptione
2192 1540 2207 1565 ,
2237 1513 2437 1572 genere
2490 1508 2547 1554 et
2588 1499 2875 1565 electione,
2920 1499 3226 1555 substantia
3281 1508 3337 1556 et
3380 1515 3469 1557 as-

1878 1590 2222 1662 sumptione?
2251 1589 2413 1646 Certe
2455 1590 2578 1645 talis
2627 1589 2809 1645 unitas
2858 1604 2966 1646 non
3013 1596 3099 1645 est
3138 1590 3341 1655 unitas,
3370 1590 3466 1646 sed

1877 1681 2252 1748 dualitas;sic
2282 1680 2634 1752 conjungere,
2674 1680 2918 1741 dividere
2945 1690 3059 1748 est;
3088 1682 3162 1737 ita
3189 1681 3467 1766 copula/re,

1878 1786 2136 1843 separare
2182 1778 2287 1827 est.
2339 1771 2511 1844 Rogo,
2544 1771 2636 1827 ubi
2671 1786 2913 1842 unquam
2963 1771 3140 1844 legisti
3186 1774 3241 1828 in
3268 1772 3470 1830 divinis

177 1871 365 1930 vante,
395 1862 700 1935 opposituri
746 1875 960 1926 sumus,
986 1874 1084 1931 per
1127 1874 1265 1929 quas
1305 1858 1550 1930 dignosci
1595 1856 1776 1912 valeat
1806 1853 1851 1913 B
1879 1863 2109 1929 litteris,
2158 1863 2245 1919 vel
2279 1863 2335 1918 in
2396 1862 2743 1935 dogmatibus
2795 1863 3185 1920 catholicorum
3223 1862 3464 1928 Patrum,

177 1958 241 2014 in
270 1962 543 2027 quantum
586 1967 618 2008 a
648 1951 914 2007 catholica
960 1950 1192 2006 veritate
1237 1947 1585 2015 discesserit,
1635 1963 1780 2005 nunc

176 2046 468 2119 sequentia
495 2042 614 2115 ejus
639 2042 801 2099 verba
826 2057 1118 2113 ponamus,
1140 2049 1201 2095 ut
1223 2047 1338 2095 tota
1371 2038 1516 2095 illius
1536 2038 1779 2110 pravitas

178 2138 465 2210 detegatur
502 2142 559 2190 et
596 2142 784 2205 postea
817 2133 960 2187 veris
1003 2132 1255 2189 sensibus
1304 2129 1587 2186 mendacia
1634 2128 1777 2184 illius

176 2234 584 2299 expugnentur.

245 2319 390 2377 XIX.
430 2319 735 2390 lnlerrogat
760 2317 961 2372 iterum
999 2315 1151 2372 Felix
1186 2334 1199 2369 :
1247 2334 1266 2367 ι
1318 2315 1567 2371 Christus
1594 2314 1776 2370 Domi-

180 2427 279 2468 nus
306 2427 375 2467 ac
400 2410 736 2480 Redemptor
771 2416 981 2473 noster,
1022 2407 1164 2464 sicut
1192 2406 1250 2463 in
1283 2406 1569 2463 divinitate
1596 2406 1772 2462 credi-

180 2511 267 2559 tur
298 2516 471 2557 verus
498 2508 556 2556 et
598 2500 852 2572 proprius
878 2498 1052 2554 Filius
1077 2498 1197 2565 Dei,
1225 2499 1301 2553 ita
1342 2506 1400 2553 et
1430 2498 1487 2553 in
1524 2497 1776 2552 humani-

181 2602 307 2658 tate,
341 2608 417 2649 au
458 2591 656 2646 aliter?
681 2599 737 2644 et
768 2588 1148 2660 respondendo
1176 2588 1455 2659 subiungit
1487 2606 1501 2642 :
1546 2606 1565 2638 ι
1600 2587 1774 2644 Verus

179 2694 233 2742 et
251 2684 511 2756 proprius
557 2681 727 2737 Filius
781 2680 869 2735 ille
927 2680 1195 2735 veraciter
1251 2679 1515 2744 creditur,
1565 2678 1657 2749 qui
1707 2678 1775 2734 de

178 2775 489 2831 substantia
525 2773 704 2828 Patris
753 2779 837 2827 est
861 2771 1099 2843 genitus,
1141 2786 1250 2826 non
1291 2769 1509 2826 aliunde
1556 2785 1772 2825 assum-

178 2876 335 2941 ptus,
368 2867 461 2923 cui
491 2866 772 2938 generatio
792 2865 888 2920 dat
926 2880 1124 2920 nomen
1152 2863 1269 2929 filii,
1302 2880 1412 2920 non
1444 2864 1661 2930 electio,
1688 2864 1773 2919 vel

181 2959 375 3031 gratia,
412 2957 529 3012 sive
554 2956 805 3026 ad0ptio,
834 2963 928 3010 aut
953 2954 1220 3009 voluntas.
1254 2974 1272 3005 ι
1310 2954 1450 3009 Ecce
1472 2955 1587 3025 jam
1624 2962 1775 3024 pate-

181 3051 309 3108 fecit
334 3066 556 3106 omnem
594 3062 857 3113 errorem,
885 3063 1047 3118 quem
1075 3047 1346 3102 occultum
1388 3047 1552 3102 corde
1587 3054 1769 3118 gesta-

182 3146 293 3200 bat.
338 3141 581 3199 Dicendo
620 3156 853 3210 namque
889 3159 902 3195 :
938 3158 957 3191 ι
991 3140 1165 3195 Verus
1212 3148 1267 3195 et
1313 3140 1567 3211 proprius
1602 3138 1771 3194 Filius

181 3234 269 3289 ille
308 3233 581 3288 veraciter
606 3205 869 3296 creditur,
892 3232 985 3301 qui
1016 3231 1083 3287 de
1119 3205 1433 3286 substantia
1469 3229 1647 3285 Patris
1686 3238 1772 3284 est
1799 3205 1843 3266 (ἶ

183 3333 437 3397 genitus,
484 3338 591 3377 non
636 3320 854 3376 aliunde
900 3328 1244 3389 assumptus,
1293 3341 1308 3371 ι
1345 3321 1481 3374 (lues
1533 3334 1592 3374 se
1629 3318 1768 3374 ﬁlios

182 3419 406 3476 credere
428 3418 630 3489 prodit,
658 3432 823 3471 unum
848 3417 1109 3486 genitum,
1139 3415 1371 3469 alterum
1406 3421 1766 3484 assumptum,

185 3527 350 3566 unum
392 3510 480 3565 eui
522 3508 800 3580 generatio
843 3508 938 3563 dat
989 3520 1186 3561 nomen
1224 3504 1351 3569 (iiii,
1405 3505 1636 3559 alterum
1683 3503 1769 3557 cui

184 3600 395 3665 electio,
436 3599 523 3653 vel
562 3598 759 3669 gratia,
784 3598 899 3652 sive
940 3596 1178 3666 adoptio.
1208 3595 1371 3651 Forte
1402 3594 1548 3650 dicat
1573 3592 1770 3663 aliquis

188 3692 371 3747 favens
400 3690 649 3760 partibus
687 3688 831 3743 illius
862 3706 875 3741 :
905 3686 1023 3742 Non
1051 3686 1226 3741 sensit
1260 3685 1413 3739 Felix
1439 3685 1597 3750 duos,
1628 3692 1690 3739 ut
1714 3693 1770 3739 tu

187 3785 341 3849 dicis,
369 3784 465 3854 qui
497 3784 679 3839 statim
710 3780 991 3851 subjunxit
1016 3799 1027 3833 :
1057 3778 1204 3841 Unus
1243 3788 1418 3833 tamen
1439 3776 1494 3832 in
1528 3786 1770 3849 utroque,

189 3893 285 3931 non
324 3876 454 3930 duo.
499 3874 597 3930 Cui
647 3890 747 3946 ego
796 3871 1120 3943 respondeo,
1144 3886 1254 3925 non
1301 3883 1423 3925 esse
1452 3884 1657 3924 morem
1694 3867 1774 3922 di-

187 3966 340 4021 cendi
369 3981 613 4035 unquam
667 3964 776 4031 ille,
804 3972 859 4019 et
890 3963 995 4028 cui,
1043 3964 1184 4019 sicut
1208 3962 1265 4016 in
1314 3962 1418 4017 hoc
1454 3961 1573 4016 loco
1617 3960 1770 4015 Felix

187 4059 431 4128 scripsit,
468 4057 576 4113 nisi
621 4072 746 4111 cum
773 4056 953 4128 agitur
977 4055 1046 4111 de
1072 4054 1358 4126 personis;
1411 4062 1468 4108 et
1499 4069 1660 4124 quem
1692 4054 1767 4108 ita

188 4151 421 4206 divisum
455 4151 511 4205 in
558 4149 722 4205 corde
751 4148 985 4214 tenebat,
1015 4149 1155 4202 bene
1179 4146 1336 4201 unire
1362 4146 1543 4201 verbis
1583 4162 1771 4215 supcr-

186 4242 366 4298 vacuis
396 4254 507 4296 non
529 4246 760 4310 poterat.
793 4237 912 4293 Jam
956 4239 1103 4294 enim
1149 4237 1402 4309 superius
1433 4236 1771 4293 ostendimus

1879 1955 2025 2027 quod
2052 1952 2316 2017 Dominus
2341 1961 2527 2008 noster
2543 1950 2844 2008 secundum
2864 1951 3261 2008 humanitatem
3289 1968 3465 2017 suam,

1878 2043 2265 2115 assumptione,
2297 2042 2583 2108 electione,
2614 2041 2699 2097 vel
2748 2041 2924 2114 gratia
2958 2041 3177 2097 dicatur
3221 2057 3345 2103 esse
3379 2041 3469 2099 Fi-

1878 2136 1983 2193 lius
2013 2134 2107 2191 Dei
2153 2133 2374 2189 Patris?
2409 2131 2569 2190 Certe
2594 2146 2694 2203 ego
2723 2147 3001 2203 nunquam
3027 2131 3149 2204 legi.
3178 2132 3247 2189 Et
3268 2133 3313 2189 si
3340 2131 3472 2189 dicit

1879 2228 2159 2299 Scriptura
2183 2244 2195 2281 :
2227 2227 2425 2282 Beatus
2451 2240 2605 2297 quem
2625 2222 2828 2295 elegisti
2851 2232 2901 2277 et
2936 2222 3265 2294 assumpsisti
3293 2221 3467 2295 (Psal.

1877 2335 2024 2384 LXIV,
2047 2318 2140 2391 5);
2170 2327 2265 2373 aut
2303 2336 2316 2371 :
2347 2315 2599 2371 Emltavi
2624 2315 2846 2370 electum
2883 2314 2949 2368 de
2977 2312 3123 2385 plebe
3148 2330 3264 2368 mea
3292 2311 3468 2385 (Psal.

1878 2429 2120 2469 Lxxxvm
2146 2452 2162 2479 ,
2200 2411 2326 2484 20);
2359 2409 2604 2481 nunquid
2633 2409 2800 2466 talem
2829 2423 3047 2465 sensum
3074 2408 3389 2473 introducit,
3412 2419 3467 2465 ut

1877 2523 1975 2564 nos
2018 2522 2142 2562 eum
2189 2504 2368 2563 dicere
2405 2504 2506 2560 ettl
2548 2504 2796 2561 confiteri
2840 2504 3134 2561 debeamus
3179 2504 3481 2584 elcctivum‘

1876 2598 1961 2654 vel
2006 2598 2400 2668 assumptivum
2440 2596 2611 2652 lilium
2653 2596 2748 2652 Dei
2786 2595 3004 2651 Patris?
3049 2596 3116 2650 Et
3159 2595 3206 2651 si
3234 2611 3469 2668 evange-

1875 2690 1999 2746 lista
2023 2690 2152 2746 dicit
2194 2704 2319 2744 eum
2361 2688 2578 2761 plenum
2605 2688 2795 2759 gratia:
2820 2697 2877 2743 et
2903 2689 3183 2755 veritatis;
3224 2690 3469 2760 nunquid

1876 2782 2035 2837 docet
2073 2789 2134 2836 ut
2156 2780 2272 2837 Deo
2294 2780 2448 2836 Patri
2483 2780 2657 2853 gratia
2699 2796 2821 2837 esse
2842 2780 3012 2836 tilium
3040 2783 3336 2846 secundum
3367 2782 3469 2838 hu-

1875 2874 2197 2929 manitatem
2243 2889 2368 2929 eum
2421 2873 2672 2931 confiteri
2725 2874 3056 2930 debeamus?
3090 2874 3232 2947 Ergo
3260 2884 3316 2931 et
3344 2877 3471 2948 quia

1872 2967 2162 3038 Apostolus
2190 2967 2322 3023 dicit
2352 2967 2419 3023 de
2460 2967 2582 3029 illo,
2632 2968 2971 3037 semetipsum
3017 2967 3325 3035 exinanivit,
3359 2970 3468 3040 {or-

1874 3077 2013 3115 mam
2057 3061 2194 3116 servi
2245 3061 2537 3132 accipiens,
2595 3063 2931 3131 acceptivum
2982 3061 3149 3116 lilium
3202 3063 3313 3118 Deo
3365 3061 3468 3117 Pa-

1876 3150 2095 3206 tri-esse
2117 3166 2242 3206 eum
2270 3151 2515 3207 dicemus
2539 3152 2837 3207 secundum
2882 3153 3296 3208 humanitatem.
3332 3153 3467 3209 Pen-

1876 3252 1961 3299 set
2000 3242 2286 3314 diligenter
2337 3242 2479 3313 quis,
2522 3252 2578 3299 et
2626 3244 2774 3313 quid,
2808 3252 2903 3302 aut
2929 3259 3097 3313 quare
3146 3246 3466 3316 assumpsit,

1875 3333 2135 3402 suscepit.
2165 3331 2417 3402 Suscepit
2442 3341 2591 3388 certe
2622 3333 2852 3387 Verbum
2883 3334 2976 3388 Dei
2999 3342 3330 3391 eomternum
3365 3336 3466 3391 Pa-

1876 3424 1949 3478 tri
1976 3422 2338 3478 substantiam
2368 3432 2642 3488 nostram;
2687 3425 2779 3479 se.l
2805 3440 2912 3480 non
2963 3425 3086 3481 ideo
3113 3434 3174 3481 ut
3200 3426 3316 3497 ipse
3360 3420 3463 3484 sibi

1879 3514 2022 3568 [ilius
2045 3521 2220 3576 esset;
2264 3529 2373 3567 nun
2405 3514 2527 3568 ideo
2556 3523 2616 3568 ut
2646 3514 2756 3569 Deo
2792 3514 2939 3569 Patri
2990 3515 3096 3571 alio
3129 3518 3291 3573 modo
3329 3519 3466 3574 inci-

1876 3612 2031 3676 peret
2066 3619 2189 3660 esse
2227 3603 2391 3669 illius,
2445 3620 2607 3675 quam
2653 3613 2775 3660 erat
2819 3614 2947 3664 ante
2992 3606 3461 3676 incarnationem;

1878 3709 1984 3749 non
2027 3693 2148 3748 ideo
2175 3702 2237 3748 ut
2278 3693 2556 3748 ﬁliationis
2599 3696 2788 3751 modos
2838 3702 2912 3750 ct‘
2944 3696 3167 3751 nomina
3212 3699 3463 3771 multipli-

1876 3794 2062 3841 caret:
2097 3785 2225 3856 quia
2256 3799 2356 3840 nec
2389 3799 2448 3839 se
2488 3786 2661 3855 ipsum
2689 3786 2969 3842 dualitatis
2992 3788 3335 3857 c0pulatione
3369 3790 3464 3845 du-

1874 3879 2114 3949 plicavit.
2163 3877 2280 3933 Non
2330 3878 2477 3933 enim
2528 3879 2666 3933 alter
2709 3886 2793 3934 est
2837 3880 3175 3950 suscipiens,
3236 3889 3294 3937 et
3328 3882 3464 3939 alter

1873 3976 2200 4040 susceptus:
2244 3983 2350 4023 non
2394 3977 2480 4024 est
2515 3968 2652 4024 alter
2688 3985 2789 4040 pro
2830 3970 2987 4025 nobis
3016 3986 3222 4041 pauper
3262 3972 3460 4037 factus,

1876 4059 1979 4114 nisi
2009 4060 2101 4129 qui
2125 4066 2245 4114 erat
2264 4059 2416 4114 dives
2438 4066 2494 4113 et
2514 4068 2641 4113 ante
2668 4060 3065 4129 susceptionem
3088 4064 3421 4132 paupertatis
3447 4083 3460 4119 :

1877 4164 1985 4204 non
2029 4158 2114 4204 est
2160 4149 2299 4203 alter
2325 4163 2425 4218 pro
2458 4150 2612 4204 nobis
2640 4158 2921 4220 peccatum
2966 4150 3171 4216 factus,
3224 4153 3341 4209 nisi;
3368 4158 3461 4224 qui

1877 4252 1997 4295 erat
2028 4251 2187 4295 antea
2218 4240 2467 4295 nesciens
2518 4249 2801 4313 peccatum
2855 4259 2868 4294 :
2916 4250 3007 4306 ut,
3051 4241 3195 4297 sicut
3230 4242 3463 4314 Aposto-

1543 4326 1815 4383 BALUle
1847 4328 2080 4385 NOTAE.

256 4434 282 4464 ι
310 4422 389 4478 De
414 4421 527 4477 solo
541 4419 841 4491 adoptionis
869 4419 1094 4475 nomine.
1120 4419 1258 4491 Hinc
1282 4418 1769 4491 itaquediscimus,

1881 4420 2087 4493 tendat,
2113 4421 2392 4478 contendit
2420 4420 2657 4477 Felicem
2670 4422 2756 4477 his
2780 4420 3125 4491 opinionibus
3140 4422 3456 4493 implicitum

188 4508 289 4547 non
319 4493 464 4547 intra
492 4488 697 4547 Christi
720 4498 970 4545 naturam
1005 4490 1317 4545 substitisse
1376 4488 1634 4553 Felicem,
1672 4490 1767 4544 sed
1792 4493 1845 4552 D
1869 4506 1979 4546 non
2010 4490 2198 4547 fuisse.

189 4562 303 4617 aliis
331 4576 549 4632 quoque
585 4559 864 4615 erroribus
912 4559 1232 4632 implicitum
1277 4558 1765 4632 fuisse;gattamen

189 4629 413 4688 ceteros
448 4629 593 4686 illius
614 4645 828 4686 errores
860 4646 964 4685 non
990 4630 1157 4685 fuisse
1183 4629 1457 4684 discussos
1505 4629 1559 4683 in
1606 4643 1767 4688 svno-

189 4644 413 4688 ceteros
448 4644 593 4686 unus
614 4645 828 4686 errores
860 4646 964 4685 non
990 4644 1157 4685 tmsse
1183 4644 1457 4684 discussos
1505 4645 1559 4683 tn
1606 4644 1632 4683 s
1672 4644 1765 4683 no-

189 4703 285 4765 dis,
320 4703 417 4759 sed
450 4702 619 4758 solam
643 4701 890 4757 haeresim
919 4700 985 4755 de
1001 4700 1289 4770 adoptione
1316 4699 1438 4755 Filii
1477 4700 1594 4755 Dei.
1613 4644 1765 4766 ἄνού

188 4782 501 4844 usurpatum
530 4773 586 4844 in
624 4770 853 4844 concilg)
876 4770 1214 4844 Narbonensi
1250 4778 1398 4844 patet
1423 4786 1493 4844 ex_
1514 4770 1607 4844 his
1642 4784 1766 4844 ver-

190 4843 268 4897 bis
296 4837 651 4913 {Praesertim
667 4857 760 4912 pro
775 4839 837 4913 AF
840 4840 984 4895 elicis
1016 4837 1329 4913 Urgellitdni
1362 4840 1609 4913 pestifero
1638 4839 1765 4913 dog:-

189 4922 338 4965 mate.
359 4912 549 4982 Neque
568 4908 713 4982 enim
736 4911 909 4975 aiunt,
935 4908 1146 4982 propter
1156 4908 1404 4982 dogmata
1435 4908 1649 4982 Felicis,
1670 4908 1763 4964 sed

188 4978 567 5062 pro-dogmate.
594 4981 736 5062 Sane
765 4995 831 5062 ex
867 4978 1091 5062 prologo
1114 4978 1342 5062 Dutigali
1371 4980 1571 5062 confici
1588 4987 1766 5062 potest

190 5049 420 5107 Felicem
449 5053 640 5107 eadem
667 5052 733 5105 de
767 5049 1094 5120 imaginibus
1119 5049 1355 5107 sensisse
1377 5066 1498 5120 qua:
1524 5059 1581 5106 et
1600 5049 1762 5105 Clau-

190 5067 420 5107 reucem
449 5067 640 5107 eadem
667 5067 733 5105 ue
767 5067 873 5105 ima
915 5067 1094 5105 minus
1119 5067 1355 5107 sensisse
1377 5067 1498 5120 qua:
1524 5067 1581 5106 et
1600 5067 1757 5105 uan-

190 5121 304 5176 dius
330 5122 682 5176 Taurinensis
704 5067 993 5177 sentiegat.
1011 5120 1139 5176 Haac
1160 5129 1287 5176 sunt
1311 5122 1476 5176 verba
1495 5121 1757 5190 Dungali:

197 5208 214 5241 ι
254 5190 383 5247 Cum
421 5192 564 5246 enim
598 5190 1199 5245 Dominusbeatissimaa
1223 5190 1762 5251 memorimCarolus,

196 5259 622 5316 ferventissimus
684 5260 1238 5332 vigilantissimusque
1297 5262 1579 5316 catholica:
1640 5260 1760 5332 ﬁdei

193 5338 332 5385 tutor
356 5338 411 5386 et
436 5331 823 5402 propugnatOr,
866 5331 1211 5402 nequissimae
1271 5340 1433 5400 caput
1475 5332 1674 5402 vipera:
1709 5331 1763 5402 in

194 5399 631 5471 magistro—hujus
652 5401 856 5455 erroris
883 5399 1091 5471 Felice,
1122 5411 1314 5456 contra
1341 5399 1619 5456 isibilan’tis
1642 5400 1763 5455 nni-

196 5470 351 5541 tatem
409 5471 666 5526 Ecclesiae
708 5470 1017 5541 apostolica:
1068 5473 1422 5541 auctoritatis
1477 5471 1764 5541 praevalida

195 5539 712 5613 confregeritvirga,
738 5548 843 5595 etc.
866 5560 894 5613 _»
925 5540 1078 5613 Quod
1132 5542 1293 5613 etiam
1344 5539 1525 5612 colligi
1590 5551 1768 5612 potest

197 5625 258 5681 ex
284 5609 419 5666 libro
451 5609 811 5681 primo‘lonae
850 5609 1255 5681 Aurelianensis
1310 5609 1571 5667 adversus
1592 5609 1767 5667 'eum-

198 5679 311 5734 dem
338 5679 623 5736 Claudium
653 5679 1064 5753 Taurinensem.
1096 5680 1541 5753 Undeintelligas
1556 5682 1763 5753 frustra

199 5762 308 5803 esse
340 5760 644 5807 notatorem
673 5750 888 5805 concilii
915 5750 1261 5805 Eliberitani:
1294 5752 1384 5820 qui
1416 5750 1474 5805 u't
1501 5752 1768 5820 Hispanos

200 5833 316 5874 suos
342 5835 618 5890 nunquam
640 5821 899 5876 adversus
922 5820 1185 5892 imagines
1218 5822 1430 5892 iniquos
1458 5821 1626 5877 fuisse
1679 5840 1767 5877 os-

1940 4561 1968 4601 δ
1996 4560 2264 4619 Multoties
2291 4561 2356 4615 de
2384 4562 2482 4614 hoc
2511 4565 2798 4618 convictus.
2822 4560 3091 4617 Nimirum
3123 4564 3175 4617 in
3226 4566 3457 4621 concilio

1868 4630 2206 4686 Narbonensi
2230 4646 2321 4686 an.
2356 4630 2482 4696 788,
2505 4632 2559 4686 in
2594 4631 2975 4688 Ratishonensi
3008 4650 3096 4687 an.
3122 4632 3243 4698 792,
3271 4635 3457 4692 Romae

1868 4701 2011 4772 apud
2038 4702 2339 4772 Adrianum
2363 4716 2578 4770 papam,
2608 4703 2663 4757 in
2707 4704 2916 4772 synodo
2976 4703 3452 4761 Francofordiensi

1869 4770 2014 4827 anno
2040 4772 2164 4844 794,
2193 4773 2248 4827 in
2263 4770 2506 4844 Romana
2525 4788 2614 4827 an.
2640 4770 2764 4844 799‘,
2788 4773 2841 4827 in
2868 4773 3451 4844 UrgellensietAquis-

1869 4843 2121 4911 granensi
2164 4855 2307 4897 anno
2374 4842 2585 4896 eodem.
2635 4842 2797 4898 Unde
2842 4842 3055 4898 conStat
3106 4842 3451 4899 verissimum

1868 4925 1989 4966 esse
2011 4912 2153 4982 quod
2174 4913 2399 4983 adnotat
2428 4911 2770 4983 Agobardus,
2830 4928 2937 4968 non
2977 4912 3149 4968 solum
3202 4922 3308 4980 ter,
3358 4927 3455 4970 aut

1866 4991 2082 5050 quater,
2123 4982 2215 5037 sed
2240 4982 2514 5036 multoties
2534 4982 2839 5037 convictum
2872 4983 3037 5038 fuisse
3079 4982 3336 5038 Felicem.

1966 5063 1988 5090 ε
2020 5051 2105 5107 Ea:
2133 5053 2316 5107 intimo
2344 5052 2516 5106 cordis
2544 5053 2630 5106 sui
2656 5068 2832 5106 sensu.
2864 5053 3099 5108 Eventus
3127 5068 3256 5109 ergo
3269 5054 3453 5109 docuit

1869 5121 2005 5193 falso
2033 5122 2151 5177 hare
2179 5122 2245 5176 ad
2268 5120 2618 5193 Urgellenses
2651 5137 2778 5193 suos
2828 5123 3113 5193 scripsisse
3165 5120 3401 5179 Felicem
3430 5147 3443 5179 :

1872 5210 1893 5242 ς
1922 5191 2003 5245 Ad
2028 5190 2383 5246 universalem
2418 5191 2714 5247 Eeclesiam
2734 5191 2847 5247 Deo
2861 5190 3076 5247 favente
3094 5208 3160 5248 ex
3194 5202 3306 5248 toto
3326 5210 3449 5250 cor-

1866 5262 1933 5315 de
1962 5270 2149 5317 nostro
2175 5262 2377 5316 reversi
2407 5277 2614 5323 sumus,
2665 5277 2769 5317 non
2804 5262 3045 5330 qualibet
3083 5263 3445 5329 simulatione,

1866 5345 1959 5403 seu
1989 5332 2253 5403 velamine
2280 5330 2553 5396 falsitatis,
2579 5332 2969 5403 sicutdudum,
2994 5335 3133 5403 quod
3157 5332 3299 5387 Deus
3325 5335 3447 5397 scit,

1866 5402 1982 5464 sed,
2004 5410 2063 5455 ut
2084 5401 2214 5471 dixi,
2246 5417 2373 5456 vera
2398 5403 2576 5457 cordis
2614 5401 2931 5455 credulitate
2957 5401 3027 5457 ct‘
3064 5403 3176 5456 oris
3235 5402 3446 5471 profes-

1865 5472 2037 5527 sione.
2077 5492 2094 5523 ι
2126 5470 2246 5553 ΑΝἱξξ
2271 5472 2315 5526 si
2344 5481 2456 5527 tum
2493 5473 2563 5527 ita
2588 5486 2715 5526 vere
2744 5472 3013 5528 sentiebat
3038 5472 3209 5537 Felix,
3244 5470 3448 5543 postea

1868 5557 1995 5597 vero
2024 5550 2271 5595 mutavit.

1936 5610 1961 5650 ἀ
2000 5610 2363 5685 ϐοηριενῇηιιι
2388 5621 2629 5685 ms._erat
2650 5612 3014 5685 conferi;rpro
3031 5614 3447 5685 quoiMassonus

1866 5697 2149 5754 perperam
2178 5684 2347 5738 edidit
2376 5682 2623 5754 conferri.
2646 5681 2775 5747 Nos,
2813 5681 2941 5754 quia
2986 5681 3331 5739 manifestum
3366 5693 3453 5739 est

1868 5752 1971 5822 legi
2027 5752 2225 5825 debere
2274 5753 2549 5825 conﬁteri,
2601 5768 2707 5825 non
2753 5752 3117 5825 dubitavimus
3174 5755 3304 5825 quin
3364 5768 3477 5816 rc—,

1869 5824 2107 5893 spuenda
2129 5831 2274 5879 esset
2299 5823 2603 5877 emendatio
2636 5822 2887 5878 Massoni.
