3918 6320
442 368 511 421 47
1423 369 1478 422 S.
1521 368 1868 423 AGOBARDI
1910 367 2217 423 EPISCOPI
2257 368 2744 425 LUGDUNENSlS
3656 369 3724 423 88

443 481 526 536 lus
569 482 810 552 exponit,
853 481 1094 537 caelestis
1135 480 1377 536 medicus
1431 496 1498 535 ex
1549 481 1704 536 nobis
1759 481 2033 550 acciperet
2062 481 2327 542 Araliter
2377 482 2783 550 conceptionem
2831 489 2993 551 atque
3038 480 3378 535 nativitatem
3431 478 3722 536 ineliabilis

442 586 539 641 per
569 571 712 642 quod
755 572 1029 627 contraria
1083 571 1480 626 medicamenta
1528 570 1684 625 nobis
1725 570 2027 635 adhiberet,

441 664 649 721 scilicet
675 671 736 718 ut
763 662 907 718 salva
951 661 1383 731 impassibilitate
1433 676 1552 726 sua,
1600 659 2027 724 immortalitate,

440 766 496 813 et
533 754 1098 819 incommutabilitate,
1133 766 1159 794 α
1209 769 1305 808 sua
1347 769 1444 809 nos
1496 761 1669 808 morte
1707 752 2027 817 vivificaret,

439 862 536 901 sua
577 852 897 917 paupertate
923 843 1145 909 ditaret,
1177 843 1290 899 suis
1317 842 1661 898 contumeliis
1710 841 2025 904 honoraret,

438 942 553 997 suis
581 939 895 994 vulneribus
933 944 1170 1001 sanaret,
1188 945 1246 990 et
1270 943 1464 991 caetera
1490 934 1818 1002 huiusmodi.
1855 933 1948 988 Sic
1976 941 2030 985 et

437 1033 494 1087 in
521 1030 754 1100 quodam
794 1029 914 1084 loco
943 1028 1134 1081 beatus
1176 1025 1366 1082 scribit
1395 1024 1759 1095 Hieronymus
1793 1043 1805 1077 :
1842 1043 1859 1075 ‹
1898 1022 2028 1089 ριιω

437 1131 618 1177 autem
639 1120 822 1191 petest
844 1117 1018 1187 major
1035 1131 1155 1173 esse
1177 1115 1452 1171 dementia
1479 1130 1638 1184 quam
1662 1121 1720 1167 ut
1741 1112 1910 1167 Filius
1931 1111 2027 1166 Del

435 1213 674 1270 hominis
704 1211 846 1267 (ilius
889 1217 1224 1272 nasceretur,
1255 1209 1444 1262 decem
1490 1207 1760 1261 mensium
1811 1205 2026 1260 fastidia

434 1304 751 1370 sustineret,
766 1309 955 1373 partus
970 1307 1314 1370 exspectaret
1330 1297 1620 1353 adventum
1632 1337 1646 1362 ,
1662 1297 2027 1351 involveretur

431 1396 649 1467 pannis,
677 1392 1038 1462 subjiceretur
1065 1389 1402 1462 parentibus,
1428 1404 1534 1458 per
1578 1387 1821 1458 singulas
1848 1386 2028 1452 adole-

434 1495 517 1540 ret
558 1492 768 1550 aetates,
800 1490 854 1538 et
881 1489 1006 1553 post
1040 1478 1396 1536 contumelias
1424 1495 1617 1534 vocum
1642 1519 1656 1542 ,
1704 1477 1921 1548 alapas,
1973 1486 2028 1531 et

431 1575 659 1647 ﬂagella,
704 1573 882 1628 crucis
935 1586 1151 1641 quoque
1179 1570 1334 1625 nobis
1366 1568 1520 1624 fieret
1566 1568 1931 1633 maledictum,
1967 1576 2029 1623 ut

432 1681 532 1721 nos
573 1680 605 1719 a
647 1662 933 1718 maledicto
980 1661 1117 1732 legis
1147 1660 1471 1725 absolveret,
1503 1659 1648 1713 Patri
1697 1657 1870 1713 factus
1899 1658 2025 1713 obe-

430 1758 585 1812 diens
631 1771 801 1824 usque
846 1755 913 1809 ad
960 1752 1230 1809 mortem?
1262 1771 1281 1805 ι
1320 1750 1427 1806 Sed
1471 1751 1598 1820 quia
1626 1758 1821 1805 cuncta
1860 1765 2024 1820 supra

2137 573 2190 626 in
2220 589 2290 640 se
2325 573 2579 630 divinitas
2608 573 2927 643 accepisset.
2964 572 3053 628 Sic
3100 581 3184 627 est
3214 572 3358 627 Deus
3394 581 3630 628 aeternus
3658 589 3722 628 ac

2136 678 2316 729 verus,
2341 664 2609 719 veraciter
2637 664 2931 719 secundum
2959 671 3171 732 tempus
3199 672 3512 732 conceptus,
3551 671 3602 717 et
3628 677 3721 715 na-

2135 763 2222 808 tus
2255 769 2321 808 ex
2346 751 2584 826 Virgine.
2615 754 2752 808 Dum
2777 754 2923 808 enim
2965 754 3101 808 venit
3131 753 3400 824 plenitudo
3448 755 3716 822 temporis,

2132 847 2272 900 misit
2321 846 2462 901 Deus
2493 845 2693 900 Filium
2739 861 2892 899 suum
2926 846 3124 916 factum
3152 863 3217 900 ea:
3247 845 3487 909 muliere,
3519 845 3718 914 factum

2129 935 2225 988 sub
2255 935 2383 1006 lege,
2414 947 2468 989 ut
2489 952 2574 990 eos
2598 937 2687 1007 qui
2716 935 2810 989 sub
2829 935 2938 1006 lege
2966 945 3137 1001 erant,
3167 935 3460 1000 redimeret,
3492 946 3549 988 ut
3590 936 3720 988 ado-

2128 1028 2357 1096 ptionem
2394 1027 2626 1097 ﬁliorum
2658 1029 3038 1098 reciperemus;
3079 1028 3170 1082 illo
3198 1029 3404 1082 scilicet
3437 1029 3546 1082 Deo
3575 1025 3720 1082 facto

2129 1118 2450 1174 naturaliter
2477 1120 2589 1174 tilio
2615 1119 2874 1187 hominis,
2914 1120 3006 1191 qui
3035 1121 3229 1175 unicus
3276 1129 3359 1176 est
3395 1120 3720 1175 naturaliter

2128 1209 2300 1263 Filius
2331 1211 2639 1281 unigenitus
2665 1211 2762 1266 Dei
2789 1211 2991 1266 Patris.
3016 1232 3034 1263 ι

2198 1298 2340 1353 XXI.
2371 1298 2571 1354 Contra
2603 1300 2733 1354 illud
2775 1315 2904 1356 veno
2936 1302 3080 1371 quod
3120 1301 3273 1356 Felix
3304 1303 3456 1369 dicit,
3508 1303 3718 1359 duobus

2128 1389 2302 1445 modis
2327 1389 2439 1444 Deo
2462 1387 2609 1443 Patri
2637 1405 2802 1444 unum
2825 1406 2945 1446 esse
2977 1391 3169 1457 tilium,
3213 1401 3268 1446 et
3305 1394 3514 1448 duobus
3542 1395 3719 1449 modis

2128 1477 2289 1531 matri
2320 1495 2332 1530 :
2373 1493 2492 1546 qua:
2539 1479 2789 1544 dicendo,
2823 1479 2948 1535 illuc
2977 1481 3168 1545 tendit,
3199 1491 3259 1535 ut
3295 1483 3546 1538 ostendat
3593 1499 3718 1539 eum

2126 1571 2421 1624 secundum
2445 1571 2780 1625 divinitatem
2803 1572 3020 1641 quidem
3050 1587 3172 1627 esse
3186 1589 3397 1640 verum,
3413 1575 3714 1629 secundum

2128 1662 2524 1716 humanitatem
2555 1672 2736 1716 autem
2796 1677 2902 1716 non
2947 1677 3068 1718 esse
3107 1678 3338 1718 verum:
3371 1665 3515 1734 quod
3552 1679 3719 1734 quam

2126 1753 2320 1808 falsum
2353 1754 2444 1819 sit,
2479 1753 2595 1822 jam
2626 1769 2788 1824 supra
2829 1754 3020 1824 positis
3051 1756 3335 1810 sententiis
3363 1755 3507 1811 beati
3531 1755 3722 1827 Cyrilli

430 1849 635 1923 scripta
663 1846 860 1901 Felicis
904 1845 1045 1900 male
1083 1858 1244 1900 sensa
1275 1843 1457 1898 verbis
1491 1841 1712 1895 Patrum
1744 1841 2022 1896 destruere
2051 1849 2097 1908 B
2125 1849 2402 1896 ostensum
2425 1850 2541 1908 est;
2576 1850 2630 1896 et
2657 1857 2800 1896 nunc
2843 1842 3086 1911 ejusdem
3119 1851 3174 1897 et
3206 1843 3436 1898 aliorum
3464 1844 3721 1914 ponenda

430 1935 710 2006 debemus,
735 1937 879 2009 legat
904 1937 991 1993 cui
1031 1935 1207 2007 placet
1231 1935 1344 2005 jam
1377 1933 1619 1987 adnexas
1648 1931 1870 1986 Patrum
1898 1946 2022 1986 sen-

386 2032 660 2087 ’tentias.
706 2029 933 2084 Interim
986 2036 1209 2090 tamen,
1258 2025 1383 2094 quia
1441 2021 1664 2078 memini
1714 2037 1800 2076 me
1859 2037 2021 2091 supra

429 2120 634 2175 dixisse
652 2119 799 2174 nullo
823 2118 985 2174 modo
1007 2116 1248 2172 Felicem
1265 2113 1483 2170 sibimet
1507 2113 1736 2167 suadere
1757 2112 2020 2180 potuisse,

431 2223 486 2268 ut
511 2214 564 2268 in
588 2227 697 2267 uno
722 2211 954 2266 Domino
975 2209 1205 2264 duarum
1233 2214 1550 2261 naturarum
1584 2201 2020 2270 coniunctionem

429 2302 752 2360 naturaliter
795 2316 860 2356 ac
911 2297 1346 2356 substantialiter
1386 2294 1588 2349 factam
1633 2292 1920 2356 crederet,
1969 2301 2024 2346 et

431 2396 609 2451 verbis
650 2393 795 2449 beati
824 2390 1009 2462 Cyrilli
1037 2388 1374 2444 ostendimus
1397 2384 1669 2455 quomodo
1699 2378 2023 2437 naturaliter

429 2486 572 2541 laeta
598 2483 870 2546 credatur,
886 2481 1050 2536 habet
1071 2479 1241 2534 lector
1271 2477 1338 2532 de
1365 2476 1554 2531 eadem
1577 2490 1636 2529 re
1663 2474 1690 2514 δ
1718 2473 1864 2529 beati
1897 2472 2022 2527 Hie-

429 2575 638 2647 ronymi
666 2573 801 2628 satis
829 2572 1053 2644 politam
1080 2578 1134 2626 et
1161 2568 1502 2625 enueleatam
1529 2567 1878 2630 sententiam,
1897 2581 2021 2620 cum

429 2666 494 2721 de
515 2665 607 2720 illo
631 2665 826 2719 divina:
854 2659 1151 2732 Scriptura:
1175 2661 1292 2716 loco
1316 2667 1525 2732 ageret,
1542 2659 1632 2714 ubi
1660 2659 1866 2713 dictum
1892 2666 1977 2712 est
2004 2676 2017 2711 :

434 2755 634 2810 Ponant
663 2755 967 2810 inimicitias
999 2755 1134 2807 inter
1167 2763 1215 2806 te
1242 2761 1288 2806 et
1316 2752 1453 2806 inter
1478 2749 1771 2816 mulierem,
1806 2758 1854 2803 et
1883 2751 2023 2803 inter

427 2865 602 2903 semen
643 2857 792 2901 tuum
822 2857 870 2900 et
917 2862 1091 2901 semen
1126 2843 1384 2899 mulieris.
1441 2843 1568 2914 Ipsa
1604 2853 1751 2896 tuum
1797 2841 2021 2895 calcabit

431 2949 610 3011 caput,
644 2948 692 2992 et
728 2947 784 2992 tu
811 2937 1148 2992 insidiaberis
1176 2935 1423 2990 calcuneo
1449 2935 1562 3004 ejus
1589 2932 1744 3004 (Gen.
1776 2949 1866 2996 ιιι,
1906 2931 2017 3002 15).

434 3049 451 3080 ι
490 3029 700 3095 Nonne,
729 3029 925 3098 inquit,
957 3028 1245 3098 conspicis,
1286 3041 1464 3082 nonne
1495 3025 1833 3089 consideras,
1876 3024 2020 3094 quod

427 3122 534 3191 iazn
583 3131 713 3176 tunc
756 3121 834 3175 illi
881 3121 1193 3174 minabatur
1241 3118 1298 3172 in
1348 3116 1597 3173 Christo?
1649 3115 1829 3170 Alium
1872 3116 2017 3170 enim

2125 1940 2250 1987 sunt
2280 1931 2612 1998 testimonia,
2627 1946 2724 2002 per
2749 1948 2868 2002 quae
2883 1931 3275 1987 ostendendum
3291 1942 3392 1999 est,
3409 1941 3465 1988 et
3491 1934 3719 1988 unicum

2125 2021 2415 2076 Dominum
2442 2030 2690 2077 nostrum
2721 2030 2892 2075 totum
2922 2037 3045 2076 esse
3075 2020 3346 2085 Deum,et
3371 2021 3468 2077 Dei
3495 2021 3718 2088 Filium,

2125 2113 2400 2168 hominem
2425 2129 2641 2183 quoque
2658 2122 2712 2166 ct
2733 2114 2970 2168 hominis
3003 2112 3193 2178 lilium,
3210 2113 3360 2167 salva
3391 2121 3571 2167 tamen
3596 2128 3724 2183 pro-

2122 2203 2356 2272 prietate
2384 2203 2667 2272 utriusque
2688 2203 3024 2268 substantiae,
3061 2211 3343 2274 totumque
3375 2217 3497 2259 esse
3525 2219 3718 2258 verum

2124 2294 2266 2364 quod
2295 2303 2406 2359 est;
2461 2303 2522 2349 ut
2569 2295 2877 2365 quicunque
2923 2294 3168 2350 diversos
3204 2295 3393 2350 modos
3437 2295 3721 2351 ﬁliationis

2125 2383 2220 2438 Dei
2249 2383 2302 2438 in
2335 2383 2439 2438 fide
2480 2383 2637 2438 nobis
2665 2384 3009 2439 introducere
3034 2383 3285 2451 voluerit,
3322 2386 3505 2440 videat
3533 2401 3602 2440 an
3631 2385 3707 2441 lo.

2123 2489 2247 2527 eum
2265 2473 2524 2528 inveniat.
2550 2472 2753 2528 Beatus
2776 2472 3042 2544 Cyrillus:
3067 2492 3085 2524 ι
3107 2473 3281 2540 Libet,
3309 2474 3409 2540 ait,
3438 2489 3562 2529 eum
3587 2489 3719 2544 per-

2123 2564 2335 2618 contari
2401 2574 2584 2617 utrum
2639 2564 2906 2619 unitatem
2965 2565 3128 2620 Verbi
3192 2564 3260 2619 ad
3319 2566 3721 2622 humanitatem

2125 2655 2310 2720 Verbi,
2342 2655 2459 2709 sive
2489 2655 2557 2709 ad
2601 2665 2850 2710 sanctum
2877 2671 3080 2726 corpus
3130 2656 3431 2711 animatum
3461 2657 3720 2727 intelligi-

2122 2743 2306 2798 biliter
2349 2741 2552 2798 factam
2581 2744 2726 2799 dicat
2764 2746 3063 2800 secundum
3099 2747 3409 2812 veritatem,
3439 2762 3506 2801 an
3537 2747 3722 2818 potius

2123 2850 2245 2889 cum
2287 2833 2411 2890 aliis
2453 2836 2635 2902 simul,
2679 2845 2733 2892 et
2771 2838 2886 2906 ipse
2934 2838 3234 2893 secundum
3289 2837 3719 2908 copulationem,

2123 2943 2243 2999 qua:
2290 2943 2390 2996 per
2446 2929 2818 2984 habitudinem
2871 2939 2957 2985 est
3009 2945 3191 2986 sermo
3247 2931 3497 2987 docibilis
3545 2939 3600 2986 et
3631 2931 3720 2985 in-

2121 3019 2408 3074 existentis
2446 3017 2638 3075 formae
2677 3021 2745 3076 ad
2799 3021 3180 3078 inexistentem
3218 3030 3276 3078 et
3313 3022 3553 3077 divinam
3607 3021 3724 3077 for-

2124 3125 2289 3164 mam.
2351 3110 2529 3166 Unum
2585 3126 2822 3183 namque
2870 3114 3052 3168 unitas
3096 3113 3509 3180 demonstravit,
3563 3123 3617 3168 et
3659 3115 3719 3168 in

432 3230 617 3272 semen
667 3212 933 3278 mulieris,
975 3211 1176 3266 nullum
1209 3223 1433 3279 prorsus
1465 3208 1692 3278 accipio,
1719 3208 1823 3262 nisi
1869 3207 2018 3261 illum
2051 3217 2094 3278 ρ
2127 3201 2264 3256 duos
2301 3201 2544 3256 dividere
2579 3200 2902 3256 refutamus.
2935 3204 3069 3257 Nam
3099 3202 3225 3258 licet
3251 3201 3451 3257 factum
3482 3212 3566 3259 est
3589 3218 3723 3259 caro

426 3319 587 3374 quem
631 3303 921 3372 Apostolus
970 3303 1047 3356 ait
1094 3302 1297 3356 factum
1327 3316 1394 3356 ex
1424 3299 1673 3365 muliere,
1710 3299 1914 3354 factum
1967 3299 2021 3352 in

429 3409 618 3459 carne,
646 3393 818 3458 illum,
859 3393 952 3463 qui
981 3403 1036 3446 ut
1065 3391 1394 3460 evangelista
1437 3389 1620 3453 refert,
1647 3387 1846 3458 Joseph
1879 3387 2023 3442 [ilius

437 3485 723 3556 putabatur
747 3496 887 3547 esse,
918 3483 1013 3537 sed
1045 3497 1152 3536 non
1192 3489 1329 3546 erat,
1361 3481 1512 3533 illum
1555 3480 1742 3548 utique
1763 3479 1854 3548 qui
1889 3479 2024 3532 Ver-

428 3577 556 3633 bum
601 3590 730 3632 caro
759 3573 961 3629 factum
1010 3582 1112 3628 est.
1145 3571 1282 3626 Nam
1333 3570 1376 3625 si
1411 3570 1700 3641 generandi
1750 3568 2020 3637 publicam

429 3667 589 3722 istam
629 3674 684 3721 et
729 3663 1032 3720 naturalem
1078 3661 1546 3732 circumspicimus
1601 3660 1887 3722 rationem,
1931 3675 2019 3713 se-

430 3758 576 3814 mina
628 3773 736 3812 non
766 3756 969 3810 habent
1007 3753 1284 3808 mulieres.
1315 3751 1558 3819 Denique
1609 3748 1752 3804 nulla
1785 3749 2021 3818 concipit

429 3851 551 3906 sine
575 3850 710 3904 viro.
749 3847 828 3903 Ac
855 3861 954 3918 per
994 3846 1112 3907 hoc,
1148 3844 1404 3916 quoniam
1430 3841 1543 3911 jam
1576 3849 1703 3896 tunc
1748 3840 1803 3894 in
1848 3840 2019 3894 Adam

429 3955 614 3997 semen
668 3942 918 3995 humanm
971 3936 1338 4008 generationis
1384 3943 1531 3988 esset
1583 3931 2021 4002 transgressione

429 4034 702 4096 vitiatum,
731 4043 918 4086 semen
965 4027 1186 4082 cmleste
1239 4026 1596 4097 promittitur,
1631 4031 1689 4077 ut
1730 4022 2022 4093 Apostolus

431 4121 616 4185 sentit,
648 4135 753 4174 non
781 4134 847 4173 ex
897 4118 1244 4188 corruptione
1292 4115 1417 4179 viri,
1449 4115 1544 4169 sed
1579 4128 1645 4168 ex
1694 4113 1834 4177 Deo,
1878 4116 2020 4182 quod

432 4225 613 4269 tamen
640 4226 770 4267 caro
795 4209 951 4267 fieret
977 4211 1029 4264 in
1073 4209 1316 4272 muliere,
1356 4216 1412 4262 et
1436 4207 1700 4262 elementa
1727 4206 1903 4275 prima
1932 4207 2021 4259 illa

433 4319 693 4373 corporea
721 4300 1055 4363 substantize,
1084 4300 1136 4353 id
1167 4309 1269 4363 est,
1295 4298 1542 4352 humoris
1569 4305 1624 4352 et
1643 4297 1944 4366 sanguinis,
1970 4296 2022 4350 in

434 4398 550 4465 ipso
600 4395 701 4450 sibi
737 4393 976 4457 vasculo,
1021 4392 1099 4446 in'
1127 4406 1234 4460 quo
1263 4391 1375 4458 ipsa
1426 4388 1693 4443 elementa
1740 4388 1842 4442 sita
1873 4397 2021 4454 sunt,

433 4485 752 4543 naturaliter
797 4492 1027 4555 aptaret.
1067 4503 1084 4534 ι
1123 4493 1143 4520 ε
1171 4481 1367 4536 Beatus
1404 4493 1616 4550 quoque
1643 4479 2016 4550 Augustinus:

2126 3293 2367 3348 Verbum
2427 3295 2722 3347 secundum
2769 3294 3101 3364 Scripturas,
3151 3302 3391 3348 attamen
3422 3301 3506 3348 est
3549 3294 3722 3348 etiam

2121 3385 2201 3439 sic
2232 3384 2374 3440 ﬁlius
2405 3385 2718 3457 unigenitus
2746 3387 3046 3442 secundum
3077 3388 3340 3442 unitatem
3365 3402 3572 3454 veram,
3598 3402 3724 3458 quae

2121 3477 2270 3531 ultra
2307 3485 2547 3532 mentem
2594 3486 2650 3532 et
2685 3479 2952 3533 rationem
2979 3487 3087 3549 est.
3121 3478 3240 3548 Ipse
3273 3480 3435 3549 igitur
3480 3495 3618 3534 unus
3661 3488 3724 3534 et

2121 3586 2285 3625 verus
2316 3570 2570 3626 Christus
2606 3570 2782 3636 Jesus,
2835 3581 3092 3641 tanquam
3141 3588 3238 3643 per
3288 3573 3722 3628 instrumentum

2119 3663 2327 3732 proprii
2358 3663 2604 3732 corporis
2639 3672 2896 3732 cperatus
2941 3673 3025 3718 est
3073 3666 3225 3736 signa
3273 3666 3476 3730 divina,
3509 3674 3566 3721 et
3609 3681 3722 3721 non

2122 3762 2409 3822 cperatum
2432 3754 2485 3806 in
2516 3767 2602 3808 eo.
2645 3773 2663 3806 ι
2697 3754 2828 3809 Item
2859 3753 3093 3826 Cyrillus
3129 3773 3140 3809 :
3183 3774 3201 3806 ι
3240 3757 3503 3812 Dominus
3529 3766 3723 3812 noster

2121 3839 2280 3896 Jesns
2327 3840 2574 3898 Christus
2621 3860 2802 3910 unus,
2852 3846 3048 3915 inquit,
3080 3855 3134 3901 et
3183 3846 3330 3901 solus
3369 3863 3498 3901 vere
3548 3847 3721 3901 Filius

2121 3933 2366 3987 existens
2398 3932 2494 3988 Dei
2525 3932 2722 3996 Patris,
2775 3949 2904 3990 caro
2952 3935 3153 4000 factus,
3204 3945 3259 3990 et
3291 3937 3562 4006 principat
3601 3952 3721 3991 om-

2122 4021 2272 4075 nium
2321 4022 2482 4076 simul
2529 4037 2650 4077 cum
2705 4024 2926 4094 proprio
2975 4027 3240 4092 genitore,
3277 4024 3620 4094 ﬂectiturque
3667 4027 3721 4080 ei

2123 4132 2274 4170 omne
2302 4133 2436 4186 genu
2484 4115 2786 4181 cwlestium,
2833 4117 3158 4171 terrestrium
3200 4128 3246 4172 et
3278 4118 3629 4186 infernarum,
3662 4126 3722 4170 et

2128 4206 2423 4262 confitetur
2449 4209 2617 4261 omnis
2641 4206 2843 4276 lingua,
2863 4208 2986 4276 quia
3005 4206 3261 4261 Dominus
3289 4207 3445 4261 Iesus
3476 4207 3719 4261 Christus

2123 4300 2179 4353 in
2224 4299 2394 4369 gloria
2434 4308 2509 4352 est
2542 4299 2641 4352 Dei
2687 4296 2886 4350 Patris.
2929 4299 3026 4352 Est
3071 4299 3238 4369 igitur
3289 4300 3404 4367 ipse
3453 4299 3719 4353 Dominus

2124 4391 2340 4459 quidem
2391 4391 2654 4454 omnium,
2687 4389 2985 4444 secundum
3023 4389 3167 4458 quod
3206 4389 3524 4460 intelligitur
3553 4398 3609 4444 et
3635 4400 3720 4444 est

2128 4483 2275 4538 Deus
2303 4523 2316 4547 ,
2369 4481 2497 4535 licet
2531 4495 2638 4535 non
2675 4480 2790 4535 sine
2825 4495 2989 4534 carne
3032 4488 3154 4548 post
3190 4480 3712 4534 inhumanationem.

440 4597 459 4628 ι
490 4577 581 4632 llla
611 4576 754 4631 enim
793 4583 1008 4636 natura,
1034 4571 1231 4642 inquit,
1262 4585 1380 4638 quae
1400 4583 1612 4638 semper
1637 4568 1816 4636 genita
1840 4578 2024 4623 manet
2051 4559 2102 4617 D
2129 4570 2249 4640 lpse
2287 4585 2419 4624 vero
2447 4585 2638 4624 rursus
2668 4583 2769 4624 nec
2801 4570 2944 4624 Deus
2992 4583 3092 4624 nec
3124 4570 3405 4624 Dominus.
3452 4570 3548 4624 Est
3571 4570 3718 4624 enim

433 4687 497 4724 cx
529 4669 709 4733 Patre,
745 4676 987 4721 nostram
1013 4672 1263 4718 naturam
1287 4661 1403 4715 sine
1428 4669 1650 4728 peccato
1679 4659 1937 4728 suscepit,
1963 4668 2023 4712 nt

437 4767 752 4816 nasceretur
789 4773 852 4812 ex
892 4755 1121 4825 virgine.
1169 4750 1353 4820 Neque
1399 4749 1544 4804 enim
1594 4757 1788 4802 natura
1819 4757 2020 4802 aeterna

436 4863 600 4923 atque
650 4851 826 4905 divina
876 4845 1248 4918 temporaliter
1294 4842 1505 4911 concipi
1553 4849 1606 4895 et
1654 4841 2024 4909 temporalitcr

437 4945 586 4998 nasci
604 4958 670 4997 ex
693 4951 882 4996 natura
907 4941 1142 4994 humana
1167 4936 1439 4990 ullatenus
1463 4940 1665 5001 posset,
1696 4933 1800 4986 nisi
1836 4947 2024 4986 secun-

436 5037 562 5092 dum
593 5035 990 5104 susceptionem
1020 5028 1266 5084 veritatis
1295 5027 1543 5080 humana:
1582 5038 1766 5077 veram
1816 5032 2024 5091 tempo-

2131 4660 2582 4714 absurdissimum
2607 4698 2621 4723 ,
2655 4661 2828 4730 magis
2859 4668 3041 4715 autem
3090 4661 3238 4713 omni
3265 4661 3544 4730 impietate
3591 4675 3718 4713 vero

2131 4748 2459 4819 completum
2491 4791 2503 4814 ,
2561 4749 2637 4802 ita
2687 4763 2880 4819 sapere
2921 4749 3007 4804 vel
3057 4750 3257 4804 dicere.
3303 4770 3322 4802 ι
3370 4749 3503 4803 ltem
3554 4749 3712 4818 ipse:

2135 4860 2152 4892 ι
2190 4841 2626 4910 Dispensationis
2653 4840 2924 4910 Unigeniti
2953 4856 3075 4895 cum
3100 4857 3265 4895 carne
3289 4848 3713 4902 sacramentum,

2129 4949 2159 4986 a
2215 4933 2371 4986 nobis
2420 4931 2535 5000 jam
2585 4930 2785 4995 factis,
2855 4946 3000 4985 nunc
3059 4931 3414 4985 nihilominus
3463 4929 3718 4999 copulare

2127 5024 2468 5080 sermonibus
2500 5024 2721 5092 dignum
2754 5033 2859 5087 est,
2899 5032 2953 5077 et
2983 5039 3076 5078 eos
3101 5039 3206 5078 non
3237 5025 3355 5078 sine
3382 5023 3594 5079 decenti
3625 5038 3714 5074 ra-

1807 5136 2076 5194 BALUle
2115 5138 2346 5195 NOTAE.

507 5279 533 5306 ι
576 5261 685 5318 Sua
715 5268 880 5312 morte
906 5255 1214 5324 viviﬁcaret.
1257 5253 1335 5306 Ex
1350 5264 1615 5324 sermone
1637 5249 1712 5324 75
1735 5248 1789 5324 in
1819 5263 2020 5324 appen-

437 5336 559 5391 dice
587 5333 911 5397 Sermonum
937 5318 1109 5397 sancti
1135 5321 1421 5393 Augustini
1450 5338 1463 5372 τ
1495 5338 1512 5368 ι
1549 5319 1660 5372 Hoc
1688 5318 1816 5372 fecit
1835 5318 2020 5397 Domi-

439 5387 551 5460 ﬁir's'
568 5409 752 5457 noster
772 5396 929 5452 Jesus
953 5387 1332 5467 Christnsfsua
1351 5397 1668 5467 paupertate
1692 5402 1792 5467 nos
1818 5387 2018 5467 ditans,

438 5458 535 5528 sua
588 5467 890 5525 humilitate
934 5479 1030 5517 nos
1075 5463 1507 5522 sublevans,sua
1553 5458 1868 5510 inﬁrmitate
1923 5473 2021 5511 nos

437 5559 658 5606 sanans,
690 5543 980 5606 suamortc
1013 5548 1109 5606 nos
1133 5531 1487 5606 viviﬁcans._r
1623 5604 1628 5606 Δ
1796 5605 1799 5606 ν
1836 5595 1850 5606 ¹
1877 5596 1890 5606 .

510 5595 718 5666 libenti
750 5603 1059 5672 Hieronymi
1080 5601 1412 5654 sententiam.
1443 5598 1702 5672 Sumptus
1724 5605 1812 5672 est
1836 5595 1925 5649 hic
1953 5596 2024 5648 lo-

437 5699 535 5737 eus
558 5698 622 5738 ex
648 5675 879 5748 epistola
911 5667 1042 5726 7'ad
1078 5673 1608 5748 amicumiegrotum
1656 5667 1748 5748 de“
1767 5667 1880 5718 viro
1905 5680 2024 5746 per-

435 5735 598 5816 fecto,
631 5735 751 5819 quae
795 5743 937 5800 edita
978 5750 1061 5795 est
1110 5750 1238 5795 tom.
1297 5738 1365 5792 lx
1402 5735 1645 5808 'operum
1689 5735 2018 5804 Hieronymi.

2129 5255 2327 5308 Verum
2353 5254 2516 5325 hanc
2534 5255 2817 5325 epistolam
2850 5271 2956 5308 non
2995 5270 3116 5310 esse
3145 5255 3457 5325 Hieronymi
3494 5268 3722 5313 conten-

2129 5325 2260 5376 dunt
2311 5324 2411 5398 viri
2455 5324 2672 5398 eruditi.
2723 5323 3042 5392 Agoburdus
3091 5341 3198 5378 non
3255 5323 3532 5381 dubitabat
3585 5331 3720 5398 quin

2125 5401 2272 5446 esset
2311 5392 2644 5461 Hieronymi.

2202 5473 2222 5499 ε
2267 5463 2462 5515 Beatus
2519 5461 2865 5525 Augustinus,
2900 5463 2953 5517 in
3003 5461 3140 5517 libro
3178 5463 3434 5519 nimirum
3477 5466 3550 5521 De
3588 5466 3727 5522 Fide

2130 5530 2469 5603 adPetrum.
2497 5530 2618 5603 Sed
2657 5531 2798 5586 hunc
2830 5533 3039 5603 .librum
3089 5549 3196 5603 non
3242 5549 3364 5588 esse
3408 5537 3723 5603 Augustini,

2131 5600 2861 5722 sedlfnlgen‘tiiRuspensis
2895 5602 3155 5672 episcopi,
3175 5602 3287 5671 jam
3316 5600 3596 5659 ostensum
3637 5600 3729 5660 est

2134 5685 2162 5720 a
2200 5686 2327 5722 viris
2351 5687 2464 5722 erm
2489 5681 2597 5722 lllS.

2134 5685 2162 5720 Il
2200 5686 2327 5724 Vll‘lS
2351 5681 2597 5724 Cl‘lltllllS.
