3918 6312
171 371 233 426 49
1277 360 1406 415 LIB.
1447 359 1607 414 ADV'.
1648 354 1949 411 FELICEM
1994 354 2291 413 URGELL.
3383 355 3455 412 50

171 485 304 538 tione
329 489 652 536 monstrare.
689 499 706 532 ι
737 479 801 532 Et
820 484 944 547 post
985 489 1203 546 pauca:
1242 494 1263 524 ι
1294 474 1428 528 Cum
1467 472 1750 528 Nestorius
1778 472 1828 529 A
1855 466 2070 522 deitatis
2097 465 2478 534 inseparabilis
2505 475 2806 536 permanet,
2856 468 2946 523 ubi
2971 468 3247 523 habebunt
3276 469 3453 524 locum

168 576 323 647 igitur
352 575 425 628 ita
459 571 744 642 scripserit
767 571 832 625 de
855 567 1074 624 Christo
1106 588 1117 621 :
1147 567 1290 640 Ergo
1319 568 1412 634 qui
1443 582 1638 637 passus
1664 574 1749 620 est

166 664 396 738 pontifex
429 664 761 728 misericors,
790 677 918 714 nam
944 660 1248 716 viviﬁcator
1273 659 1390 728 ejus
1417 660 1510 730 qui
1552 673 1756 729 passus

167 768 242 817 est
265 761 428 824 Deus,
452 766 507 813 et
540 758 711 812 Deum
736 755 937 811 Christi
964 756 1133 810 Deum
1156 756 1395 810 Verbum
1434 754 1751 809 nominave-

168 856 253 918 rit,
284 853 651 923 adjeeeritquc
697 851 819 906 his:
847 849 979 903 Erat
1014 856 1195 904 autem
1233 848 1349 918 ipse
1389 855 1444 902 et
1471 845 1666 908 infans,
1693 853 1750 900 et

167 946 378 1013 infantis
405 945 692 1009 Dominus,
727 958 835 998 non
876 940 1225 1003 aﬂirmamus,
1259 940 1384 1008 quia
1419 954 1526 993 non
1552 937 1748 992 decen-

170 1040 266 1095 tior
314 1044 441 1092 natu
470 1076 484 1100 ,
539 1035 713 1104 magis
763 1040 946 1087 autem
1004 1031 1167 1100 impie
1215 1030 1379 1084 nimis
1429 1028 1548 1097 ejus
1580 1027 1748 1081 verba

168 1125 367 1199 prolata
426 1132 572 1180 sunt.
626 1122 686 1177 Si
738 1121 883 1177 enim
938 1121 1082 1174 Deus
1142 1125 1228 1172 est
1275 1116 1480 1171 Christi
1526 1131 1592 1169 ex
1637 1116 1749 1169 Deo

170 1219 320 1275 Patre
345 1217 607 1280 Verbum,
633 1216 740 1270 duo
771 1213 948 1268 modis
987 1210 1240 1266 omnibus
1290 1218 1476 1274 erunt,
1507 1218 1561 1263 et
1594 1207 1749 1262 indu-

169 1309 416 1366 bitanter.
451 1305 734 1374 Quomodo
757 1312 940 1358 autem
966 1302 1287 1372 intelligitur
1307 1309 1366 1356 et
1398 1299 1581 1356 infans
1611 1301 1746 1369 ipse,

171 1407 223 1456 et
237 1397 496 1455 Dominus
519 1395 775 1475 infantis?
821 1393 940 1449 Non
971 1409 1108 1464 ergo
1132 1392 1335 1447 dicitur
1377 1399 1432 1447 et
1459 1393 1606 1447 Deus
1636 1391 1751 1446 sni-

169 1500 272 1549 met
297 1489 466 1561 ipsius
514 1497 569 1543 et
594 1488 856 1543 Dominus
880 1483 1221 1550 Emmanuel,
1248 1485 1294 1538 si
1322 1492 1406 1539 est
1426 1483 1569 1537 idem
1606 1483 1754 1537 Deus

171 1583 322 1644 simul
350 1591 405 1636 et
429 1581 619 1644 homo,
643 1588 905 1648 tanquam
949 1576 1364 1631 inhumanatum
1413 1581 1470 1629 et
1500 1573 1749 1628 incarna-

172 1684 274 1730 tum
305 1674 402 1728 Dei
429 1672 684 1726 Verbum.
722 1690 741 1721 ι

234 1765 395 1822 XXII.
438 1765 639 1818 Beatus
692 1777 910 1833 quoque
953 1760 1291 1832 Augustinus
1327 1777 1338 1812 :
1377 1777 1396 1808 ι
1433 1758 1544 1828 Ego
1580 1757 1749 1820 enim,

1850 557 1924 610 tui
1955 557 2099 611 modi
2123 556 2146 609 ?

1926 647 2114 703 XXIII.
2145 648 2280 705 Item
2307 649 2498 704 beatus
2522 647 2856 721 Augustinus
2883 669 2894 704 :
2944 670 2960 700 ι
2996 650 3259 705 Filiorum
3293 667 3450 706 nam-

1850 756 1955 810 que
1978 741 2091 808 alii,
2128 742 2322 812 inquit,
2351 751 2481 797 sunt
2501 744 2759 814 adoptivi,
2778 744 2867 798 alii
2891 745 3187 801 naturales.
3211 745 3301 813 Ili,
3323 746 3453 817 quia

1849 832 2018 902 geniti
2040 833 2115 888 ab
2148 833 2336 898 initio,
2383 832 2476 887 ﬁlii
2520 849 2736 903 semper
2761 851 2826 890 ac
2861 837 3089 905 proprii.
3131 836 3230 902 Illi,
3274 838 3453 906 primo

1849 923 2044 990 alieni,
2090 933 2215 994 post
2263 924 2390 988 ﬁlii,
2445 939 2566 979 cum
2599 941 2694 995 per
2724 925 3071 995 adoptionem
3101 919 3156 980 in
3186 925 3451 982 familiam

1847 1018 2137 1072 videantur
2187 1018 2439 1074 adscisci.
2489 1018 2696 1084 Quibus
2745 1035 2875 1089 ergo
2923 1019 3324 1088 comparandus
3367 1029 3456 1075 est

1847 1108 2018 1162 Filius
2044 1109 2183 1163 Dei?
2222 1109 2278 1164 Si
2315 1111 2621 1179 adoptivis;
2661 1111 2768 1165 erit
2811 1110 2954 1181 apud
3000 1110 3218 1166 Patrem
3259 1111 3454 1166 similis

1849 1201 2026 1255 nobis.
2063 1199 2120 1254 Si
2142 1202 2419 1271 propriis;
2457 1216 2524 1255 ex
2556 1201 2862 1256 substantia
2889 1201 3164 1256 exstitisse
3191 1201 3455 1256 dicendus

1849 1297 1933 1344 est
1955 1290 2237 1360 genitoris.
2272 1311 2290 1342 ι
2319 1291 2463 1346 Ecce
2484 1292 2676 1347 beatus
2696 1291 3036 1362 Augustinus
3063 1299 3252 1362 aperte
3272 1291 3451 1357 docet,

1849 1381 1976 1449 quia
2006 1393 2031 1420 ει
2061 1382 2304 1450 adoptari
2336 1382 2390 1434 in
2418 1380 2530 1437 ﬁlio
2556 1397 2663 1436 non
2690 1389 2890 1451 potest,
2922 1382 3027 1436 nisi
3051 1381 3144 1451 qui
3173 1390 3331 1437 antea
3359 1397 3455 1436 ex-

1851 1471 1990 1525 stitit
2020 1470 2230 1526 alienus
2257 1488 2270 1536 ;
2304 1487 2406 1526 nec
2434 1480 2612 1542 potest
2644 1473 2931 1541 quisquam
2968 1487 3068 1541 per
3107 1471 3454 1542 adeptionem

1852 1561 2098 1629 accipere
2134 1569 2372 1631 patrem,
2419 1563 2526 1617 nisi
2557 1564 2650 1633 qui
2681 1564 2873 1618 habuit
2920 1565 3217 1634 proprium.
3251 1565 3329 1619 Tu
3360 1567 3454 1636 qui

1852 1651 2061 1708 duobus
2085 1654 2258 1707 modis
2284 1655 2505 1708 unicum
2530 1655 2825 1720 Dominum
2849 1656 3113 1725 praedicas
3140 1673 3260 1712 esse
3281 1656 3452 1712 ﬁlium

1853 1742 2036 1810 Patri,
2082 1745 2135 1799 id
2178 1753 2279 1809 est,
2331 1746 2663 1816 proprietate
2703 1754 2758 1800 et
2789 1746 3098 1816 adoptione,
3132 1747 3359 1803 ostende
3387 1763 3454 1804 ex

172 1858 357 1928 inquit,
392 1855 501 1910 Sab
523 1823 732 1908 atorern
779 1823 1026 1907 nostrum
1042 1823 1178 1905 vnon
1228 1850 1431 1913 divido,
1473 1823 1579 1902 non
1623 1863 1751 1903 con-
1781 1823 1825 1881 Β
1857 1835 1947 1889 illa
1975 1843 2262 1928 Par“?qu
2291 1837 2576 1906 adoptivus
2604 1847 2709 1903 es"
2735 1853 2894 1906 quem
2934 1839 3125 1895 hab‘m
3149 1841 3451 1910 Proprium.

172 1947 350 2011 fundo,
383 1961 450 2000 ne
481 1953 576 2001 aut
601 1945 978 2011 incorpoream
1004 1950 1058 1994 et
1096 1939 1472 2008 imaginariam
1505 1952 1748 2001 carnem,

174 2050 260 2094 aut
287 2038 564 2094 carnalem
587 2044 641 2091 et
669 2034 955 2089 mortalem
987 2032 1278 2102 praedicem
1323 2030 1601 2085 deitatem.
1636 2028 1751 2082 Non

174 2147 387 2201 separo;
419 2145 489 2184 ne
534 2128 629 2182 Dei
657 2126 837 2180 Patris
863 2139 1029 2179 unam
1069 2123 1365 2177 secundum
1412 2136 1662 2185 carnem,
1701 2129 1757 2173 et

176 2223 391 2277 alteram
444 2217 745 2275 secundum
797 2216 1141 2285 majestatem
1184 2212 1755 2273 introducerevidear

175 2313 401 2386 prolem;
434 2311 562 2380 quia
593 2308 734 2363 idem
767 2307 863 2363 Dei
903 2304 1074 2359 Filius
1103 2312 1158 2357 et
1184 2304 1300 2357 sine
1353 2303 1506 2357 initio
1539 2317 1756 2370 proces-

175 2406 238 2460 sit
265 2419 327 2458 ex
353 2402 609 2465 Patre,et
639 2397 933 2452 secundum
969 2403 1181 2463 tempus
1209 2393 1360 2447 nasci
1393 2399 1477 2446 est
1506 2391 1756 2461 dignatus

174 2513 236 2552 ex
282 2493 524 2565 Virgine.
567 2487 922 2560 Impassibilis
958 2487 1010 2540 in
1041 2501 1174 2549 suo,
1219 2499 1411 2554 passus
1449 2485 1502 2537 in
1545 2491 1753 2545 nostro,

176 2588 293 2642 dum
343 2579 969 2653 imcomprehensibilem
1018 2576 1357 2645 maiestatem
1399 2575 1545 2629 velut
1593 2575 1760 2645 quod-

175 2679 290 2733 dam
305 2678 682 2732 indumentum
706 2673 886 2729 carnis
906 2671 1106 2725 vestire
1120 2677 1203 2724 est
1221 2669 1475 2739 dignatus
1498 2684 1563 2722 ex
1581 2675 1755 2721 utero.

178 2772 483 2828 Mediatoris
513 2786 620 2825 una
650 2783 904 2840 persona,
951 2783 1062 2822 non
1107 2782 1216 2820 una
1261 2765 1605 2830 substantia;
1653 2781 1759 2818 una

179 2865 393 2936 inquam
416 2876 670 2933 persona,
702 2874 772 2914 ne
798 2859 870 2914 sit
898 2873 1008 2912 non
1031 2873 1171 2910 unus
1197 2855 1449 2910 Christus
1473 2872 1487 2921 ;
1516 2868 1623 2908 non
1656 2870 1760 2908 una

178 2952 482 3008 substantia
506 2992 524 3016 ,
566 2965 636 3004 ne
678 2949 996 3004 mediatoris
1039 2946 1446 3016 dispensatione
1486 2945 1760 3008 submota,

178 3053 264 3099 aut
287 3043 382 3099 Dei
415 3051 626 3097 tantum
657 3040 871 3096 dicatur
894 3047 988 3093 aut
1032 3037 1268 3093 hominis
1294 3036 1455 3090 ﬁlius.
1497 3055 1515 3087 ι
1553 3035 1621 3089 Ει
1644 3044 1765 3105 post

176 3147 381 3204 pauca:
423 3151 442 3182 ‹
486 3131 691 3198 Quibus
714 3131 766 3184 in
792 3145 954 3182 unam
985 3143 1273 3198 personam
1303 3125 1766 3196 incomprehensi-

179 3223 264 3278 bili
318 3222 636 3278 mediatoris
682 3221 1085 3290 dispensatione
1138 3216 1440 3286 conjunctis
1467 3258 1482 3282 ,
1528 3218 1767 3271 servavit

181 3314 399 3384 singulis
437 3311 679 3381 propria,
714 3311 806 3364 sed
835 3309 1114 3377 conjunxit
1139 3308 1373 3377 propriis
1406 3307 1602 3360 aliena.
1645 3306 1766 3360 Ser-

181 3406 319 3459 vavit
354 3403 596 3474 propria,
633 3402 760 3455 dum
810 3417 916 3455 non
949 3400 1133 3454 amisit
1170 3399 1594 3453 immensitatem
1625 3397 1764 3451 divi-

183 3495 377 3559 nitatis,
431 3501 488 3546 et
533 3491 908 3544 inﬁrmitatem
955 3505 1063 3543 non
1111 3487 1320 3556 respuit
1365 3487 1566 3543 carnis.
1621 3486 1764 3541 Con-

179 3581 348 3653 junxit
377 3582 614 3653 propriis
640 3581 838 3644 aliena,
868 3579 996 3635 dum
1022 3578 1164 3634 idem
1192 3586 1356 3649 atque
1385 3576 1769 3648 inseparabilis

185 3676 449 3739 Christus,
474 3682 530 3728 et
553 3673 772 3742 proprio
809 3671 993 3726 carnis
1016 3669 1310 3737 occiditur,
1337 3676 1391 3722 et
1416 3667 1636 3737 proprio
1662 3667 1772 3720 dei-

187 3771 303 3825 tatis
326 3767 468 3838 apud
494 3765 695 3820 inferos
725 3780 834 3819 non
860 3771 1096 3818 tenetur.
1128 3761 1356 3830 Proprio
1385 3760 1566 3815 carnis
1594 3767 1773 3830 gusta-

187 3863 258 3917 vit
281 3861 390 3917 vita
421 3865 672 3923 mortem,
703 3854 920 3927 preprio
951 3853 1169 3908 deitatis
1195 3859 1513 3922 perpetuam
1541 3849 1769 3906 reddidit

189 3968 419 4010 carnem.
467 3950 587 4005 Non
631 3964 759 4019 ergo
802 3956 949 4002 recte
981 3946 1199 4011 dicitur,
1223 3945 1280 3998 In
1313 3943 1451 3997 Filio
1491 3941 1654 3995 Pater
1687 3949 1772 3994 est

189 4060 370 4117 passus
395 4062 411 4112 ;
440 4042 701 4112 quoniam
732 4041 786 4093 in
815 4054 1002 4103 carne,
1034 4052 1153 4105 qua:
1193 4035 1244 4090 ei
1275 4049 1381 4087 non
1411 4041 1496 4088 est
1523 4047 1646 4087 cum
1672 4031 1770 4118 Pa-

192 4145 269 4192 tre
299 4134 622 4198 communis,
675 4146 866 4202 passus
907 4138 992 4183 est
1037 4127 1194 4180 ﬁlius.
1249 4125 1437 4194 Itaque
1474 4121 1772 4193 glorificata

192 4234 268 4282 est
303 4241 431 4280 caro
469 4222 786 4291 majestate,
829 4221 956 4275 dum
1008 4215 1268 4284 majestas
1312 4214 1592 4268 humiliata
1621 4213 1777 4270 doce—

194 4325 275 4371 tur
299 4318 350 4370 in
375 4330 562 4371 carne.
598 4312 705 4368 Sed
735 4319 1025 4378 utrumque
1051 4323 1161 4362 non
1191 4308 1256 4362 de
1283 4306 1495 4360 duobus
1520 4304 1774 4369 Christis,

194 4411 327 4464 sicut
363 4418 559 4479 putas,
599 4405 694 4461 sed
747 4404 812 4458 de
846 4417 955 4458 uno
987 4409 1149 4470 atque
1188 4398 1379 4454 eodem
1430 4398 1576 4467 ipso,
1617 4411 1778 4466 quem

1852 1936 1942 1982 aut
1965 1927 2190 1982 ostende
2209 1927 2379 1982 fuisse
2405 1928 2555 1982 illum
2583 1937 2876 1998 antequam
2899 1929 3280 2000 adoptaretur;
3307 1930 3452 1986 sicut

1851 2021 2045 2076 beatus
2093 2021 2428 2090 Augustinus
2477 2021 2760 2091 adoptivos
2812 2021 3060 2077 distinxit
3109 2039 3141 2076 a
3190 2026 3448 2096 prepriis.

1853 2112 1985 2167 Item
2011 2113 2202 2168 beatus
2228 2113 2563 2182 Augustinus
2590 2112 2681 2184 (In
2711 2113 2930 2167 Enclu'r.
2965 2130 3082 2185 cap.
3116 2116 3206 2188 55)
3231 2135 3242 2170 :
3278 2137 3294 2168 ι
3324 2118 3457 2173 Pro.

1855 2210 2000 2275 inde,
2021 2210 2116 2276 ait,
2143 2210 2392 2266 Christus
2411 2211 2567 2267 Jesns
2593 2212 2693 2267 Dei
2717 2212 2906 2278 Filius,
2928 2214 3071 2270 Deus
3089 2225 3174 2272 est
3194 2225 3248 2271 et
3270 2219 3454 2274 homo.

1856 2301 2000 2355 Deus
2031 2309 2156 2355 ante
2200 2303 2384 2356 omnia
2430 2303 2649 2368 srecula,
2695 2301 2858 2359 homo
2890 2305 2944 2358 in
2987 2314 3173 2361 nostro
3223 2309 3452 2374 saeculo;

1858 2390 2019 2454 Deus,
2049 2392 2176 2462 quia
2203 2391 2300 2446 Dei
2340 2393 2617 2448 Verbum:
2657 2393 2803 2449 Deus
2844 2395 2990 2449 enim
3031 2404 3151 2450 erat
3195 2396 3455 2453 Verbum.

1859 2487 2030 2543 Homo
2074 2498 2292 2556 autem,
2342 2493 2469 2560 quia
2523 2492 2578 2546 in
2627 2492 2890 2548 unitatem
2934 2509 3184 2563 personae
3226 2497 3460 2552 accessit

1863 2581 2039 2638 Verbo
2067 2585 2248 2638 anima
2279 2585 2584 2652 rationalis,
2623 2594 2679 2640 et
2715 2602 2863 2642 caro.
2903 2585 3173 2654 Quocirca
3207 2589 3259 2644 in
3283 2567 3461 2660 quan-

1862 2681 1975 2728 tum
1999 2675 2142 2732 Deus
2169 2686 2268 2740 est,
2303 2678 2417 2747 ipse
2438 2686 2491 2733 et
2517 2677 2680 2733 Pater
2713 2687 2881 2734 unum
2912 2689 3045 2735 sunt.-
3063 2698 3084 2734 :.
3118 2681 3173 2736 in
3199 2690 3462 2751 quantum

1863 2774 2043 2821 autem
2074 2769 2239 2822 homo
2264 2753 2369 2831 est,
2402 2766 2566 2824 Pater
2597 2767 2770 2837 major
2793 2776 2877 2824 est
2896 2770 3010 2825 illo.
3043 2770 3178 2825 Cum
3208 2772 3353 2827 enim
3381 2789 3461 2828 es-

1864 2867 1947 2913 set
1985 2858 2180 2913 unicus
2223 2857 2320 2912 Dei
2361 2857 2564 2924 Filius,
2601 2874 2709 2913 non
2757 2859 2968 2929 gratia,
3003 2861 3098 2916 sed
3138 2870 3369 2926 natura,
3408 2870 3466 2917 ut

1864 2960 2011 3006 esset
2028 2951 2196 3007 etiam
2214 2951 2407 3020 plenus
2431 2951 2628 3021 gratia,
2651 2950 2829 3006 factus
2857 2959 2943 3005 est
2964 2958 3018 3006 et
3038 2953 3275 3008 hominis
3298 2953 3462 3019 ﬁlius,

1866 3041 1982 3108 ipse
2006 3039 2145 3094 idem
2179 3047 2471 3107 utrumque
2502 3054 2570 3093 ex
2605 3045 2838 3108 utroque
2865 3055 3004 3094 unus
3035 3039 3304 3095 Christus.
3338 3062 3355 3092 ι
3402 3040 3458 3098 Si

1869 3131 2160 3201 aliquando
2217 3131 2414 3186 beatus
2457 3131 2793 3202 Augustinus
2840 3132 3121 3188 debuisset
3166 3134 3464 3204 praedicare

1869 3221 2161 3276 Dominum
2190 3229 2435 3276 nostrum
2462 3222 2640 3292 gratia
2673 3237 2795 3277 esse
2819 3221 3016 3280 Filium
3059 3224 3237 3280 Patris
3272 3241 3468 3282 secun-

1868 3309 1996 3362 dum
2023 3309 2421 3366 humanitatem
2445 3349 2468 3374 ,_
2491 3309 2554 3361 in
2573 3309 2677 3364 hac
2717 3311 2986 3365 sententia
3018 3312 3243 3368 haberet
3277 3316 3470 3383 praeci-

1868 3415 2035 3470 puum
2064 3406 2120 3453 et
2155 3413 2455 3468 congruum
2486 3399 2687 3454 locum.
2718 3399 2916 3456 Dicens
2959 3417 3117 3473 ergo,
3151 3403 3283 3458 Cum
3328 3407 3467 3461 enim

1870 3499 2002 3550 esset
2029 3489 2217 3544 unicus
2245 3489 2344 3543 Dei
2371 3489 2544 3544 Filius
2562 3532 2576 3554 ,
2622 3509 2724 3546 non
2752 3495 2949 3562 gratia,
2989 3496 3080 3549 sed
3108 3505 3326 3563 natura,
3370 3499 3466 3553 ad-

1864 3580 2117 3650 jungeret
2146 3587 2210 3634 ut
2231 3588 2377 3635 esset
2401 3580 2567 3635 etiam
2596 3581 2738 3636 ﬁlius
2763 3584 2960 3653 gratia,
2995 3585 3168 3650 factus
3197 3596 3274 3641 est
3300 3595 3350 3642 et
3370 3589 3467 3642 lio-

1873 3669 2026 3724 mim's
2054 3669 2221 3738 ﬁlius.
2255 3669 2371 3730 Non
2407 3677 2589 3724 autem
2622 3671 2757 3725 dixit
2789 3673 2882 3726 ita.
2935 3672 3040 3727 Sed
3082 3675 3191 3740 ait,
3243 3675 3311 3730 ω
3336 3687 3465 3732 esset

1871 3759 2030 3811 etiam
2051 3757 2239 3827 plenus
2263 3759 2459 3828 gratia,
2501 3759 2676 3828 factus
2716 3769 2790 3814 est
2819 3769 2870 3814 et
2894 3762 3124 3818 hominis
3151 3763 3318 3832 ﬁlius.
3351 3766 3467 3834 Qua

1874 3864 2053 3911 autem
2078 3855 2289 3909 ratione
2315 3856 2467 3910 dicat
2488 3871 2612 3910 eum
2635 3855 2841 3911 factum
2871 3857 3042 3911 ﬁlium
3065 3859 3318 3925 hominis,
3346 3877 3468 3932 pro~

1873 3954 2061 4016 pterea
2090 3953 2152 4000 ut
2179 3961 2301 4002 esse
2330 3956 2517 4017 posset
2552 3947 2742 4018 plenus
2786 3949 2982 4018 gratia,
3024 3951 3078 4005 in
3118 3952 3469 4022 subsequenti

1875 4037 2146 4091 sententia
2180 4036 2474 4105 diligenter
2498 4039 2743 4107 exponit,
2774 4039 3005 4094 dicens:
3052 4059 3071 4091 ‹
3106 4041 3206 4096 Hic
3249 4044 3472 4098 omnino

1876 4127 2155 4198 granditer
2180 4134 2235 4181 et
2255 4127 2537 4184 evidenter
2559 4128 2656 4183 Dei
2678 4129 2858 4200 gratia
2875 4131 3306 4186 commendatur.
3329 4133 3472 4200 Quid

1879 4220 2024 4274 enim
2053 4225 2247 4272 natura
2275 4218 2512 4274 humana
2547 4219 2602 4274 in
2649 4221 2870 4277 homine
2901 4221 3120 4292 Christo
3149 4223 3378 4287 meruit,
3408 4231 3470 4278 ut

1880 4309 1934 4362 in
1959 4309 2223 4363 unitatem
2250 4324 2500 4378 persona:
2525 4310 2671 4367 unici
2695 4311 2818 4366 Filii
2839 4311 2936 4366 Dei
2961 4312 3314 4384 singulariter
3330 4322 3476 4369 esset

1881 4401 2197 4470 assumpta?
2219 4401 2348 4467 Quae
2372 4401 2514 4457 bona
2550 4402 2829 4467 voluntas,
2861 4401 3015 4471 cujus
3052 4403 3180 4458 boni
3208 4404 3472 4474 pr0positi

194 4508 309 4570 post
334 4508 555 4569 partum
597 4495 836 4565 Virginis
870 4493 1039 4547 Deum
1083 4499 1139 4545 et
1185 4491 1461 4545 hominem
1503 4488 1772 4552 novimus,
1802 4524 1856 4586 Β
1883 4491 2143 4556 studium,
2175 4505 2295 4560 quae
2316 4489 2461 4544 bona
2484 4499 2903 4559 praecesserunt,
2944 4492 3140 4561 quibus
3169 4499 3476 4548 mereretur

196 4588 290 4647 nos
314 4598 525 4647 certum
561 4595 646 4642 est
668 4586 1019 4656 prmdicare.»
1048 4582 1189 4636 Ecce
1221 4581 1410 4634 beatus
1439 4578 1775 4650 Augustinus

197 4682 385 4738 asserit
410 4681 539 4751 quia
570 4678 662 4747 qui
705 4675 1042 4730 Salvatorem
1072 4679 1318 4727 nostrum
1347 4669 1652 4735 confundit,
1686 4678 1782 4724 aut

198 4775 567 4845 incorpoream
598 4779 654 4825 et
693 4768 1069 4840 imaginariam
1096 4780 1338 4830 carnem,
1384 4773 1477 4817 aut
1507 4763 1779 4818 carnalem

198 4875 249 4920 et
275 4865 559 4919 mortalem
601 4862 858 4932 praedicat
901 4859 1200 4921 deitatem;
1247 4856 1341 4926 qui
1379 4870 1510 4909 vero
1566 4862 1783 4924 separat

199 4971 354 5010 unam
383 4953 680 5010 secundum
708 4965 950 5016 carnem,
994 4957 1050 5002 et
1073 4947 1300 5001 alteram
1352 4946 1648 5001 secundum
1673 4958 1782 4996 ma-

193 5043 443 5111 jestatem
496 5043 588 5096 Dei
627 5041 840 5096 Patris.
896 5038 1243 5093 introducere
1290 5036 1503 5090 videtur
1553 5032 1778 5104 prolem.

201 5134 412 5190 Certum
453 5141 539 5188 est
586 5148 714 5202 ergo
756 5143 1011 5200 separare
1059 5137 1110 5182 te
1157 5125 1495 5181 Salvatorem
1539 5132 1784 5179 nostrum

203 5225 288 5294 qui
314 5225 448 5279 duos
491 5223 692 5276 modos.
722 5229 875 5275 tenes
907 5218 1201 5282 ﬁliationis,
1252 5225 1313 5272 ut
1339 5217 1498 5271 aliter
1524 5217 1597 5271 sit
1619 5214 1789 5270 Filius

205 5317 490 5370 secundum
541 5314 833 5378 deitatem,
891 5320 946 5366 et
995 5312 1152 5365 aliter
1200 5311 1496 5365 secundum
1542 5326 1784 5365 carnem.

205 5403 348 5472 Quod
374 5409 420 5460 si
457 5422 602 5460 unus
638 5414 802 5475 atque
847 5405 986 5459 idem
1031 5412 1115 5458 est
1146 5403 1523 5473 inseparabilis
1559 5401 1702 5458 Deus
1730 5411 1784 5457 et

207 5492 358 5550 homo
403 5497 496 5566 qui
546 5503 602 5550 et
647 5494 864 5565 proprio
912 5494 1092 5549 carnis
1131 5494 1425 5557 occiditur,
1477 5501 1532 5546 et
1565 5495 1784 5564 proprio

1885 4582 1988 4636 iste
2019 4580 2182 4634 homo
2207 4595 2313 4634 una
2341 4578 2459 4634 ﬁeri
2493 4594 2726 4650 persona
2756 4597 2878 4637 eum
2909 4581 3057 4638 Deo?
3090 4580 3344 4651 Nunquid
3369 4598 3471 4636 an-

1888 4681 1973 4726 tea
2003 4670 2104 4725 fuit
2131 4672 2331 4736 homo;
2362 4677 2416 4724 et
2456 4671 2559 4724 hoc
2599 4671 2648 4725 ei
2689 4671 2962 4742 singulare
2988 4671 3308 4728 beneﬁcium
3334 4687 3475 4742 pne-

1888 4764 2076 4817 stitum
2111 4769 2224 4825 est,
2273 4776 2396 4816 cum
2428 4760 2775 4830 singulariter
2815 4768 3221 4831 promereretur
3263 4761 3474 4817 Deum?

1890 4853 2094 4924 Nempe
2117 4867 2184 4907 ex
2206 4868 2318 4922 quo
2333 4853 2495 4907 homo
2520 4852 2684 4922 coepit
2704 4867 2846 4918 esse,
2870 4868 2975 4908 non
2999 4852 3145 4908 aliud
3170 4852 3336 4922 coepit
3355 4866 3474 4908 esse

1891 4960 2053 5014 quam
2079 4943 2174 4998 Dei
2209 4942 2418 5008 Filius;
2460 4951 2516 4998 et
2536 4944 2639 4998 hoc
2664 4941 2887 5007 unicus,
2936 4952 2992 4998 et
3038 4951 3257 5014 propter
3304 4943 3473 4998 Deum

1893 5035 2318 5105 Verbum,.quod
2347 5032 2438 5087 illo
2469 5040 2720 5101 suscepto
2746 5048 2874 5088 caro
2903 5032 3103 5088 factum
3135 5040 3251 5098 est,
3286 5033 3475 5101 utique

1891 5126 2073 5190 Deus;
2115 5132 2174 5180 ut
2201 5123 2654 5193 quemadmodum
2698 5130 2783 5178 est
2829 5138 2935 5177 una
2981 5138 3210 5193 persona
3250 5122 3476 5192 quilibet

1893 5219 2073 5282 homo,
2105 5216 2286 5269 anima
2313 5214 2522 5268 scilicet
2547 5213 2830 5275 rationalis
2851 5220 2907 5268 et
2938 5227 3085 5278 caro,
3113 5212 3189 5267 ita
3216 5213 3289 5267 sit
3313 5211 3477 5266 Chri~

1893 5319 2009 5365 stus
2055 5323 2159 5362 una
2204 5321 2458 5377 persona,
2505 5296 2755 5360 Verbum'
2771 5311 2827 5358 et
2857 5303 3038 5357 homo.
3072 5301 3226 5358 Unde
3270 5310 3479 5357 natura:

1894 5402 2141 5455 humanae
2172 5405 2320 5452 tanta
2352 5395 2554 5468 gloria,
2592 5394 2753 5449 nullis
2789 5392 3223 5464 praecedentibus
3268 5392 3478 5447 meritis

1892 5493 2010 5548 sine
2036 5491 2370 5546 dubitatione
2396 5487 2650 5558 gratuita,
2676 5487 2776 5541 nisi
2797 5485 2921 5555 quia
2951 5500 3146 5556 magna
3171 5484 3259 5538 hic
3286 5492 3342 5538 et
3362 5483 3475 5538 sola

1553 5585 1824 5641 BALUZII
1861 5581 2093 5640 NOTAE.

276 5696 297 5721 λ
342 5685 597 5753 Adoptari
633 5683 690 5753 in
737 5680 902 5736 Filio.
943 5680 1021 5734 Ita
1060 5681 1236 5753 codex,
1265 5688 1441 5753 vetus.
1496 5680 1573 5753 E_t_
1607 5679 1784 5753 mani-

217 5753 399 5808 festum
431 5749 515 5809 est
544 5752 841 5823 legitimam
885 5766 1005 5823 esse
1050 5751 1483 5823 emendationem
1527 5749 1781 5823 Massoni,

221 5825 302 5889 qui
333 5825 500 5881 edidit
547 5819 624 5876 ἦκ’
645 5821 862 5875 Filium.
901 5820 1004 5876 Sed
1045 5821 1166 5888 quia
1200 5820 1508 5886 frequenter
1547 5819 1784 5886 Agobar—

1893 5678 1995 5732 dus
2015 5684 2205 5746 peccat
2230 5676 2282 5730 in
2309 5673 2527 5746 regulas
2567 5670 2955 5746 grammaticae,
2986 5664 3065 5723 sic
3103 5667 3351 5746 arbitrati
3381 5683 3475 5720 sn»

1892 5740 2031 5827 mus;
2071 5740 2397 5827 retinendos
2418 5740 2630 5811 quoque
2670 5743 2803 5797 istos
2837 5751 3049 5795 errores
3104 5740 3171 5792 ob
3216 5751 3471 5793 reveren-

1891 5825 2019 5871 tiam
2049 5825 2170 5869 Vtri.
