3918 6320
441 348 502 403 51
1426 354 1482 407 S.
1525 351 1872 408 AGOBARDI
1913 347 2220 406 EPISCOPI
2261 347 2747 406 LUGDUNENSIS
3659 355 3728 410 52

441 463 537 518 Dei
569 465 743 534 gratia
772 464 1004 521 ﬁdeliter
1025 481 1089 520 ac
1116 467 1296 522 sobrie
1326 465 1797 520 considerantibus
1821 465 2034 519 eviden—
2065 467 2112 523 Α
2139 463 2263 516 inde
2293 462 2468 518 dictus
2494 471 2578 518 est
2605 478 2727 518 esse
2752 471 3043 528 venturus,
3071 465 3152 520 sic
3195 464 3464 536 hodieque
3508 468 3562 521 in
3604 468 3728 524 cmii

442 566 529 610 ter
555 557 899 624 ostenditur;
938 567 997 612 ut
1035 557 1336 630 intelligant
1378 558 1626 613 homines
1664 573 1760 628 per
1788 557 2036 612 eamdem

440 647 675 716 gratiam
707 644 1080 716 seiustiﬁcari
1123 664 1150 703 a
1192 649 1432 720 peccatis
1478 663 1576 719 per
1622 663 1786 718 quam
1833 647 2035 704 factum

441 744 620 792 estut
653 735 819 793 homo
847 737 1100 795 Christus
1128 740 1335 795 nullum
1381 749 1566 810 posset
1610 740 1811 796 habere
1837 755 2034 811 pecca-

440 828 595 885 tum?
623 828 716 886 Sic
741 829 861 900 ejus
889 840 1119 888 matrem
1149 833 1371 904 angelus
1401 833 1690 898 salutavit,
1735 835 1950 903 quando
1984 835 2034 890 ei

439 917 681 974 futurum
705 921 974 977 nuntiavit
1003 923 1149 978 hunc
1180 931 1415 993 partum.
1457 925 1594 991 Ave,
1621 925 1828 995 inquit,
1860 927 2036 997 gratia

435 1009 593 1080 plena
616 1025 636 1062 :
664 1020 720 1067 et
737 1013 899 1083 paulo
930 1020 1073 1084 post,
1101 1011 1378 1080 Invenisti,
1406 1014 1603 1085 inquit,
1631 1015 1860 1086 gratiam
1893 1017 2040 1086 apud

437 1101 746 1158 Dominum.
777 1105 844 1160 Et
873 1105 989 1162 hate
1016 1106 1250 1177 quidem,
1271 1106 1446 1179 gratia
1468 1107 1650 1178 plena,
1682 1115 1739 1162 et
1764 1107 2035 1164 invenisse

437 1194 581 1265 apud
608 1193 779 1250 Deum
811 1197 1044 1267 gratiam
1067 1197 1298 1261 dicitur,
1330 1205 1390 1252 ut
1414 1197 1630 1253 Domini
1657 1197 1765 1264 sui,
1794 1198 1903 1253 imo
1931 1197 2036 1254 Do-

435 1285 571 1341 mini
598 1287 866 1353 omnium,
911 1297 1091 1345 mater
1120 1298 1268 1345 esset
1291 1290 1604 1361 virginitate
1642 1298 1875 1344 servata.
1911 1310 1930 1343 ι
1966 1290 2034 1344 Et

433 1388 549 1447 post
575 1393 793 1449 pauca:
834 1397 853 1431 ι
897 1379 1113 1436 Veritas
1146 1383 1345 1452 quippe
1391 1383 1536 1452 ipsa,
1581 1383 1894 1454 unigenitus
1937 1383 2033 1437 Dei

432 1466 627 1534 Filius,
661 1484 768 1524 non
813 1471 1023 1540 gratia,
1055 1474 1151 1528 sed
1182 1481 1374 1528 natura
1395 1515 1410 1539 ,
1454 1474 1628 1545 gratia
1673 1475 1914 1546 suscepit
1939 1477 2035 1530 ho-

435 1557 641 1613 minem
688 1567 840 1614 tanta
882 1560 1092 1615 unitate
1136 1575 1415 1632 personae,
1462 1571 1524 1617 ut
1559 1563 1702 1618 idem
1733 1565 1846 1635 ipse
1891 1575 2036 1621 esset

433 1650 600 1705 etiam
637 1652 876 1709 hominis
917 1653 1083 1710 ﬁlius.
1137 1676 1154 1708 ι
1192 1654 1250 1709 in
1280 1656 1385 1713 hoc
1425 1659 1590 1714 etiam
1630 1659 1748 1713 loco
1777 1659 1868 1716 ubi
1907 1659 2034 1714 dicit

433 1739 532 1794 Dei
558 1739 736 1797 Filius
751 1759 854 1797 non
870 1744 1067 1814 gratia,
1092 1747 1182 1800 sed
1207 1755 1420 1814 natura,
1445 1757 1662 1819 poterat
1683 1747 2032 1821 subiungere,

2141 553 2360 623 regione
2405 554 2684 624 persistit,
2729 555 2944 611 dicente
2972 555 3260 624 Apostolo,
3302 557 3357 612 in
3397 574 3500 628 quo
3525 558 3730 613 habitat

2139 645 2308 699 omnis
2347 644 2619 716 plenitudo
2661 646 2956 703 divinitatis
2995 649 3360 720 corporaliter.
3391 651 3460 705 Et
3487 662 3635 707 certe
3663 653 3732 708 de

2137 750 2203 790 eo
2230 736 2362 791 dicit
2386 737 2531 807 quod
2560 753 2707 793 nunc
2735 747 2819 794 est
2859 740 2993 810 ipse.
3038 741 3178 812 Ergo
3208 742 3296 798 ille
3341 751 3426 799 est
3470 745 3733 799 minimus

2137 825 2228 895 qui
2267 827 2442 883 credit
2471 829 2526 882 in
2563 827 2801 895 Christo,
2849 831 2944 900 qui
2991 831 3049 886 in
3095 833 3404 905 huiusmodi
3449 834 3731 891 Christum

2137 917 2330 982 credit,
2356 918 2450 990 qui
2478 919 2536 974 in
2571 919 2845 992 integrum
2878 921 3158 979 Christum
3191 927 3388 993 credit,
3414 943 3523 983 non
3556 929 3615 983 in
3644 945 3736 985 se-

2137 1006 2536 1074 mi-Christum,
2569 1017 2625 1065 et
2661 1011 2781 1067 ideo
2816 1028 2926 1068 non
2955 1013 3233 1070 Christum
3255 1058 3270 1083 ,
3318 1018 3443 1086 quia
3481 1016 3735 1074 Christus

2138 1115 2244 1154 non
2267 1101 2371 1155 nisi
2397 1101 2627 1172 integer,
2646 1104 2855 1176 integer
2877 1114 3060 1162 autem
3083 1122 3192 1162 non
3217 1109 3321 1162 nisi
3348 1109 3672 1179 huiusmodi.
3705 1130 3726 1162 ι

2137 1189 2277 1246 Ecce
2307 1200 2363 1246 et
2406 1193 2600 1248 beatus
2645 1209 2783 1265 papa
2833 1194 3196 1268 Symmachus
3235 1207 3407 1254 totum
3449 1198 3730 1254 Christum

2134 1279 2269 1334 dicit
2297 1283 2566 1338 veraciter
2603 1285 2773 1340 Deum
2811 1301 2964 1351 esse,
3014 1296 3071 1343 et
3111 1295 3288 1345 totum
3329 1291 3626 1347 hominem.
3667 1290 3732 1362 Si

2136 1389 2263 1447 ergo
2287 1384 2433 1432 totus
2462 1380 2732 1435 veraciter
2759 1379 2924 1446 Deus,
2962 1390 3108 1438 totus
3146 1384 3331 1453 utique
3371 1400 3533 1440 verus
3562 1386 3731 1450 Deus,

2135 1473 2192 1519 et
2212 1466 2462 1535 proprius
2490 1467 2659 1539 Filius
2685 1468 2812 1536 Dei;
2843 1471 2969 1540 quia
2993 1479 3102 1526 tota
3137 1474 3416 1542 generatio
3442 1474 3590 1528 dedit
3631 1490 3733 1528 no—

2135 1571 2259 1611 men
2285 1556 2417 1622 ﬁlio,
2449 1573 2556 1614 non
2585 1560 2786 1624 medio,
2817 1570 2876 1616 ut
2913 1562 3030 1615 vult
3052 1562 3229 1628 Felix,
3269 1579 3581 1634 quanquam
3625 1579 3732 1621 nec

2136 1649 2448 1705 humanitas
2481 1651 2550 1706 sit
2571 1651 2639 1707 de
2667 1654 2973 1710 substantia
3003 1655 3216 1721 Patris,
3247 1672 3349 1712 nec
3375 1657 3630 1712 divinitas
3659 1658 3731 1713 de

2137 1739 2439 1795 substantia
2465 1743 2676 1798 matris.
2710 1742 2818 1798 Sed
2843 1746 2972 1816 quia
2999 1746 3237 1801 Verbum
3262 1747 3387 1811 Dei,
3411 1749 3573 1803 unius
3600 1763 3728 1805 eum

437 1835 612 1903 gratia
639 1835 797 1890 etiam
823 1836 997 1906 factus
1029 1848 1106 1893 est
1133 1837 1310 1894 Filius
1349 1840 1474 1905 Dei,
1501 1842 1834 1913 suscipiendo
1859 1843 2026 1897 homi-

2137 1830 2298 1886 Patre
2335 1833 2682 1899 substantias,
2723 1835 2779 1891 in
2811 1835 3021 1891 unitate
3049 1852 3297 1906 persona:
3339 1853 3451 1893 sua:
3489 1838 3732 1908 suscepit

434 1913 575 1991 nem,
611 1925 657 1980 si
681 1940 803 1979 eum
832 1927 1004 1997 gratia
1035 1927 1232 1983 Filium
1262 1929 1357 1985 Dei
1401 1930 1578 1988 Patris
1609 1933 1906 1988 secundum
1935 1935 2034 1988 hu-

434 2014 752 2069 manitatem
781 2031 905 2072 esse
943 2017 1268 2075 deberemus
1298 2021 1542 2077 credere.
1587 2023 1696 2078 Sed
1743 2040 1850 2080 non
1892 2025 2034 2081 dixit

431 2103 636 2174 aliquid
664 2106 790 2162 tale.
826 2107 939 2163 lmo
980 2109 1094 2164 ait:
1137 2109 1323 2167 Gratia
1352 2115 1576 2186 suscepit
1612 2115 1894 2170 hominem.
1927 2116 2030 2184 Qui

429 2197 700 2265 suscepit;
729 2197 915 2268 utique
943 2199 1110 2256 Filius
1138 2200 1232 2255 Dei
1262 2201 1500 2258 Verbum
1529 2203 1644 2257 Dei.
1673 2203 1833 2259 Certe
1856 2206 2030 2275 gratia

430 2289 671 2359 suscepit
714 2289 1011 2345 hominem.
1048 2291 1425 2348 Misericordia
1471 2294 1648 2351 factus
1693 2305 1774 2352 est
1823 2297 2025 2362 homo;

430 2382 558 2452 quia
589 2383 967 2441 misericordia
999 2397 1182 2452 natus,
1207 2405 1312 2443 non
1344 2390 1690 2457 conditione;
1724 2392 2030 2448 misericor-

430 2473 518 2527 dia
548 2481 820 2540 mortuus,
850 2491 962 2531 non
1006 2477 1208 2534 debito.
1249 2478 1500 2550 Nunquid
1541 2482 1631 2538 hic
1659 2482 1862 2554 aliquid
1892 2484 2032 2540 refe-

432 2565 604 2621 rimus
653 2568 720 2621 ad
762 2567 1016 2635 Patrem,
1052 2576 1112 2624 ut
1141 2571 1323 2627 dicere
1363 2572 1635 2642 possimus
1683 2575 1861 2645 gratia
1909 2591 2030 2631 esse

433 2672 558 2711 eum
580 2656 779 2713 Filium
799 2658 896 2714 Dei
915 2659 1127 2716 Patris?
1148 2660 1286 2717 Nam
1309 2665 1684 2721 sicutcredere
1704 2666 2029 2722 deberemus

427 2749 623 2819 gratia,
651 2751 964 2820 adoptione,
997 2752 1081 2807 vel
1108 2755 1504 2826 assumptione,
1533 2763 1628 2809 aut
1651 2756 1915 2826 quidquid
1943 2771 2022 2812 se-

429 2840 798 2896 cundumhac
817 2843 922 2898 dici
949 2851 1150 2913 potest,
1168 2844 1363 2910 Filium
1391 2846 1486 2901 Dei
1513 2848 1811 2903 secundum
1839 2849 2030 2903 huma-

429 2929 684 2997 nitatem,
707 2947 872 3002 supra
904 2932 1096 2990 fuisset
1124 2936 1287 2991 beato
1311 2933 1620 3008 Augustino
1645 2939 1712 2994 ad
1739 2939 2027 3008 proferen-

428 3019 556 3074 dum
578 3021 894 3091 aptissimus
915 3022 1091 3091 locus,
1109 3025 1199 3080 uhi
1225 3025 1363 3081 dixit
1385 3027 1451 3082 de
1477 3027 1699 3085 homine
1725 3039 2024 3100 assumpto,

433 3127 453 3161 ι
493 3124 690 3187 nempe
713 3127 782 3168 ex
810 3127 920 3183 quo
946 3129 1066 3171 esse
1100 3117 1266 3172 homo
1304 3119 1500 3188 carpit,
1549 3135 1656 3176 non
1689 3121 1834 3176 aliud
1859 3123 2026 3192 coepit

428 3215 550 3257 esse
568 3217 733 3272 quam
758 3203 855 3260 Dei
879 3205 1074 3274 Filius,
1106 3227 1126 3261 ι
1157 3217 1216 3262 ut
1235 3209 1481 3276 adderet,
1503 3212 1699 3282 gratia,
1723 3213 2024 3282 adoptione,

427 3292 698 3362 electione,
735 3306 832 3352 aut
868 3300 1076 3370 aliquid
1103 3301 1437 3370 huiusmodi.
1483 3302 1592 3360 Sed
1629 3321 1736 3360 non
1767 3303 1896 3362 fecit
1925 3307 2022 3362 ita.

426 3383 582 3451 Quod
606 3400 738 3457 ergo
775 3388 1020 3457 addidit,
1062 3393 1345 3451 videamus
1386 3404 1574 3450 utrum
1604 3398 1776 3466 possit
1805 3400 1874 3454 ad
1918 3400 2024 3455 ista

427 3476 722 3545 pertinere.
745 3477 839 3533 Ait
863 3481 1044 3536 enim:
1079 3501 1099 3533 ι
1131 3482 1339 3552 Nempe
1359 3499 1427 3538 ex
1452 3500 1561 3554 quo
1587 3485 1750 3542 homo
1771 3503 1891 3542 esse
1919 3505 2028 3545 coe-

426 3563 530 3633 pit,
567 3580 676 3619 non
710 3566 858 3621 aliud
885 3569 1051 3639 coepit
1079 3585 1202 3627 esse
1237 3587 1401 3641 quam
1441 3572 1539 3628 Dei
1581 3573 1778 3641 Filius,
1825 3586 1882 3633 et
1920 3579 2026 3635 hoc

425 3655 645 3721 unicus,
677 3665 732 3712 et
765 3667 990 3728 propter
1021 3660 1193 3715 Deum
1223 3663 1462 3718 Verbum
1481 3706 1496 3730 ,
1533 3668 1677 3734 quod
1721 3668 1813 3723 illo
1841 3683 2024 3724 susce-

428 3751 522 3814 pto
565 3759 696 3800 caro
729 3743 936 3802 factum
981 3757 1085 3814 est,
1131 3751 1322 3822 utique
1356 3753 1518 3810 Deus.
1571 3773 1590 3807 ι
1645 3755 1785 3812 Ecce
1832 3761 2023 3813 beatus

425 3835 763 3908 Augustinus
790 3838 1064 3895 hominem
1101 3842 1236 3898 dicit
1281 3860 1444 3899 unam
1489 3845 1690 3902 factum
1734 3864 2021 3918 personam

423 3940 550 3980 cum
576 3926 714 3995 Deo,
733 3937 789 3985 et
811 3943 931 3986 esse
960 3931 1158 3988 Filium
1174 3933 1270 3990 Dei
1296 3937 1538 4004 unicum,
1569 3946 1627 3994 et
1657 3939 1846 3995 Deum.
1872 3940 2022 3997 Nun-

427 4019 560 4087 quid
589 4020 916 4091 signiﬁcavit
946 4024 1037 4080 hic
1058 4025 1216 4082 nobis
1241 4035 1304 4082 ut
1327 4029 1550 4085 credere
1577 4046 1700 4086 eum
1729 4032 2024 4090 debeamus

427 4125 535 4166 non
559 4127 750 4168 verum
779 4113 980 4170 Filium
1003 4117 1120 4184 Dei,
1152 4134 1262 4173 non
1286 4135 1476 4176 verum
1507 4121 1707 4185 Deum,
1750 4125 1890 4179 sicut
1922 4125 2024 4181 Fe-

425 4204 499 4259 lix
529 4205 727 4262 docet?
763 4206 924 4264 Certe
950 4225 1052 4281 ego
1081 4220 1236 4282 puto,
1266 4213 1392 4282 quia
1425 4228 1549 4269 eum
1579 4215 1808 4282 diceret,
1839 4234 1903 4272 ex
1920 4235 2022 4288 quo

425 4317 536 4354 esse
560 4301 733 4372 erupit,
763 4319 870 4357 non
894 4302 1044 4357 aliud
1071 4305 1220 4376 erepit
1244 4322 1353 4360 esse
1371 4323 1531 4377 quam
1550 4307 1651 4362 Dei
1673 4307 1871 4374 Filius,
1897 4325 2025 4380 pro-

423 4399 611 4460 pterea
656 4392 896 4459 addidit,
937 4403 994 4449 et
1039 4396 1138 4449 hoc
1165 4397 1383 4461 unicus,
1427 4406 1486 4452 ut
1530 4412 1630 4454 nos
1660 4415 1783 4455 eum
1832 4417 2020 4456 verum

2133 1935 2376 1981 nostram
2402 1927 2763 1982 substantiam
2782 1970 2796 1993 ,
2835 1944 2943 1984 non
2973 1930 3077 1984 erit
3104 1930 3210 1986 alio
3239 1932 3399 1985 modo
3437 1930 3578 1986 ﬁlius
3603 1939 3730 2001 post

2133 2019 2490 2075 humanitatis
2515 2021 2964 2092 assumptionem,
2991 2023 3097 2076 nisi
3127 2036 3235 2091 quo
3262 2031 3379 2080 erat
3407 2032 3463 2078 et
3485 2032 3613 2077 ante
3643 2021 3730 2077 in-

2131 2111 2523 2165 earnationem.

2201 2222 2366 2278 XXV.
2392 2223 2526 2277 Item
2551 2223 2742 2281 beatus
2764 2222 3128 2294 Augustinus:
3164 2240 3183 2274 ι
3216 2222 3273 2276 in
3305 2230 3482 2288 terra,
3517 2223 3724 2292 inquit,

2131 2322 2272 2378 erat,
2309 2297 2366 2368 et
2396 2313 2450 2366 in
2480 2312 2618 2370 caelo
2648 2328 2706 2368 se
2729 2328 2851 2367 esse
2879 2312 3128 2376 dicebat,
3157 2321 3212 2366 et
3245 2311 3387 2380 quod
3415 2320 3498 2366 est
3527 2311 3726 2380 maius,

2133 2405 2185 2459 in
2214 2403 2352 2459 ctelo
2381 2403 2524 2457 ﬁlius
2549 2403 2809 2468 hominis,
2835 2403 2892 2456 in
2933 2402 3074 2458 ecelo
3103 2401 3272 2456 Filius
3300 2402 3431 2467 Dei,
3470 2410 3530 2456 ut
3561 2417 3720 2456 unam

2131 2498 2532 2553 demonstraret
2557 2495 2610 2550 in
2634 2503 2867 2564 utraque
2897 2505 3092 2549 natura
3122 2509 3407 2564 personam
3432 2510 3446 2558 ;
3485 2502 3541 2548 et
3576 2495 3628 2547 in
3658 2508 3722 2547 eo

2131 2589 2274 2658 quod
2308 2589 2404 2643 Dei
2431 2586 2604 2642 Filius
2635 2595 2773 2652 erat,
2797 2585 3020 2656 mqualis
3048 2585 3218 2649 Patri,
3250 2585 3486 2640 Verbum
3519 2584 3636 2648 Dei,
3669 2585 3722 2638 in

2129 2681 2397 2752 principio
2425 2681 2568 2736 Deus
2604 2680 2745 2750 apud
2789 2679 2984 2745 Deum,
3023 2688 3080 2734 et
3109 2679 3162 2733 in
3189 2692 3254 2734 eo
3284 2678 3429 2748 quod
3457 2677 3600 2732 ﬁlius
3628 2678 3726 2732 ho-

2132 2772 2296 2828 minis
2325 2780 2464 2839 erat,
2516 2780 2572 2826 et
2609 2785 2895 2826 assumens
2925 2771 3162 2824 animam
3202 2769 3494 2822 humanam
3521 2777 3578 2824 et
3606 2785 3727 2825 car—

2130 2878 2257 2918 nem
2287 2864 2604 2927 humanam,
2645 2869 2698 2916 et
2728 2861 2950 2916 indutus
2986 2860 3264 2915 hominem
3303 2859 3491 2915 exiens
3533 2859 3600 2914 ad
3625 2859 3724 2914 ho-

2130 2953 2341 3018 mines;
2380 2954 2505 3023 quia
2536 2953 2587 3006 in
2621 2953 2724 3007 hoc
2767 2961 3000 3022 utroque
3041 2969 3148 3007 non
3185 2953 3290 3007 duo
3329 2952 3532 3006 Christi
3576 2960 3724 3018 sunt,

2129 3058 2230 3097 nec
2265 3043 2371 3098 duo
2403 3043 2496 3096 ﬁlii
2536 3041 2666 3106 Dei,
2716 3043 2810 3097 sed
2854 3058 2963 3096 una
2995 3059 3224 3113 persona
3245 3085 3259 3108 ,
3303 3058 3444 3097 unus
3473 3043 3725 3099 Christus

2129 3131 2300 3187 Filius
2329 3133 2423 3186 Dei
2451 3149 2464 3197 ;
2507 3133 2649 3187 idem
2693 3149 2833 3187 unus
2857 3131 3136 3196 Christus,
3168 3148 3275 3186 non
3304 3131 3441 3186 alius
3467 3132 3727 3199 hominis,

2131 3229 2186 3275 et
2211 3221 2351 3276 alius
2374 3221 2468 3276 Dei
2495 3221 2665 3276 Filius
2692 3239 2707 3283 :
2747 3224 2844 3278 sed
2873 3223 2970 3278 Dei
2997 3223 3167 3278 Filius
3194 3223 3492 3280 secundum
3531 3225 3731 3280 divini-

2129 3322 2320 3379 tatem,
2351 3314 2588 3369 hominis
2611 3313 2756 3368 ﬁlius
2785 3315 3081 3369 secundum
3110 3329 3352 3369 carnem.
3385 3313 3517 3381 Quis
3543 3323 3727 3370 autem

2129 3416 2397 3473 nostrum,
2428 3408 2521 3478 qui
2554 3423 2747 3478 parum
2773 3408 3059 3474 sentimus,
3089 3417 3181 3462 aut
3216 3423 3410 3477 parum
3447 3410 3692 3478 sapimus
3712 3452 3727 3476 ,

2128 3513 2234 3550 non
2265 3498 2442 3566 potius
2473 3498 2547 3550 ita
2575 3497 2739 3552 vellet
2767 3497 3100 3565 distinguere
3126 3515 3138 3550 :
3165 3497 3335 3552 Filius
3359 3498 3453 3552 Dei
3478 3499 3532 3551 in
3561 3498 3725 3565 cmlo,

2127 3596 2184 3642 et
2213 3587 2356 3642 ﬁlius
2385 3588 2622 3643 hominis
2653 3588 2708 3642 in
2739 3589 2933 3644 terra?
2971 3587 3080 3643 Sed
3118 3604 3188 3644 ne
3216 3590 3296 3644 sic
3333 3590 3726 3658 dividercmus,

2125 3686 2182 3733 et
2226 3678 2301 3731 ira
2343 3677 2632 3733 dividendo
2666 3676 2802 3733 duas
2840 3692 3102 3748 personas
3148 3678 3558 3742 induceremus,
3612 3695 3725 3734 non

2125 3771 2373 3825 ascendit
2399 3771 2452 3824 in
2474 3770 2671 3824 caalum
2698 3770 2803 3824 nisi
2829 3771 2922 3840 qui
2950 3771 3017 3824 de
3054 3769 3196 3825 caelo
3221 3769 3520 3826 descendit.
3553 3770 3727 3837 Quis?

2125 3859 2294 3914 Filius
2337 3859 2593 3914 hominis.
2641 3859 2811 3914 Filius
2871 3874 3002 3927 ergo
3047 3860 3284 3914 hominis
3324 3859 3606 3915 descendit
3650 3860 3725 3914 do

2123 3952 2284 4008 ccelo.
2311 3951 2502 4007 Nonne
2524 3951 2666 4006 ﬁlius
2688 3951 2928 4006 hominis
2944 3953 2997 4005 in
3023 3960 3168 4004 terra
3191 3951 3368 4006 factus
3389 3954 3508 4007 est?
3529 3951 3723 4008 Nonne

2125 4045 2267 4098 ﬁlius
2293 4043 2529 4098 hominis
2550 4059 2648 4113 per
2672 4042 2897 4096 Mariam
2927 4042 3102 4096 factus
3131 4042 3259 4096 est?
3298 4041 3434 4108 Sed,
3465 4059 3498 4097 ο
3527 4043 3716 4108 homo,

2126 4135 2252 4195 noli,
2295 4134 2492 4202 inquit,
2535 4148 2793 4202 separare
2834 4148 2994 4202 quem
3034 4132 3155 4186 volo
3199 4131 3471 4202 copulare.
3514 4132 3716 4187 Parum

2124 4235 2209 4278 est
2236 4223 2360 4293 quia
2391 4223 2532 4277 ﬁlius
2560 4223 2798 4277 hominis
2823 4223 3120 4277 descendit.
3154 4223 3403 4278 Christus
3443 4224 3584 4279 enim
3624 4225 3722 4278 de-

2124 4315 2372 4379 scendit;
2411 4313 2660 4382 idemque
2710 4313 2854 4366 ﬁlius
2902 4314 2993 4382 qui
3042 4313 3212 4366 Filius
3240 4313 3334 4367 Dei
3362 4323 3462 4368 est.
3499 4313 3604 4369 Sed
3634 4323 3722 4370 est

2125 4406 2180 4460 in
2216 4405 2354 4460 cmlo
2379 4404 2471 4473 qui
2495 4403 2733 4458 ambulat
2757 4404 2809 4457 in
2838 4413 3003 4458 terra.
3035 4404 3093 4457 In
3119 4403 3257 4459 ccelo
3280 4412 3419 4470 erat,
3448 4407 3572 4474 quia
3595 4407 3718 4461 ubi-

425 4481 624 4538 Filium
669 4483 766 4539 Dei
811 4487 1130 4554 credamus,
1172 4495 1229 4544 et
1271 4496 1444 4545 totum
1488 4505 1699 4557 verum,
1752 4501 1809 4548 et
1845 4502 2018 4549 totum
2043 4516 2097 4576 D
2123 4513 2228 4568 que
2253 4505 2340 4552 est
2363 4495 2650 4561 Christus;
2691 4497 2943 4567 idemque
2963 4496 3211 4551 Christus
3240 4505 3296 4551 et
3323 4497 3489 4553 Filius
3517 4498 3634 4582 Dei,
3659 4507 3719 4553 et

424 4577 726 4646 proprium,
755 4592 862 4634 non
892 4579 1129 4635 medium
1169 4582 1446 4652 proprium
1467 4623 1484 4648 ,
1523 4591 1579 4637 et
1615 4584 1854 4640 medium
1884 4587 2016 4642 ado-

423 4667 657 4737 ptivum.

496 4758 689 4815 XXIV.
721 4758 781 4816 Si
810 4768 995 4817 autem
1027 4763 1085 4818 in
1123 4763 1229 4819 hoc
1269 4765 1390 4821 loco
1430 4767 1686 4823 inusitato
1727 4784 1882 4825 more
1921 4785 2020 4840 ego

425 4847 589 4903 alicui
613 4847 760 4918 loqui
789 4850 1001 4917 videor,
1027 4852 1154 4923 quia
1188 4853 1312 4908 dico
1345 4862 1516 4910 totum
1549 4857 1877 4923 Dominum;
1919 4875 2017 4913 au-

425 4937 560 5002 diat,
589 4937 840 5008 quisquis
861 4938 950 4995 ille
962 4949 1068 5006 est,
1082 4941 1313 4998 similem
1335 4944 1462 4999 huic
1482 4947 1810 5001 sententiam
1823 4960 1849 4988 α
1865 4947 2022 5019 Sym-

428 5027 609 5084 machi
636 5043 790 5100 papa:
817 5031 885 5084 ad
906 5029 1254 5088 Anastasium
1277 5035 1695 5105 imperatorem:
1725 5057 1743 5094 ε
1774 5038 2023 5095 Christus

427 5121 613 5192 itaque
633 5121 776 5177 Deus
805 5125 1076 5181 veraciter
1099 5134 1267 5194 totus,
1311 5138 1366 5184 et
1414 5137 1564 5186 totus
1590 5130 1752 5186 homo
1793 5139 1877 5187 est
1896 5173 1910 5197 ,
1943 5134 2022 5187 sic

429 5221 748 5282 conceptus,
778 5215 861 5270 sic
882 5215 1081 5282 editus,
1116 5219 1198 5274 sic
1224 5229 1579 5276 conversatus
1607 5221 1660 5276 in
1691 5223 1912 5288 saeculo,
1940 5224 2021 5279 sic

428 5317 637 5372 passus,
673 5304 756 5360 sic
792 5308 933 5378 apud
974 5306 1200 5377 inferos,
1237 5310 1318 5366 sic
1362 5313 1741 5380 resuscitatus,
1776 5314 1857 5370 sic
1895 5329 2017 5370 cum

425 5392 708 5458 discipulis
746 5410 1034 5464 apparens,
1069 5399 1152 5457 sic
1195 5398 1440 5458 elevatus
1467 5401 1522 5457 in
1555 5403 1775 5471 omium,
1809 5405 1888 5460 sic
1927 5421 2019 5461 ex-

2123 4589 2266 4643 iilius
2288 4587 2547 4642 hominis.
2589 4607 2606 4640 ι
2642 4589 2775 4642 item
2809 4588 3000 4642 beatus
3030 4589 3362 4660 Augustinus
3383 4592 3488 4644 ait:
3525 4611 3542 4642 ‹
3570 4592 3714 4646 Pw:-

2122 4679 2428 4734 destinatus
2450 4687 2534 4733 est
2563 4693 2692 4748 ergo
2721 4677 2894 4742 Jesus,
2929 4688 2988 4733 ut
3011 4680 3101 4748 qui
3131 4679 3343 4736 futurus
3370 4692 3490 4736 erat
3517 4696 3712 4738 secun-

2123 4769 2249 4824 dum
2279 4784 2502 4824 carnem
2543 4768 2686 4823 illius
2724 4769 2910 4834 David,
2939 4777 3084 4823 esset
3110 4779 3290 4824 tamen
3321 4771 3376 4824 in
3401 4772 3599 4824 virtute
3624 4770 3715 4826 Fi-

2122 4859 2226 4914 lius
2270 4859 2364 4913 Dei
2404 4859 2700 4914 secundum
2752 4857 3015 4927 Spiritum
3047 4860 3493 4915 sanctiﬁcationis
3518 4901 3532 4926 ,
3583 4862 3708 4931 quia

2123 4958 2284 5005 natus
2309 4959 2393 5005 est
2422 4949 2489 5004 de
2517 4949 2721 5017 Spiritu
2744 4956 2956 5012 sancto,
2978 4956 3034 5003 et
3063 4964 3160 5019 per
3182 4949 3455 5018 Virginem
3486 4948 3708 5003 Mariam

2123 5038 2213 5091 illa
2241 5039 2357 5108 ipsa
2389 5036 2736 5094 ineil‘abiliter
2765 5037 2908 5092 facta
2939 5039 3173 5092 hominis
3200 5053 3227 5090 a
3251 5039 3362 5092 Deo
3392 5039 3572 5093 Verbo
3591 5054 3710 5092 sus-

2122 5131 2297 5200 ceptio
2324 5129 2640 5199 singularis,
2671 5139 2732 5184 ut
2752 5128 2920 5184 Filius
2942 5129 3035 5182 Dei
3056 5138 3199 5183 esset
3213 5128 3353 5182 ﬁlius
3380 5129 3614 5184 hominis
3638 5127 3709 5181 si-

2124 5222 2251 5284 mul,
2287 5233 2342 5276 et
2366 5220 2508 5275 ﬁlius
2542 5221 2775 5275 hominis
2803 5227 3024 5291 propter
3061 5228 3371 5289 susceptum
3412 5217 3704 5281 hominem,

2122 5325 2176 5370 et
2195 5316 2363 5370 Filius
2390 5315 2484 5370 Dei
2513 5326 2734 5386 propter
2771 5314 3154 5383 suscipientem
3177 5313 3512 5384 unigenitum
3537 5312 3706 5368 Deum

2123 5406 2389 5461 veraciter
2412 5413 2467 5461 et
2488 5407 2705 5476 proprie
2731 5406 2949 5471 dicitur,
2979 5419 3046 5460 ne
3067 5419 3174 5459 non
3201 5405 3433 5470 trinitas,
3460 5405 3552 5460 sed
3576 5420 3710 5474 qua-

1786 5495 2060 5552 BALUZII
2098 5494 2333 5551 NOTAE.

497 5592 522 5620 ⁸
565 5578 895 5656 ngmaclti_
908 5583 1173 5656 papw,_in
1202 5584 1553 5656 Apologetico
1577 5587 1644 5641 ad
1667 5588 2014 5642 Anastasium

427 5649 830 5728 imperatorem.
863 5649 1157 5723 sed'paulo
1178 5649 1347 5728 aliter
1366 5649 1561 5728 légitur
1591 5658 1676 5711 hic
1703 5658 1852 5713 locus
1874 5661 2013 5728 apud

430 5720 839 5796 Symmachum,
873 5720 1034 5793 quam
1059 5727 1199 5795 apud
1221 5720 1560 5796 Agobardur»
1619 5728 1723 5781 Pro
1757 5730 1841 5782 his
1869 5720 2012 5783 enim

429 5793 628 5847 writis.
668 5793 804 5858 Ιίένςιη
840 5796 924 5846 ἱΗι·
967 5808 1037 5847 rs!
1073 5793 1345 5854 "vimineis,
1387 5809 1513 5851 ρκ’..
1543 5815 1658 5864 qn?"
1709 5800 2012 5866 \gmivnrdus

2127 5589 2309 5651 habet,
2342 5589 2421 5644 sic
2471 5589 2668 5661 legitur
2713 5591 2767 5644 in
2798 5589 3024 5661 epistola
3046 5586 3364 5661 Symmachi
3393 5585 3586 5661 :_Ergo
3607 5587 3710 5661 _rlle

2124 5670 2198 5714 cst
2225 5661 2473 5737 miniatus
2493 5701 2506 5737 ε
2527 5655 2622 5729 qui
2649 5661 2725 5713 sic
2765 5655 2928 5737 credit
2952 5659 3005 5737 in
3034 5655 3427 5737 C/iristum,sed
3447 5665 3502 5737 et
3523 5655 3709 5734 hujus—

2127 5729 2268 5782 modi
2292 5731 2344 5782 in
2378 5726 2642 5783 Christum
2674 5728 2856 5793 rrrdit,
2889 5729 2975 5798 qui
3030 5729 3083 5781 in
3133 5728 3389 5795 integrum
3441 5726 3706 5780 (.‘lu‘t'stmu

2127 5801 2305 5852 r't't'tltl.
2339 5809 2440 5850 νῖν.

2125 5817 2305 5860 I'l't'tlll,
2339 5817 2440 5850 νιν.
