3918 6376
173 347 256 402 53
1339 346 1467 401 LIB.
1510 343 1670 400 ADV.
1709 343 2006 401 FELICEM
2050 345 2348 403 URGELL.
3408 353 3478 409 5.5

180 463 426 519 ternitas
476 462 815 518 crederetur.
863 460 1254 515 Prmdestinata
1302 467 1386 516 est
1430 467 1637 513 naturae
1684 456 1790 511 ista
1817 458 1866 516 Α
1893 464 2029 523 stus,
2062 473 2276 528 unaque
2303 475 2554 530 persona.
2587 461 2718 530 Quis
2747 463 2892 518 enim
2936 463 3198 536 sacrilega
3225 464 3478 536 opinione

179 555 452 611 humana:
486 561 634 609 tanta
665 562 721 611 et
749 564 858 610 tam
886 553 1030 609 celsa
1071 561 1127 608 et
1167 567 1377 608 summa
1400 549 1699 615 subvectio,
1729 557 1790 606 ut

184 661 302 718 quo
331 645 676 701 attolleretur
699 643 882 711 altius,
910 643 1315 709 non..haberet;
1348 644 1490 698 sicut
1511 657 1610 712 pro
1633 640 1790 695 nobis

188 737 309 807 ipsa
342 735 600 791 divinitas
629 749 738 805 quo
767 749 940 804 usque
978 749 1037 790 se
1066 734 1394 804 deponeret,
1427 748 1536 789 non
1564 732 1789 787 haberet

189 825 478 880 humilius.
516 841 534 878 ι
564 825 694 880 Item
736 826 927 881 beatus
953 823 1292 896 Augustinus
1318 823 1432 896 (De
1460 822 1571 878 Cio.
1605 822 1727 886 Dei,
1748 820 1784 874 1.

189 933 240 979 ι.
273 931 323 971 c.
357 916 481 987 15):
514 934 532 968 ι
583 915 647 972 Hi
691 924 818 972 sunt
863 915 960 972 lilii
1004 915 1098 972 Dei
1145 922 1412 986 quotquot
1455 913 1660 985 Spiritu
1692 912 1789 968 Dei

188 1017 454 1077 aguntur,
484 1007 578 1063 sed
598 1008 793 1078 gratia,
817 1021 925 1061 non
947 1019 1168 1061 natura.
1196 1005 1398 1061 Unicus
1424 1005 1568 1060 enim
1595 1010 1788 1058 natura

189 1103 287 1160 Dei
315 1104 515 1169 Filius,
533 1113 758 1175 propter
780 1118 883 1158 nos
904 1102 1280 1157 misericordia
1308 1099 1483 1155 factus
1511 1106 1596 1154 est
1619 1099 1792 1154 homi-

190 1196 277 1251 nis
303 1196 474 1264 iilius,
517 1205 578 1252 ut
615 1212 716 1252 nos
739 1202 932 1250 natura
970 1194 1066 1250 lilii
1095 1194 1367 1260 hominis,
1415 1191 1510 1248 filii
1553 1185 1660 1248 Dei
1692 1207 1790 1264 per

192 1287 342 1342 illum
369 1288 545 1360 gratia
582 1287 854 1343 ﬂeremus.
902 1286 1126 1342 Manens
1167 1286 1366 1356 quippe
1402 1284 1493 1340 ille
1536 1283 1788 1339 immuta-

189 1380 338 1444 bilis,
364 1388 617 1436 naturam
657 1387 899 1436 nostram
919 1422 933 1445 ,
968 1381 1021 1434 in
1047 1393 1154 1450 qua
1189 1393 1288 1434 nos
1315 1378 1636 1448 susciperet,
1668 1393 1788 1434 sus-

186 1471 337 1541 cepit
364 1487 393 1525 a
436 1471 612 1538 nobis,
640 1480 694 1526 et
717 1480 873 1526 tenax
901 1471 1202 1525 divinitatis
1224 1486 1354 1533 sum,
1399 1478 1600 1525 nostra!
1629 1469 1784 1525 infir-

185 1563 398 1618 mitatis
426 1563 698 1634 particeps
737 1560 915 1619 factus
941 1570 1022 1617 est
1049 1578 1062 1627 ;
1090 1569 1162 1616 .ut
1197 1577 1307 1617 nos
1327 1561 1382 1616 in
1409 1561 1606 1617 melius
1633 1573 1785 1616 com-

181 1656 424 1721 mutati,
457 1655 602 1726 quod
645 1663 962 1725 peccatores
1002 1652 1366 1723 mortalesque
1411 1667 1627 1717 sumus,
1670 1649 1786 1720 ejus

182 1733 623 1801 immortalitatis
659 1755 716 1801 et
736 1744 962 1815 iustitia:
985 1744 1401 1816 participatione
1428 1743 1742 1799 amittamus
1767 1760 1780 1809 ;

175 1846 239 1892 ct
269 1839 413 1908 quod
443 1839 497 1892 in
519 1846 715 1892 natura
737 1845 924 1894 nostra
944 1839 1145 1894 bonum
1169 1836 1319 1903 fecit,
1343 1835 1548 1906 impleti
1569 1850 1784 1891 summo

177 1929 334 1983 bono
367 1929 421 1983 in
449 1930 568 2005 ejus
605 1937 814 1984 natura:
845 1930 1088 1986 bonitate
1121 1944 1422 1985 servemus.
1457 1929 1612 1985 Sicut
1637 1930 1783 1985 enim

173 2035 285 2091 per
328 2037 498 2075 unum
547 2021 824 2076 hominem
863 2030 1176 2093 peccantem
1221 2023 1278 2078 in
1329 2023 1434 2078 hoc
1480 2030 1589 2077 tam
1622 2037 1785 2094 grave

173 2113 388 2169 malum
412 2113 752 2179 devenimus,
782 2114 856 2168 ita
889 2122 988 2185 per
1006 2131 1172 2169 unum
1203 2114 1479 2170 hominem
1507 2115 1784 2170 eumdem-

171 2217 291 2274 que
321 2201 493 2258 Deum
515 2201 910 2272 justiﬂcantem
941 2204 1006 2258 ad
1033 2203 1166 2258 illud
1194 2203 1395 2272 bonum
1441 2212 1554 2258 tam
1585 2204 1783 2261 subtile

171 2296 489 2352 venimus.»
517 2295 648 2351 Item
671 2296 863 2352 beatus
887 2295 1251 2366 Hieronymus
1275 2309 1288 2349 :
1316 2315 1335 2348 ι
1367 2295 1634 2364 Propheta
1664 2297 1778 2350 ait:

181 2383 354 2455 Virga
393 2395 488 2439 tua
519 2395 566 2440 et
607 2381 825 2440 baculus
873 2395 996 2440 tuus
1040 2386 1156 2456 ipsa
1195 2402 1278 2442 me
1315 2385 1590 2442 consolare
1635 2396 1783 2442 sunt.

170 2473 371 2542 Virga,
401 2481 578 2529 mater
596 2482 682 2530 est
706 2473 955 2542 Domini;
986 2489 1052 2530 ex
1091 2489 1198 2545 qua
1227 2475 1452 2534 baculus
1481 2475 1606 2541 iste,
1636 2475 1781 2531 fesso

161 2560 288 2630 jam
317 2577 417 2632 per
453 2570 669 2618 :etatem
712 2561 913 2618 mundo
938 2563 1032 2633 qui
1061 2578 1188 2618 eum
1230 2571 1586 2630 sustentaret,
1617 2565 1777 2620 exiit.

166 2651 336 2707 Illum
381 2667 512 2723 ergo
542 2653 596 2708 in
626 2653 866 2725 Virginis
894 2660 1110 2708 uterum
1137 2653 1417 2724 delapsum
1438 2695 1453 2720 ,
1500 2663 1562 2709 ut
1609 2663 1777 2711 totam

168 2744 576 2814 redemptionis
607 2751 809 2801 nostra:
833 2745 1119 2801 historiam
1156 2753 1488 2813 retexamus,
1513 2755 1674 2818 partu
1703 2746 1780 2804 ef-

165 2834 362 2891 fusum
399 2835 677 2891 hominem
707 2850 769 2892 se
795 2837 1108 2892 exhibuisse
1138 2851 1239 2907 pro
1268 2838 1518 2903 homine,
1547 2847 1601 2893 et
1622 2831 1777 2895 ered-

166 2935 362 2982 turam
392 2943 549 2984 suam
586 2942 645 2982 se
682 2927 750 2981 de
788 2926 1045 2984 Creatore
1075 2928 1302 2994 fecisse,
1351 2928 1502 2985 illum
1547 2928 1777 2996 formam

160 3017 322 3073 servi
363 3017 668 3087 accepisse,
714 3017 1024 3072 exinanisse
1068 3033 1129 3073 se
1162 3018 1448 3088 potestatis
1476 3019 1773 3084 voluntate,

1895 540 2134 612 indutus,
2167 562 2233 602 eo
2275 564 2448 620 usque
2489 549 2735 622 desipiat,
2774 553 2896 622 quis
2936 553 2993 609 in
3034 561 3145 609 tam
3188 553 3478 624 abruptum

1894 640 2101 695 erroris
2148 641 2462 697 baratth
2511 643 2862 714 semetipsum
2903 643 3143 717 injiciat,
3192 652 3254 699 ut
3281 642 3477 702 Filium

1894 731 1987 786 Dei
2015 733 2131 787 sine
2160 747 2255 787 sua
2284 726 2503 805 propria
2537 749 2733 800 carne,
2761 750 2922 806 quam
2957 735 3012 790 in
3042 748 3211 792 sacra:
3238 733 3478 807 Virginis

1892 832 2050 881 utero
2077 823 2335 881 ineﬂ‘abili
2361 827 2636 882 societatis
2662 841 2763 897 per
2792 841 2850 882 se
2881 827 3127 883 mistionc
3155 827 3230 881 ita
3259 826 3478 881 sibimet

1893 916 2168 982 adunavit,
2199 924 2259 970 ut
2287 924 2344 972 et
2364 916 2601 972 Verbum
2630 917 2814 982 homo,
2842 925 2897 972 et
2919 917 3082 971 homo
3110 916 3272 982 Deus,
3305 914 3476 970 idem-

1890 1021 1996 1075 que
2022 1021 2184 1072 unus,
2210 1021 2318 1061 non
2341 1006 2562 1061 mutatis
2583 1006 2870 1077 generibus
2891 1012 3098 1061 natura:
3121 1004 3295 1070 ﬁeret,
3318 1013 3476 1076 neget

1893 1102 2048 1158 hodie
2074 1100 2262 1156 sedere
2291 1101 2359 1156 ad
2387 1101 2669 1156 dexteram
2696 1099 2898 1166 Patris,
2930 1106 3321 1167 venturumque
3339 1095 3478 1167 judi-

1891 1210 2018 1250 care
2046 1195 2199 1251 vivos
2221 1201 2277 1250 et
2302 1201 2570 1261 mortuos,
2601 1208 2724 1248 cum
2755 1193 2932 1264 ipsum
2965 1191 3253 1246 Dominum
3273 1189 3477 1245 dixisse

1889 1302 2000 1342 non
2043 1287 2283 1353 nesciat,
2327 1285 2463 1341 Cum
2507 1284 2720 1341 venerit
2760 1282 2903 1339 illius
2946 1281 3182 1338 hominis
3219 1281 3272 1336 in
3305 1279 3474 1352 gloria

1888 1378 2070 1435 Patris
2099 1379 2227 1435 sui?
2266 1399 2284 1431 ι
2317 1378 2449 1434 Item
2473 1378 2589 1450 ipse
2615 1396 2627 1432 :
2673 1397 2692 1430 ‹
2722 1375 2858 1432 Nam
2889 1392 3013 1432 cum
3041 1373 3200 1432 Jesus
3224 1374 3475 1430 Christus

1889 1485 1995 1525 non
2027 1468 2187 1524 Verbi
2216 1469 2310 1525 sed
2337 1470 2518 1525 carnis
2557 1468 2836 1540 proprium
2881 1467 2953 1523 sit
2987 1481 3216 1532 nomen,
3250 1475 3306 1522 et
3334 1465 3475 1520 Deus

1886 1559 2164 1631 proprium
2196 1559 2361 1616 Verbi
2388 1573 2497 1615 non
2525 1559 2707 1614 carnis
2736 1565 2946 1612 constet
2973 1571 3094 1612 esse
3121 1555 3471 1617 vocabulum;

1887 1659 2068 1706 tamen
2097 1657 2152 1708 et
2173 1649 2412 1706 Verbum
2433 1658 2657 1721 propter
2684 1663 2903 1704 carnem
2930 1662 3100 1712 suam,
3128 1647 3290 1702 homo
3317 1644 3475 1701 Jesus

1887 1739 2134 1797 Christus
2158 1757 2173 1808 ;
2215 1747 2271 1796 et
2297 1755 2426 1796 caro
2451 1747 2675 1811 propter
2694 1739 2930 1795 Verbum
2957 1737 3148 1802 Deum,
3177 1737 3321 1792 Deus
3343 1735 3475 1792 Ver-

1810 1808 1859 1868 Β
1887 1831 2012 1887 bum
2037 1839 2140 1887 est.
2180 1851 2198 1885 ι
2229 1831 2366 1888 Item
2398 1808 2514 1902 ipse
2535 1808 2571 1885 ε⁷
2598 1849 2616 1881 ‹
2666 1830 2948 1885 Diversum
2985 1837 3070 1884 est
3111 1826 3325 1882 initium
3365 1839 3470 1881 non

1886 1924 2113 1990 habere,
2141 1932 2196 1979 et
2236 1939 2305 1979 ex
2349 1923 2505 1996 initio
2547 1923 2880 1990 subsistere;
2924 1921 3084 1986 mori,
3113 1927 3168 1977 et
3193 1919 3333 1976 mori
3361 1932 3473 1975 non

1885 2028 2062 2086 posse.
2114 2013 2182 2069 Et
2236 2024 2420 2070 tamen
2467 2015 2608 2071 sicut
2655 2015 2758 2084 ipsi
2807 2014 3024 2070 Christo
3061 2013 3340 2084 proprium
3388 2018 3474 2065 est

1884 2113 2210 2176 utrumque,
2240 2106 2312 2160 ita
2342 2121 2449 2160 non
2494 2105 2617 2175 ipsi,
2662 2104 2757 2160 sed
2802 2105 2858 2158 in
2900 2103 3019 2174 ipso
3055 2111 3141 2159 est
3181 2111 3473 2173 utrumque

1883 2209 2188 2251 commune.
2227 2194 2287 2252 Si
2325 2196 2472 2251 enim
2499 2195 2742 2252 dicamus
2761 2195 2886 2265 quia
2919 2195 3022 2266 ipsi
3045 2202 3131 2251 est
3151 2208 3470 2260 commune,

1883 2301 2105 2344 necesse
2134 2295 2218 2342 est
2259 2296 2319 2342 ut
2359 2288 2608 2358 exigatur
2641 2302 2673 2341 a
2717 2287 2874 2342 nobis
2911 2286 3044 2341 dare
3085 2293 3140 2341 et
3185 2284 3472 2340 ostendere

1881 2377 2070 2444 alium,
2112 2393 2236 2434 cum
2267 2393 2374 2448 quo
2416 2378 2488 2433 sit
2533 2378 2583 2432 ei
2625 2378 2730 2433 hoc
2771 2377 2948 2448 ipsum
2976 2389 3299 2432 commune:
3350 2390 3472 2445 qua:

1881 2467 2232 2539 professionis
2281 2469 2578 2524 necessitas
2629 2469 2683 2525 in
2734 2468 2970 2525 Nestorii
3015 2470 3191 2541 vergit
3245 2468 3468 2538 impium

1881 2562 2096 2641 dogma.
2124 2560 2315 2618 Melius
2345 2563 2509 2634 igitur
2531 2572 2587 2618 et
2615 2562 2879 2619 catholice
2905 2563 3134 2620 dicimus
3161 2565 3211 2618 in
3250 2565 3382 2635 ipso.
3417 2571 3472 2616 et

1879 2667 1989 2706 non
2037 2651 2160 2724 ipsi,
2195 2666 2319 2708 esse
2363 2667 2686 2708 commune:
2725 2661 2781 2710 et
2809 2653 3002 2709 melius
3033 2653 3154 2724 ipsi,
3195 2662 3247 2708 et
3276 2669 3383 2709 non
3416 2655 3468 2711 in

1881 2743 1996 2814 ipso
2016 2784 2032 2810 ,
2057 2742 2289 2800 dicimus
2315 2745 2591 2816 proprium
2622 2761 2761 2802 esse.
2801 2746 2944 2818 Ergo
2980 2747 3257 2817 proprium
3286 2756 3369 2803 cst
3395 2747 3470 2803 illi

1880 2834 2040 2901 mori,
2069 2835 2160 2906 qui
2190 2844 2412 2906 propter
2441 2846 2691 2892 naturam
2726 2837 2908 2906 Verbi,
2937 2839 3074 2915 mori
3122 2854 3231 2894 non
3271 2846 3466 2910 poteSt.

1877 2925 2012 2980 Item
2049 2933 2275 2996 propter
2311 2924 2580 2981 incﬂ‘abile
2621 2928 2941 2998 mysterium
2988 2927 3146 2983 unius
3192 2942 3466 3000 personae,

1877 3025 2234 3087 utrarumque
2258 3027 2581 3072 naturarum
2609 3019 2914 3074 communis
2951 3019 3007 3073 in
3041 3020 3159 3090 ipso
3193 3018 3296 3076 fuit
3322 3035 3466 3077 mor—

163 3123 284 3163 non
312 3115 512 3164 natura
536 3109 775 3175 deitatis,
805 3123 904 3180 per
927 3125 1095 3180 quam
1123 3125 1232 3165 non
1262 3117 1478 3180 poterat
1507 3127 1616 3166 non
1654 3126 1775 3167 esse
1803 3161 1849 3183 η
1880 3108 2063 3164 talitas
2093 3110 2274 3166 carnis
2297 3110 2460 3166 Verbi
2491 3119 2719 3178 naturae,
2744 3127 2863 3182 qua:
2889 3112 3026 3167 mori
3048 3127 3154 3167 non
3184 3113 3382 3183 potuit,
3414 3123 3470 3169 et

160 3200 319 3271 quod
341 3199 547 3266 fuerat,
561 3201 712 3256 illum
733 3201 1023 3258 maledicta
1045 3216 1144 3272 pro
1164 3201 1492 3258 salutaribus
1513 3204 1776 3259 meruisse

164 3291 478 3358 miraculis,
507 3292 659 3347 illum
689 3301 870 3363 sputa,
902 3293 1052 3347 illum
1083 3293 1311 3363 palmas,
1342 3294 1490 3348 illum
1517 3310 1772 3349 coronam

162 3383 457 3453 spineam,
499 3383 651 3438 illum
695 3390 974 3453 postremo
1020 3397 1238 3438 crucem
1282 3398 1382 3453 pro
1419 3385 1576 3440 nobis
1610 3383 1774 3440 fuisse

165 3487 517 3545 perpessum,
545 3471 694 3526 illum
722 3471 936 3526 inferna
962 3480 1300 3543 penetrasse,
1330 3473 1482 3528 illum
1503 3473 1590 3529 die
1615 3475 1773 3529 tertia

165 3562 545 3617 resurrexisse
570 3562 628 3617 in
658 3562 712 3618 id
739 3577 935 3633 corpus
977 3563 1123 3633 quod
1151 3564 1300 3619 cruci
1329 3563 1510 3620 fuerat
1530 3563 1771 3631 allixum,

164 3651 326 3709 illum
357 3653 635 3709 hominem
671 3652 843 3708 Deum
886 3661 1012 3723 post
1042 3659 1310 3722 mortem,
1355 3644 1549 3712 mortis
1572 3658 1772 3713 omium

164 3745 401 3817 petiisse
426 3743 709 3810 victorem,
741 3744 932 3799 sedere
955 3743 1024 3799 ad
1043 3745 1321 3800 dexteram
1344 3746 1457 3810 Dei,
1484 3754 1771 3804 venturum

167 3850 272 3890 suo
302 3843 552 3904 tempore
581 3833 648 3888 ad
667 3833 935 3903 judicium
965 3833 1297 3902 faciendum,
1328 3836 1484 3891 illum
1510 3837 1772 3908 Spiritum

168 3924 266 3978 Dei
315 3938 418 3993 per
447 3931 763 3978 sanctorum
793 3938 1016 3988 suorum
1061 3926 1304 3995 quotidie
1343 3941 1438 3982 ora
1483 3926 1769 3983 celebrari.

167 4012 300 4070 Eme
331 4014 628 4084 cogitasse,
673 4015 880 4071 vixisse
928 4022 1044 4081 est;
1092 4017 1212 4071 haec
1241 4015 1546 4082 meditatio,
1584 4026 1773 4088 partus

165 4112 252 4160 est
296 4105 536 4171 animae;
580 4107 634 4160 in
681 4107 798 4160 htee
830 4106 1002 4161 relabi
1030 4105 1116 4160 vel
1145 4121 1458 4173 recurrere,
1505 4123 1631 4163 cum
1658 4108 1767 4164 Do-

167 4195 321 4250 mino
338 4193 494 4267 jungi
521 4204 624 4263 est,
661 4187 721 4252 et
747 4212 870 4253 cum
899 4196 1044 4268 ipso,
1073 4213 1173 4268 per
1204 4199 1321 4254 haec
1347 4199 1620 4255 humiliari
1649 4210 1764 4261 est.

166 4292 294 4340 eum
322 4284 444 4355 ipso
471 4288 583 4356 pati
614 4296 700 4343 est
719 4327 734 4352 ,
775 4300 898 4344 cum
921 4289 1039 4360 ipso
1074 4289 1213 4344 mori
1243 4296 1360 4356 est,
1386 4305 1510 4346 cum
1537 4290 1656 4363 ipso
1685 4300 1772 4348 est

165 4377 336 4432 etiam
366 4378 642 4432 suscitari.
683 4397 702 4431 ι

238 4466 438 4526 XXVI.
470 4483 494 4511 ι
517 4469 718 4526 Beatus
741 4485 957 4542 quoque
979 4469 1208 4543 Vigilius
1235 4491 1247 4525 :
1286 4491 1304 4524 ‹
1337 4472 1447 4528 Nos
1470 4489 1659 4541 unum,
1684 4475 1766 4530 in-

166 4562 307 4630 quit,
324 4560 602 4617 Christum
629 4562 987 4633 eumdemque
1000 4564 1094 4618 Dei
1121 4563 1341 4631 Filium,
1359 4573 1414 4620 et
1432 4566 1670 4623 hominis
1697 4566 1764 4622 ﬁ-

169 4651 330 4719 lium,
365 4668 474 4708 non
500 4653 636 4709 duos
661 4654 1002 4724 proﬁtemur,
1028 4665 1083 4710 et
1104 4655 1180 4710 ita
1209 4656 1446 4712 Verbum
1473 4657 1616 4712 intra
1643 4659 1768 4714 Vir-

170 4742 314 4812 ginis
343 4743 487 4797 uteri
517 4752 728 4799 secreta
757 4745 940 4799 carnis
984 4745 1089 4800 sibi
1140 4745 1291 4799 initia
1338 4748 1680 4813 consevisse,
1713 4748 1766 4804 id

170 4841 271 4898 est,
294 4849 433 4890 vere
460 4834 800 4891 incarnatum
831 4836 998 4892 fuisse
1018 4876 1031 4902 ,
1067 4845 1128 4890 ut
1155 4845 1336 4893 tamen
1380 4839 1544 4896 Verbi
1573 4849 1764 4896 namra

171 4937 274 4977 non
295 4932 608 4980 mutaretur
629 4925 686 4978 in
712 4941 973 4992 carnem;
1016 4926 1256 4996 itemque
1293 4928 1474 4983 carnis
1511 4939 1764 4983 naturam

174 5011 242 5065 ita
265 5028 370 5082 per
395 5014 740 5084 suscipientis
766 5014 1200 5070 commistionem
1225 5015 1280 5070 in
1316 5017 1474 5072 Verbi
1504 5019 1764 5073 transisse

174 5117 484 5172 personam,
516 5113 576 5159 ut
603 5119 710 5160 non
735 5113 918 5160 tamen
944 5104 1109 5160 fuerit
1136 5105 1189 5159 in
1215 5105 1393 5162 Verbo
1419 5116 1759 5179 consumpta.

179 5191 355 5249 lauet
377 5194 523 5250 enim
550 5203 800 5266 utraque,
832 5196 886 5250 id
913 5203 1017 5260 est,
1043 5194 1205 5250 Verbi
1229 5197 1517 5266 carnisque
1536 5206 1759 5267 natura;

178 5291 230 5338 et
245 5300 313 5342 ex
337 5285 428 5342 his
451 5285 661 5342 duabus
681 5285 949 5356 hodieque
975 5285 1318 5342 manentibus
1337 5303 1478 5343 unus
1497 5297 1581 5346 est
1603 5290 1760 5348 Chri-

1801 3161 1849 3226 C

1799 4518 1846 4578 Β

1881 3199 2182 3254 communis
2228 3199 2284 3256 in
2330 3199 2448 3271 ipso
2501 3209 2586 3257 est
2633 3201 3014 3259 immortalitas
3057 3202 3220 3259 Verbi
3257 3214 3467 3260 naturae

1878 3290 2082 3355 carnis,
2112 3305 2233 3360 quae
2259 3291 2421 3345 morti
2456 3291 2760 3346 succubuit.
2792 3291 2936 3362 Ergo
2961 3291 3101 3346 sicut
3129 3289 3203 3346 illi
3247 3294 3385 3348 mori
3412 3304 3468 3349 et

1877 3397 1985 3437 non
2011 3382 2150 3437 mori
2169 3398 2238 3437 ex
2268 3382 2517 3454 utrisque
2539 3384 2750 3439 naturis
2769 3390 2852 3439 est
2875 3383 3185 3454 proprium;
3217 3384 3292 3439 ita
3320 3400 3466 3440 com-

1877 3487 2042 3527 mune
2067 3480 2150 3528 est
2177 3473 2230 3528 in
2258 3473 2375 3543 ipso
2403 3475 2649 3544 utrisque
2688 3474 2927 3539 naturis,
2970 3475 3112 3544 quod
3141 3473 3356 3530 illarum
3382 3486 3465 3530 est

1877 3564 2178 3634 proprium.
2219 3583 2238 3616 ι

1950 3653 2161 3711 XXVII.
2203 3653 2437 3711 Sanetus
2461 3655 2698 3712 Hilarius
2725 3655 3007 3712 confessor
3031 3675 3044 3711 :
3077 3676 3096 3709 ι
3118 3655 3287 3712 Natus
3310 3671 3460 3730 ergo,

1875 3744 2071 3814 inquit,
2102 3745 2414 3817 unigenitus
2443 3745 2587 3802 Deus
2614 3763 2680 3802 ex
2712 3747 2935 3820 Virgine
2970 3749 3133 3805 homo
3171 3751 3464 3806 secundum

1874 3834 2267 3906 plenitudinem
2291 3840 2617 3906 temporum,
2648 3837 2702 3892 in
2726 3838 3081 3908 semetipsum
3104 3847 3463 3911 provecturus

1876 3925 1930 3978 in
1958 3923 2130 3979 Deum
2166 3924 2443 3981 hominem
2462 3966 2476 3991 ,
2517 3925 2664 3981 hunc
2689 3941 2788 3996 per
2814 3927 2996 3982 omnia
3018 3929 3316 4002 evangelici
3341 3943 3461 3986 ser-

1876 4015 2052 4070 monis
2079 4015 2301 4070 modum
2345 4016 2518 4070 tenuit
2543 4057 2557 4082 ,
2609 4024 2670 4070 ut
2697 4031 2756 4072 se
2782 4016 2877 4072 Dei
2906 4017 3103 4074 Filium
3129 4020 3278 4076 credi
3307 4020 3464 4077 doce-

1875 4111 1976 4168 ret,
2003 4111 2060 4158 et
2081 4101 2319 4158 hominis
2361 4103 2528 4160 filium
2555 4105 2841 4175 praedicari
2871 4107 3217 4175 admoneret;
3252 4108 3461 4166 locutus

1871 4201 1928 4249 et
1947 4208 2141 4264 gerens
2162 4194 2325 4251 homo
2350 4194 2606 4251 universa
2630 4210 2753 4266 quae
2777 4196 3023 4253 Dei-sunt
3043 4199 3288 4270 loquens,
3305 4201 3458 4257 dein-

1871 4283 1939 4339 de
1975 4292 2032 4339 et
2060 4299 2257 4356 gerens
2285 4283 2429 4340 Deus
2467 4285 2724 4340 universa
2758 4301 2880 4357 qua:
2916 4286 3154 4345 hominis
3187 4299 3349 4345 sunt:
3383 4289 3460 4346 ita

1872 4381 2056 4429 tamen
2099 4382 2161 4429 ut
2203 4374 2322 4446 ipso
2350 4373 2446 4430 illo
2466 4375 2752 4446 utriusque
2789 4391 2987 4448 genere
3021 4380 3288 4435 sermonis
3316 4396 3458 4436 nun-

1871 4482 2034 4538 quam
2063 4467 2171 4523 nisi
2199 4482 2325 4524 cum
2369 4466 2766 4538 significatione
2804 4475 2862 4525 et
2900 4469 3137 4526 hominis
3162 4471 3377 4528 locutus
3403 4481 3462 4530 et

1871 4559 1966 4613 Dei
1995 4558 2085 4612 sit.
2117 4576 2136 4610 ι
2179 4556 2319 4612 Ecce
2362 4565 2549 4628 aperte
2595 4557 2787 4613 beatus
2839 4557 3076 4614 Hilarius
3113 4559 3246 4616 dicit
3274 4560 3459 4616 Domi-

1869 4667 1999 4707 num
2027 4658 2274 4707 nostrum
2306 4647 2495 4705 Iesum
2521 4648 2799 4704 Christum
2828 4649 3116 4706 docentem
3142 4650 3198 4706 in
3228 4667 3459 4725 synago-

1867 4743 1950 4813 εἰς
1979 4748 2036 4796 et
2066 4740 2266 4809 ubique
2311 4739 2457 4794 hunc
2486 4738 2706 4793 modum
2736 4740 3003 4796 sermonis
3033 4756 3132 4812 per
3168 4743 3349 4798 omnia
3378 4751 3456 4800 te-

1868 4833 2075 4898 nuisse,
2105 4840 2166 4886 ut
2183 4846 2243 4887 se
2261 4830 2356 4886 Dei
2381 4830 2579 4886 Filium
2611 4831 2759 4886 credi
2785 4831 3034 4898 doceret,
3073 4843 3128 4889 et
3159 4835 3343 4904 utique
3366 4851 3456 4892 ve-

1869 4940 1989 4980 rum
2015 4943 2026 4977 :
2056 4923 2200 4994 quod
2226 4923 2273 4978 si
2299 4937 2519 4988 verum,
2550 4931 2606 4979 et
2632 4923 2910 4994 proprium
2943 4942 2956 4978 :
2981 4924 3251 4996 alioquin,
3285 4943 3454 4997 quare

1867 5032 1935 5072 ex
1965 5015 2057 5071 illo
2082 5023 2326 5086 tempore
2353 5031 2460 5070 non
2494 5023 2621 5070 sunt
2655 5015 2864 5072 inventi
2903 5025 3140 5088 quatuor
3163 5019 3309 5075 modi
3337 5021 3454 5092 qui-

1869 5111 1971 5166 bus
2018 5107 2350 5174 crederetur,
2399 5107 2608 5164 duobus
2644 5108 2897 5166 videlicet
2921 5108 3102 5176 Patri,
3150 5117 3207 5165 et
3243 5110 3452 5168 duobus

1869 5199 2068 5256 matri?
2092 5198 2290 5253 Beatus
2327 5205 2507 5252 autem
2536 5197 2565 5239 δ
2596 5196 2857 5255 Proculus
2895 5199 3450 5273 Constantinopolita-

1869 5306 1972 5347 nus
2001 5288 2288 5360 episcopus
2315 5327 2330 5353 ,
2377 5301 2504 5344 cum
2542 5299 2840 5360 exponeret
2884 5289 3051 5346 verba
3087 5289 3328 5364 Apostoli
3357 5291 3446 5346 ubi

1523 5404 1796 5464 BALUZII
1839 5404 2071 5464 NOTAE.

245 5525 273 5554 ι
312 5515 510 5590 Beatus
545 5512 783 5590 ifigiliats.
819 5511 1150 5590 Thapsensis
1175 5516 1232 5570 in
1252 5515 1438 5590 Africa
1455 5521 1759 5590 episcopus.

185 5580 460 5640 Assentior
488 5580 635 5641 enim
663 5583 855 5640 lubens
874 5580 1242 5641 eruditissimo
1266 5587 1383 5641 vim
1406 5580 1569 5643 Petro
1599 5580 1765 5644 Fran-

185 5651 321 5728 cjsoo
343 5651 1304 5728 Cbillletio.presbytererSocietate
1345 5655 1507 5728 Iesu,
1527 5660 1616 5728 qui
1650 5659 1763 5713 edi-

186 5719 252 5794 tis
276 5737 451 5794 nuper
479 5740 546 5794 ac
575 5719 861 5794 vindicatis
906 5722 1081 5794 Vigilii
1119 5723 1342 5794 hujusce
1371 5719 1760 5784 lucubrationi-

186 5786 301 5856 bus,
336 5786 580 5849 ostendit
625 5808 749 5846 cum
792 5786 1313 5862 l'uissc'epismpum
1360 5796 1760 5865 'I‘hapscnscm,

1905 5519 2197 5594 uaacivitas
2223 5527 2343 5594 erat
2362 5516 2562 5594 Africa}
2583 5519 2644 5594 ῃ
2677 5518 2957 5594 provincia
2987 5519 3288 5594 Byzacena.
3319 5523 3448 5581 Vide

1866 5535 1987 5645 gnte
2003 5535 2197 5574 civitas
2223 5535 2343 5602 erat
2362 5535 2562 5602 uinea:
2587 5535 2641 5574 In
2677 5535 2957 5590 provtncxa
2988 5535 3225 5594 uyzacen

1912 5590 2220 5672 irmgndum
2247 5606 2298 5644 in
2317 5597 2466 5672 notis
2487 5589 2563 5672 ad.
2583 5587 2938 5672 Theodquum
2963 5606 3088 5672 pag.
3100 5591 3225 5672 27⁸7ἔ

1940 5661 1965 5699 b
2008 5658 2280 5731 Proculus
2311 5657 2421 5713 CP.
2480 5659 2785 5731 episcopus,
2817 5659 2870 5714 in
2891 5657 3131 5731 epistola
3152 5664 3218 5717 ad
3257 5660 3439 5716 Arme-

1868 5729 2010 5799 nios,
2034 5743 2102 5783 ex
2137 5744 2243 5797 qua
2267 5729 2649 5799 huncquoque
2676 5729 2852 5799 locum
2891 5729 3073 5785 laudat
3106 5729 3367 5787 Alc-uinus
3388 5732 3440 5786 in

1867 5797 1958 5854 lib.
1986 5814 2038 5852 IV
2070 5799 2326 5853 adversus
2347 5797 2598 5854 Felicem.
2637 5816 2654 5849 r
2697 5797 2773 5853 De
2796 5810 2899 5868 qua
2930 5801 3221 5865 sententia,
3243 5802 3436 5872 inquit,
