3918 6388
369 340 439 397 55
1370 339 1427 393 S.
1468 337 1823 395 AGOBARDI
1858 334 2169 394 EPISCOPI
2209 335 2704 394 LUGDUNENSIS
3616 335 3707 393 δετ

371 456 611 527 loquitur
656 457 723 512 de
759 454 963 513 Judaeis
992 455 1173 528 (Rom.
1211 472 1289 521 rx,
1318 456 1374 528 5)
1415 455 1645 512 dicens:
1684 474 1703 507 ι
1734 454 1975 539 Quorum
2004 456 2055 516 Α
2082 453 2255 510 sibilis
2298 454 2559 525 splendor
2590 452 2792 519 Patris,
2844 453 3027 510 lumen
3074 471 3139 510 ex
3180 454 3406 522 lumine,
3456 456 3691 512 consub-

373 544 588 614 Patres,
619 563 685 602 ea:
710 547 898 619 quibus
923 546 1164 603 Christus
1193 548 1482 603 secundum
1509 564 1724 602 carnem
1742 590 1756 614 ,
1780 549 1872 620 qui
1904 558 1979 603 est

370 653 534 711 super
560 639 742 693 omnia
786 637 930 693 Deus
965 637 1271 693 benedictus
1316 638 1374 692 in
1409 637 1641 703 sa'cula,
1686 639 1765 694 ait
1796 658 1809 693 :
1856 638 1983 695 Haec

376 728 531 785 Pauli
554 730 760 796 verba,
808 746 976 802 quam
1020 731 1430 802 subreptionem
1470 731 1760 788 calumnia:
1792 747 1982 789 eorum

375 822 470 894 qui
498 836 668 893 prava
690 821 928 894 diligunt
953 821 1159 878 habere
1187 821 1441 877 mittunt!
1474 822 1623 877 Dixit
1642 822 1792 878 enim
1821 822 1983 879 Chri—

377 924 565 981 stum,
623 922 685 971 ut
729 915 989 973 ostendat
1027 916 1288 987 quoniam
1345 916 1646 972 secundum
1693 918 1984 973 veritatem

382 1005 526 1063 licus
550 1006 731 1062 factus
758 1014 847 1062 est
881 1007 1065 1062 homo.
1125 1007 1271 1063 Dicit
1306 1022 1432 1062 eum
1472 1022 1539 1062 ex
1559 1007 1760 1063 ludatis
1790 1023 1988 1064 secun-

380 1095 509 1152 dum
539 1111 762 1153 carnem
812 1105 874 1153 ut
920 1098 1166 1156 insinuet
1202 1099 1330 1169 quia
1374 1115 1484 1154 non
1524 1115 1593 1155 ex
1625 1100 1718 1155 illo
1742 1108 1989 1171 tempore

378 1203 491 1263 quo
533 1200 620 1247 est
661 1191 981 1247 incarnatus
1025 1194 1279 1249 exsistat.
1328 1192 1479 1249 Dixit
1509 1209 1635 1249 eum
1670 1193 1765 1265 qui
1797 1204 1903 1259 est,
1929 1204 1990 1249 ut

380 1292 511 1335 eum
542 1280 663 1337 sine
692 1281 851 1336 initio
873 1281 1133 1338 declaret.
1175 1281 1327 1338 Dixit
1355 1298 1480 1339 eum
1503 1298 1672 1354 super
1699 1284 1909 1349 omnia,
1931 1293 1993 1338 ut

381 1373 553 1429 totius
620 1382 890 1429 creatura:
944 1375 1239 1437 Dominum
1293 1376 1573 1447 praedicet.
1664 1376 1815 1432 Dixit
1865 1394 1989 1433 eum

387 1464 582 1530 Deum,
612 1481 679 1530 ne
708 1466 1059 1536 passionibus
1089 1468 1387 1540 habituque
1424 1470 1662 1526 traducti
1696 1470 1994 1527 intemera-

386 1567 501 1613 tam
527 1558 643 1629 ejus
674 1560 974 1616 audeamus
1001 1574 1203 1633 negare
1229 1563 1618 1642 substantiam.
1657 1564 1806 1621 Dixit
1827 1566 1995 1622 bene-

385 1651 593 1709 dictum
618 1695 632 1718 ,
664 1661 727 1708 ut
764 1653 1056 1710 adoremus
1093 1664 1219 1711 eum
1249 1664 1511 1727 tanquam
1557 1660 1992 1730 omnipotentem

386 1744 728 1815 suppliciter,
759 1759 863 1801 nec
881 1754 943 1801 ut
968 1761 1299 1802 mnservum
1328 1748 1622 1807 calumniis
1647 1760 1988 1822 appetamus.

2085 546 2359 603 stantialis
2399 545 2581 611 Patri,
2622 545 2923 603 consimilis
2949 546 3000 602 ei
3022 589 3036 613 ,
3086 546 3310 618 :equalis
3344 563 3446 619 per
3473 550 3688 614 omnia,

2087 641 2376 697 invisibilis
2423 650 2485 696 ut
2526 640 2721 705 Pater,
2770 640 3101 704 immensus,
3155 622 3691 712 incircumscriptus,

2086 737 2454 808 omnipotens,
2484 752 2679 793 creans
2701 736 2884 792 omnia
2903 752 3027 794 cum
3053 736 3217 794 Patre
3238 746 3293 794 et
3322 736 3533 808 Spiritu
3564 752 3697 793 san-

2088 837 2201 894 cto,
2230 828 2427 894 factor,
2455 827 2740 883 viviﬁcans
2768 843 2907 899 quos
2927 828 3074 893 vult,
3107 828 3250 883 sicut
3284 835 3343 883 et
3371 827 3553 892 Pater,
3587 827 3696 885 eli-

2072 934 2224 993 gens
2244 936 2369 975 cum
2398 920 2559 976 Patre
2597 935 2736 990 quos
2773 919 2916 985 vult,
2956 919 3352 990 praedestinans
3379 935 3503 975 eum
3533 919 3701 976 Patre

2091 1012 2490 1082 quospraescit,
2520 1010 2892 1084 sanctificans,
2916 1008 3199 1074 deiﬁcans,
3222 1009 3537 1081 glorificans
3556 1025 3703 1081 quos

2089 1103 2227 1167 vult,
2256 1112 2314 1158 et
2340 1103 2549 1175 reliqua
2571 1103 2661 1159 his
2684 1102 2884 1159 similia
2911 1102 3168 1175 plurima.
3205 1102 3536 1159 Accedentia
3565 1118 3703 1161 vero

2092 1193 2168 1248 illi
2199 1200 2363 1258 sunt,
2410 1194 2609 1258 homo,
2642 1192 2857 1257 infans,
2886 1207 3046 1262 puer,
3081 1190 3431 1257 adolescens,
3454 1190 3704 1260 juvenis,

2093 1286 2351 1341 minister
2390 1285 2548 1357 legis,
2587 1300 2779 1340 servus
2818 1283 3024 1349 Patris,
3068 1282 3248 1339 minor
3287 1282 3472 1347 Patre,
3517 1280 3707 1352 subje-

2094 1386 2215 1433 ctus
2236 1419 2251 1443 ,
2297 1377 2473 1433 frater
2512 1376 2814 1433 electorum
2832 1417 2847 1441 ,
2875 1375 3150 1446 particeps
3174 1389 3395 1439 eorum,
3428 1375 3702 1441 cohaeres,

2093 1471 2433 1541 prepinquus
2455 1469 2694 1534 illorum,
2721 1466 3357 1532 conformis,consimilis
3370 1482 3468 1538 per
3492 1469 3706 1534 omnia,

2095 1570 2327 1633 excepto
2375 1570 2605 1632 peccato
2631 1602 2647 1626 ,
2694 1558 2967 1616 mediator
3011 1560 3107 1615 Dei
3161 1568 3219 1614 et
3242 1560 3544 1623 hominum,
3575 1574 3711 1633 pro-

2094 1654 2293 1723 pheta,
2343 1652 2713 1724 evangelista,
2746 1650 3069 1722 aposwlus,‘
3094 1650 3350 1707 sacerdos
3373 1692 3390 1718 ,
3430 1650 3709 1722 pontifex.

2098 1744 2227 1800 Haec
2252 1744 2456 1809 omnia,
2492 1752 2548 1799 et
2575 1743 2663 1798 his
2684 1741 2885 1799 similia
2914 1742 3227 1797 accedentia
3252 1751 3379 1797 sunt
3403 1742 3480 1797 illi
3510 1758 3713 1799 secun-

390 1834 539 1890 Dix‘it
564 1850 691 1891 eum
718 1836 775 1891 in
800 1837 1031 1904 saecula,
1060 1847 1124 1894 ut
1148 1839 1488 1896 demonstret
1517 1843 1664 1913 quod
1692 1843 1741 1899 is
1769 1844 1861 1914 qui
1892 1860 1994 1900 nos
2024 1826 2071 1885 Β
2099 1836 2229 1892 dum
2261 1834 2731 1905 dispensaliomm
2755 1832 2938 1888 carnis
2960 1872 2975 1899 ι
3005 1848 3115 1889 non
3146 1832 3366 1903 ρτορτίίι
3402 1832 3714 1889 secundum

388 1927 559 1985 verbo
587 1929 817 1996 creavit,
850 1945 952 2001 pro
980 1946 1079 1985 sua
1105 1930 1393 1988 divinitate
1412 1930 1529 2005 jugi
1567 1948 1598 1987 a
1629 1933 1787 1989 nobis
1822 1935 1997 2006 bono.

390 2032 451 2073 re
479 2017 805 2076 celebretur.
824 2019 1100 2077 Habentes
1131 2020 1319 2092 itaque
1343 2022 1624 2080 Christum
1643 2031 1701 2079 et
1721 2025 1996 2082 exsisten-

394 2118 526 2173 tem,
550 2118 607 2165 et
635 2109 807 2166 Deum
824 2152 839 2176 ,
872 2119 927 2167 et
950 2110 1303 2169 benedictum
1333 2114 1390 2168 in
1415 2114 1613 2170 saecula
1632 2156 1647 2179 ,
1671 2131 2001 2173 veneremur

392 2217 521 2260 eum
553 2202 725 2259 Deum
758 2211 816 2259 et
852 2203 1173 2271 Dominum,
1223 2205 1472 2261 dicentes
1512 2208 1877 2262 assertoribus
1906 2224 2002 2279 ex-

394 2302 638 2350 terorum
689 2295 1003 2367 dogmatum
1030 2336 1044 2361 ,
1097 2294 1154 2351 Si
1198 2283 1323 2367 quis
1363 2296 1618 2363 spiritum
1653 2295 1858 2357 Christi
1891 2313 2000 2354 non

392 2386 580 2450 habet,
609 2386 698 2443 hic
726 2402 834 2441 non
864 2396 950 2443 est
969 2388 1106 2459 ejus.
1139 2408 1156 2439 ι

468 2475 707 2534 XXVIII.
764 2477 969 2534 lterum
1016 2480 1319 2551 interrogat
1358 2480 1511 2536 Felix
1548 2481 1776 2538 dicens:
1815 2501 1832 2533 ι
1863 2481 2002 2553 Quid

396 2568 582 2626 differt
615 2572 761 2627 inter
798 2571 1024 2642 propria
1068 2572 1450 2644 naturaliaque
1487 2576 1709 2631 nomina
1747 2575 2003 2631 divinita-

398 2660 470 2717 tis
501 2662 556 2717 in
583 2678 692 2720 uno
730 2662 869 2719 Filio
910 2662 1004 2717 Dei
1030 2703 1045 2728 ,
1091 2654 1257 2735 atque
1285 2665 1603 2721 accedentia
1645 2666 2006 2723 humanitatis

396 2748 560 2820 ejus?
606 2769 624 2802 ι
668 2748 1099 2823 Respondetque
1157 2752 1527 2827 subjungens:
1570 2773 1589 2806 ι
1637 2753 1752 2811 Hoc
1800 2754 2005 2820 differt,

397 2844 545 2916 quod
576 2845 631 2900 in
678 2846 970 2904 divinitate
1007 2847 1153 2903 sicut
1183 2864 1346 2905 verus
1383 2858 1469 2905 est
1494 2849 1667 2909 Filius
1700 2849 1823 2917 Dei,
1851 2850 1925 2905 ita
1954 2858 2011 2907 et

399 2952 568 3009 verus
592 2935 759 3002 Deus.
801 2937 860 2994 lu
889 2939 1235 2999 humanitate
1257 2957 1392 2998 vero
1423 2942 1567 2998 sicut
1598 2958 1763 2999 verus
1800 2951 1888 2998 est
1914 2944 2011 2998 ho-

401 3042 513 3094 mo,
545 3027 619 3082 ita
646 3042 811 3083 verus
830 3034 917 3084 est
937 3028 1108 3084 Filius
1134 3031 1395 3087 hominis.
1423 3052 1441 3084 ι
1486 3031 1714 3088 Videtur
1737 3033 1871 3088 mihi
1900 3034 2007 3088 Fet

400 3118 475 3175 lix
505 3135 626 3177 rem
650 3119 709 3175 in
736 3120 841 3175 hoc
868 3119 991 3177 loco
1024 3120 1225 3183 fecisse
1252 3122 1628 3180 ridiculosam.
1671 3122 2007 3181 Ditl'erentiis

402 3226 643 3281 namque
681 3210 967 3267 nominum
1005 3214 1370 3287 interrogavit
1394 3207 1793 3273 divinitatis‘et
1814 3219 2008 3295 huma—
2034 3182 2081 3245 Ε

402 3303 628 3371 nitatis,
664 3308 729 3359 ‘et
765 3306 1055 3388 respondit
1076 3307 1181 3363 hoc
1207 3307 1434 3365 diﬂ‘erre
1471 3310 1616 3380 quod
1643 3310 1699 3366 in
1726 3310 2009 3365 divinitate

402 3410 570 3452 verus
593 3396 667 3452 sit
689 3397 833 3453 Deus
858 3437 872 3455 .
922 3406 980 3452 et
1014 3400 1069 3453 in
1097 3400 1439 3457 humanitate
1465 3417 1630 3459 verus
1663 3403 1847 3458 homo.
1894 3402 2009 3459 [loc

404 3501 513 3543 non
544 3495 629 3545 est
652 3486 959 3545 differentia
1002 3491 1283 3547 nominum
1312 3532 1327 3559 ,
1376 3493 1477 3549 sed.
1510 3496 1696 3564 potius
1733 3496 2010 3566 separatio

404 3580 861 3636 substantiarum.
902 3581 1041 3638 Nam
1071 3584 1154 3648 si,
1204 3592 1267 3639 ut
1310 3585 1417 3652 ait,
1468 3586 1773 3643 divinitatis
1811 3604 2009 3644 nomen

405 3680 495 3729 est
517 3672 684 3740 Deus,
709 3682 765 3730 et
788 3674 1152 3732 humanitatis
1178 3677 1364 3743 homo,
1394 3677 1581 3735 debuit
1606 3680 1797 3751 utique
1828 3681 2010 3739 dicere

406 3761 783 3845 quiddiﬂ'erat
806 3764 953 3821 inter
978 3774 1273 3837 utrumque
1301 3783 1503 3825 nomen
1519 3809 1534 3835 ,
1567 3770 1622 3825 id
1646 3772 1763 3836 est,
1789 3772 1934 3829 Deus
1957 3783 2011 3828 et

405 3858 604 3925 homo;
634 3865 689 3913 et
713 3859 851 3914 utin
883 3861 1243 3931 sequentibus
1264 3861 1363 3927 ait,
1394 3862 1451 3915 in
1478 3862 1753 3920 divinitate
1778 3866 2015 3937 unigenio

408 3958 517 4013 tus,
542 3951 597 4004 in
620 3950 953 4005 humanitate
984 3951 1378 4023 primogenita,
1430 3952 1617 4009 debuit
1655 3962 1805 4010 certe
1830 3956 2013 4013 dicere

406 4040 538 4110 quid
570 4040 787 4097 differat
810 4043 955 4098 inter
979 4042 1316 4115 unigenitum
1345 4051 1401 4098 et
1423 4044 1866 4117 primogenitum.
1900 4046 2011 4104 Sed

406 4147 676 4204 ponamus
730 4134 902 4205 ipsius
942 4135 1142 4193 Felicis
1184 4139 1354 4195 verba
1392 4155 1517 4209 quae
1552 4142 1922 4212 prosequitur,
1954 4152 2014 4199 ut

410 4242 477 4281 ex
506 4227 640 4297 ipsis
661 4226 838 4285 lector
864 4241 1161 4302 cognoscat
1197 4234 1472 4303 quomodo
1505 4236 1812 4305 separando
1838 4237 2016 4292 nomi—

411 4335 505 4385 na,
531 4320 728 4377 dividit
754 4322 1094 4378 substantias
1119 4342 1131 4377 :
1166 4342 1185 4376 ι
1211 4324 1272 4379 In
1299 4324 1415 4390 illa,
1456 4327 1654 4396 inquit,
1677 4326 1824 4384 Deus
1853 4344 2019 4398 super

409 4412 628 4481 omnia,
660 4414 718 4469 in
757 4414 861 4470 ista
897 4429 1030 4470 vero
1068 4415 1233 4472 homo
1268 4417 1410 4472 intra
1453 4419 1667 4486 omnia;
1698 4427 1753 4476 et
1776 4427 1837 4473 ut
1865 4419 2017 4475 brevi

2096 1934 2427 1999 potestatem
2459 1924 2699 1980 deitatis.
2734 1944 2751 1975 ι

2171 2016 2363 2073 XXIX.
2407 2017 2588 2081 Ecce,
2635 2024 2696 2070 ut
2739 2014 2901 2071 lectio
2950 2015 3067 2086 ipsa
3125 2014 3507 2080 demonstrat,
3551 2012 3716 2070 Felix

2101 2119 2287 2182 aperte
2316 2117 2549 2166 testatur
2577 2110 2695 2163 haec
2736 2108 2962 2163 nomina
3004 2107 3308 2163 secundum
3346 2106 3718 2178 dispensatio—

2103 2222 2228 2260 nem
2272 2206 2476 2271 carnis,
2509 2221 2615 2260 nou
2639 2220 2763 2261 esse
2797 2206 3016 2276 prepria
3048 2203 3349 2263 secundum
3378 2210 3693 2274 potestaten

2103 2297 2346 2353 deitatis.
2384 2296 2442 2352 Si
2478 2312 2607 2352 caro
2644 2297 2761 2368 ipsa
2789 2296 3011 2371 propria
3049 2294 3272 2359 dicitur,
3311 2303 3369 2355 et
3392 2301 3480 2349 est
3510 2291 3716 2358 Verbi;

2104 2406 2273 2460 quare
2303 2390 2487 2445 carnis
2508 2391 2731 2444 nomina
2757 2403 2867 2443 non
2909 2399 3072 2443 erunt
3105 2386 3325 2459 pr0pria
3363 2385 3413 2439 ei
3450 2385 3608 2456 cujus
3630 2392 3723 2439 est

2104 2499 2237 2540 caro
2266 2482 2382 2553 ipsa
2412 2482 2668 2554 propria?
2722 2481 2792 2538 Ut
2823 2481 2959 2539 mihi
2986 2481 3233 2545 videtur,
3262 2479 3528 2550 intellexit
3562 2477 3722 2535 Felix

2106 2575 2251 2646 quod
2276 2576 2381 2631 ista
2420 2575 2663 2639 nomina,
2712 2574 2768 2630 id
2789 2583 2905 2639 est,
2936 2566 3120 2638 homo,
3150 2571 3360 2635 infans,
3400 2586 3555 2642 puer,
3578 2586 3723 2643 apo-

2108 2665 2280 2721 stolus
2319 2674 2377 2721 et
2411 2663 2658 2735 pontifex
2679 2705 2694 2729 ,
2731 2679 2839 2720 non
2856 2673 3057 2725 essent
3081 2663 3295 2718 Domini
3319 2671 3374 2718 et
3413 2661 3723 2718 Salvatoris

2108 2756 2281 2812 nostri
2310 2797 2325 2823 ,
2378 2755 2488 2811 nisi
2532 2756 2952 2811 incarnaretur:
2983 2753 3129 2823 quod
3172 2753 3361 2821 utique
3394 2765 3585 2805 verum
3611 2757 3720 2805 est.

2109 2847 2228 2903 Non
2250 2856 2451 2905 tamen.
2478 2846 2748 2903 intellexit
2773 2844 2919 2916 quod
2946 2852 3239 2915 postquam
3270 2842 3589 2897 incarnatus
3614 2846 3722 2905 est,

2110 2939 2329 3009 propria
2370 2936 2515 2993 facta
2567 2937 2679 2993 sint
2722 2936 2851 3000 Dei,
2905 2936 3036 3005 quia
3079 2935 3220 2989 Deus
3257 2934 3371 3004 ipse
3412 2930 3591 2987 factus
3637 2937 3726 2985 est

2110 3010 2248 3097 hare,
2274 3029 2328 3086 id
2358 3038 2475 3093 est,
2517 3028 2663 3083 Deus
2691 3028 2931 3085 Verbum
2962 3025 3139 3081 factus
3167 3033 3251 3080 est
3286 3026 3481 3087 homo,
3514 3021 3724 3086 infans,

2112 3131 2168 3178 et
2193 3137 2365 3192 puer:
2406 3122 2522 3192 ipse
2569 3119 2748 3175 factus
2776 3126 2878 3175 est
2922 3118 3235 3190 apostolus,
3286 3117 3402 3187 ipse
3428 3114 3606 3170 factus
3635 3122 3723 3169 est

2112 3211 2380 3285 pontifex.
2424 3211 2532 3268 Sed
2560 3211 2721 3282 quia,
2763 3219 2824 3265 ut
2860 3211 3005 3275 dixi,
3044 3212 3185 3273 bene
3217 3209 3394 3279 potuit
3415 3208 3603 3265 dicere
3627 3206 3725 3262 Fe-

2114 3308 2185 3362 lix
2216 3308 2361 3376 quod
2389 3305 2508 3377 ipsa
2538 3305 2759 3363 nomina
2790 3319 2899 3359 non
2933 3304 3045 3359 sint
3072 3304 3128 3358 in
3154 3301 3387 3357 Domino
3414 3316 3483 3355 ex
3524 3306 3723 3355 natura

2112 3396 2453 3462 divinitatis,
2493 3396 2589 3451 sed
2623 3410 2690 3450 ex
2722 3394 3111 3459 humanitatis;
3135 3407 3243 3469 non
3276 3400 3454 3447 tamen
3481 3392 3619 3447 bene
3646 3388 3727 3445 di-

2114 3496 2195 3550 xit
2220 3492 2371 3565 quod
2403 3507 2517 3549 non
2553 3492 2666 3548 sint
2692 3491 2943 3562 propria;
2979 3489 3107 3560 quia
3141 3482 3359 3559 prapria
3392 3484 3533 3541 facta
3570 3489 3717 3548 sunt.

2113 3594 2344 3658 propter
2370 3598 2595 3640 carnem
2618 3584 2894 3654 propriam
2920 3596 3085 3651 quam
3112 3578 3429 3649 assumpsit.

2184 3677 2356 3733 XXX.
2396 3676 2506 3753 Nos
2554 3684 2771 3739 tamen,
2813 3689 2976 3745 quam
3022 3672 3291 3728 cautelam
3321 3684 3469 3726 sana:
3503 3668 3628 3723 fidei
3666 3667 3722 3723 in

2112 3773 2218 3828 hac
2248 3786 2308 3827 re
2337 3778 2527 3825 tenere
2559 3767 2856 3830 debemus,
2890 3781 2959 3820 ex
2997 3762 3179 3818 verbis
3212 3762 3439 3818 Patrum
3466 3759 3725 3815 ostenda-

2113 3882 2255 3921 mus.
2292 3864 2494 3919 Beatus
2529 3862 2712 3932 itaque
2736 3859 2972 3931 Vigilius
2998 3858 3286 3929 episcopus
3307 3868 3333 3897 δ
3358 3856 3416 3911 in
3441 3870 3724 3926 expugna—

2120 3958 2269 4014 tione
2303 3953 2708 4025 Aceplialorum
2738 3949 3123 4007 haereticorum
3154 3948 3234 4003 sie
3273 3946 3415 4002 dixit
3444 3964 3458 4000 :
3514 3964 3533 3996 ι
3568 3944 3730 4000 Sicut

2119 4049 2193 4103 illi
2237 4047 2376 4103 mori
2416 4055 2474 4100 et
2516 4059 2625 4099 non
2672 4042 2812 4098 mori
2861 4056 2926 4097 ex
2966 4040 3216 4109 utrisque
3250 4038 3461 4093 raturis
3488 4045 3574 4092 est
3600 4050 3729 4106 pro-

2116 4145 2296 4216 prium
2320 4183 2336 4210 ,
2388 4141 2469 4196 ita
2506 4151 2795 4196 commune
2843 4143 2929 4192 est
2975 4134 3031 4190 in
3064 4134 3183 4204 ipso
3222 4132 3470 4201 utrisque
3511 4129 3731 4187 naturis

2127 4235 2272 4307 quod
2314 4233 2532 4290 illarum
2581 4238 2668 4287 est
2693 4229 2997 4301 proprium.
3039 4227 3127 4293 Et,
3176 4234 3239 4281 ut
3272 4225 3509 4295 exempli
3551 4225 3731 4303 gratia

2124 4326 2378 4392 dixerim,
2430 4322 2713 4395 proprium
2742 4320 2877 4375 mihi
2906 4328 2993 4375 est
3020 4326 3211 4373 notam
3234 4317 3425 4372 livoris
3461 4316 3733 4386 cujusque

2122 4419 2369 4476 verberis
2391 4423 2605 4490 gestare
2641 4414 2696 4468 in
2724 4428 2956 4482 corpore
2981 4427 3105 4468 meo
3136 4427 3239 4482 per
3266 4418 3519 4465 naturam
3544 4409 3735 4465 carnis

409 4505 737 4577 compendio
764 4507 1001 4577 plurima
1031 4508 1355 4564 concludam
1375 4550 1390 4574 ,
1423 4512 1476 4565 in
1504 4510 1614 4576 illa,
1646 4512 1698 4566 id
1736 4519 1819 4567 est
1849 4511 1903 4567 in
1932 4527 2019 4567 es-
2044 4548 2097 4607 Β
2123 4526 2291 4577 meae;
2334 4518 2391 4566 et
2425 4507 2706 4581 proprium
2755 4504 2893 4559 mihi
2932 4511 3020 4558 est
3064 4502 3207 4558 hanc
3254 4500 3503 4557 eamdem
3539 4510 3733 4555 notam

411 4598 589 4652 sentia
633 4598 969 4666 divinitatis,
1013 4600 1185 4663 Deus,
1221 4599 1480 4657 Dominus
1502 4643 1515 4666 ,
1544 4602 1723 4659 Patris
1751 4604 2013 4669 Verbum,

412 4689 595 4746 Patris
624 4693 854 4759 veritas,
886 4693 1180 4764 sapientia,
1223 4692 1417 4759 virtus,
1452 4693 1631 4767 imago
1656 4696 1858 4763 Patris,
1886 4697 2023 4753 invi-

2125 4618 2239 4659 non
2265 4608 2479 4675 gestare
2500 4599 2556 4654 in
2578 4596 2774 4669 spiritu
2799 4610 2924 4652 meo
2944 4609 3044 4667 per
3064 4602 3317 4651 naturam
3343 4593 3540 4648 anima:
3567 4608 3730 4648 meae.

2128 4696 2265 4751 ltem
2282 4733 2300 4759 ,
2339 4690 2620 4764 proprium
2647 4688 2783 4745 mihi
2820 4695 2909 4744 est
2935 4686 3146 4760 plagam
3172 4685 3325 4743 verbi
3342 4725 3357 4751 ,
3388 4686 3443 4742 ιὰ
3467 4692 3583 4753 est,
3610 4699 3735 4741 ser-

1781 4789 2057 4847 BALUZII
2097 4785 2334 4844 ΝΟΤιΕ.

410 4880 609 4969 beatus
657 4880 885 4969 Proeliis
934 4880 1597 4969 quastantinOpoli‘tanus.
1625 4886 1914 4969 episcopus
1963 4886 2016 4939 in

414 4953 643 5024 cpistola
669 4953 738 5009 ad
759 4954 1051 5010 Armenios
1076 4955 1153 5009 ita
1190 4956 1267 5009 ait
1313 4972 1326 5008 :
1380 4953 1673 5024 Apostolus,
1715 4953 1852 5010 dixit
1899 4971 2018 5010 eum

434 5022 710 5080 Thristum.
743 5033 799 5077 ut
832 5025 1074 5078 ostendat
1098 5027 1225 5087 quia
1254 5022 1545 5080 secundum
1573 5028 1841 5081 veritatem
1874 5025 2017 5079 Deus

416 5094 600 5168 [actus
613 5102 690 5148 est
717 5094 896 5168 homo:
917 5094 1070 5168 Dixit
1098 5111 1218 5149 eum
1242 5097 1332 5168 qui
1368 5104 1466 5159 est,
1494 5106 1553 5168 at
1575 5113 1695 5149 eum
1730 5098 1843 5150 sine
1868 5096 2019 5149 initio

415 5178 528 5219 esse
562 5164 813 5219 dectaret.
854 5164 1005 5218 Dixit
1048 5180 1168 5219 eum
1190 5164 1348 5231 super
1377 5167 1578 5231 omnia,
1604 5177 1662 5221 ut
1686 5169 1847 5222 totius
1876 5182 2021 5220 crea-

416 5244 555 5289 tura:
579 5234 856 5289 dominum
908 5235 1177 5305 praedicet.
1222 5234 1373 5291 Dixit
1408 5253 1530 5291 eum
1582 5237 1935 5299 benedictum,
1968 5248 2021 5288 ιιι

419 5305 703 5360 adoremus
728 5321 847 5359 eum
871 5314 1127 5377 tanquam
1152 5309 1559 5373 omnipotentem
1596 5306 1883 5369 humiliter,
1920 5321 2014 5360 nec

416 5384 476 5448 ιιι
514 5391 821 5448 caruerunt
849 5375 1133 5448 calumniis
1159 5388 1485 5448 appietamus.
1524 5396 1543 5430 ι
1575 5377 1845 5448 Caeterum
1875 5376 2017 5431 hanc

417 5444 596 5519 Procli
621 5446 697 5519 ad
737 5445 1029 5519 Armenios
1076 5444 1362 5517 epistolam
1414 5448 1736 5519 approbavit
1778 5446 2021 5519 Joannes

417 5517 795 5589 Antiocheam
819 5532 944 5573 cum
968 5516 1233 5575 Orientali
1255 5516 1518 5589 Concilio,
1534 5528 1595 5575 ut
1620 5519 1782 5575 docet
1805 5516 2022 5589 Facun-

421 5588 520 5643 dus
550 5590 608 5642 in
642 5587 783 5660 libro
806 5604 857 5660 __t
894 5603 995 5660 pro
1038 5590 1357 5646 defensione
1407 5588 1572 5646 trium
1622 5588 2017 5660 Capitulorum,

420 5674 542 5730 cap.
572 5661 622 5723 t,
645 5658 704 5724 3,
728 5666 786 5714 et
806 5656 1049 5724 libivm,
1071 5675 1193 5730 cap.
1222 5660 1248 5714 1
1278 5676 1290 5713 :
1321 5660 1417 5730 qui
1445 5661 1585 5717 etin
1696 5656 1713 5712 ,⁷
1737 5677 1797 5725 zz,
1817 5673 1939 5728 cap.
1961 5656 2018 5720 2,

418 5729 580 5814 docet
608 5744 675 5786 ex
699 5735 1011 5814 fustiniano
1036 5729 1287 5814 eamdem
1309 5729 1488 5814 Procli
1521 5730 1806 5814 epistolam
1832 5742 2020 5814 susce-

419 5810 569 5863 ptam
589 5806 1078 5874 cmﬂrmatamque
1093 5818 1122 5857 a
1137 5798 1572 5857 Chalcedonensi
1585 5800 1815 5856 concilio
1832 5798 2019 5854 fuisse.

2128 4880 2392 4937 Eamdem
2409 4876 2695 4950 epistolam
2716 4874 2904 4950 laud_a_t
2923 4887 3142 4950 rursum
3162 4869 3425 4950 Alcuinus
3451 4868 3506 4923 in
3526 4866 3664 4950 libro
3687 4885 3731 4950 ῃ

2128 4952 2393 5007 adversus
2423 4938 2688 5013 Felicem,
2719 4953 2775 5001 et
2818 4940 3151 5007 Theodulfus
3187 4938 3601 4996 Aurelianensis
3626 4938 3732 4996 sub

2130 5024 2291 5077 finem
2323 5019 2443 5075 libri
2482 5019 2555 5075 Dc
2595 5016 2801 5088 Spiritu
2829 5022 3041 5088 sancto.

2200 5103 2227 5132 ι
2268 5090 2336 5143 In
2367 5103 2593 5158 expugn.
2617 5077 3033 5158 a'cephalor.,_id_
3058 5089 3165 5158 est,
3188 5081 3252 5158 _i_n
3282 5081 3493 5158 libro_v
3537 5077 3728 5158 adver-

2128 5177 2223 5217 sus
2250 5145 2628 5231 Eutychcfem,
2654 5145 2975 5231 cap._8,ubi
3002 5151 3251 5231 defendit
3274 5150 3539 5231 synodum
3566 5145 3731 5231 Chal-

2130 5220 2510 5302 cedonensem.
2538 5220 2799 5302 Aceph'ali
2824 5225 3133 5302 enim,_tev_o
3159 5220 3450 5302 J‘ustiniani
3473 5220 3727 5302 Augusti,

2124 5286 2326 5357 infensi
2348 5299 2499 5355 fuere
2528 5286 2763 5353 decretis
2798 5294 3016 5351 concilii
3065 5286 3729 5349 Chalcedonensiszce-

2125 5371 2273 5443 phali
2306 5377 2486 5443 au_t_em
2524 5368 2685 5443 iidem
2724 5380 2856 5443 _cu_m
2902 5363 3280 5443 Eutycbianis,
3305 5368 3387 5443 ut;
3415 5360 3603 5443 docet'
3630 5357 3732 5412 Fa-

2125 5429 2339 5499 cundus
2358 5438 2769 5511 Hermianensis
2795 5437 2849 5491 in
2879 5429 3113 5511 epistola
3122 5448 3307 5511 quam
3338 5432 3536 5511 domno
3580 5429 3729 5484 Luca

2126 5511 2397 5568 Dacherio
2422 5510 2567 5563 edita
2594 5518 2695 5566 est.
2711 5508 3036 5575 Quanquam
3058 5505 3136 5562 illi
3161 5518 3269 5575 non
3290 5505 3513 5575 omnino
3535 5513 3731 5575 seque-

2126 5584 2329 5655 bantur
2344 5582 2547 5655 _dogula
2578 5571 3179 5655 Eutyclietis',_ideoqtte
3221 5571 3732 5655 Semieutych‘ianos

2128 5660 2289 5709 vocat
2311 5642 2455 5707 idem
2484 5642 2768 5705 Facundos
2796 5648 2853 5702 in
2885 5647 3023 5701 libro
3051 5663 3065 5700 ι
3091 5642 3197 5714 pro
3222 5642 3537 5714 defensione
3563 5642 3727 5695 trium

2130 5722 2498 5795 Capitulorum
2526 5716 2729 5795 ca_p_.__5,
2759 5727 2814 5774 et
2843 5716 2935 5773 lib.
2969 5733 3046 5795 iv,
3069 5711 3275 5795 (ἧψε-5.
3306 5712 3442 5795 Vide
3477 5711 3727 5766 Sirmtmv-

2129 5783 2258 5850 dum
2282 5795 2335 5849 in
2358 5793 2499 5848 notis
2525 5783 2607 5845 ad'
2623 5783 2816 5845 librum
2843 5783 3150 5843 secundum
3176 5783 3435 5839 Facundi.

3868 668 3881 1100 ἓ

3868 1120 3881 1391 ἶ

3872 1402 3881 1839 1
