3918 6312
166 324 239 381 57
1318 332 1447 387 LIB.
1490 333 1648 389 ADV.
1693 334 1994 393 FELICEM
2033 336 2332 394 URGELL.
3386 349 3456 406 δε

166 455 391 497 moncm
438 440 631 506 durum
661 453 878 515 gestare
921 444 977 501 in
1020 453 1201 499 mente
1240 461 1360 501 mea
1394 461 1494 517 per
1514 456 1764 501 naturam
1794 453 1845 512 Α
1870 449 1991 503 est?
2017 448 2196 502 Etiam
2218 463 2362 502 nunc
2392 462 2569 503 sermo
2599 450 2688 505 hic
2716 466 2745 505 a
2784 450 2939 507 nobis
2960 455 3321 512 examinetur.
3366 457 3454 513 Si-

167 532 370 589 anima:
396 548 559 602 mete,
603 541 658 590 et
680 535 961 605 proprium
990 535 1123 589 mihi
1152 545 1239 591 est
1273 538 1521 592 eamdem
1549 537 1763 608 plagam

168 638 280 680 non
329 634 551 696 portare
596 627 654 681 in
701 641 930 697 corpore
978 642 1101 682 meo
1147 642 1248 698 per
1292 636 1540 683 naturam
1581 629 1763 683 carnis

166 730 327 771 male.
368 717 583 772 Etcum
621 717 693 772 sit
724 717 858 772 mihi
892 725 1187 788 utrumque
1210 719 1525 789 proprium;
1558 726 1614 774 et
1638 734 1762 774 cor—

165 808 309 879 pori,
345 816 401 864 et
428 809 623 863 animae
661 824 828 875 meae,
859 816 1150 879 utrumque
1186 810 1452 875 alienum;
1488 811 1616 880 quia
1660 824 1763 865 nec

163 914 368 969 corpus
392 899 588 955 durum
612 899 860 955 latumve
882 915 1189 956 sermonem
1211 900 1480 973 intelligit,
1508 916 1610 955 nec
1645 901 1761 955 ani—

164 1006 255 1045 ma
293 988 493 1063 ﬂagelli
530 990 757 1047 vulnere
786 992 1015 1047 livescit.
1058 992 1361 1063 Utrumque
1398 1002 1581 1047 tamen
1614 1008 1761 1048 com-

164 1095 335 1136 mune
373 1088 459 1136 est
498 1082 555 1135 in
598 1082 922 1152 semetipso,
950 1090 1005 1137 et
1036 1083 1233 1138 animm
1261 1092 1316 1138 et
1344 1083 1557 1153 corpori
1589 1098 1711 1138 meo
1742 1102 1755 1136 :

162 1171 292 1241 quia
318 1186 419 1227 nec
442 1172 621 1226 anima
651 1180 807 1227 extra
843 1187 1075 1243 corpus,
1123 1189 1154 1228 a
1184 1188 1291 1243 quo
1316 1174 1367 1228 ei
1402 1173 1604 1228 sentire
1630 1188 1758 1243 pro-

158 1262 342 1327 prium
374 1261 579 1328 fuerat,
611 1264 805 1329 sentit;
845 1279 947 1319 nec
985 1278 1185 1333 corpus
1224 1264 1362 1318 citra
1403 1264 1599 1318 anima:
1626 1280 1758 1318 con-

158 1350 396 1404 sortium
431 1350 711 1421 plagarum
753 1351 951 1407 indicia
992 1354 1246 1422 gestavit.
1289 1352 1444 1421 Quod
1471 1368 1602 1423 ergo
1625 1368 1755 1423 pro-

159 1442 343 1512 prium
387 1444 520 1499 mihi
563 1444 618 1497 in
659 1444 916 1513 singulis,
968 1452 1024 1498 et
1049 1443 1285 1499 alienum
1315 1453 1399 1499 est
1429 1443 1673 1515 singulis,
1705 1443 1757 1497 id

157 1547 450 1587 commune
477 1541 561 1588 est
590 1534 643 1587 in
666 1548 754 1587 me
783 1533 901 1605 ipso
922 1534 1170 1604 singulis,
1212 1534 1354 1604 quod
1375 1534 1653 1603 proprium
1677 1540 1759 1588 est

154 1623 405 1693 singulis.
446 1624 514 1679 Et
552 1633 732 1679 tamen
777 1639 877 1696 ego
906 1625 1022 1697 ipse
1066 1641 1207 1680 unus
1236 1641 1353 1681 sum
1404 1625 1458 1679 in
1487 1626 1753 1694 utrisque,

154 1715 212 1769 in
261 1731 352 1771 me
392 1710 973 1787 ipso'EtTmmunibus;
1023 1729 1078 1774 et
1104 1734 1205 1788 ego
1234 1720 1349 1789 ipse
1380 1734 1522 1774 unus
1550 1734 1676 1774 sum
1700 1720 1756 1774 in

152 1806 388 1881 singulis
431 1811 684 1866 mihimet
722 1812 825 1881 ipsi
863 1812 1115 1883 propriis.
1172 1811 1303 1879 Quae
1340 1827 1462 1866 cum
1504 1812 1579 1866 ita
1623 1811 1750 1877 sint,
1781 1836 1830 1895 Β

151 1898 330 1953 series
352 1900 509 1956 nobis
551 1900 856 1957 divinarum
891 1901 1261 1972 percurrenda
1304 1910 1388 1957 est
1426 1902 1750 1968 litterarum,

149 2000 208 2046 et
242 1992 479 2063 plurima
512 1995 818 2050 testimonia
860 1994 1236 2065 congreganda
1257 2036 1271 2059 ,
1315 1995 1514 2065 quibus
1535 1994 1754 2049 demon-

151 2093 365 2139 stretur
393 2098 557 2155 quam
585 2086 656 2140 sit
680 2086 902 2156 impium
928 2092 984 2140 et
1010 2085 1354 2155 sacrilegum,
1382 2099 1446 2140 ea
1469 2100 1589 2155 quae
1625 2092 1754 2139 sunt

148 2179 375 2249 propria
420 2178 607 2232 carnis
648 2176 888 2243 Christi,
939 2176 1007 2231 ad
1035 2184 1288 2231 naturam
1314 2176 1479 2232 Verbi
1507 2177 1752 2249 proprie-

151 2276 265 2322 tate
296 2266 539 2332 referre.
568 2276 625 2322 et
662 2283 783 2337 qua:
824 2275 952 2323 sunt
976 2267 1195 2337 propria
1224 2264 1387 2321 Verbi
1414 2268 1751 2337 proprietate

149 2366 367 2413 natura:
412 2357 594 2426 carnis
633 2359 909 2414 ascribere
954 2376 966 2412 :
1012 2366 1067 2413 et
1098 2372 1261 2431 quam
1288 2357 1362 2413 sit
1398 2356 1750 2413 nihilominus

150 2450 381 2520 impium
402 2491 417 2515 ,
447 2466 513 2506 ea
558 2466 677 2521 quae
707 2459 836 2505 sunt
872 2451 1091 2521 propria
1120 2438 1302 2507 carnis
1338 2466 1438 2521 per
1484 2452 1752 2522 exceptio-

147 2557 273 2598 nem
303 2542 658 2612 proprietatis
686 2542 923 2597 alienare
944 2558 975 2596 a
1012 2542 1212 2608 Verbo,
1239 2550 1296 2597 et
1322 2558 1444 2613 quae
1472 2550 1599 2600 sunt
1624 2558 1750 2613 pro-

144 2633 267 2705 pria
291 2632 484 2697 Verbi,
517 2634 706 2688 eadem
727 2633 1061 2705 exceptionis
1083 2632 1201 2703 lege
1220 2632 1462 2689 alienare
1486 2648 1517 2687 a
1546 2649 1745 2700 carne;

147 2738 273 2777 cum
304 2723 379 2778 sit
408 2724 490 2779 eis
521 2723 575 2778 in
601 2723 823 2779 Christo
849 2732 1139 2793 utrumque
1170 2737 1479 2790 commune,
1506 2732 1562 2779 et
1584 2722 1745 2780 Chri-

147 2822 267 2869 stus
293 2813 367 2868 sit
395 2822 706 2885 utrumque.
742 2834 761 2866 ι

215 2924 417 2981 XXXI.
456 2924 607 2981 Felix
652 2926 708 2981 in
757 2925 869 2982 sola
901 2926 1239 2982 humanitate
1284 2926 1417 2983 dicit
1452 2925 1745 2983 Dominum

143 3013 455 3084 apostolum
504 3022 560 3069 et
602 3015 914 3084 pontificem
954 3015 1141 3071 fuisse.
1206 3018 1405 3072 Beatus
1431 3024 1611 3071 autem
1636 3015 1742 3086 Cy-

142 3109 317 3181 ryllus
347 3118 541 3165 contra
590 3109 693 3165 hoe
738 3110 815 3164 ita
858 3111 1054 3175 docet,
1106 3110 1293 3165 dicens
1335 3128 1347 3163 :
1400 3128 1419 3161 ς
1449 3108 1744 3178 Scriptura:

138 3215 384 3269 namque
430 3199 692 3256 divinitus
717 3200 997 3270 inspirata:
1023 3200 1195 3255 Deum
1223 3199 1381 3254 nobis
1418 3200 1742 3253 inhumana—

141 3298 258 3345 tum
282 3290 584 3360 praedicant
606 3290 960 3355 Emmanuel,
984 3290 1479 3360 participatumqne
1502 3303 1667 3343 carne
1692 3296 1747 3342 et

141 3380 412 3451 sanguine
437 3380 683 3450 proxime
720 3379 877 3434 nobis
903 3379 1000 3434 Dei
1028 3388 1085 3432 et
1116 3377 1292 3432 Patris
1316 3376 1588 3431 allirmant
1612 3376 1744 3431 Ver-

138 3467 270 3522 bum
301 3463 529 3529 factum,
561 3465 664 3520 hoc
699 3474 812 3530 est,
850 3465 1147 3528 hominem,
1178 3479 1283 3517 non
1306 3478 1403 3533 per
1430 3460 1742 3517 conversio-

139 3572 291 3621 nem,
323 3570 421 3611 seu
446 3556 825 3621 mutationem,
857 3555 953 3611 sed
980 3554 1183 3609 virtute
1216 3551 1474 3608 inetl‘abili
1496 3551 1741 3607 unitatis.

138 3646 377 3718 Ideoque
413 3655 468 3702 et
513 3663 680 3701 unum
746 3648 976 3701 dicimus
1020 3646 1307 3701 Dominum
1354 3644 1539 3699 Jesum
1586 3643 1744 3698 Chri-

140 3749 309 3805 stum,
341 3754 615 3809 unamque
640 3738 831 3804 ﬁdem,
867 3746 923 3792 et
955 3754 1123 3793 unum
1164 3744 1415 3792 sanctum
1447 3735 1737 3805 baptisma.

142 3830 244 3898 Qui
275 3839 462 3885 autem
492 3845 524 3884 a
550 3828 899 3901 dogmatibus
923 3830 1000 3883 sic
1029 3828 1194 3883 rectis
1220 3827 1506 3892 recedunt,
1537 3836 1593 3881 et
1617 3824 1745 3881 con-

143 3930 223 3977 tra
248 3937 441 3978 sacras
477 3922 689 3977 litteras
724 3921 921 3977 durum
942 3928 1115 3992 atque
1155 3919 1444 3990 superbum
1484 3918 1745 3987 objiciunt

139 4026 387 4076 sensum,
418 4012 599 4066 ethoc
624 4010 799 4066 solum
824 4011 968 4081 quod
1000 4012 1138 4066 bene
1158 4025 1217 4065 se
1241 4011 1443 4065 habere
1472 4009 1742 4063 arbitran-

140 4113 229 4159 tur
270 4104 609 4175 inspiciunt,
660 4103 941 4159 hominem
987 4118 1120 4159 vero
1164 4110 1503 4173 assumptum
1526 4115 1581 4156 ’a
1628 4101 1741 4181 Deo

141 4194 323 4252 Verbo
353 4196 579 4261 dicunt,
624 4195 922 4251 secundum
954 4194 1084 4251 illud
1112 4202 1245 4271 puto
1276 4195 1417 4264 quod
1452 4209 1551 4265 per
1572 4208 1740 4248 unum

141 4296 459 4343 sanctorum
488 4288 692 4343 dictum
720 4295 805 4343 est
826 4288 1219 4359 prophetarum
1249 4305 1262 4341 ε
1294 4278 1411 4342 Non
1440 4300 1592 4341 eram
1615 4300 1741 4357 ριόο

139 4380 304 4450 pheta
332 4420 347 4445 ,
400 4394 577 4449 neque
618 4379 765 4434 ﬁlius
792 4379 1071 4448 propheta:
1090 4419 1105 4443 ,
1147 4377 1243 4433 sed
1274 4392 1446 4447 caupo
1472 4392 1620 4432 eram
1644 4375 1740 4429 fri-

141 4483 278 4524 cans
306 4468 596 4533 sicamina,
626 4476 681 4523 et
699 4469 993 4537 assumpsit
1020 4483 1106 4523 me
1132 4482 1201 4523 ex
1235 4466 1446 4522 ovibus.
1500 4466 1569 4521 Et
1596 4466 1737 4521 sicut

140 4560 217 4614 ait
249 4560 451 4617 beatus
489 4559 660 4615 David
687 4600 703 4625 ,
750 4556 1054 4628 Suscipiem
1103 4566 1403 4613 mansuetos
1455 4554 1729 4611 Dominus.

139 4650 245 4706 Per
289 4651 536 4719 habitum
582 4651 781 4722 quippe
838 4658 895 4706 et
940 4648 1369 4705 familiaritatem
1413 4647 1733 4718 spiritalem,

139 4750 403 4811 tanquam
451 4742 506 4796 in
546 4741 825 4797 voluntate
870 4747 927 4795 et
966 4740 1141 4811 gratia
1181 4747 1238 4793 et
1281 4733 1731 4803 sanctificatione,

137 4834 280 4888 sicut
308 4839 367 4886 et
396 4847 496 4885 nos
535 4832 638 4902 ipsi
672 4831 1011 4886 adhterentes
1037 4829 1298 4892 Domino,
1335 4843 1478 4883 unus
1511 4827 1735 4896 spiritus

136 4939 348 4989 sumus,
392 4926 691 4980 secundum
733 4923 876 4994 quod
924 4924 1187 4993 scriptum
1216 4928 1318 4977 est.
1376 4919 1484 4976 Sed
1520 4935 1627 4975 non
1654 4928 1738 4975 est

136 5014 239 5069 hoc
265 5014 556 5069 humanari
603 5013 890 5070 Dominum
915 5052 931 5079 ,
976 5013 1072 5068 sed
1096 5026 1272 5082 neque
1300 5009 1548 5081 proxime
1580 5010 1737 5069 nohis

134 5118 303 5158 carne
352 5112 409 5158 et
445 5105 707 5175 sanguine
733 5103 1061 5177 participare
1082 5142 1097 5169 ,
1141 5102 1237 5157 sed
1260 5101 1432 5172 magis
1455 5099 1733 5169 proprium

134 5192 317 5251 facere
357 5195 638 5255 hominem
660 5235 674 5259 ,
706 5202 775 5250 et
818 5209 929 5249 non
976 5193 1275 5249 secundum
1313 5192 1481 5247 alium
1514 5188 1732 5245 modum

131 5298 296 5353 quem
342 5285 450 5341 dici
496 5285 702 5355 poterit
740 5284 1034 5355 prophetas
1075 5291 1133 5337 et
1182 5281 1458 5353 apostolos
1499 5282 1563 5337 et'
1598 5280 1733 5336 alios

132 5384 355 5433 sanctos
404 5392 616 5434 omnes.
670 5375 907 5433 Putasne
943 5384 1165 5432 sanctus
1207 5374 1406 5430 Paulus
1441 5374 1735 5429 seducebat

132 5466 508 5523 sanctiﬁcatos
534 5483 633 5538 per
660 5468 821 5525 fidem
848 5468 1192 5535 apertissime
1225 5466 1413 5521 dicens
1444 5464 1509 5519 de
1542 5461 1731 5533 unige-

130 5557 264 5620 nito,
297 5557 429 5627 quia
458 5571 584 5612 cum
628 5563 774 5613 esset
798 5555 968 5620 dives,
1015 5568 1223 5625 pauper
1260 5563 1346 5607 est
1386 5553 1564 5607 factus
1602 5567 1729 5621 pro-

126 5652 248 5717 pter
281 5647 431 5704 nos?
466 5646 647 5702 Absit.
684 5647 827 5703 Vere
858 5660 1093 5715 namque
1114 5644 1246 5702 dicit
1276 5644 1498 5699 omnino
1527 5643 1727 5698 verita-

130 5734 195 5789 tis
218 5751 436 5807 przrco.
484 5736 575 5806 qui
612 5744 697 5789 est
721 5734 891 5790 dives.
932 5734 995 5788 Et
1024 5733 1293 5804 quomodo
1320 5746 1525 5802 pauper
1548 5730 1725 5785 fartus

1758 4527 1813 4586 D

1867 536 2083 607 quidem
2108 578 2122 603 ,
2165 537 2306 597 sicut
2348 545 2403 593 et
2446 552 2633 607 sapere
2676 548 2733 596 et
2766 540 2946 597 dicere
2974 544 3075 615 ipsi
3099 551 3455 615 praesumunt.

1868 629 2033 683 homo
2068 636 2376 701 assumptus
2418 644 2450 684 a
2492 630 2605 686 Deo
2647 640 2769 700 est,
2810 636 3081 704 quomodo
3122 654 3327 711 panper
3373 650 3458 695 est

1866 715 2045 773 factus
2068 719 2157 789 qui
2195 726 2505 789 assumptus
2529 729 2644 787 est,
2698 731 2755 778 et
2778 723 2920 779 ultra
2948 733 3199 782 naturam
3225 728 3456 800 dignita-

1864 809 2011 865 tibus
2039 810 2366 866 declaratus.
2425 810 2771 871 Gloriticatus
2807 826 2889 873 est
2927 818 3101 886 enim;
3153 829 3248 875 aut
3271 822 3316 875 si
3344 836 3452 877 non

1863 909 1948 954 cst
1978 901 2081 955 hoc
2138 916 2326 956 verum
2355 942 2370 966 ,
2432 904 2780 975 derogabitur
2829 907 2898 961 ab
2951 909 3033 964 eis
3090 911 3452 980 assumptioni

1864 998 2121 1061 tauquam
2162 993 2469 1065 deportanti
2516 995 2583 1049 ad
2633 996 2900 1054 minorem
2950 1009 3183 1071 partem,
3214 1011 3269 1057 ct
3298 1003 3441 1059 inhn

1863 1084 2153 1138 nestiorem
2204 1100 2515 1141 mensuram
2555 1088 2929 1146 humanitatis.
2990 1091 3096 1149 Sed
3146 1094 3217 1148 ita
3264 1111 3451 1167 sapere

1861 1171 2139 1229 dissonum
2185 1183 2287 1230 est.
2322 1178 2466 1249 Ergo
2506 1195 2615 1235 non
2651 1189 2737 1236 est
2764 1197 2970 1253 pauper
3016 1182 3224 1252 factus,
3252 1189 3344 1258 qui
3364 1203 3448 1243 as-

1862 1273 2110 1336 sumptus
2150 1276 2252 1321 est.
2307 1268 2499 1339 Restat
2537 1272 2680 1326 enim
2713 1273 2916 1341 dicere,
2935 1276 3062 1345 quia
3090 1276 3265 1333 factus
3293 1288 3375 1334 est
3398 1280 3451 1333 in

1860 1358 2185 1426 paupertate
2212 1368 2423 1423 nostra,
2480 1362 2572 1432 qui
2617 1363 2769 1420 dives
2810 1373 2894 1421 est
2927 1375 3185 1438 tauquam
3212 1369 3395 1426 “Deus.
3429 1393 3446 1422 ι

1860 1447 1929 1500 Ει
1964 1448 2203 1504 iterum:
2258 1470 2275 1501 ε
2300 1449 2655 1522 Respicienda
2701 1456 2884 1526 itaque
2925 1466 3051 1512 sunt
3089 1474 3197 1515 non
3237 1460 3449 1516 illorum

1858 1534 2223 1605 multiloquia,
2241 1538 2336 1592 sed
2355 1548 2507 1594 recta
2529 1548 2584 1595 et
2608 1542 2951 1599 immaculata
2971 1543 3100 1601 fides
3125 1549 3447 1619 evangelica

1859 1631 2024 1695 atque
2046 1628 2355 1695 apostolicm
2384 1631 2703 1686 sanctionis.
2745 1631 2891 1689 Deus
2917 1643 3001 1690 est
3038 1636 3092 1691 in
3121 1652 3284 1692 carne
3313 1646 3368 1692 et
3396 1639 3447 1693 in

1858 1716 2140 1785 sanguine,
2164 1716 2628 1790 humanitatisque
2653 1737 2963 1779 mensuram
2988 1741 3085 1796 per
3111 1744 3174 1782 ea
3198 1744 3322 1798 qua.
3347 1729 3445 1784 hu-

1859 1820 2020 1860 mana
2052 1816 2180 1862 sunt
2208 1811 2604 1881 cognoscimus.
2649 1813 2811 1869 Millia
2850 1816 3077 1871 millium
3112 1820 3256 1875 enim
3295 1836 3457 1892 ange-

1859 1894 2031 1949 lorum
2074 1905 2387 1953 sanctorum
2433 1900 2746 1959 ministrant
2774 1905 2857 1969 ei,
2890 1913 2944 1961 et
2983 1922 3194 1963 sacram
3224 1908 3339 1979 ejus
3368 1927 3457 1968 se-

1859 1987 1980 2041 dem
2032 1988 2387 2045 circumstant
2434 1994 2730 2064 seraphim.
2794 1994 2932 2063 Quia
2981 2013 3111 2054 vero
3153 1997 3327 2055 factus
3367 2012 3447 2058 est

1857 2079 2040 2145 homo,
2058 2081 2469 2153 appellatusque
2492 2097 2735 2140 summus
2751 2086 3024 2153 sacerdOs,
3054 2104 3159 2142 nou
3189 2098 3443 2160 tanquam

1856 2171 2047 2241 majori
2076 2173 2189 2229 Deo
2223 2172 2459 2230 offerens
2501 2175 2829 2233 sacriﬁcium
2851 2219 2865 2241 ,
2906 2180 3001 2234 sed
3031 2178 3245 2234 sibimet
3275 2189 3330 2235 et
3356 2181 3454 2236 Pa-

1856 2265 1958 2329 tri,
2003 2264 2126 2321 fidei
2162 2274 2362 2322 nostrae
2398 2268 2703 2337 negotiatus
2741 2269 3157 2328 confessionem.
3193 2293 3209 2324 ι
3260 2273 3325 2328 Et
3351 2273 3448 2329 ite-

1858 2372 1981 2410 rum
2012 2375 2023 2409 :
2064 2374 2082 2407 ι
2110 2356 2327 2412 Intuere
2362 2359 2631 2428 siquidem
2674 2377 2795 2416 eum
2830 2362 3197 2418 immolantem
3229 2365 3446 2434 quidem

1856 2445 2154 2501 secundum
2218 2446 2659 2513 humanitatem,
2723 2449 3052 2507 assidentem
3122 2467 3252 2507 vero
3307 2454 3445 2510 sicut

1854 2535 2047 2592 Deum.
2085 2535 2225 2604 Quid
2254 2539 2399 2593 enim
2434 2539 2513 2594 ait
2537 2540 2729 2596 beatus
2752 2541 2988 2597 Paulus?
3017 2543 3202 2598 Talem
3230 2542 3449 2614 pontiﬁ-

1852 2642 1973 2683 cem
2008 2628 2308 2695 habemus,
2340 2631 2432 2700 qui
2462 2631 2613 2686 sedet
2640 2622 2697 2686 in
2721 2632 2941 2688 dextera
2977 2634 3120 2689 sedis
3143 2632 3448 2702 majestatis

1852 2715 1906 2769 in
1933 2716 2187 2772 excelsis.
2248 2715 2497 2773 Scientes
2539 2719 2706 2789 igitur
2745 2720 2872 2789 quia
2918 2736 3041 2777 cum
3088 2722 3233 2777 Deus
3276 2730 3442 2776 esset.

1851 2806 2027 2862 factus
2052 2815 2135 2863 est
2165 2808 2349 2872 homo,
2397 2818 2483 2863 est
2518 2817 2700 2865 autem
2735 2827 2876 2866 unus
2914 2820 3077 2882 atque
3116 2813 3255 2867 idem
3280 2812 3443 2875 filius,

1852 2900 1954 2971 ipsi
1983 2901 2163 2955 omnia
2198 2902 2488 2958 tribuimus
2519 2912 2777 2974 tanquam
2803 2904 2920 2970 uni,
2954 2905 3443 2975 et‘dispensatiouis

1850 3005 1957 3045 non
1998 2990 2372 3062 ignoravimus
2414 2992 2639 3059 modos,
2685 3009 2940 3049 sensuum
2977 2994 3231 3049 virtutem
3275 2994 3441 3049 artiﬁ-

1849 3080 1996 3136 ciose
2025 3090 2187 3152 atque
2226 3082 2523 3151 prudenter
2551 3082 2605 3139 in
2647 3082 2765 3153 ejus
2803 3098 3019 3158 semper
3060 3094 3442 3142 convertentes

1773 3186 1816 3246 ρ
1848 3173 2229 3228 obedientiam.
2269 3195 2285 3227 ι

1920 3282 2135 3337 XXXII.
2196 3282 2348 3337 Felix
2412 3285 2513 3342 soli
2560 3287 2829 3357 divinitati
2884 3289 3439 3360 tribuitjvivificatio-

1847 3387 1968 3425 nem
1990 3411 2005 3437 ,
2034 3373 2224 3427 dicens
2255 3372 2544 3431 Dominum
2574 3377 2871 3433 secundum
2902 3380 3241 3434 divinitatem
3268 3382 3441 3436 vivili-

1846 3472 2061 3519 cantem
2104 3480 2242 3535 quos
2284 3467 2429 3533 vult;
2473 3475 2529 3523 et
2568 3484 2677 3523 non
2726 3472 3020 3529 recordans
3063 3474 3206 3542 quod
3236 3482 3290 3530 et
3310 3489 3438 3529 caro

1850 3552 2393 3631 vivificatoris'Verbi
2414 3597 2428 3621 ,
2476 3550 2806 3615 viviﬁcatrix
2836 3560 3106 3615 credenda
3135 3569 3219 3616 est
3237 3602 3251 3626 ,
3279 3563 3442 3619 beato

1845 3640 2050 3711 Cyrillo
2079 3637 2306 3700 dueente
2334 3645 2457 3717 ita}:
2496 3664 2517 3697 ι
2542 3646 2829 3718 Proprium
2858 3663 2987 3723 ergo
3013 3664 3212 3721 corpus
3237 3650 3439 3707 factum

1844 3732 2075 3789 dicimus
2104 3733 2300 3799 Verbi,
2344 3744 2401 3789 et
2434 3750 2543 3791 non
2569 3737 2806 3794 hominis
2835 3734 3063 3811 alicujus
3088 3757 3354 3808 seorsum,
3384 3753 3439 3798 et

1844 3828 2081 3895 separati
2126 3828 2354 3885 alterius
2392 3830 2531 3885 citra
2571 3846 2695 3888 eum
2722 3834 2815 3902 qui
2850 3834 3169 3907 intelligitur
3189 3837 3440 3894 Christus

1843 3925 1899 3972 et
1916 3918 2105 3973 Filius.
2150 3919 2305 3976 Sicut
2348 3929 2528 3981 autem
2550 3924 2829 3996 proprium
2887 3910 3133 3983 nostrum
3183 3930 3439 3985 uniuscu-

1834 4005 2033 4078 jusque
2059 4009 2259 4065 dicitur
2283 4026 2483 4081 corpus
2511 4028 2758 4073 seorsum
2789 4015 2906 4085 ejus
2937 4018 3089 4089 cujus
3132 4030 3248 4088 est,
3290 4033 3345 4077 et
3383 4023 3436 4078 in

1840 4114 1950 4153 uno
1994 4098 2211 4155 Christo
2260 4100 2668 4169 intelligendum
2703 4106 2890 4177 utique
2934 4110 3203 4165 exsistens
3235 4112 3438 4169 nostris

1840 4192 2158 4259 corporibus
2195 4202 2485 4264 cognatum
2528 4196 2643 4252 sive
2682 4199 3160 4257 consubstantiale.
3210 4202 3434 4259 Factum

1840 4280 1986 4336 enim
2008 4296 2072 4335 ex
2104 4281 2330 4337 muliere
2357 4284 2638 4354 proprium
2665 4284 2821 4352 ejus,
2869 4288 2949 4342 sic
2985 4297 3046 4343 ut
3086 4290 3195 4345 dixi
3240 4290 3435 4346 intelli-

1839 4372 1986 4442 gitur
2010 4379 2067 4427 et
2094 4370 2310 4428 dicitur.
2371 4372 2641 4440 Quoniam
2674 4391 2803 4431 vero
2841 4377 3137 4434 secundum
3183 4388 3433 4436 naturam

1840 4473 1923 4519 est
1968 4464 2177 4520 ex/Dco
2217 4463 2381 4521 Patre
2427 4466 2696 4529 Verbum,
2749 4468 3157 4525 vivificatricem
3197 4472 3433 4529 ostendit

1838 4569 1993 4609 suam
2039 4569 2294 4619 carnem;
2343 4555 2545 4610 ideirco
2592 4554 2734 4610 facta
2779 4565 2862 4612 est
2906 4559 3061 4614 nobis
3104 4561 3429 4619 benedictio.

1840 4645 2134 4701 Viviticans
2162 4644 2394 4715 denique
2423 4645 2639 4700 dicebat
2676 4646 2926 4702 Christus
2952 4662 2967 4701 :
2989 4648 3164 4705 Amen
3194 4650 3315 4705 dico
3336 4666 3429 4705 vo-

1838 4738 1958 4791 bis:
1988 4736 2103 4806 Ego
2145 4753 2262 4791 sum
2301 4737 2455 4806 panis
2499 4736 2645 4792 vivus
2679 4740 2770 4806 qui
2814 4738 2880 4794 de
2908 4740 3034 4796 caelo
3067 4740 3344 4799 descendi.
3378 4752 3430 4797 et

1838 4835 2006 4890 vitam
2046 4829 2167 4883 dedi
2200 4828 2425 4884 mundo.
2466 4828 2534 4883 Et
2569 4845 2759 4885 rursus
2793 4848 2807 4886 :
2850 4829 3017 4887 Panis
3049 4841 3231 4889 autem
3268 4850 3427 4904 quem

1838 4934 1940 4989 ego
1966 4919 2184 4984 dedero,
2216 4935 2341 4974 caro
2372 4936 2489 4973 mea
2515 4930 2590 4975 est
2616 4938 2711 4992 pro
2737 4922 2920 4977 mundi
2945 4925 3071 4978 vita.
3096 4924 3165 4978 Et
3188 4925 3383 4981 iterum
3412 4947 3424 4982 :

1846 5007 1948 5074 Qui
1972 5009 2256 5062 manducat
2285 5026 2455 5063 meam
2484 5026 2725 5077 carnem,
2777 5021 2826 5065 et
2868 5013 2990 5066 bibit
3018 5030 3190 5069 meum
3214 5032 3422 5086 sangui-

1840 5113 1977 5159 nem,
2019 5096 2074 5150 in
2096 5113 2179 5151 me
2206 5105 2400 5162 manet,
2430 5106 2480 5151 et
2506 5114 2601 5168 ego
2629 5099 2792 5153 ineo.
2826 5120 2842 5152 ι
2877 5100 3009 5156 Item
3034 5103 3231 5162 beatus
3248 5104 3427 5175 Cyril-

1841 5189 1971 5244 Ius:
2025 5207 2044 5241 ι
2072 5188 2162 5245 Uti
2207 5204 2277 5244 ne
2318 5189 2504 5245 videar
2547 5206 2651 5263 ego
2686 5193 2833 5248 solus
2877 5194 3040 5250 Verbi
3081 5210 3278 5266 corpus
3301 5212 3426 5267 pro-

1837 5279 2015 5348 prium
2069 5280 2386 5349 nominare,
2435 5280 2600 5337 etiam
2646 5291 2959 5339 sanctorum
3003 5284 3232 5345 Patrum
3279 5288 3423 5345 volui

1838 5378 2039 5439 ponere
2070 5371 2378 5427 testimonia
2406 5412 2422 5435 ,
2450 5381 2512 5427 ut
2548 5372 2729 5428 sciant
2762 5373 3057 5431 adversarii
3087 5377 3213 5447 quia
3244 5378 3421 5437 inani-

1836 5468 1920 5513 ter
1942 5475 2042 5516 nos
2080 5461 2375 5521 inclamant
2417 5473 2710 5532 sequentes
2746 5465 2946 5533 ubique
2986 5465 3199 5521 illorum
3239 5482 3426 5530 voces.

1834 5552 1926 5606 Ait
1956 5553 2150 5624 itaque
2196 5551 2597 5611 famosissimas
2637 5563 2823 5611 noster
2852 5556 3013 5611 Pater
3046 5536 3415 5629 et-episcopur

1833 5643 2163 5700 Athanasius
2202 5644 2255 5701 in
2283 5644 2422 5699 libro
2465 5644 2533 5700 de
2579 5656 2769 5703 sancta
2800 5646 3067 5703 Trinitate
3108 5666 3120 5700 :
3158 5647 3226 5704 Et
3257 5662 3413 5717 appa-

1834 5736 1986 5790 rebat
2034 5737 2157 5805 quia
2203 5752 2309 5790 non
2356 5744 2475 5791 erat
2512 5738 2829 5806 phantasia,
2878 5739 2972 5794 sed
3018 5754 3141 5795 rere
3181 5739 3411 5797 habebat
