3918 6334
420 369 494 430 59
1399 362 1458 417 S.
1501 353 1856 417 AGOBARDI
1896 348 2207 410 EPISCOPI
2248 350 2737 409 LUGDUNENSIS
3640 343 3715 397 ατο

424 492 642 552 corpus.
680 474 921 532 Docebat
960 471 1104 530 enim
1152 471 1430 534 Christum
1475 470 1790 526 induentem
1829 467 2020 522 huma-
2049 460 2098 519 Α
2125 471 2320 518 cuncta
2350 462 2563 520 Christi
2586 461 2828 519 Ecclesia
2855 461 3121 518 catholica
3163 463 3338 518 credit
3388 470 3443 518 et
3489 463 3715 519 conﬁtc-

426 584 555 627 nam
599 581 820 625 carnem
845 607 861 634 ,
904 565 1046 621 hanc
1085 579 1208 621 cum
1246 562 1483 634 propriis
1523 559 1866 632 passionibus
1904 556 2022 627 ejus

427 660 577 716 indui
605 667 804 725 totam;
853 664 914 713 ut
947 657 1088 712 sicut
1121 663 1291 710 totam
1319 654 1600 724 proprium
1637 650 1756 722 ejus
1791 650 2024 708 dicimus

428 763 550 806 esse
571 762 794 817 corpus,
822 747 896 801 ita
923 753 978 801 et
1004 745 1248 816 corporis
1277 744 1558 815 passiones
1585 741 1818 814 propriae
1846 738 2020 796 solum

428 836 550 909 eius
570 836 841 902 dicantur,
876 833 1004 889 licet
1026 848 1134 890 non
1155 831 1536 903 contingerent
1563 828 1860 886 secundum
1886 828 2023 883 divi-

433 926 663 982 nitatem
693 923 830 993 ejus.
865 943 884 978 ι

501 1035 740 1092 XXXIII.
798 1035 1104 1107 lnterrogat
1147 1032 1302 1088 Felix
1360 1030 1549 1088 dicens
1589 1050 1602 1086 :
1655 1049 1674 1084 ι
1711 1031 2026 1087 Recurrunt

429 1130 651 1202 propria
672 1128 891 1184 nomina
914 1128 982 1182 ad
1011 1126 1336 1192 accidentia,
1367 1140 1462 1180 seu
1485 1123 1784 1180 accidentia
1806 1123 1874 1178 ad
1895 1138 2025 1195 pro-

431 1223 573 1294 pria,
605 1237 675 1277 an
722 1222 867 1276 non?
899 1241 916 1273 ›
947 1219 1261 1290 RespOndet
1287 1237 1299 1273 :
1339 1237 1358 1269 ι
1393 1217 1718 1274 Recurrunt.
1746 1237 1765 1269 υ
1793 1217 2028 1274 Interro-

433 1325 526 1387 gat
552 1333 564 1366 :
605 1332 623 1364 s
654 1313 772 1393 Qu‘o
806 1313 1031 1369 ordine?
1061 1332 1078 1365 ι
1111 1310 1462 1384 Respondet:
1494 1330 1512 1362 ι
1535 1311 1765 1380 Propter
1787 1310 2028 1382 singula—

433 1405 653 1460 ritatem
682 1417 948 1474 personae,
992 1403 1047 1457 in
1075 1418 1180 1474 qua
1209 1402 1463 1458 divinitas
1487 1401 1613 1456 Filii
1643 1401 1738 1462 Dei
1773 1417 1897 1457 cum
1919 1402 2024 1457 hu-

433 1494 698 1551 manitate
746 1510 844 1549 sua
883 1508 1204 1550 communes
1246 1493 1448 1549 habent
1499 1493 1776 1559 actiones;
1821 1509 1928 1564 qua
1958 1500 2028 1550 ex

433 1600 601 1644 causa
650 1584 941 1655 aliquando
982 1599 1048 1639 ea
1092 1599 1214 1653 quae
1242 1584 1426 1639 divina
1464 1590 1591 1639 sunt
1620 1581 1934 1639 referuntur
1959 1583 2028 1639 ad

433 1674 694 1737 humana,
734 1681 790 1726 et
829 1687 894 1727 ea
940 1687 1062 1742 qua:
1104 1672 1341 1726 humana
1371 1671 1533 1735 ﬁunt,
1568 1669 2029 1726 interdum-ascri-

433 1763 638 1819 buntur
662 1763 960 1842 addivina,
985 1771 1039 1817 et
1064 1763 1168 1817 hoc
1197 1762 1389 1841 ordine
1416 1761 1706 1833 aliquando
1731 1762 1829 1816 Dei
1856 1760 2028 1816 Filius

2124 561 2230 610 tur.
2268 554 2370 622 Qui
2399 570 2521 612 esse
2546 556 2914 627 promeretur,
2956 571 3084 611 vere
3113 563 3168 612 et
3193 557 3412 627 preprie
3440 572 3562 613 esse
3595 574 3713 615 ca:-

2122 651 2202 722 pit
2227 669 2238 705 :
2269 651 2420 721 quia,
2452 659 2513 708 ut
2531 644 2647 720 iam
2678 666 2840 722 supra
2873 650 3080 706 dictum
3111 660 3214 717 est,
3248 668 3312 706 ea:
3342 669 3444 724 quo
3471 669 3580 707 esse
3606 669 3714 711 tce-

2122 740 2218 812 pit,
2263 755 2369 793 non
2413 738 2568 794 aliud
2603 739 2754 810 capit
2796 755 2906 794 esse
2941 755 3102 810 quam
3142 738 3242 794 Dei
3281 737 3477 805 Filius,
3524 751 3573 795 et
3613 742 3716 796 hoc

2126 832 2331 887 unicus.
2365 831 2469 900 Qui
2500 839 2686 888 autem
2726 832 3065 902 appellantur
3092 838 3148 886 et
3171 841 3576 903 nuncupantur,
3605 833 3719 902 spi-

2124 922 2288 977 ritum
2318 922 2626 994 adoptionis
2647 929 2995 993 acceperunt,
3016 932 3078 978 ut
3103 923 3199 978 filii
3222 923 3319 978 Dei
3347 931 3676 980 vocarentur
3699 941 3713 976 :

2125 1013 2253 1084 quia
2281 1028 2348 1068 ex
2374 1028 2480 1084 quo
2519 1029 2642 1070 esse
2685 1021 2968 1084 coeperunt
3012 1028 3134 1069 esse
3181 1012 3275 1068 lilii
3320 1013 3438 1078 Dei,
3482 1014 3576 1069 sed
3619 1013 3720 1068 tlIii

2125 1102 2328 1157 Adam:
2379 1102 2473 1158 lilii
2520 1103 2634 1168 irae,
2677 1110 2733 1158 et
2773 1102 2871 1157 Illii
2912 1100 3074 1171 hujus
3121 1101 3338 1168 saeculi;
3373 1111 3427 1157 et
3461 1103 3588 1157 dum
3611 1102 3720 1157 ista

2126 1203 2330 1260 essent,
2354 1195 2616 1268 pmenit
2640 1209 2736 1250 eos
2764 1195 3139 1250 misericordia
3176 1193 3273 1250 Dei
3312 1202 3602 1264 antequam
3643 1191 3722 1249 illi

2126 1286 2234 1342 ulla
2285 1287 2430 1342 bona
2473 1285 2612 1341 velle
2657 1294 2754 1339 aut
2800 1285 3003 1354 eligere
3047 1292 3298 1355 possent:
3343 1293 3398 1339 et
3442 1285 3585 1340 sicut
3624 1300 3726 1341 eos

2125 1375 2401 1448 praeseivit
2442 1381 2496 1430 et
2536 1375 2942 1444 prmdestinavit
2985 1383 3110 1430 ante
3156 1373 3341 1430 mundi
3382 1374 3726 1430 constitutio-

2128 1482 2278 1533 nem,
2307 1477 2362 1523 et
2395 1468 2610 1523 vocavit
2651 1475 2898 1537 tempore
2941 1467 3255 1531 constituto,
3303 1482 3368 1521 ac
3402 1466 3731 1536 jnstilicavit

2128 1573 2227 1629 per
2249 1557 2596 1628 adoptionem
2625 1565 2679 1612 et
2707 1556 3134 1628 redemptionem
3175 1557 3501 1621 animarum,
3527 1547 3730 1610 deinde

2131 1649 2538 1722 gloriﬁcaturus
2575 1657 2661 1704 est
2697 1665 2799 1720 per
2842 1648 3184 1720 adoptionem
3211 1655 3266 1703 et
3294 1646 3731 1718 redemptionem

2132 1756 2423 1811 corporum
2456 1741 2511 1794 in
2539 1740 2730 1795 ultima
2765 1739 3184 1795 resurrectione.
3220 1737 3347 1792 Hrec
3373 1737 3511 1792 Iiunt
3538 1737 3590 1791 in
3621 1735 3732 1790 illis

437 1855 493 1910 in
521 1837 759 1909 hominis
792 1852 903 1908 tilio
929 1822 1074 1909 nitus
1103 1832 1354 1910 hominis.
1378 1822 1638 1925 appellari
1674 1851 1946 1923 dignatur,
1978 1860 2032 1908 et
2059 1822 2108 1882 Β
2134 1835 2225 1905 qui
2256 1851 2354 1906 per
2377 1833 2608 1906 gratiam
2643 1835 2952 1925 adoptionis
2992 1833 3085 1889 ﬁlii
3117 1832 3427 1925 efﬁciuntur
3454 1840 3507 1889 οι
3542 1833 3732 1925 appel-

436 1944 672 2000 hominis
699 1932 844 2000 Illius
888 1944 945 2000 in
985 1945 1088 2000 Dei
1108 1944 1246 2000 Filio
1270 1943 1440 1999 Filius
1478 1943 1576 1999 Dei
1613 1950 1979 2012 nuncupatur.
2009 1963 2029 1996 ι

436 2033 842 2096 Hic'admonco
890 2035 1149 2107 lectorem
1193 2043 1255 2090 ut
1299 2034 1462 2090 istum
1505 2033 1705 2089 Felicis
1752 2048 2035 2100 recursum

436 2124 720 2182 nominum
766 2124 1014 2180 conferat
1063 2139 1187 2181 cum
1232 2123 1498 2180 relatione
1531 2123 1788 2187 Nestorii,
1823 2133 1879 2178 et
1913 2138 2037 2194 per-

435 2220 641 2288 pendat
673 2233 741 2272 nc
772 2215 915 2273 forte
937 2217 1134 2272 similia
1169 2218 1298 2273 sint.
1336 2216 1491 2273 Sicut
1509 2217 1653 2272 enim
1683 2232 1846 2288 supra
1878 2216 2033 2288 (Cap.

438 2309 494 2382 7)
533 2309 817 2379 posuimus
837 2309 1005 2364 verba
1027 2307 1288 2375 Nestorii,
1326 2307 1462 2364 dicit
1491 2307 1619 2364 ille:
1660 2326 1678 2359 (
1710 2307 1864 2363 Sicut
1892 2307 2037 2363 insc-

441 2401 742 2475 parabilem
785 2417 815 2456 a
862 2401 1044 2456 divina
1070 2409 1262 2456 natura
1286 2401 1494 2456 hahens
1527 2398 1925 2472 copulationem
1953 2397 2037 2454 re-

440 2492 647 2548 latione
688 2491 786 2547 Dei
816 2501 872 2547 et
893 2492 1249 2563 intelligentia
1295 2492 1445 2548 omni
1484 2500 1738 2547 creatura
1768 2493 2039 2550 adoratio-

440 2598 566 2638 nem
598 2582 922 2649 eihibeute;
948 2591 1003 2637 et
1031 2597 1206 2652 neque
1233 2581 1370 2639 duos
1398 2581 1541 2638 ﬁlios
1567 2581 1796 2638 dicimus
1816 2624 1831 2649 ,
1860 2598 2038 2654 neque

439 2676 578 2731 duos
603 2672 896 2730 Dominos.
927 2694 946 2727 ι
1014 2673 1083 2729 Ει
1121 2681 1246 2745 post
1293 2674 1472 2744 aliqua
1516 2674 1716 2730 iterum
1755 2673 2039 2733 Nestorius

441 2766 554 2821 ait:
610 2785 628 2817 ε
664 2765 773 2824 Sed
816 2766 965 2822 solus
1010 2767 1344 2836 praecipuum
1391 2766 1599 2821 habens
1646 2752 1753 2822 hoc
1795 2766 1942 2836 quod
1971 2767 2039 2822 ad

442 2856 540 2912 Dei
573 2857 734 2912 Verbi
783 2855 1183 2927 copulationem
1211 2897 1226 2922 ,
1273 2857 1563 2927 adoptione
1588 2867 1644 2911 et
1669 2856 2041 2912 dominatione

443 2945 815 3017 participans,
862 2945 1115 3003 auferens
1154 2947 1373 3017 quidem
1417 2961 1634 3002 omnem
1677 2935 2040 3016 suspicionem

443 3041 725 3097 dualitatis
755 3041 992 3106 ﬁliorum
1021 3049 1076 3102 et
1105 3041 1449 3101 dominorum
1468 3082 1482 3108 ,
1513 3040 1752 3111 praestita
1781 3055 1912 3096 vero
1944 3055 2042 3095 no-

444 3132 532 3187 bis
575 3133 631 3187 in
669 3132 1013 3203 copulatione
1043 3132 1109 3187 ad
1137 3132 1307 3205 Deum
1338 3130 1599 3196 Verbum,
1628 3131 1845 3186 Omnem
1876 3131 2042 3186 habe-

449 3231 533 3279 ret
561 3225 733 3294 ipsius
763 3225 925 3279 Iidem
952 3231 1010 3280 et
1044 3222 1455 3294 intelligentiam
1505 3231 1562 3277 et
1605 3222 1902 3286 theoriam,
1941 3237 2043 3292 pro

447 3316 648 3386 quibus
689 3323 746 3371 et
789 3315 1162 3371 adorationem
1211 3322 1313 3385 pro
1358 3313 1620 3369 relatione
1655 3313 1752 3367 Dei
1789 3313 1857 3368 ab
1896 3314 2042 3368 omni

448 3405 690 3476 suscepit
724 3412 997 3459 creatura.
1031 3424 1049 3457 ι
1102 3403 1244 3459 Ecce
1267 3401 1552 3459 Nestorius
1590 3401 1723 3458 dicit
1756 3399 2043 3456 Dominum

450 3495 715 3552 relatione
753 3494 850 3549 Dei
892 3495 1161 3550 theoriam
1188 3494 1526 3564 suscepisse,
1558 3493 1612 3548 id
1641 3501 1756 3559 est,
1789 3493 2044 3549 deitatem

448 3592 506 3640 et
533 3583 926 3638 adorationem.
967 3581 1119 3636 Felix
1160 3596 1293 3638 vero
1336 3581 1470 3637 dicit
1507 3596 1790 3637 recurrere
1827 3582 2048 3637 nomina

450 3680 674 3744 prepter
717 3671 984 3726 unitatem
1024 3682 1273 3741 personae
1297 3713 1311 3737 ,
1363 3681 1418 3726 et
1459 3680 1749 3742 propterea
1787 3672 2047 3742 appellari

452 3757 550 3819 Dei
575 3761 770 3817 Filium
796 3752 1036 3818 hominis
1059 3762 1247 3828 (illum,
1271 3770 1327 3818 et
1359 3763 1599 3819 hominis
1636 3763 1807 3820 tilium
1838 3764 1934 3820 Dei
1960 3764 2050 3821 Fi-

453 3856 585 3911 lium
632 3855 956 3926 nuncupari.
1016 3854 1247 3911 Videtur
1289 3870 1524 3926 namque
1563 3857 1697 3911 mihi
1744 3857 1871 3928 quia
1923 3857 2053 3913 licet

453 3951 739 4020 utriusque
762 3989 778 4014 ,
826 3947 1065 4004 Nestorii
1091 3947 1347 4004 videlicet
1369 3955 1532 4019 atque
1559 3947 1779 4015 Felicis,
1830 3952 1970 4006 no'va
1997 3961 2052 4006 et

455 4041 714 4097 Inusitata
749 4048 913 4110 atque
938 4038 1164 4097 confusa
1184 4039 1306 4095 sint
1331 4039 1497 4095 verba
1515 4081 1530 4106 ,
1575 4055 1717 4095 unus
1747 4047 1927 4097 tamen
1962 4057 2053 4097 eo-

457 4149 580 4189 rum
607 4137 705 4188 ‘aut
730 4131 925 4188 similis
950 4133 1003 4188 in
1031 4131 1138 4190 hoc
1178 4131 1300 4189 loco
1334 4139 1420 4189 est
1444 4141 1659 4188 sensus.
1701 4131 1904 4189 Deinde
1930 4132 2054 4188 dili-

458 4231 650 4295 genter
707 4222 1160 4278 considerandum
1205 4230 1290 4278 est
1334 4222 1441 4278 hoc
1492 4221 1638 4292 quod
1670 4220 1821 4276 Felix
1873 4222 2049 4278 dixit:

465 4333 483 4366 s
514 4313 820 4384 Aliquando
841 4313 938 4370 Dei
963 4313 1132 4369 Filius
1176 4314 1229 4368 in
1253 4313 1494 4368 hominis
1515 4311 1624 4368 lilio
1650 4312 1795 4368 Illius
1821 4313 2057 4370 hominis

461 4401 720 4476 appellari
741 4405 1014 4476 dignatur.
1029 4425 1047 4459 ι
1067 4404 1204 4473 Quid
1224 4412 1310 4461 est
1325 4405 1460 4462 hoc?
1475 4403 1726 4475 Nunquid
1743 4404 2054 4474 aliquando,

2135 1927 2317 1982 lantur
2357 1926 2476 1991 Dei,
2514 1930 2623 1996 per
2665 1924 2820 1980 illum
2868 1926 2960 1996 qui
3001 1932 3125 1979 ante
3161 1924 3356 1979 s'ecula
3405 1923 3736 1979 naturaliter

2136 2026 2328 2094 natus,
2381 2025 2436 2071 et
2481 2017 2535 2071 in
2576 2016 2774 2072 smeulo
2813 2016 3135 2071 naturaliter
3175 2015 3350 2070 factus
3397 2023 3483 2070 est
3536 2015 3734 2072 unicus

2135 2107 2307 2164 Filius
2332 2107 2448 2171 Dei,
2488 2107 2580 2177 qui
2605 2105 2883 2162 nascendo
2924 2115 3007 2161 est
3035 2105 3208 2161 Filius
3235 2104 3355 2172 Dei,
3403 2121 3512 2161 non
3564 2121 3733 2161 rena-

2136 2195 2356 2262 scendo,
2390 2196 2475 2252 cui
2506 2210 2705 2251 nomen
2735 2193 2830 2250 lilii
2857 2195 3136 2267 generatio
3164 2197 3331 2262 dedit,
3366 2211 3472 2250 non
3505 2211 3734 2267 regene-

2136 2287 2299 2353 ratio,
2329 2288 2422 2358 qui
2455 2302 2520 2342 ex
2565 2287 2656 2341 illa
2696 2286 2998 2342 substantia
3029 2301 3134 2357 qua
3156 2301 3277 2342 esse
3306 2287 3489 2357 erepit,
3525 2301 3592 2342 ex
3623 2303 3736 2358 quo

2137 2392 2256 2435 esse
2281 2379 2468 2448 erepit,
2501 2393 2608 2434 non
2640 2377 2929 2448 aliquando
2955 2387 3298 2446 nuncupatur
3323 2375 3497 2432 Filius
3521 2375 3641 2442 Dei,
3673 2387 3739 2432 ut

2137 2469 2290 2526 Felix
2316 2468 2451 2533 vult,
2482 2468 2578 2524 sed
2604 2483 2821 2538 semper
2844 2476 2948 2532 est,
2976 2475 3036 2521 ut
3060 2467 3316 2522 catholici
3363 2467 3609 2522 credunt.
3651 2466 3736 2522 ita

2139 2574 2261 2624 nos,
2302 2559 2446 2630 sicut
2481 2560 2683 2615 beatus
2715 2556 3079 2629 Hieronymus
3110 2558 3204 2624 ait,
3233 2557 3403 2612 Deum
3430 2559 3742 2614 hominem-

2139 2664 2248 2720 que
2274 2647 2603 2721 jungentes,
2624 2656 2680 2704 et
2705 2647 2874 2705 tilium
2900 2649 3137 2704 hominis
3171 2649 3226 2703 in
3263 2645 3413 2714 Jesu,
3459 2657 3513 2704 et
3537 2649 3738 2704 Filium

2140 2739 2238 2795 Dei
2279 2749 2530 2796 tenemus
2555 2741 2612 2796 in
2641 2739 2884 2796 Christo.
2925 2739 3026 2796 Hic
3064 2740 3332 2811 sapientia
3375 2748 3636 2806 vertetur,
3678 2751 3742 2795 ut

2140 2832 2497 2904 Apocalypsis
2549 2833 2647 2887 ait.
2708 2832 2809 2889 Hic
2851 2833 3130 2904 promissa:
3171 2832 3400 2888 antidoti
3442 2824 3738 2903 aperienda

2141 2928 2336 2983 virtus.
2373 2926 2940 3005 HiciManichteorum
2972 2928 3145 2992 virus,
3195 2935 3460 2982 terrestre
3513 2942 3742 2997 germen

2141 3019 2496 3085 Arianorum,
2522 3017 2727 3084 divino,
2754 3019 2802 3073 si
2844 3018 2951 3073 dici
2983 3018 3067 3073 fas
3103 3025 3207 3084 est,
3240 3017 3450 3074 semine
3480 3034 3746 3089 superan-

2146 3111 2272 3166 dum
2297 3118 2401 3168 est.

2218 3202 2435 3258 XXXV.
2499 3201 2828 3258 Memoratur
2881 3202 3012 3257 item
3067 3202 3220 3258 Felix
3263 3201 3399 3258 dicti
3449 3202 3742 3265 Dominici,

2147 3309 2255 3364 quo
2282 3294 2359 3349 ait
2387 3312 2398 3346 :
2431 3292 2602 3348 Nemo
2628 3293 2863 3347 ascendit
2897 3295 2955 3346 in
2987 3291 3172 3347 emtum
3206 3293 3308 3347 nisi
3349 3292 3442 3364 qui
3477 3292 3746 3347 descendit

2144 3388 2209 3441 de
2237 3385 2389 3452 calo,
2436 3384 2583 3455 ﬁlius
2629 3385 2859 3440 hominis
2887 3385 2982 3456 qui
3010 3393 3084 3439 est
3112 3386 3169 3438 in
3194 3383 3340 3438 calo.
3366 3384 3440 3439 Et
3468 3384 3750 3455 subiungit

2148 3478 2376 3532 dicens:
2413 3475 2619 3531 «Certe
2667 3476 2886 3544 quando
2937 3476 3056 3529 haec
3101 3474 3446 3544 loquebatur,
3502 3475 3746 3532 nondum

2147 3577 2269 3626 erat
2296 3567 2443 3624 Illius
2475 3568 2715 3624 hominis
2755 3569 2808 3623 in
2852 3567 2991 3623 casio
3033 3583 3132 3639 per
3175 3575 3426 3622 naturam
3470 3568 3526 3622 in
3574 3569 3748 3624 susci-

2147 3661 2331 3731 piente
2358 3674 2438 3726 se,
2490 3659 2597 3715 hoc
2641 3668 2749 3725 est,
2800 3658 2856 3713 in
2892 3657 3032 3714 Filio
3068 3659 3183 3713 Dei.
3213 3678 3230 3710 »
3271 3657 3377 3714 Sed
3400 3659 3525 3727 quia
3557 3674 3660 3731 ego
3691 3661 3746 3715 in

2150 3753 2267 3807 haec
2293 3751 2462 3807 verba
2501 3751 2787 3806 advertere
2827 3766 2935 3805 non
2968 3764 3192 3820 possum
3236 3748 3366 3819 quid
3414 3749 3598 3805 dicere
3645 3765 3748 3806 vo-

2150 3843 2333 3908 luerit,
2363 3850 2457 3896 aut
2490 3841 2620 3911 quid
2648 3840 2902 3906 senserit,
2939 3840 3044 3896 ista
3073 3839 3376 3895 indiscussa
3411 3842 3744 3909 praetermit-

2153 3933 2340 4000 tenda,
2368 3942 2423 3989 et
2446 3932 2514 3987 ad
2539 3931 2647 3986 alia
2671 3930 2788 4002 eius
2811 3931 3198 3986 transeundum
3222 3937 3338 3996 est;
3361 3930 3596 3985 maxime
3618 3932 3746 4000 quia

2151 4026 2412 4098 prtedicta
2452 4023 2724 4080 dominica
2767 4022 2934 4077 verba
2978 4022 3224 4093 exposita
3254 4021 3437 4077 verbis
3463 4021 3612 4077 beati
3636 4021 3751 4076 Au-

2153 4117 2356 4189 gustini
2379 4128 2546 4186 supra
2575 4112 2876 4185 posuimus.

2225 4225 2470 4282 XXXVI.
2506 4224 2642 4280 Item
2667 4222 2818 4277 Felix
2848 4241 2860 4275 :
2893 4241 2910 4274 ‹
2931 4221 3110 4286 Certe,
3162 4220 3261 4288 ait,
3307 4222 3572 4276 catholica
3613 4221 3754 4278 tides

2156 4317 2330 4375 credit
2356 4315 2501 4386 quod
2524 4329 2630 4369 non
2655 4312 2909 4383 prOprius
2939 4311 3035 4367 Del
3055 4309 3245 4376 Filius,
3278 4311 3370 4381 qui
3396 4312 3462 4365 de
3490 4311 3752 4366 substan-

2157 4411 2231 4464 tia
2275 4407 2456 4463 Patris
2498 4406 2713 4478 genitus
2741 4411 2846 4470 est,
2890 4410 2945 4458 et
2974 4417 3074 4472 per
3118 4403 3300 4457 omnia
3343 4401 3490 4455 Patri
3529 4401 3750 4467 similis,

460 4504 639 4552 etnon
653 4496 901 4566 semper?
919 4485 1176 4566 Nunquid
1195 4495 1454 4568 appellari
1474 4505 1526 4551 et
1547 4511 1654 4550 non
1672 4496 1827 4551 esse?
1851 4495 2054 4552 Deinde
2078 4521 2133 4581 Β
2158 4515 2258 4570 pro
2285 4499 2440 4554 nobis
2467 4497 2700 4552 traditus
2727 4495 2818 4560 sit,
2849 4493 2945 4549 sed
2967 4493 3137 4548 homo
3163 4501 3472 4563 assumptus
3501 4493 3570 4547 ab
3604 4505 3693 4548 eo.
3728 4515 3748 4546 ι

463 4585 561 4654 ait,
612 4603 630 4635 ι
661 4582 726 4638 Et
747 4585 985 4640 hominis
1012 4583 1155 4640 (llius
1190 4585 1245 4639 in
1275 4584 1373 4640 Dei
1409 4584 1548 4639 Filio
1587 4584 1760 4640 Filius
1790 4583 1885 4640 Dei
1919 4601 2056 4640 nun-

464 4685 716 4747 cupatur.
749 4690 768 4729 ι
804 4675 1057 4746 Nunquid
1095 4683 1439 4746 nuncupatur
1473 4683 1680 4731 tantum
1700 4717 1714 4742 ,
1743 4684 1797 4731 et
1819 4692 1926 4731 non
1950 4676 2058 4731 est?

537 4765 780 4826 XXXIV.
819 4765 930 4821 Sed
966 4765 1093 4835 quia
1133 4764 1248 4821 scio
1285 4765 1481 4820 horum
1525 4765 1820 4828 verborum
1866 4781 2057 4836 quam-

469 4858 595 4914 dam
638 4856 1050 4913 similitudinem
1091 4871 1215 4912 esse
1252 4857 1306 4910 in
1349 4856 1508 4912 dictis
1530 4855 1678 4911 beati
1721 4855 2054 4926 Hieronymi,

469 4967 590 5023 qua:
612 4951 715 5006 Iste
737 4951 792 5005 in
809 4950 983 5021 prima
1009 4964 1106 5005 sua
1128 4947 1472 5004 contentione
1491 4960 1660 5019 pravo
1682 4963 1842 5005 sensu
1865 4946 2062 5005 eﬂ‘erre

472 5043 700 5107 solebat,
755 5041 1060 5106 videamus,
1108 5042 1153 5097 si
1195 5042 1261 5096 ab
1291 5040 1383 5097 illo
1409 5041 1566 5096 istius
1593 5055 1784 5097 sensus
1812 5050 1868 5096 et
1894 5042 2062 5097 verba

473 5147 581 5188 non
635 5131 964 5202 discrepant.
1019 5130 1111 5185 Ait
1162 5146 1400 5201 namque
1453 5132 1647 5187 beatus
1700 5131 2064 5203 Hieronymus

475 5222 634 5294 (Vide
679 5223 948 5294 integrum
988 5222 1169 5278 locum
1210 5219 1525 5294 Hieronymi
1571 5220 1711 5276 infra
1753 5239 1873 5294 cap.
1926 5222 2059 5295 59):

481 5330 499 5364 s
522 5312 622 5369 Hic
657 5311 800 5367 ﬁlius
834 5312 1069 5367 hominis
1101 5323 1202 5383 per
1235 5311 1331 5366 Del
1365 5310 1584 5378 Filium,
1613 5312 1710 5367 Dei
1744 5323 1867 5368 esse
1897 5311 2065 5369 Filius

477 5404 535 5461 in
565 5402 662 5460 Dei
691 5403 828 5458 Filio
851 5410 1214 5474 promeretur.
1251 5411 1270 5456 i
1309 5401 1451 5458 Ecce
1480 5403 1674 5457 beatus
1705 5401 2067 5473 Hieronymus

477 5495 611 5551 dicit
638 5508 749 5550 esse
767 5502 1112 5567 promeretur.
1150 5491 1304 5548 Felix
1349 5492 1481 5549 dicit
1521 5481 1816 5562 appellatur
1848 5500 1904 5546 et
1931 5509 2067 5546 nun-

478 5596 721 5658 cupatur.
766 5586 926 5642 Certe
950 5585 1181 5662 multum
1208 5584 1387 5642 differt
1415 5586 1557 5640 inter
1578 5601 1689 5639 ess:
1720 5594 2064 5654 promeretur,

478 5686 536 5734 et
560 5676 874 5752 appellatur,
901 5688 997 5734 aut
1025 5685 1378 5749 nuncupatur.
1426 5675 1621 5739 Filius,
1661 5675 1853 5745 inquit,
1902 5674 2069 5729 ho’mi-

485 5771 563 5824 uis
591 5772 643 5826 in
669 5764 766 5827 Dei
788 5769 930 5826 ΠΙἱο
953 5769 1124 5828 Filius
1150 5770 1245 5826 Dei
1266 5786 1375 5826 esse
1414 5776 1758 5840 promeretur.
1800 5767 1959 5823 Certe
1993 5769 2070 5824 sic

2160 4591 2286 4648 Haec
2320 4589 2494 4645 Felix.
2533 4587 2644 4642 Nos
2676 4593 2856 4642 autem
2889 4585 3158 4640 dicimus:
3188 4583 3364 4651 Absit,
3397 4584 3559 4651 absit,
3591 4593 3650 4639 ut
3675 4585 3754 4640 ita

2159 4684 2427 4741 catholica
2471 4681 2606 4736 fides
2649 4679 2853 4743 credat,
2898 4694 3018 4748 quae
3056 4678 3172 4733 sine
3222 4677 3627 4733 lntermissione
3653 4678 3755 4734 de-

2160 4779 2363 4837 cantat,
2389 4771 2611 4825 dicens:
2650 4767 2818 4822 Credo
2858 4767 2915 4820 in
2951 4765 3120 4819 Deum
3163 4763 3378 4819 Patrem
3423 4767 3756 4837 omnipoten-

2161 4874 2284 4929 tcm,
2326 4862 2450 4915 etin
2471 4859 2656 4914 Iesum
2687 4855 2955 4912 Christum
2994 4855 3194 4910 Filium
3232 4857 3345 4925 ejus
3389 4858 3605 4910 unicum
3642 4856 3760 4911 Do-

2163 4955 2363 5008 minum
2401 4959 2660 5015 nostrum,
2709 4956 2890 5002 natum
2937 4945 3000 5000 de
3041 4943 3246 5016 Spiritu
3285 4956 3466 5001 sancto
3495 4956 3543 5001 et
3575 4946 3756 5003 Maria

2163 5046 2381 5117 virgine,
2433 5051 2648 5114 passum
2695 5039 2791 5094 sub
2843 5037 3037 5092 Pontio
3089 5036 3290 5104 Pilato,
3341 5037 3653 5108 cruciﬁxum
3709 5051 3758 5092 et

2164 5134 2443 5207 sepultum.
2490 5129 2569 5187 Ita
2616 5131 2761 5187 enim
2787 5128 3058 5185 catholica
3082 5128 3215 5183 Iides
3241 5127 3433 5193 credit,
3467 5129 3608 5198 quod
3639 5128 3761 5197 ipse

2165 5225 2256 5296 qui
2279 5223 2447 5278 Filius
2487 5221 2585 5278 Dei
2625 5220 2805 5276 Patris
2844 5218 3234 5290 omnipotentis
3262 5224 3368 5284 est,
3403 5227 3460 5274 et
3486 5226 3644 5273 natus
3669 5229 3761 5276 est

2166 5316 2232 5371 de
2267 5313 2476 5385 Spiritu
2509 5319 2699 5368 sancto
2736 5321 2792 5365 et
2827 5309 3069 5380 Virgine,
3097 5309 3214 5379 ipse
3241 5307 3316 5363 sit
3343 5324 3441 5379 pro
3464 5309 3619 5364 nobis
3641 5316 3760 5372 tra-

2167 5408 2332 5473 ditus,
2364 5407 2478 5478 ipse
2511 5418 2720 5476 passus,
2771 5403 2886 5472 ipse
2925 5400 3236 5466 crucifixus,
3273 5408 3530 5478 mortuus
3574 5407 3628 5455 et
3669 5415 3758 5455 sc-

2167 5471 2624 5568 pultus,'ipse_que
2649 5471 3035 5558 resurrex'erit,
3061 5471 3368 5547 ascenderit
3391 5490 3458 5545 ad
3485 5489 3670 5557 cmlos,
3686 5479 3762 5546 'ct

2169 5586 2356 5642 sedeat
2399 5601 2544 5641 nunc
2584 5584 2652 5640 ad
2677 5585 2959 5639 dexteram
3000 5583 3202 5649 Patris,
3246 5591 3301 5638 et
3328 5583 3475 5649 inde,
3511 5582 3613 5639 hoc
3648 5591 3757 5642 εει.

2170 5677 2238 5733 de
2267 5677 2490 5733 dextera
2521 5675 2722 5742 Patris,
2755 5685 3019 5731 venturus
3043 5676 3114 5730 sit
3157 5675 3223 5729 ad
3254 5672 3575 5742 iudicandos
3603 5676 3761 5731 vivos

2170 5777 2226 5823 et
2252 5779 2514 5826 mortuos.
2565 5768 2671 5824 Sed
2696 5753 2840 5838 quia,
2893 5778 2951 5822 ut
2991 5766 3239 5836 superius
3274 5768 3413 5836 (cap.
3457 5767 3547 5839 ‘25)
3577 5769 3759 5823 verbis
