3918 6342
151 400 213 455 6|
1296 399 1420 454 LIB.
1459 399 1619 457 ΑΜ.
1668 398 1738 456 Fl

1842 399 1970 456 3E3!
2007 397 2303 455 URCELL.
3374 400 3445 456 63

152 514 300 571 beati
345 512 661 584 Hieronymi
701 512 905 566 dictum
931 520 1038 576 est,
1070 513 1187 566 haec
1209 514 1502 583 cogitasse,
1549 515 1749 569 vixisse
1780 515 1831 574 Α
1857 513 1994 576 tulit,
2031 514 2209 583 ipsum
2238 515 2476 569 Verbum
2523 515 2574 567 in
2616 530 2712 576 suo
2750 529 2978 585 corpore
3001 515 3128 570 dum
3155 516 3441 588 cruciﬁge-

150 619 259 670 cst,
290 609 410 662 haec
439 606 738 669 meditatio,
774 614 964 676 partus
990 613 1077 661 est
1106 605 1321 672 animae,
1354 607 1408 661 in
1440 608 1558 662 haec
1582 607 1748 661 relabi

151 699 239 754 vel
279 713 584 760 recurrere,
629 712 752 752 cum
788 695 1018 750 Domino
1045 694 1194 765 iungi
1236 705 1340 761 est,
1375 705 1432 751 et
1472 712 1596 751 eum
1632 697 1749 766 ipso

147 806 252 859 per
289 791 408 845 hmo
453 786 728 842 humiliari
757 795 860 852 est,
904 802 1026 842 cum
1055 787 1170 856 ipso
1203 786 1315 856 pati
1340 795 1443 852 est,
1476 803 1600 842 cum
1633 788 1748 856 ipso

148 881 298 935 mori
339 887 442 943 est,
487 893 611 933 cum
657 879 775 948 ipso
809 884 892 932 est
931 877 1096 932 etiam
1134 878 1407 938 suscitari,
1457 879 1659 933 bonum
1693 886 1750 932 et

138 972 445 1042 jocundum
488 979 573 1026 est
609 970 677 1025 de
704 971 808 1025 hac
833 984 893 1025 re
917 968 1142 1023 Patrum
1168 984 1385 1038 quoque
1414 969 1503 1024 hic
1531 976 1746 1023 senten-

145 1062 256 1116 tias
280 1062 624 1116 subnectere.
657 1059 857 1114 Beatus
884 1057 1225 1130 Augustinus
1256 1059 1322 1114 de
1350 1059 1453 1114 hoc
1481 1058 1557 1113 ita
1581 1059 1740 1114 dicit:

143 1147 250 1214 (De
271 1152 404 1222 ﬁde,
445 1151 514 1206 ad
556 1151 698 1206 Petr.
739 1150 880 1204 diae.
909 1165 958 1204 c.
985 1149 1074 1221 19.)
1101 1169 1113 1204 :
1145 1169 1163 1202 ι
1191 1149 1356 1221 Cujus
1400 1158 1455 1205 et
1494 1150 1748 1204 nativita-

144 1252 260 1300 tem
287 1244 527 1299 futuram
563 1243 859 1299 secundum
908 1258 1151 1308 carnem,
1200 1252 1256 1298 et
1294 1252 1546 1310 mortem,
1576 1254 1630 1299 et
1659 1260 1746 1300 re-

142 1336 573 1399 surrectionem,
615 1344 777 1404 atque
821 1336 1200 1390 ascensionem
1243 1335 1296 1388 in
1347 1335 1520 1400 cmlis,
1572 1335 1656 1390 lex
1687 1343 1741 1391 et

138 1426 427 1495 prophetae
469 1425 834 1494 praenuntiam
881 1441 1162 1496 nunquam
1201 1425 1548 1491 destiterunt,
1580 1435 1742 1496 prout

139 1513 260 1582 ipse
289 1514 666 1583 prmeipiebat,
693 1513 1010 1569 obedientes
1036 1522 1091 1569 et
1111 1515 1292 1569 verbis
1319 1524 1373 1570 et
1394 1514 1576 1570 factis.
1605 1516 1740 1570 Nam

136 1612 200 1659 et
245 1604 533 1661 sacriﬁciis
575 1604 879 1660 carnalium
920 1605 1288 1672 victimarum,
1333 1622 1452 1675 quae
1492 1607 1596 1662 sibi
1626 1609 1740 1677 ipsa

134 1703 330 1750 saneta
360 1693 617 1762 Trinitas,
662 1711 784 1765 qua:
826 1710 966 1760 unus
999 1704 1080 1751 est
1108 1697 1249 1750 Deus
1277 1695 1411 1751 Novi
1443 1704 1498 1750 et
1528 1698 1742 1752 Veteris

137 1786 508 1852 Testamenti,
541 1802 571 1839 a
599 1785 854 1842 Patribus
896 1787 1099 1841 nostris
1143 1788 1492 1857 praecipiebat
1529 1788 1736 1853 oﬂ‘erri,

1856 612 2006 658 retur
2027 606 2329 674 aspiciens;
2371 613 2427 659 et
2469 620 2591 660 cum
2632 615 2814 675 posset
2840 607 3154 676 prohibere,
3182 624 3290 664 non
3316 623 3442 678 pro-

1852 696 2048 762 hibuit,
2095 699 2192 753 sed
2225 698 2392 754 etiam
2431 699 2651 768 propria
2699 715 2796 753 sua
2842 697 3073 754 faciebat
3117 715 3239 768 quis
3283 707 3443 754 erant

1849 789 2068 858 propria
2097 791 2364 859 corporis,
2389 798 2644 859 tanquam
2670 806 2791 855 sua,
2815 791 3055 846 Verbum
3078 791 3439 860 incorporale,

1849 881 2081 951 denique
2119 897 2260 936 cmso
2300 896 2528 952 corpore
2553 897 2582 934 a
2613 882 2879 944 ministro,
2919 883 3060 936 sicut
3089 881 3204 950 ipse
3228 882 3440 951 patiens

1849 970 2063 1025 dicebat
2089 990 2101 1025 :
2128 971 2361 1027 Dorsum
2398 987 2578 1026 meum
2612 971 2736 1026 dedi
2766 972 2833 1025 ad
2863 972 3114 1037 verbera,
3153 980 3208 1024 et
3245 969 3436 1024 faciem

1847 1075 2026 1115 meam
2053 1078 2162 1117 non
2186 1062 2357 1117 averti
2385 1078 2416 1115 a
2441 1061 2761 1117 confusione
2792 1070 3092 1131 spulorum.
3137 1060 3267 1128 Qua:
3294 1062 3436 1115 enim

1848 1153 2161 1209 humanitas
2181 1154 2488 1223 patiebatur
2514 1152 2697 1216 Verbi,
2729 1154 2844 1208 haec
2869 1153 3176 1207 inhabitans
3203 1152 3438 1207 Verbum

1847 1247 1916 1302 ad
1942 1262 2001 1302 se
2025 1245 2318 1310 referebat,
2353 1254 2411 1299 ut
2438 1261 2538 1301 nos
2567 1246 2786 1300 deitatis
2810 1243 2974 1300 Verbi
3001 1246 3292 1315 participes
3316 1259 3438 1300 esse

1845 1353 2150 1407 possemus.
2181 1337 2247 1391 Et
2271 1345 2389 1392 erat
2418 1338 2754 1402 admirabile,
2782 1337 2908 1405 quia
2936 1338 3050 1406 ipse
3077 1346 3196 1392 erat
3226 1337 3439 1407 patiens

1843 1438 1898 1484 et
1925 1446 2030 1484 non
2070 1431 2313 1498 patiens;
2353 1430 2570 1500 patiens
2594 1430 2831 1499 quidem,
2870 1431 3125 1500 quoniam
3157 1430 3435 1500 proprium

1844 1521 1961 1588 ejus
2010 1536 2209 1591 corpus
2249 1523 2590 1594 patiebatur;
2637 1529 2694 1575 et
2733 1521 2786 1574 in
2829 1522 2946 1590 ipso
2997 1521 3090 1589 qui
3131 1521 3438 1589 patiebatur

1843 1620 1961 1667 erat
1990 1627 2099 1666 non
2130 1613 2369 1682 patiens,
2393 1621 2682 1683 pr0pterea
2721 1612 2848 1680 quia
2887 1620 3082 1666 natura
3127 1612 3270 1665 Deus
3315 1625 3434 1664 ma-

1844 1717 1981 1757 nens
2007 1702 2263 1768 Verbum,
2292 1712 2374 1758 est
2398 1702 2763 1774 impassibile;
2792 1709 2846 1756 et
2872 1702 2986 1772 ipse
3014 1701 3231 1770 quidem
3258 1701 3437 1754 incor-

1842 1791 2050 1862 poralis
2083 1801 2204 1848 erat
2229 1793 2284 1848 in
2313 1808 2541 1862 corpore
2572 1791 2867 1861 passibile;
2907 1805 3106 1858 corpus
3135 1799 3316 1844 autem
3342 1789 3436 1844 ha-

131 1880 290 1935 illins
334 1879 597 1936 sacriﬁcii
648 1878 1055 1950 significabatur
1104 1880 1474 1949 gratissimum
1520 1895 1736 1946 munus,
1768 1867 1815 1925 Β
1844 1883 2006 1937 bebat
2035 1884 2091 1937 in
2116 1882 2431 1938 seVerbum
2459 1881 3120 1953 impassibile,destrucns
3149 1879 3435 1937 infirmita-

130 1970 285 2041 quod
306 1985 410 2041 pro
433 1969 590 2024 nobis
617 1983 676 2023 se
707 1969 881 2039 ipsum
910 1969 1056 2024 solus
1079 1969 1224 2024 Deus
1244 1969 1413 2024 Filius
1442 1971 1738 2025 secundum

128 2079 365 2120 carnem
414 2071 560 2118 esset
607 2063 1038 2119 misericorditer
1081 2064 1381 2119 oblaturus.
1428 2065 1549 2134 Ipse
1592 2067 1738 2121 enim

128 2155 441 2210 secundum
463 2153 814 2223 apostolicam
838 2153 1136 2208 doctrinam
1162 2154 1357 2208 obtulit
1384 2156 1737 2226 semetipsum

129 2262 235 2318 pro
281 2248 442 2302 nobis
493 2246 824 2302 oblationem
874 2257 929 2300 et
969 2247 1203 2301 hostiam
1252 2247 1364 2301 Deo
1411 2248 1466 2301 in
1513 2249 1736 2303 odorem

127 2337 444 2394 suavitatis.
494 2335 615 2407 Ipse
659 2352 824 2392 verus
860 2335 1024 2402 Deus,
1054 2345 1109 2390 et
1135 2352 1299 2391 verus
1329 2337 1594 2407 pontifex,
1643 2339 1736 2408 qui

129 2448 238 2504 pro
266 2432 446 2496 nobis,
479 2447 584 2485 non
625 2431 680 2484 in
723 2429 986 2501 sanguine
1033 2438 1314 2484 taurorum
1352 2439 1407 2484 et
1435 2431 1732 2494 hircorum,

128 2524 234 2580 sed
263 2525 320 2578 in
352 2523 614 2594 sanguine
648 2537 746 2577 suo
775 2522 948 2577 semel
971 2522 1217 2576 introivit
1249 2523 1304 2576 in
1335 2529 1522 2577 saneta
1549 2542 1561 2577 :
1591 2524 1738 2594 quod

128 2627 269 2672 tunc
299 2614 547 2686 pontifex
593 2614 684 2670 ille
726 2613 1088 2686 significabat,
1142 2616 1236 2683 qui
1304 2631 1426 2670 cum
1473 2617 1737 2686 sanguine

128 2716 328 2764 sancta
375 2715 692 2763 sanctorum
715 2721 815 2776 per
837 2721 1008 2762 annos
1037 2707 1281 2777 singulos
1311 2707 1588 2763 introibat.
1626 2708 1734 2764 Iste

125 2800 302 2871 igitur
329 2806 416 2853 est
442 2798 534 2868 qui
581 2799 635 2852 iu
674 2812 732 2852 se
777 2813 886 2852 uno
925 2805 1138 2852 tantum
1167 2798 1418 2853 exhibuit
1448 2799 1590 2867 quod
1615 2813 1735 2854 esse

125 2891 511 2944 necessarium
558 2888 626 2942 ad
665 2887 1052 2957 redemptionis
1100 2897 1302 2944 nostra:
1359 2888 1567 2943 sciebat
1607 2887 1742 2943 επε-

124 2994 305 3042 ctum.
353 2984 501 3038 [lem
550 2983 803 3037 sacerdos
851 2991 906 3036 et
949 2983 1303 3047 sacrificium,
1332 2983 1475 3037 idem
1504 2983 1646 3037 Deus
1679 2987 1734 3036 et

124 3082 328 3140 homo;
377 3074 652 3136 sacerdos,
693 3087 797 3142 per
823 3088 983 3142 quem
1023 3089 1212 3127 sumus
1240 3067 1613 3138 reconciliati;
1653 3088 1736 3126 sa-

123 3167 426 3229 crificium,
456 3179 563 3234 quo
591 3163 958 3227 reconciliati;
1005 3164 1288 3232 templum,
1319 3163 1375 3216 in
1404 3177 1511 3233 quo
1542 3178 1733 3218 reconc

123 3257 334 3321 ciliati;
365 3255 530 3320 Deus,
558 3254 646 3310 cui
679 3255 1031 3310 reconciliati.
1063 3253 1221 3310 Solus
1255 3262 1435 3308 tamen
1457 3255 1730 3320 sacerdos,
1761 3223 1806 3284 C

123 3345 468 3402 sacriﬁcium
500 3351 555 3400 et
596 3344 890 3414 templum;
937 3345 1061 3413 quia
1108 3345 1224 3398 haec
1264 3346 1446 3398 omnia
1482 3344 1626 3398 Deus
1656 3359 1739 3397 sc-

124 3439 380 3495 cundum
417 3437 649 3491 formam
683 3437 845 3491 servi.
879 3435 996 3490 Non
1027 3444 1210 3496 autem
1239 3434 1386 3490 solus
1412 3434 1578 3500 Deus,
1606 3434 1735 3504 quia

123 3541 238 3586 hoc
277 3545 404 3584 eum
441 3528 603 3583 Patre
632 3536 685 3582 et
719 3526 925 3596 Spiritu
958 3535 1148 3582 saneto
1180 3526 1474 3582 secundum
1502 3523 1734 3579 formam

123 3618 251 3674 Dei.
306 3617 670 3672 Reoonciliati
715 3616 884 3686 igitur
930 3631 1116 3670 sumus
1162 3631 1260 3685 per
1307 3614 1484 3670 solum
1538 3614 1734 3669 Filium

121 3707 439 3765 secundum
470 3721 712 3772 carnem,
752 3707 847 3761 sed
887 3722 996 3761 non
1025 3704 1125 3761 soli
1159 3704 1298 3760 Filio
1324 3704 1619 3759 secundum
1651 3704 1734 3758 di-

119 3800 440 3854 vinitatem.
468 3817 485 3849 ι
527 3798 727 3852 Beatus
771 3812 988 3866 quoque
1036 3795 1266 3866 Vigilius
1297 3795 1452 3866 (Adv.
1478 3792 1732 3865 Eutych,

121 3893 164 3947 ι.
195 3907 264 3955 n,
293 3905 344 3945 c.
370 3889 424 3962 9)
451 3908 463 3942 :
497 3907 515 3940 ‹
541 3889 620 3943 Ita
659 3888 897 3944 Verbum
929 3886 1022 3942 Dei
1045 3887 1170 3958 jure
1199 3886 1429 3942 dicimus
1464 3886 1736 3956 passionis

125 3980 369 4050 injurias
405 3980 716 4051 pertulisse,
743 3995 850 4034 non
878 3987 1058 4033 tamen
1091 3978 1404 4049 passionem
1435 3977 1547 4032 ullo
1575 3978 1735 4032 modo

125 4073 397 4128 sensisse.
444 4071 634 4127 Dicam
669 4072 847 4126 adhuc
886 4069 1249 4124 manifestius.
1284 4068 1508 4125 Conﬁxa
1536 4079 1620 4125 est
1655 4070 1736 4124 di-

127 4161 341 4216 vinitas
363 4159 565 4223 clavis;
599 4159 694 4215 sed
728 4160 844 4227 ipsa
888 4160 1178 4228 penetrari
1209 4174 1318 4213 non
1359 4159 1559 4229 potuit,
1595 4159 1737 4216 sicut

126 4263 268 4304 caro
289 4246 409 4316 ejus
432 4248 626 4318 potuit.
667 4247 950 4316 Siquidem
984 4247 1196 4304 vulneri
1220 4247 1400 4303 locmn
1430 4264 1558 4304 caro
1587 4259 1738 4319 pate-

126 4339 280 4394 facta
323 4339 556 4407 aperuit.
607 4337 744 4392 Nam
787 4337 960 4394 deitas
1005 4337 1354 4395 indivisibilis
1376 4348 1540 4409 atque
1569 4342 1736 4408 impe—

130 4431 428 4488 netrabilis
457 4430 676 4485 mansit.
717 4430 796 4486 Ita
823 4446 953 4502 ergo
983 4433 1328 4503 suscipiendo
1353 4433 1654 4503 passiones,
1683 4441 1740 4487 et

1842 1980 1924 2028 tes
1945 1973 2115 2042 ipsius
2138 1975 2402 2043 corporis.
2430 1994 2451 2026 ›

1913 2063 2177 2119 XXXVII.
2233 2065 2386 2119 Felix
2434 2065 2606 2120 dicit:
2649 2065 2766 2119 «Ita
2808 2065 2988 2119 divina
3036 2063 3316 2134 Scriptura
3356 2063 3436 2119 lo-

1839 2154 2048 2224 quitur,
2077 2163 2138 2209 ut
2166 2169 2231 2209 ea
2260 2171 2382 2225 qua:
2419 2154 2614 2224 capitis
2646 2163 2788 2216 sunt.
2825 2154 2876 2208 id
2912 2161 2997 2208 est
3030 2153 3253 2216 Christi,
3295 2153 3435 2228 refe-_

1840 2254 2033 2301 rantur
2056 2246 2122 2300 ad
2149 2261 2368 2315 corpus,
2400 2246 2454 2300 id
2477 2257 2562 2301 est
2590 2245 2914 2310 Ecclesium,
2961 2253 3017 2300 et
3061 2260 3124 2299 ea
3161 2261 3281 2314 qua:
3311 2261 3435 2305 cor-

1839 2339 1990 2408 poris
2017 2347 2163 2403 snnt,
2195 2339 2541 2394 ascribantur
2567 2338 2751 2410 capiti.
2778 2359 2795 2389 ι
2829 2338 2940 2393 Hoc
2969 2354 3037 2394 ex
3062 2346 3220 2407 parte
3242 2353 3433 2393 verum

1839 2441 1960 2482 esse
2007 2436 2207 2498 potest.
2256 2427 2364 2483 Sed
2409 2428 2592 2482 verius
2639 2427 2876 2494 diceret,
2923 2429 2969 2483 si
3019 2428 3241 2484 dixisset
3277 2429 3433 2484 :Ali—

1839 2521 2056 2588 quando
2103 2535 2171 2574 ει
2210 2534 2343 2574 voce
2386 2518 2633 2588 corporis
2674 2518 2915 2588 loquitur
2956 2528 3139 2588 caput,
3181 2520 3324 2575 sicut
3349 2531 3432 2576 est

1840 2610 1992 2675 illud,
2018 2608 2200 2676 Saule,
2226 2609 2406 2674 δίκαιε,
2435 2610 2561 2680 quid
2588 2627 2668 2664 me
2690 2613 3052 2681 persequeris?
3079 2609 3183 2665 Et:
3217 2610 3453 2675 Esurivi,

1839 2712 1890 2758 et
1929 2702 2148 2757 dedistis
2187 2704 2318 2756 mihi
2363 2702 2717 2768 manducare,
2757 2710 2814 2758 et
2856 2711 3054 2758 caetera
3096 2701 3428 2771 hujusmodi.

1839 2795 2112 2851 Caeterum
2153 2810 2218 2849 ea
2265 2810 2387 2864 qua:
2430 2793 2651 2864 proprie
2690 2795 3028 2849 excellentiae
3053 2795 3247 2863 capitis
3275 2802 3426 2860 sunt,

1839 2904 1948 2943 non
1975 2888 2064 2943 sic.
2082 2885 2393 2944 referuntur
2415 2886 2484 2941 ad
2515 2900 2734 2956 corpus,
2760 2893 2820 2939 ut
2846 2885 2949 2939 iste
2978 2884 3108 2940 dicit
3135 2903 3148 2937 :
3175 2885 3432 2954 quoniam

1840 2979 1948 3035 ista
1983 2978 2296 3034 communio
2327 2977 2522 3047 capitis
2550 2983 2607 3031 et
2639 2977 2887 3045 corporis
2922 2977 3095 3047 magis
3130 2984 3214 3032 est
3252 2977 3308 3030 in
3337 2992 3434 3031 vo-

1838 3071 1992 3125 cibus
2025 3068 2457 3139 Scripturarum,
2487 3083 2651 3139 quam
2680 3067 2734 3122 in
2758 3068 2968 3123 actibus
2990 3077 3046 3122 et
3074 3068 3258 3131 rebus,
3293 3068 3436 3124 sicut

1838 3170 1925 3216 est
1960 3160 2091 3215 illud
2119 3160 2174 3214 in
2203 3160 2413 3230 psalmo
2441 3178 2453 3212 :
2483 3157 2660 3228 Longe
2698 3175 2734 3212 a
2770 3159 2940 3212 salute
2967 3175 3083 3212 mea
3113 3157 3267 3212 verba
3304 3157 3436 3211 deti-

1839 3261 2042 3305 ctorum
2095 3266 2352 3304 meorum.
2415 3247 2482 3302 Et
2526 3262 2540 3298 :
2583 3247 2747 3312 Deus,
2806 3257 2862 3300 tu
2915 3249 3016 3301 scis
3074 3247 3432 3318 insipientiam

1838 3358 2027 3406 meam,
2068 3350 2114 3394 et
2147 3339 2338 3393 delicta
2381 3356 2498 3392 mea
2539 3356 2572 3391 a
2609 3347 2658 3391 te
2702 3355 2806 3391 non
2845 3347 2967 3392 sunt
3002 3336 3332 3391 abscondita.
3371 3335 3430 3392 In

1837 3435 2033 3502 quibus
2063 3433 2321 3495 Dominus
2341 3447 2438 3500 pro
2458 3445 2688 3499 corpore
2718 3446 2816 3485 suo
2838 3431 3010 3485 solam
3038 3446 3226 3485 vocem
3257 3446 3438 3485 susce-

1836 3525 1939 3594 pit,
1973 3539 2081 3580 non
2123 3532 2330 3587 actum,
2363 3530 2455 3576 aut
2484 3536 2620 3576 rem.
2653 3521 2760 3576 Iste
2787 3530 2996 3585 autem,
3033 3530 3092 3574 ut
3125 3521 3257 3574 mihi
3283 3521 3432 3575 vide-

1839 3627 1948 3680 tur,
1981 3623 2274 3686 propterea
2310 3613 2554 3669 elaborat
2580 3613 2633 3667 in
2676 3621 2885 3667 tantum
2915 3613 3242 3684 conjungere
3274 3621 3435 3682 caput

1837 3716 2138 3776 etcorpus,
2171 3714 2231 3760 ut
2256 3707 2421 3762 etiam
2467 3720 2628 3761 unam
2680 3706 2795 3760 tunc
2845 3719 3134 3774 personam
3175 3705 3339 3770 dicat,
3377 3711 3436 3758 et

1836 3814 1905 3854 ex
1929 3799 2033 3854 hoc
2060 3796 2376 3854 conﬁrmari
2404 3795 2657 3851 videatur
2686 3809 2905 3850 sensum
2943 3796 3081 3865 ejus,
3113 3811 3223 3865 quo
3251 3795 3436 3864 Domi-

1837 3905 1968 3944 num
2010 3869 2312 3944 secundum
2362 3885 2758 3940 humanitatem
2803 3885 3007 3940 eisdem
3062 3885 3434 3951 tantummodo

1837 3983 2012 4038 modis
2061 3980 2250 4037 credat
2286 3978 2484 4034 Filium
2520 3978 2618 4033 Dei
2659 3976 2860 4043 Patris,
2909 3978 3108 4047 quibus
3149 3985 3204 4032 et
3247 3979 3432 4034 caueri

1838 4075 2014 4130 sancti
2059 4072 2195 4127 ﬁunt
2240 4070 2335 4126 ﬁlii
2370 4071 2488 4133 Dei,
2523 4071 2578 4125 id
2623 4078 2730 4136 est,
2768 4070 2962 4140 gratia,
2994 4070 3300 4139 adoptione,
3331 4071 3436 4126 elc-

1839 4165 2041 4229 ctione,
2096 4161 2602 4234 pradestinatione,
2651 4169 2707 4217 et
2757 4161 2989 4225 czeteris,
3041 4170 3103 4214 ut
3129 4161 3243 4231 ipse
3275 4177 3433 4231 supe-

1840 4257 1952 4310 rius
1976 4263 2164 4323 aperte
2190 4252 2257 4307 de
2283 4252 2514 4307 Domino
2553 4251 2708 4306 dixit.
2737 4251 2966 4319 Propter
3011 4251 3156 4321 quod
3202 4259 3428 4321 apparet

1840 4347 1895 4402 in
1936 4346 2120 4400 verbis
2158 4343 2296 4413 ejus,
2345 4343 2491 4413 quod
2535 4342 2658 4411 plus
2695 4342 3094 4411 quodammodo
3140 4342 3434 4412 coniungat

1839 4453 2039 4510 corpus
2080 4437 2383 4493 Salvatoris
2424 4435 2698 4498 Ecclesiae,
2731 4450 2894 4503 quam
2922 4442 3121 4488 sancta:
3155 4433 3427 4488 Trinitati.

126 4538 329 4578 carum
365 4537 471 4574 non
502 4521 745 4577 cedendo
786 4521 1086 4586 effectibus
1119 4530 1346 4592 apparet
1370 4523 1464 4577 Dei
1496 4523 1734 4578 Verbum
1763 4569 1815 4628 Β
1842 4533 1997 4590 Unde
2024 4540 2079 4587 et
2105 4532 2192 4586 his
2220 4531 2402 4585 verbis
2439 4528 2715 4600 subiungit
2760 4528 2814 4582 in
2862 4527 3214 4582 conclusione
3250 4526 3431 4595 operis

131 4614 553 4687 impassibiliter
593 4630 833 4684 passum.
878 4614 986 4670 Sed
1015 4615 1144 4684 quia
1171 4631 1301 4670 caro
1328 4616 1447 4686 ejus
1476 4617 1594 4671 haec
1619 4631 1737 4670 om-

131 4707 228 4761 nia
255 4722 365 4761 non
396 4705 570 4760 solum
596 4706 843 4776 pertulit,
873 4705 968 4761 sed
1001 4714 1056 4762 et
1087 4708 1281 4770 sensit,
1313 4716 1368 4761 et
1394 4708 1581 4770 cessit,
1611 4706 1738 4776 jure

139 4814 209 4853 ac
259 4797 459 4853 merito
507 4797 739 4853 dicimus
782 4797 950 4852 Deum
997 4799 1083 4853 his
1129 4799 1379 4853 omnibus
1419 4800 1737 4868 passionum

131 4889 546 4945 conditionibus
575 4889 906 4945 sensibiliter
932 4877 1184 4944 aﬂ‘eetum
1209 4891 1264 4943 in
1290 4905 1454 4944 carne
1479 4907 1596 4957 sua,
1622 4892 1738 4947 sine

129 4995 305 5035 sensu
354 4979 438 5033 vel
483 4981 783 5036 mutatione
834 4980 1138 5040 divinitatis
1192 4995 1322 5035 sum.
1375 4981 1510 5036 Vide
1564 4998 1736 5053 ergo:

131 5071 389 5142 perferre
434 5071 757 5140 passionem,
803 5079 1011 5126 naturae
1047 5079 1131 5126 est
1167 5071 1482 5141 utriusque;
1525 5074 1618 5128 sed
1651 5089 1740 5129 ce-

130 5164 271 5219 dere
309 5162 575 5232 passioni,
621 5178 730 5227 non
759 5171 846 5218 est
883 5163 1169 5233 utriusque
1214 5173 1443 5229 natum,
1494 5180 1618 5219 cum
1670 5167 1740 5220 sit

135 5255 308 5310 unius
330 5253 687 5325 ejusdemque
709 5269 975 5324 personae.
999 5274 1017 5307 ι
1046 5254 1246 5311 Beatus
1270 5271 1486 5327 quoque
1507 5257 1741 5313 Athana-

131 5346 252 5402 sius
273 5347 351 5402 ita
374 5347 538 5402 dicit:
563 5347 661 5402 «Et
675 5355 954 5403 ostensum
970 5356 1054 5405 est
1069 5349 1323 5404 omnibus
1340 5350 1466 5420 quia
1490 5346 1595 5406 non
1615 5367 1738 5407 cor-

132 5452 239 5507 pus
262 5446 387 5494 erat
432 5438 692 5502 Verbum,
738 5439 832 5494 sed
881 5454 1078 5509 corpus
1119 5449 1242 5496 erat
1289 5441 1482 5498 Verbi:
1536 5453 1590 5496 et
1636 5445 1738 5500 hoc

133 5529 382 5598 palpavit
419 5529 661 5585 Thomas
687 5539 975 5599 postquam
1020 5546 1146 5587 eum
1192 5539 1559 5589 resurrexisse
1604 5539 1740 5589 vidit

133 5635 164 5672 a
194 5620 451 5686 mortuis,
487 5628 544 5675 et
571 5620 706 5676 vidit
733 5621 788 5675 in
818 5634 884 5676 eo
909 5620 1113 5678 ﬁxuras
1139 5623 1415 5679 clavorum
1446 5640 1581 5694 quas
1613 5642 1737 5696 per-

1841 4625 1924 4680 sui
1954 4625 2140 4680 dicens
2166 4642 2178 4700 _:
2214 4642 2230 4674 ‹
2251 4621 2393 4677 Nihil
2417 4621 2563 4677 enim
2591 4623 2794 4676 habere
2814 4628 2994 4691 potest
3019 4621 3260 4674 Ecclesia
3285 4620 3428 4689 quod

1841 4717 1910 4772 ad
1937 4717 2103 4770 vitam
2144 4723 2198 4769 et
2236 4713 2491 4782 pietatem
2541 4713 2831 4780 pertineat,
2866 4701 2983 4764 ‘nisi
3022 4711 3166 4779 quod
3195 4726 3224 4764 a
3253 4711 3430 4780 capite

1841 4823 1963 4872 suo,
1995 4807 2047 4861 id
2074 4813 2158 4859 est
2179 4804 2419 4868 Christo,
2449 4802 2740 4872 acceperit,
2781 4799 3041 4870 Apostolo
3071 4807 3231 4864 teste,
3260 4800 3349 4870 qui
3374 4799 3426 4852 in

1841 4897 2070 4970 epistola
2101 4896 2168 4950 ad
2197 4893 2460 4964 Ephesios
2499 4892 2744 4945 scribens
2781 4893 2893 4944 ait:
2926 4889 3242 4943 Benedictus
3280 4888 3421 4941 Deus

1842 5000 1890 5043 et
1919 4985 2082 5040 Pater
2107 4983 2319 5038 Domini
2343 4982 2508 5035 nostri
2529 4979 2896 5044 JesuChristi,
2928 4980 3018 5048 qui
3049 4978 3308 5031 benedixit
3336 4995 3429 5032 nos

1839 5082 1896 5135 in
1925 5079 2067 5133 omni
2099 5075 2454 5130 benedictione
2481 5072 2710 5145 spiritali
2733 5073 2786 5125 in
2810 5069 3096 5126 cwlestibus
3119 5072 3172 5124 in
3197 5068 3427 5135 Christo,

1841 5175 1931 5246 qui
1975 5170 2128 5241 elegit
2156 5186 2249 5223 nos
2281 5170 2337 5222 in
2364 5169 2475 5238 ipso
2508 5175 2627 5219 ante
2656 5157 2838 5218 mundi
2865 5163 3310 5228 constitutionem,
3339 5164 3429 5233 qui

1840 5262 2229 5335 prwdestinauit
2268 5277 2360 5314 nos
2403 5259 2458 5312 in
2496 5257 2828 5327 adoptionem
2864 5255 3099 5324 ﬁliorum
3123 5273 3215 5326 per
3244 5255 3429 5310 Iesum

1843 5353 2110 5408 Christum
2137 5355 2191 5406 in
2212 5353 2342 5422 ipso.
2369 5371 2387 5403 ι
2424 5349 2626 5404 Verum
2653 5357 2740 5405 est
2763 5348 2985 5403 omnino
3010 5348 3152 5419 quod
3179 5346 3431 5404 Christus

1843 5458 1894 5500 et
1924 5445 2168 5500 Ecclesia
2193 5451 2354 5516 caput
2380 5448 2437 5498 et
2461 5456 2659 5511 corpus
2687 5440 2938 5496 dicuntur
2952 5437 3020 5494 ab
3042 5439 3302 5508 Apostolo
3327 5439 3430 5495 fre-

1844 5544 2094 5606 quenter.
2130 5534 2197 5587 Et
2223 5545 2248 5573 α
2275 5533 2396 5586 ideo
2427 5548 2536 5586 una
2563 5546 2798 5602 persona
2843 5537 3010 5595 sunt;
3054 5531 3179 5598 quia
3225 5537 3281 5586 et
3306 5544 3430 5586 cor—

1842 5643 1965 5698 pus,
1994 5625 2189 5694 capitis
2212 5638 2408 5693 corpus
2448 5623 2678 5689 dicitur;
2719 5632 2774 5678 et
2809 5629 2991 5693 caput,
3029 5621 3276 5691 corperls
3321 5623 3429 5676 uti-

1514 5737 1785 5796 BALUZII
1823 5737 2056 5794 NOTAE.

204 5841 229 5867 ι
274 5827 345 5881 Et
386 5826 508 5880 ideo
539 5841 648 5878 una
668 5840 888 5895 persona
910 5836 1051 5891 sunt,
1079 5827 1131 5882 id
1158 5837 1240 5884 est
1271 5829 1523 5886 Christus
1553 5839 1608 5886 et
1636 5831 1738 5886 Ec-

1843 5830 2025 5887 clesia.
2062 5830 2152 5887 Sic
2189 5830 2278 5886 lib.
2320 5847 2372 5886 vt
2422 5829 2843 5902 Capitularlum,
2867 5845 2986 5901 cap.
3016 5829 3152 5896 502,
3182 5828 3379 5902 legitur
3412 5845 3426 5885 :
