3918 6316
481 351 554 408 55
1469 345 1527 401 S.
1563 341 1914 402 AGOBARDI
1957 338 2270 397 EPISCOPI
2303 342 2798 403 LUGDUNENSIS
3727 351 3790 406 θλ

483 478 592 533 que
636 468 820 532 caput.
864 458 982 515 Non
1023 457 1168 514 enim
1212 458 1280 512 ad
1317 474 1375 512 se
1433 459 1635 513 dicitur
1676 463 1862 526 caput,
1895 450 1989 508 sed
2019 449 2087 503 ad
2117 455 2165 510 Α
2195 473 2327 527 ergo
2347 473 2453 513 non
2472 460 2678 525 omnia,
2697 460 2792 515 sed
2812 461 3013 531 aliqua,
3033 463 3175 518 sicut
3205 464 3258 517 in
3282 465 3537 521 omnibus
3566 484 3675 523 non
3701 467 3792 521 ali-

483 567 704 623 corpus.
735 549 844 607 Sed
868 560 1052 605 tamen
1081 549 1277 604 modus
1313 558 1370 604 et
1404 550 1665 605 discretio
1711 545 1945 602 tenenda
1975 553 2081 610 est,

427 646 439 668 ‘
487 643 724 716 qualiter
741 642 1001 697 dicantur
1038 657 1147 695 una
1189 657 1448 712 persona.
1482 641 1672 710 Neque
1698 640 1848 694 enim
1892 636 2086 692 eodem

488 735 652 790 modo
683 749 792 804 quo
821 736 876 789 in
902 734 1041 789 Filio
1085 732 1184 798 Dei
1212 733 1472 799 Verbum,
1522 741 1579 788 et
1620 747 1866 798 carnem,
1917 745 2088 786 unam

486 826 763 881 credimus
809 827 1030 880 omnino
1057 840 1182 880 esse
1209 840 1525 896 personam,
1585 840 1694 878 nou
1736 820 2088 892 coniunctam

486 933 554 971 ex
578 917 785 973 duabus
828 918 1102 988 personis,
1144 919 1240 973 sed
1265 933 1328 972 ex
1360 918 1572 973 duabus
1601 917 1958 982 substantiis;
1998 931 2091 972 eo—

490 1009 614 1064 dem
661 1011 830 1065 etiam
885 1010 1049 1064 modo
1097 1009 1397 1064 creduntur
1441 1009 1695 1064 Christus
1742 1004 1804 1076 et,
1843 1008 2088 1064 Ecclesia

488 1115 597 1154 una
633 1115 759 1156 esse
790 1115 1044 1172 persona,
1074 1116 1196 1170 quas
1225 1099 1519 1168 conjuncta
1548 1109 1726 1154 estex
1758 1099 1947 1154 multis
1967 1113 2092 1169 per-

489 1192 662 1257 sonis,
717 1207 840 1262 qua:
887 1194 1071 1248 unitas
1119 1208 1390 1263 persona,
1440 1193 1494 1247 id
1542 1191 1886 1258 est,-Christi
1928 1202 2093 1263 atque

489 1280 770 1347 Ecclesiae,
805 1284 859 1338 in
889 1284 1083 1352 spiritu
1120 1284 1308 1352 utique
1335 1291 1441 1347 est,
1479 1299 1587 1338 non
1619 1285 1674 1338 in
1710 1300 1958 1355 corpore.
1999 1285 2093 1341 Sic

490 1374 638 1429 enim
667 1376 825 1430 docet
851 1375 1138 1446 diligenter
1165 1376 1477 1445 Apostolus,
1530 1378 1715 1433 dicens
1740 1397 1752 1432 :
1787 1378 1959 1432 Nemo
1992 1395 2092 1450 po-

490 1474 588 1519 test
618 1467 810 1529 dicere,
862 1467 1118 1521 Dominus
1167 1465 1349 1532 Iesus,
1396 1470 1502 1522 nisi
1538 1470 1596 1523 in
1638 1468 2090 1540 Spiritutsaneto.

491 1561 788 1616 Dirisiones
816 1579 935 1615 vero
953 1562 1246 1631 gratiarum
1263 1562 1464 1626 insunt,
1488 1563 1626 1616 idem
1647 1571 1822 1616 autem
1840 1561 2090 1632 Spiritus.

491 1651 563 1705 Et
595 1653 875 1706 divisiones
903 1653 1354 1706 ministrationum
1393 1663 1535 1717 sunt,
1583 1653 1723 1707 idem
1763 1662 1938 1708 autem
1985 1653 2095 1707 Do-

493 1743 689 1796 minus.
743 1741 812 1796 Et
855 1743 1136 1797 divisiones
1189 1744 1555 1817 operationum
1604 1753 1746 1808 sunt,
1800 1747 1936 1797 idem
1974 1761 2093 1798 vero

492 1833 662 1897 Deus,
692 1835 783 1904 qui
810 1843 1056 1905 operatur
1083 1836 1262 1888 omnia
1289 1835 1344 1888 in
1365 1812 1626 1888 omnibus.
1657 1833 1952 1908 Unicuique
1995 1853 2094 1889 au-
2123 1812 2170 1870 B

491 1938 597 1983 sem
646 1928 807 1982 datur
855 1927 1213 1996 manifestatio
1264 1925 1502 1997 Spiritus
1535 1926 1606 1981 ad
1645 1926 1949 1985 utilitatem.
1993 1929 2098 1982 Alii

491 2020 704 2091 quidem
737 2019 897 2073 datur
930 2036 1025 2090 per
1058 2018 1319 2090 Spiritum
1354 2036 1526 2074 sermo
1553 2022 1850 2093 sapientior,
1877 2020 1971 2074 alii
2001 2038 2099 2073 nu-

495 2123 599 2168 tent
637 2129 810 2166 sermo
835 2112 1070 2166 scientiis
1108 2111 1396 2166 secundum
1429 2111 1669 2166 eumdem
1711 2112 1991 2183 Spiritum,
2027 2112 2102 2165 al-

494 2202 596 2256 teri
616 2201 750 2270 ﬁdes
779 2202 837 2255 in
860 2203 1042 2256 eodem
1079 2201 1308 2271 Spiritu,
1354 2200 1448 2254 alii
1491 2204 1667 2271 gratia
1710 2204 1999 2257 sanitatum
2043 2205 2099 2258 in

496 2308 603 2346 uno
646 2289 870 2361 Spiritu,
912 2290 1009 2344 alii
1054 2290 1293 2360 operatio
1337 2290 1609 2353 virtutum,
1661 2289 1756 2343 alii
1801 2292 2097 2361 prophetia,

501 2381 599 2437 alii
643 2384 889 2437 discretio
927 2383 1233 2453 spirituum,
1278 2382 1373 2435 alii
1416 2399 1607 2452 genera
1649 2382 1974 2454 linguarum,
1999 2385 2100 2463 μιιῆ

495 2475 859 2546 interpretatio
888 2491 1212 2529 sermonum.
1254 2473 1389 2528 Han:
1422 2483 1601 2528 autem
1643 2477 1821 2530 omnia
1852 2486 2104 2547 operatur

500 2583 639 2620 unus
697 2575 853 2637 atque
910 2565 1050 2619 idem
1098 2564 1352 2635 Spiritus,
1391 2565 1629 2621 dividens
1676 2566 1899 2637 singulis
1945 2579 2101 2635 prout

497 2657 628 2712 vult.
663 2655 811 2713 Sicut
840 2658 976 2711 enim
1009 2673 1198 2727 corpus
1245 2674 1410 2711 unum
1455 2667 1550 2723 est,
1590 2669 1636 2712 et
1672 2659 1906 2714 membra
1947 2655 2101 2714 habet

499 2750 703 2814 multa,
765 2750 943 2803 omnia
995 2758 1170 2803 autent
1231 2749 1462 2804 membra
1523 2752 1758 2823 corporis
1817 2768 1938 2805 cum
1993 2752 2100 2806 sint

497 2837 690 2905 multa,
716 2856 878 2893 unum
904 2855 1093 2910 corpus
1128 2849 1286 2904 sunt;
1326 2840 1398 2893 ita
1423 2839 1759 2897 etChristus.
1802 2841 2013 2896 Etenim
2046 2845 2103 2898 in

500 2945 606 2982 uno
650 2927 850 3000 Spiritu
900 2945 1078 2983 omnes
1139 2947 1233 2982 nos
1278 2930 1334 2982 in
1391 2946 1555 2984 unum
1609 2947 1800 3001 corpus
1848 2931 2103 3000 baptizati

497 3036 703 3086 sumus,
729 3021 833 3074 sive
859 3020 1061 3084 Judtei,
1104 3021 1209 3074 sire
1235 3018 1490 3084 Gentiles,
1535 3023 1642 3074 sive
1677 3023 1834 3086 servi,
1887 3023 1991 3076 sive
2035 3021 2103 3076 li-

499 3115 634 3181 beri,
657 3124 704 3170 et
732 3133 910 3171 omnes
930 3133 1034 3170 uno
1063 3114 1261 3186 Spiritu
1298 3117 1465 3186 potati
1495 3133 1696 3170 sumus.
1730 3115 1872 3170 Nam
1901 3126 1950 3170 et
1977 3133 2098 3171 cor-

2191 565 2319 618 qua,
2334 551 2428 605 sed
2445 550 2645 605 omnia.
2664 551 2890 608 Divinus
2914 552 3140 626 [Dividit
3153 553 3198 628 ἲ]
3218 555 3454 626 Spiritus
3476 559 3706 628 gratias,
3720 559 3795 614 di-

2191 641 2325 696 vidit
2355 640 2619 697 Dominus
2656 645 3109 710 ministrationcs,
3137 647 3330 703 dividit
3352 648 3493 704 Deus
3520 650 3795 720 operatio-

2193 747 2308 785 nes.
2330 730 2532 788 Sancta
2556 733 2815 801 Trinitas,
2833 753 2976 792 unus
2997 737 3251 794 videlicet
3270 740 3433 805 Deus,
3458 742 3548 810 qui
3567 752 3625 797 et
3647 758 3796 800 nunc

2191 831 2451 893 cperatur
2475 825 2657 879 omnia
2686 825 2740 879 in
2766 828 3040 892 erunibus,
3070 837 3126 883 et
3152 829 3206 883 in
3237 829 3420 886 futuro
3459 834 3565 887 erit
3604 835 3798 890 omnia

2194 913 2249 968 in
2270 916 2541 980 omnibus,
2578 924 2632 970 et
2659 916 2713 970 in
2741 916 2991 986 singulis.
3031 917 3137 973 Sed
3169 919 3296 991 quia
3323 924 3502 977 omnia
3541 939 3638 992 per
3672 938 3796 978 me-

2194 1005 2461 1062 diatorem
2491 1007 2588 1060 Dei
2611 1014 2667 1063 et
2690 1007 2971 1063 hominum
3002 1008 3157 1077 liunt,
3197 1011 3289 1082 qui
3316 1021 3401 1068 est
3427 1015 3616 1084 utique
3645 1015 3798 1069 Deus

2193 1109 2251 1153 et
2275 1101 2467 1163 homo;
2523 1101 2646 1155 ideo
2689 1101 2888 1156 dicitur
2914 1111 2971 1156 et
2991 1112 3076 1158 est
3103 1104 3218 1174 ipse
3243 1105 3509 1159 mediator
3538 1105 3801 1160 Christus

2195 1195 2358 1260 caput
2416 1192 2692 1247 Ecclesiae.
2750 1193 2937 1248 Omnis
2977 1194 3075 1248 viri
3118 1205 3275 1266 caput
3314 1194 3557 1251 Christus
3583 1206 3681 1261 est,
3723 1198 3801 1251 ait

2193 1280 2505 1351 Apostolus,
2535 1283 2736 1351 (omnis
2759 1283 2969 1339 scilicet
2989 1284 3095 1338 viri
3124 1299 3192 1338 ex
3223 1286 3425 1354 quibus
3446 1295 3661 1342 constat
3681 1301 3802 1356 om-

2196 1374 2281 1427 nis
2321 1373 2585 1444 Ecclesia)
2630 1384 2788 1442 caput
2817 1391 2935 1429 vero
2972 1373 3170 1430 Christi
3202 1375 3345 1431 Deus
3383 1377 3434 1447 (I
3459 1375 3581 1431 Cor.
3610 1394 3688 1443 χι,
3717 1379 3798 1450 5).

2196 1465 2310 1521 Hoc
2337 1467 2520 1537 itaque
2546 1468 2708 1524 modo
2747 1483 2848 1523 nos
2886 1467 3169 1523 Christum
3203 1478 3258 1523 et
3296 1469 3594 1525 Ecclesiam
3630 1485 3800 1525 unam

2197 1555 2466 1612 fateamur
2496 1573 2619 1614 esse
2645 1573 2956 1628 personam.
2984 1557 3136 1614 Felix
3165 1568 3370 1626 autem,
3403 1561 3529 1631 quia
3559 1561 3804 1631 quadam

2198 1648 2470 1705 indecenti
2493 1651 2704 1706 ratione
2728 1650 2923 1706 referri
2947 1651 3078 1706 dicit
3099 1651 3166 1705 ad
3188 1666 3388 1722 corpus
3414 1668 3478 1708 ea
3500 1668 3622 1724 qua“:
3649 1655 3804 1724 capi—

2199 1738 2270 1793 tis
2307 1747 2458 1804 sunt,
2502 1740 2830 1796 conﬁrmare
2871 1741 3065 1795 nititur
3106 1743 3252 1812 quod
3283 1757 3346 1798 ea
3376 1758 3498 1812 qua:
3520 1758 3551 1796 a
3581 1741 3804 1800 Christo

2199 1829 2400 1899 accipit
2432 1829 2700 1893 Ecclesia,
2745 1829 2836 1884 illa
2875 1830 2984 1885 sint
3029 1848 3150 1902 qua:
3189 1832 3394 1888 Christi
3420 1848 3541 1889 esse
3579 1835 3805 1899 astruit,

2200 1920 2382 1984 idest,
2410 1921 2607 1992 gratia,
2657 1921 2901 1991 adoptio,
2953 1922 3168 1988 electio,
3214 1931 3269 1976 et
3302 1934 3522 1979 cratera.
3571 1924 3808 1995 Propter

2200 2014 2346 2083 quod
2365 2022 2423 2068 et
2449 2014 2763 2069 testimonio
2791 2015 3093 2084 apostolico
3125 2015 3415 2070 conﬁrmat
3443 2026 3500 2072 et
3527 2016 3808 2072 concludit

2202 2104 2428 2160 dicens:
2458 2104 2563 2170 Qui
2609 2105 2760 2175 elegit
2812 2122 2907 2159 nos
2940 2108 2994 2160 in
3029 2107 3142 2175 ipso
3171 2117 3291 2162 ante
3319 2109 3500 2161 mundi
3548 2110 3810 2163 constitu-

2201 2195 2417 2259 tionem,
2447 2197 2537 2266 qui
2563 2197 2960 2265 prte‘destinavit
2996 2215 3088 2251 nos
3120 2198 3175 2252 in
3205 2199 3537 2268 adoptionem
3565 2199 3808 2268 ﬁliorum

2201 2302 2295 2356 per
2331 2284 2515 2340 Jesum
2573 2285 2841 2340 Christum
2899 2288 2956 2340 in
3002 2288 3116 2358 ipso
3163 2287 3382 2359 (Ephes.
3429 2306 3467 2354 ι,
3507 2290 3586 2358 4).
3639 2289 3812 2357 Quasi

2202 2376 2498 2446 Apostolus
2553 2377 2764 2432 diceret
2811 2393 2824 2430 :
2875 2377 3018 2433 Deus
3077 2395 3132 2433 m
3189 2378 3408 2435 Christo
3456 2396 3557 2435 nos
3605 2381 3809 2452 elegit,

2204 2468 2422 2537 quando
2460 2467 2612 2522 iilum
2649 2468 2845 2539 elegit;
2883 2469 2937 2523 in
2969 2470 3086 2538 ipso
3122 2486 3224 2526 nos
3257 2486 3357 2540 per
3389 2471 3570 2542 ipsum
3593 2474 3808 2543 punde~

2203 2560 2426 2615 stinavit
2448 2559 2502 2614 in
2522 2559 2869 2630 adoptionem
2894 2559 3148 2627 ﬁliorum,
3178 2565 3396 2631 quando
3421 2571 3478 2618 et
3500 2562 3650 2618 illum
3679 2580 3812 2632 pm:-

2205 2649 2502 2706 destinavit
2544 2651 3000 2721 inadoptionem
3044 2650 3160 2716 lilii,
3217 2661 3281 2708 ut
3303 2663 3462 2709 esset
3507 2656 3812 2710 secundum

2204 2743 2604 2799 humanitatem
2663 2743 2951 2814 adoptivus
3009 2744 3172 2823 ﬁlius.
3237 2745 3389 2801 Talis
3435 2749 3663 2802 omnino
3713 2749 3812 2804 fuit

2205 2848 2401 2890 sensus
2425 2834 2656 2901 Felicis;
2704 2843 2762 2890 et
2782 2842 3076 2905 propterea
3101 2835 3130 2876 δ
3154 2835 3221 2891 de
3267 2836 3480 2890 unitate
3523 2836 3732 2893 Christi
3763 2849 3810 2894 et

2206 2923 2463 2981 Ecclesiae
2506 2925 2758 2994 loquens,
2800 2940 2864 2980 ea
2897 2941 3017 2995 quae
3049 2926 3245 2997 capitis
3283 2935 3411 2981 sunt
3459 2927 3652 2982 referri
3676 2929 3811 2984 dixit

2205 3014 2275 3068 ad
2298 3030 2529 3084 corpus;
2557 3016 2623 3070 de
2647 3015 2848 3084 quibus
2863 3015 2982 3086 jam
3001 3031 3163 3085 supra
3192 3015 3524 3072 sulIicicuter
3546 3017 3813 3081 diximus.

2205 3119 2446 3176 congrua
2477 3104 2835 3176 adjungentes
2857 3105 3086 3187 Patrum
3119 3106 3449 3170 testimonia,
3476 3121 3598 3175 qua:
3628 3118 3812 3163 osten-

499 3223 599 3278 pus
623 3180 739 3260 non
773 3216 850 3260 est
891 3222 1053 3259 unum
1100 3180 1411 3269 membrum,
1441 3205 1531 3259 sed
1563 3204 1729 3257 m-ulta
1761 3204 1812 3275 (1
1845 3203 1968 3258 Cor.
2000 3222 2100 3272 ιιι,
2130 3180 2176 3243 C
2207 3197 2404 3252 derent
2422 3203 2612 3251 mutuo
2633 3195 2792 3250 aliter
2815 3180 3248 3267 intelligendum,
3272 3195 3583 3266 ubicunque
3609 3200 3814 3268 gratia,

503 3297 680 3368 3-H).
708 3297 848 3352 Ecce
891 3297 1184 3367 Apostolus
1225 3297 1509 3350 evidenter
1547 3297 1786 3350 ostendit
1832 3298 2106 3366 quomodo

504 3390 799 3446 credantur
832 3389 1084 3445 Christus
1110 3398 1164 3444 et
1195 3389 1436 3444 Ecclesia
1468 3403 1577 3442 una
1603 3404 1870 3458 persona;
1921 3389 2108 3444 videli-

504 3489 611 3544 cet,
658 3481 785 3549 quia
830 3495 939 3534 uno
981 3480 1188 3550 Spiritu
1231 3481 1425 3550 potati,
1466 3481 1521 3533 in
1553 3495 1662 3535 uno
1693 3478 1902 3550 Spiritu
1923 3479 2103 3549 bapti-

505 3575 635 3639 zati,
662 3589 832 3627 unum
860 3587 1059 3642 corpus
1098 3573 1277 3629 ell'ecti
1317 3589 1418 3643 per
1461 3571 1727 3643 Spiritum
1769 3572 1974 3628 Christi
2016 3589 2104 3629 se-

503 3665 740 3720 cundum
782 3664 1053 3727 eumdem,
1098 3672 1153 3717 ct
1181 3664 1236 3716 in
1274 3665 1466 3719 eodem
1503 3664 1557 3717 in
1605 3679 1716 3718 uno
1748 3663 1956 3733 Spiritu
1995 3665 2108 3719 sin-

506 3755 646 3829 gulis
693 3756 1007 3811 hominibus
1047 3754 1278 3810 diversa:
1303 3755 1494 3825 gratiae
1521 3755 1748 3820 dantur;
1779 3755 1854 3808 ita
1877 3763 1937 3809 ut
1965 3771 2108 3811 unus

506 3864 572 3903 ex
597 3863 827 3918 corpore
851 3849 1032 3912 homo,
1060 3864 1168 3902 non
1190 3862 1382 3902 omnes
1403 3847 1607 3918 gratias
1632 3847 1891 3912 habeant,
1916 3863 2107 3904 omnes

505 3943 973 4008 ministrationes,
1013 3957 1204 3998 omnes
1247 3943 1599 4014 operationes
1636 3942 1846 3999 infusas
1890 3943 1944 3998 in
1986 3959 2108 3999 cor-

503 4051 638 4107 pore
663 4049 762 4106 per
795 4051 962 4089 unum
993 4042 1160 4103 caput
1187 4033 1488 4089 Christum.
1530 4033 1763 4105 Propter
1799 4035 1944 4105 quod
1975 4035 2106 4090 dicit

507 4126 562 4181 in
593 4124 700 4180 alio
729 4123 848 4180 loco
875 4142 887 4177 :
921 4123 984 4178 Si
1013 4125 1131 4194 quis
1152 4133 1328 4178 autem
1354 4122 1611 4194 Spiritum
1640 4123 1838 4199 Christi
1875 4141 1980 4180 non
2011 4126 2108 4179 ha-

508 4219 611 4282 bet,
640 4219 725 4271 hic
753 4234 857 4271 non
886 4226 960 4271 est
985 4217 1120 4286 ejus.
1164 4213 1223 4270 Si
1259 4226 1434 4270 autem
1475 4215 1718 4271 Christus
1746 4218 1803 4271 in
1833 4218 1975 4272 vobis
2007 4228 2104 4282 est,

507 4326 700 4380 corpus
724 4308 935 4380 quidem
969 4317 1235 4362 mortuum
1269 4317 1343 4361 est
1372 4317 1585 4379 propter
1611 4318 1901 4378 peccatum,
1932 4308 2108 4379 Spiri-

506 4411 594 4456 tus
613 4418 734 4457 vero
763 4401 884 4455 vivit
915 4409 1127 4470 propter
1140 4395 1604 4470 justiﬁcationem.
1640 4401 1781 4456 Ecce
1804 4416 1903 4471 per
1928 4401 2103 4473 Spiri-

2207 3288 2422 3351 electio,
2461 3287 2895 3356 prmdestinatio,
2937 3287 3265 3357 assumptio,
3291 3287 3375 3341 vel
3405 3289 3626 3358 ad0ptio
3653 3298 3813 3345 sonat

2207 3381 2263 3435 in
2293 3379 2452 3434 dictis
2474 3387 2790 3434 sanctorum
2811 3378 3058 3434 Patrum.

2277 3488 2565 3545 XXXVIII.
2605 3489 2760 3556 Quod
2795 3497 2854 3543 ut
2892 3489 3107 3545 facilius
3140 3506 3288 3547 nunc
3321 3492 3517 3546 iterum
3558 3495 3816 3551 ostenda-

2208 3596 2357 3645 mus,
2400 3581 2644 3636 dieamus
2681 3581 2916 3651 exempli
2954 3596 3144 3637 causa.
3186 3583 3341 3654 Legit
3370 3583 3522 3638 Felix
3560 3585 3616 3639 in
3653 3587 3816 3642 beato

2207 3671 2512 3743 Augustino
2546 3691 2563 3727 :
2620 3672 2847 3728 Verbum
2884 3674 2988 3744 Dei
3023 3677 3197 3746 gratia
3236 3678 3464 3748 suscepit
3499 3679 3814 3742 hominem;

2210 3763 2307 3818 sed
2337 3779 2448 3819 non
2478 3764 2618 3819 bene
2647 3765 2800 3819 novit
2832 3765 3146 3820 discernere
3174 3765 3328 3835 cuius
3358 3767 3428 3821 sit
3457 3767 3564 3822 ista
3597 3769 3782 3838 gratia
3803 3809 3815 3830 ,

2212 3871 2242 3909 a
2283 3869 2429 3924 quo,
2466 3863 2562 3908 aut
2599 3854 2686 3910 cui
2725 3854 2977 3927 largitur.
3016 3855 3270 3926 Largitur
3310 3857 3496 3927 utique
3538 3873 3569 3910 a
3603 3856 3748 3921 Deo,
3787 3873 3816 3912 a

2211 3949 2392 4004 Verbo
2425 3947 2522 4003 Dei
2552 3957 2763 4004 naturae
2790 3949 3044 4004 humanae
3064 3990 3079 4014 ,
3118 3957 3179 4003 ut
3206 3949 3535 4020 suscipiatur
3563 3951 3618 4003 in
3649 3949 3813 4014 Filio,

2210 4050 2270 4096 ut
2298 4041 2371 4096 sit
2398 4057 2520 4096 cum
2551 4042 2662 4097 lilio
2691 4057 2833 4097 unus
2859 4042 3054 4107 Filius,
3088 4050 3143 4096 et
3171 4043 3473 4097 habeamus
3503 4057 3606 4097 nos
3633 4042 3690 4097 in
3725 4043 3818 4098 illo

2208 4135 2482 4204 primitias
2521 4135 2840 4190 substantia:
2873 4143 3110 4200 nostrae,
3149 4134 3240 4204 qui
3284 4142 3369 4190 est
3402 4149 3566 4190 verus
3604 4133 3814 4199 Filius,

2213 4237 2270 4282 et
2301 4228 2555 4298 proprius
2582 4226 2772 4281 Filius.
2809 4226 2927 4282 Non
2959 4226 3103 4280 enim
3133 4226 3329 4280 merito
3358 4226 3727 4282 humanitatis
3754 4225 3818 4281 il-

2210 4317 2316 4372 lius
2361 4325 2629 4386 suscepta:
2673 4325 2802 4372 sunt
2844 4316 2897 4370 in
2944 4331 3177 4386 persona
3227 4314 3391 4370 Verbi
3437 4316 3569 4387 ipsae
3611 4325 3816 4373 nostra:

2209 4407 2466 4477 primitiae
2486 4449 2499 4470 ,
2541 4406 2637 4462 sed
2664 4406 3044 4462 misericordia
3074 4415 3129 4462 et
3153 4407 3326 4477 gratia
3354 4407 3472 4477 ejus
3497 4423 3598 4477 pro
3623 4416 3814 4465 nostra

505 4501 624 4549 tum
649 4493 851 4549 Christi
875 4492 1143 4548 ellicimur
1191 4492 1307 4562 ejus
1355 4493 1620 4547 membra.
1673 4492 1863 4549 Ellecti
1923 4501 2106 4548 autem
2131 4539 2184 4598 D
2211 4499 2606 4570 redemptione.
2649 4499 2719 4553 Et
2756 4500 2873 4554 haec
2901 4507 2985 4554 est
3013 4498 3189 4570 gratia
3220 4497 3310 4553 illa
3342 4513 3508 4567 quam
3536 4514 3815 4554 commen-

505 4587 751 4642 membra
798 4584 936 4655 ejus,
987 4586 1241 4642 Christus
1290 4587 1344 4641 in
1390 4587 1549 4642 nobis
1588 4595 1693 4645 est.
1725 4595 1782 4642 et
1808 4588 1913 4643 hoc
1942 4587 2104 4642 modo

505 4690 532 4719 ι
564 4687 725 4749 caput
766 4687 851 4733 est
887 4686 1157 4743 nostrum,
1199 4678 1250 4732 id
1291 4686 1380 4734 est
1415 4678 1693 4743 Ecclesiae,
1725 4679 1818 4748 qui
1846 4685 2105 4748 operatur

506 4771 689 4826 omnia
730 4785 840 4826 non
883 4770 937 4824 in
977 4769 1228 4840 singulis,
1269 4771 1363 4826 sed
1390 4770 1442 4825 in
1474 4770 1747 4836 omnibus.
1786 4769 1844 4824 lu
1874 4770 2102 4841 singulis

2212 4587 2306 4642 dat
2341 4587 2648 4644 catholicus
2683 4588 2892 4644 doctor.
2928 4586 3081 4643 Felix
3117 4595 3300 4644 autem
3355 4603 3463 4643 non
3520 4589 3597 4643 ita
3645 4589 3810 4644 intel-

2213 4679 2375 4743 lexit;
2405 4679 2499 4734 sed
2518 4679 2734 4750 putavit
2756 4695 2786 4734 e
2805 4679 3082 4734 contrario
3104 4679 3248 4735 hanc
3289 4679 3524 4751 gratiam
3571 4695 3601 4733 a
3644 4679 3812 4736 Patre

2211 4770 2351 4826 Filio
2387 4769 2642 4842 largitam
2672 4811 2687 4835 ,
2725 4779 2787 4825 ut
2826 4770 3149 4842 dignaretur
3181 4784 3307 4825 eum
3345 4785 3413 4825 ex
3453 4770 3814 4838 humanitatis

1860 4883 1940 4937 BA
1951 4881 2132 4937 LUZII
2172 4881 2406 4938 NOTAE.

511 5018 530 5054 ι
582 4997 751 5054 Porro
799 4993 1078 5050 Christum
1136 5003 1192 5048 et
1244 4993 1565 5055 Ecclesiam,
1597 5009 1761 5064 unam
1813 5010 2103 5064 personam

505 5084 626 5126 esse
645 5082 754 5122 non
777 5066 1070 5121 nescimus.
1097 5064 1164 5120 Et
1191 5064 1313 5120 ideo
1340 5080 1460 5135 qua:
1490 5063 1749 5135 Ecclesiae
1782 5063 1927 5130 sunt,
1947 5064 2106 5120 Chri-

506 5139 577 5196 sti
606 5144 764 5203 sunt;
813 5145 868 5191 ct
892 5151 1012 5207 qua:
1052 5135 1310 5207 Ecclesiae
1355 5133 1682 5207 offeruntur,
1701 5133 1923 5190 Christo
1971 5136 2102 5190 oll'e-

505 5217 732 5271 runtur;
786 5215 842 5261 et
889 5205 1011 5277 qua:
1055 5207 1123 5260 ab
1172 5206 1417 5277 Ecclesia
1446 5205 1563 5273 ejus
1591 5205 1886 5277 tolluntur,
1917 5207 2103 5276 procul

507 5281 672 5337 dubio
721 5275 940 5332 Christo
987 5277 1270 5332 tolluntur.
1336 5296 1354 5329 ι
1406 5276 1539 5331 Item
1571 5277 1748 5345 capite
1777 5275 1882 5331 505
1915 5275 1933 5330 Ξ
1965 5295 1983 5328 ‹
2039 5277 2108 5332 Et

506 5351 633 5423 quia
673 5346 959 5423 Christum
1011 5355 1068 5423 et
1109 5345 1411 5402 Ecclesiam
1457 5362 1621 5400 unam
1639 5361 1949 5423 personam
1985 5363 2106 5404 esse

507 5417 777 5475 veraciter
833 5418 1200 5487 agnoscimus,
1246 5431 1585 5487 quaecunque
1638 5417 1896 5473 Ecclesiae
1943 5427 2102 5482 sunt,

504 5489 708 5545 Christi
730 5495 874 5558 sunt.
901 5507 918 5539 ι
939 5487 1221 5555 Quomodo
1242 5497 1431 5558 autem
1447 5489 1563 5542 haec
1591 5487 1940 5558 intelligenda
1972 5490 2103 5550 sint,

508 5567 696 5629 aperte
721 5557 964 5629 explicat
987 5567 1211 5616 sanctus
1236 5573 1374 5629 papa
1403 5556 1701 5629 Gregorius
1738 5556 1792 5613 in
1822 5558 1963 5613 libro
2013 5576 2106 5614 xix

510 5575 696 5688 iret-te
721 5575 964 5639 explicat
987 5575 1211 5616 sanctus
1236 5575 1701 5642 papayregortus
1738 5575 1792 5613 tn
1825 5575 1963 5613 noro
2013 5576 2105 5642 xix

563 5628 792 5685 orahum
826 5644 878 5682 In
898 5627 1032 5701 _Job,
1063 5645 1182 5701 cap.
1212 5630 1272 5685 ll
1305 5631 1397 5684 ubi
1442 5628 1556 5684 haec
1581 5629 1832 5699 leguntur
1859 5643 1872 5682 :
1913 5647 1931 5680 ι
1967 5630 2105 5699 Quia

510 5700 789 5756 Christum
809 5707 860 5754 et
897 5699 1216 5762 Ecclesia'm,
1244 5716 1409 5755 unam
1445 5714 1563 5754 esse
1593 5714 1887 5768 personam
1913 5703 2108 5756 crebro

512 5785 622 5842 1am
651 5771 909 5833 diximus,
943 5771 1090 5826 illum
1120 5771 1374 5828 videlicet
1422 5770 1582 5839 hujus
1629 5771 1874 5840 corporis
1923 5782 2105 5841 caput,

2213 4997 2565 5070 hancautem
2589 4997 2735 5052 illius
2763 4999 2960 5070 capitis
2984 5014 3206 5070 corpus,
3228 5007 3336 5056 etc.
3369 5020 3391 5053 ι

2285 5079 2310 5106 ι
2353 5065 2525 5138 Caput
2550 5077 2625 5143 est
2652 5065 2907 5143 nostrum.
2929 5070 2999 5143 ‘In
3033 5065 3137 5126 m's.
3170 5065 3250 5126 sic
3278 5071 3500 5143 legitur,
3532 5083 3690 5143 caput
3737 5089 3810 5130 est

2214 5136 2354 5212 Xpm
2385 5154 2404 5192 :
2428 5136 2573 5212 quod
2606 5138 2681 5212 ita
2708 5137 2813 5210 legi
2859 5140 3053 5212 debet,
3076 5151 3230 5212 caput
3274 5136 3358 5212 esi
3388 5136 3675 5212 Christum,
3702 5161 3810 5212 quo

2216 5209 2376 5282 modo
2403 5209 2568 5282 etiam
2599 5209 2804 5282 editum
2834 5218 2918 5282 est
2947 5227 2976 5264 a
3008 5209 3279 5266 Massono.
3327 5210 3433 5282 Sed
3473 5213 3589 5282 ipse
3621 5214 3675 5266 in
3706 5209 3809 5269 Er-

2217 5279 2353 5333 ratis
2379 5279 2660 5333 admonuit
2688 5279 2791 5349 legi
2817 5280 3012 5335 debere
3042 5290 3299 5334 nostrum.
3338 5281 3404 5335 Et
3447 5279 3576 5336 sane
3623 5296 3813 5340 neces-

2217 5350 2360 5403 saria
2391 5358 2474 5404 est
2499 5350 2602 5403 ista
2628 5349 2956 5404 emendatio.
2997 5351 3182 5420 Itaque
3221 5352 3300 5405 sic
3325 5351 3411 5404 edi
3441 5353 3638 5407 debere
3665 5355 3813 5410 arbi—

2216 5421 2343 5474 trati
2370 5434 2575 5474 sumus.

2288 5489 2337 5562 b7
2352 5489 2431 5562 De
2458 5491 2658 5562 unitate
2687 5489 2904 5546 Christi.
2929 5489 3213 5562 Massonns
3240 5490 3426 5562 edidit,
3452 5499 3500 5545 et
3534 5501 3811 5562 prapterea

2215 5562 2279 5616 de
2304 5560 2577 5614 divinitate
2599 5559 2815 5624 Christi,
2845 5569 2974 5624 etc.,
3015 5561 3163 5616 nullo
3204 5559 3494 5616 admodum
3521 5559 3714 5618 sensu.
3757 5564 3810 5619 In

2216 5648 2318 5687 ms.
2365 5631 2583 5702 legitur,
2606 5642 2655 5684 et
2685 5641 2956 5701 propterea
3007 5630 3543 5702 divinitate'Christi,
3584 5640 3719 5697 etc.,
3746 5650 3809 5689 ex

2217 5719 2325 5771 quo
2351 5699 2449 5755 nos
2478 5699 2756 5756 effecimus
2782 5699 2847 5756 de
2864 5703 3094 5754 unitate.
3124 5700 3214 5757 Sic
3240 5701 3384 5756 enim
3421 5701 3660 5770 postulat
3684 5717 3809 5759 seu-

2221 5789 2331 5837 sus,
2363 5782 2417 5826 ut
2452 5771 2794 5826 manifestum
2823 5782 2923 5827 est.
