3918 6336
135 388 204 445 65
1291 400 1414 455 LIB.
1458 397 1618 456 ADV.
1662 401 1960 457 FELICEM
1999 399 2296 462 URGELL.
3365 418 3437 476 66

136 505 486 575 susceptione
526 508 703 577 gratia
743 508 845 565 sibi
893 511 1154 582 adoptare
1205 513 1259 566 in
1305 515 1497 583 ﬁlium.
1549 515 1615 569 Et
1651 517 1738 570 hic
1769 521 1817 577 Α
1845 531 1968 570 cum
2001 515 2159 573 Patre
2205 520 2374 574 fuisse
2421 536 2540 576 esse
2586 525 2917 594 credendum
2963 541 3081 596 est;
3114 532 3208 586 sed
3238 533 3434 599 homo,

134 609 288 650 error
317 598 637 652 neceSsario
667 599 920 670 exigebat
957 601 1026 657 ab
1057 602 1150 657 illo
1181 611 1238 656 ut
1269 619 1436 659 unum
1468 620 1498 658 e
1526 604 1737 660 duobus

139 681 291 736 malis
325 684 669 753 incurreret,
701 688 753 742 id
780 697 895 756 est,
925 699 985 744 ut
1013 700 1107 744 aut
1132 691 1267 747 duos
1297 691 1436 748 ﬁlios
1465 695 1734 761 crederet,

139 790 300 829 unum
329 775 613 834 hominem
634 821 648 846 ,
682 789 736 835 et
765 780 998 836 alterum
1031 782 1236 847 Deum,
1277 794 1368 838 aut
1407 801 1530 840 cum
1571 803 1736 841 unum

139 865 300 921 ﬁlium
329 868 544 925 diceret
564 911 580 937 ,
615 873 824 928 duobus
852 890 977 929 eum
1006 877 1182 931 modis
1208 891 1328 932 esse
1357 877 1527 932 filium
1558 877 1737 933 Patris

137 958 512 1027 conﬁteretur,
539 978 730 1018 verum
757 966 965 1021 scilicet
988 975 1042 1021 et
1073 983 1180 1023 non
1208 984 1396 1024 verum
1415 1011 1427 1034 ,
1454 971 1735 1040 proprium

135 1059 187 1104 ct
222 1051 542 1122 adoptivum
562 1096 577 1121 ,
617 1067 813 1110 natura
843 1067 897 1112 et
931 1062 1104 1130 gratia
1125 1101 1138 1128 ,
1170 1076 1293 1131 quae
1331 1063 1439 1117 duo
1467 1063 1607 1117 mala
1640 1064 1734 1118 ad-

137 1148 419 1196 vertuntur
453 1143 510 1198 in
563 1145 760 1202 litteris
808 1145 967 1216 ejus:
1016 1167 1139 1220 quae
1166 1153 1358 1223 utique
1395 1169 1500 1208 non
1541 1155 1732 1210 adver—

135 1239 395 1298 terentur,
431 1235 542 1289 nisi
575 1235 663 1290 illa
696 1237 990 1307 aliquando
1016 1241 1084 1296 ad
1113 1242 1307 1307 istum,
1345 1244 1635 1314 aliquando
1666 1247 1733 1300 ad

136 1324 280 1379 illum
313 1341 410 1380 cor
445 1327 772 1394 inclinaret,
821 1331 1192 1407 occultissimo
1232 1334 1327 1389 Dei
1361 1335 1568 1405 judicio
1607 1352 1732 1407 per-

133 1417 398 1473 mittente.
434 1419 504 1473 Et
532 1420 662 1490 quia
691 1436 847 1476 error
872 1424 1165 1479 terminum
1194 1425 1396 1481 habere
1426 1429 1634 1492 nescit,
1663 1429 1732 1482 ad

132 1510 230 1565 hoc
258 1511 552 1569 devolutus
581 1522 693 1582 est,
727 1524 788 1571 ut
815 1517 956 1572 sicut
985 1534 1110 1575 eum
1147 1521 1284 1576 dixit
1330 1521 1478 1577 Patri
1517 1524 1729 1579 duobus

134 1600 300 1657 modis
328 1602 530 1658 Filium
562 1621 709 1669 esse,
747 1608 819 1661 ita
851 1609 1057 1664 diceret
1089 1619 1144 1664 et
1168 1620 1414 1666 sanctam
1447 1613 1542 1667 Dei
1574 1614 1728 1684 geni-

132 1691 316 1747 tricem
357 1693 521 1750 aliter
556 1698 810 1766 genuisse
849 1699 1046 1765 Deum,
1099 1709 1155 1755 et
1201 1702 1362 1756 aliter
1413 1704 1688 1760 hominem
1712 1746 1726 1770 ,

133 1783 282 1849 quasi
312 1793 472 1838 extra
503 1784 676 1840 Deum
709 1788 989 1844 hominem
1025 1792 1293 1862 genuerit.

1843 621 2006 674 quem
2036 608 2089 662 in
2120 611 2355 678 gratiam
2400 613 2588 668 salutis
2631 615 2771 672 Deus
2803 617 3038 674 Verbum
3085 635 3398 693 susceperat
3419 666 3432 690 ,

1843 697 2070 752 audivit.
2103 701 2203 756 llic
2234 702 2376 757 ﬁlius
2407 703 2642 762 hominis
2671 723 2767 777 per
2800 710 2894 764 Dei
2927 710 3122 767 Filium
3143 755 3155 778 ,
3190 715 3284 770 Dei
3313 731 3435 772 esse

1841 786 2012 841 Filius
2037 790 2090 844 in
2117 791 2212 846 Dei
2240 792 2378 847 Filio
2400 805 2743 863 promeretur
2769 816 2780 851 :
2812 816 2912 855 nec
2939 802 3156 871 adoptio
3181 819 3213 857 a
3241 814 3434 860 natura

1841 877 2166 950 seiungitur,
2199 883 2292 938 sed
2324 893 2516 939 natura
2546 902 2669 941 cum
2712 888 3000 959 adoptione
3043 896 3427 967 conjungitur:

1841 971 2100 1036 quoniam
2152 988 2273 1026 cum
2319 974 2556 1029 Verbum
2603 993 2731 1032 caro
2775 979 2978 1035 factum
3024 992 3138 1049 est,
3183 1002 3289 1040 non
3332 1003 3433 1057 per

1841 1069 2176 1130 assumptam
2225 1064 2468 1119 decrevit
2507 1078 2837 1138 assumptor,
2891 1073 2984 1127 sed
3024 1075 3431 1133 in‘assumente

1839 1151 2014 1204 crevit
2058 1155 2374 1223 assumptio.
2423 1155 2702 1213 Creatume
2740 1161 2885 1215 enim
2911 1172 3128 1232 poterat
3155 1181 3252 1235 per
3278 1181 3428 1222 creao

1839 1248 2014 1295 torem
2047 1243 2377 1301 inﬁrmitatis
2418 1250 2720 1305 substantia
2760 1259 3116 1323 commutari,
3163 1261 3429 1315 creatoris

1838 1341 2021 1387 autem
2055 1335 2105 1389 in
2140 1348 2446 1394 creaturam
2484 1358 2590 1396 non
2629 1353 2836 1413 poterat
2877 1350 3202 1404 altcrnitatis
3231 1360 3425 1407 natura

1835 1425 2098 1478 converti.
2135 1426 2200 1479 Et
2227 1428 2348 1483 ideo
2380 1446 2503 1484 cum
2537 1432 2728 1488 dicitur
2760 1453 2774 1488 :
2809 1434 2972 1490 Prior
2999 1439 3155 1493 homo
3185 1441 3249 1494 de
3283 1452 3427 1495 terra

1835 1522 2101 1577 terrenus,
2154 1519 2416 1574 secundus
2463 1539 2490 1576 ε
2538 1525 2663 1577 c0210
2723 1525 2981 1592 cwlestis;
3033 1545 3137 1585 non
3180 1535 3428 1603 corporis

1834 1608 2062 1661 materia
2094 1620 2402 1680 separatur,
2435 1615 2532 1668 sed
2563 1614 2733 1669 forma
2768 1619 2986 1685 vitalis;
3021 1637 3122 1676 nec
3163 1639 3291 1678 caro
3322 1625 3424 1680 tol—

1833 1694 1983 1764 litur,
2015 1699 2110 1754 sed
2140 1703 2324 1757 carnis
2355 1714 2636 1776 susceptor
2662 1712 2989 1776 ostenditur,
3023 1713 3130 1778 ille,
3163 1715 3383 1785 inquam
3404 1758 3417 1780 .

1833 1790 1926 1859 qui
1976 1792 2031 1846 in
2083 1793 2377 1866 Evangelio
2416 1800 2493 1853 ait
2540 1818 2552 1852 :
2605 1801 2713 1857 Vos
2752 1803 2819 1858 de
2861 1804 3210 1863 inferioribus
3251 1811 3418 1876 estis,

198 1873 442 1945 xxxlx,
484 1876 643 1947 Legi;
680 1879 846 1934 etiam
881 1881 1032 1936 Felix
1063 1883 1118 1936 in
1148 1894 1463 1940 sanctorum
1500 1885 1721 1941 pan-um
1753 1870 1800 1930 B
1828 1895 1929 1953 ego
1956 1883 2023 1938 de
2055 1887 2428 1955 superioribus
2470 1906 2610 1944 sum.
2654 1894 2730 1948 De
2772 1897 3142 1965 superioribus
3168 1901 3280 1966 ait,
3310 1917 3421 1956 non

131 1963 475 2038 Hieronymi,
519 1967 841 2039 Augustini,
880 1973 1188 2040 Ambrosii,
1231 1975 1452 2042 Hilarii,
1490 1986 1545 2033 et
1583 1978 1728 2034 Aviti

131 2054 312 2122 libris,
364 2073 494 2112 cum
539 2059 608 2114 de
653 2062 1028 2120 incarnatione
1078 2066 1381 2124 Salvatoris
1429 2079 1723 2139 tractaret,

129 2145 499 2202 intromissum
531 2165 730 2207 nomen
768 2153 1110 2224 adoptionis,
1152 2159 1248 2215 sed
1289 2159 1449 2230 juxta
1502 2164 1723 2219 modum

129 2240 513 2309 assumptionis
541 2242 625 2297 vel
656 2247 1016 2315 susceptionis
1044 2250 1113 2305 ab
1156 2251 1235 2307 eis
1281 2254 1515 2322 positum
1535 2296 1550 2321 ,
1580 2257 1724 2325 quod

130 2329 215 2383 ille
246 2329 349 2385 alio
388 2333 448 2387 et
485 2347 516 2387 e
553 2337 834 2391 contrario
873 2337 1057 2394 hausit
1088 2354 1274 2397 sensu.
1312 2344 1389 2399 De
1427 2361 1535 2415 qua
1572 2364 1633 2403 re
1663 2357 1722 2402 ut

128 2435 186 2474 ea
217 2437 334 2491 qua:
363 2425 636 2481 sentimus
658 2467 671 2492 ,
701 2431 1094 2499 congruentius
1132 2433 1515 2505 proferamus;
1546 2454 1719 2509 pona-

130 2527 239 2567 mus
276 2512 517 2583 aliquam
547 2531 617 2570 ex
653 2516 761 2572 illis
791 2521 1118 2575 sententiam
1149 2531 1261 2577 tam
1291 2525 1594 2595 plenariam
1613 2567 1627 2592 ,
1662 2537 1719 2582 ut

129 2604 211 2657 ubi
240 2605 460 2675 adoptio
487 2607 710 2676 dicitur,
743 2610 980 2681 qualiter
1004 2615 1320 2684 accipienda
1350 2617 1452 2684 sit,
1483 2635 1550 2674 ex
1577 2635 1717 2690 prae-

127 2696 328 2752 cedenti
370 2709 428 2752 et
467 2699 824 2770 subsequenti
864 2705 1115 2760 sensibus
1152 2707 1456 2780 colligatur.
1496 2711 1589 2764 Ait
1620 2712 1721 2766 ita-

125 2802 224 2856 que
246 2788 438 2844 heatus
455 2789 823 2864 Hieronymus
849 2795 903 2848 in
930 2811 1028 2852 suo
1054 2799 1204 2853 brevi
1233 2808 1287 2854 et
1315 2799 1718 2869 elegantissimo

127 2887 355 2934 tractatu
383 2882 452 2937 de
492 2883 849 2941 similitudine
875 2889 1057 2942 carnis
1087 2890 1298 2958 peccati
1329 2900 1517 2947 contra
1547 2893 1718 2948 Mani-

126 2970 294 3027 chmos
320 2991 331 3026 :
364 2991 382 3024 ι
413 2973 665 3046 Denique
688 2976 793 3031 hoc
817 2977 1107 3033 conﬁrmat
1135 2982 1416 3052 proposita
1444 2983 1560 3054 ipsa
1591 3000 1714 3039 sen-

124 3062 311 3129 tentia,
367 3079 492 3134 quze
543 3066 779 3136 primum
826 3068 1002 3123 Adam
1049 3071 1104 3125 in
1153 3072 1393 3128 animam
1439 3076 1711 3131 viventem

123 3150 316 3208 factum
351 3169 479 3210 esse
516 3164 771 3227 testatur,
808 3161 1166 3216 novissimum
1204 3164 1257 3217 in
1298 3165 1492 3235 spiritu
1532 3154 1710 3221 viviﬁ-
1743 3212 1784 3235 ,.,

124 3255 349 3302 cantem.
392 3248 538 3305 Ecce
575 3267 673 3306 cur
704 3261 813 3306 tam
844 3263 970 3324 post
997 3255 1313 3312 innumeros
1344 3273 1516 3313 annos
1545 3267 1599 3314 et
1631 3259 1712 3313 in—

123 3341 508 3409 comprehensa
536 3343 809 3398 curricula
837 3346 1163 3401 saeculorum
1191 3347 1260 3402 ab
1286 3349 1539 3405 omnibus
1565 3367 1712 3405 mor-

124 3429 308 3486 talibus
327 3472 341 3497 ,
374 3447 406 3486 a
435 3433 636 3502 quibus
663 3444 723 3489 ut
750 3437 841 3504 qui
871 3438 1166 3492 secundum
1195 3454 1416 3494 carnem
1444 3448 1602 3495 natus
1629 3450 1711 3495 est

124 3533 416 3591 separatur,
449 3525 599 3594 quod
631 3525 720 3581 ille
750 3529 961 3596 primus
990 3531 1204 3594 vivens,
1253 3533 1342 3587 hic
1384 3534 1712 3589 novissimus

128 3610 441 3680 viviﬁcans;
489 3613 578 3668 ille
613 3616 717 3669 sibi
757 3617 884 3672 data
919 3620 1009 3674 vix
1049 3622 1364 3689 possidens,
1411 3623 1501 3678 hic
1535 3625 1712 3694 possi-

125 3701 287 3756 denda
317 3704 656 3761 condonans.
692 3706 846 3774 Quod
877 3718 934 3764 et
961 3710 1254 3767 Psalmista
1285 3712 1496 3769 duobus
1538 3717 1711 3771 versi-

125 3791 252 3848 culis
283 3796 631 3865 explanavit,
673 3783 899 3854 dicens:
935 3801 1077 3866 Quid
1115 3812 1190 3856 est
1224 3805 1378 3858 homo
1416 3805 1556 3876 quod
1594 3824 1707 3860 me-

126 3899 233 3936 mor
275 3902 326 3940 es
376 3888 527 3958 ejus,
579 3900 670 3942 aut
719 3889 862 3959 [ilius
911 3893 1174 3960 hominis,
1223 3897 1475 3966 quoniam
1527 3898 1707 3954 risitas

126 3991 233 4028 eum
260 3977 282 4029 ?
305 3976 478 4034 Homo
499 4020 514 4045 ,
541 3979 715 4036 Adam
743 3983 1092 4053 accipiendus
1119 3994 1204 4041 est
1230 4003 1243 4053 ;
1277 3986 1418 4042 ﬁlius
1450 3989 1703 4054 hominis,

130 4063 371 4123 Dominus
394 4069 780 4143 intelligendus
804 4083 889 4129 est
916 4093 928 4129 :
956 4076 1052 4146 qui
1082 4077 1135 4131 in
1162 4079 1486 4133 memoriam
1508 4080 1708 4137 veteris

132 4156 386 4227 visitatur,
418 4171 476 4217 et
505 4163 558 4216 in
587 4162 827 4220 defuncti
858 4167 1236 4224 recordatione
1274 4170 1467 4240 spiritu
1503 4171 1708 4226 saluta-

131 4246 280 4304 tionis
326 4251 621 4321 impletur:
675 4255 818 4325 quod
860 4257 977 4326 ipsa
1026 4258 1191 4313 verba
1242 4261 1593 4331 exprimunt:
1648 4272 1708 4317 ut

132 4354 234 4394 rem
268 4342 483 4412 planam
519 4346 703 4400 videre
733 4363 839 4402 non
869 4349 1068 4403 mirum
1097 4351 1198 4415 sit,
1233 4351 1359 4406 dum
1401 4361 1455 4406 et
1497 4353 1704 4407 homini

133 4434 376 4488 memoria
406 4433 777 4508 conjungitur,
816 4449 871 4493 et
909 4439 1021 4494 ﬁlio
1056 4441 1292 4496 hominis
1330 4443 1571 4498 visitatio
1615 4460 1705 4499 eo—

131 4521 346 4588 pulatur.
383 4526 478 4614 Illi.
501 4529 716 4583 mortali
751 4529 880 4598 quid
918 4529 1064 4585 aliud
1107 4539 1338 4621 poterat;
1365 4536 1700 4603 superesse?
1725 4562 1778 4621 D

131 4609 244 4666 huic
275 4590 569 4670 viviﬁcanti
595 4617 724 4685 quid
751 4590 895 4674 aliud
927 4590 1213 4688 oportebat
1259 4590 1513 4677 infundi?
1561 4623 1698 4677 Nam

139 4700 387 4759 defunctis
417 4708 679 4762 memoria
707 4709 952 4775 debetur,
985 4710 1224 4766 visitatio
1267 4712 1574 4769 viventibus
1603 4731 1701 4769 ev-

136 4793 373 4852 hibetur:
425 4800 572 4870 quod
617 4812 909 4872 utrumque
947 4804 1003 4858 in
1043 4805 1272 4860 Domino
1312 4822 1412 4876 per
1450 4807 1702 4862 incarna-

135 4887 316 4944 tionem
341 4901 560 4948 constat
591 4893 870 4964 impletum
889 4936 903 4960 ,
928 4911 1050 4950 cum
1081 4898 1151 4951 ob
1180 4897 1343 4966 primi
1374 4913 1702 4954 commemo-

134 4980 377 5036 rationem
407 4985 734 5040 novissimus
762 4985 1038 5053 visitatur,
1073 4997 1129 5043 et
1155 5004 1254 5058 per
1296 4989 1576 5045 novissimi
1616 4993 1700 5047 vi-

134 5067 417 5126 sitationem
453 5075 693 5130 salvatur
717 5084 771 5130 et
797 5077 1027 5146 primus.
1061 5078 1197 5134 Huic
1226 5094 1418 5135 sensus
1447 5097 1702 5152 germana

135 5167 209 5212 est
231 5161 313 5216 illa
337 5167 648 5220 sententia:
681 5164 896 5222 Primus
940 5169 1094 5223 homo
1136 5170 1201 5224 de
1242 5180 1383 5225 terra
1424 5181 1700 5240 terrenus,

136 5253 369 5308 secundus
394 5272 422 5309 e
447 5256 573 5310 caelo
602 5257 840 5314 caelestis.
870 5259 1003 5327 Quis
1030 5269 1114 5314 est
1137 5261 1241 5315 iste
1269 5263 1543 5336 coelestist
1574 5263 1703 5318 Sine

138 5339 282 5400 dubio
310 5344 397 5401 ille
423 5348 517 5416 qui
549 5362 674 5403 eum
703 5366 864 5420 quem
893 5352 1230 5423 gestabat-in
1262 5355 1592 5424 baptismate
1624 5356 1702 5411 fe-

137 5431 203 5484 cit
224 5434 400 5490 audire
430 5437 573 5505 quod
606 5449 731 5494 ante
756 5441 934 5510 ipsum
976 5443 1156 5497 nullus
1197 5444 1490 5500 audierat;
1526 5445 1700 5502 Filius

137 5532 265 5574 metu
297 5539 347 5576 es
388 5534 444 5577 tu
464 5565 490 5590 ,
519 5543 612 5596 ego
656 5528 811 5582 hodie
853 5530 1009 5600 genui
1041 5540 1109 5583 te.
1143 5530 1210 5584 Et
1239 5531 1474 5599 qualiter
1504 5533 1703 5588 dicitur

137 5609 302 5679 hodie,
350 5615 394 5670 si
444 5616 498 5671 in
547 5619 815 5690 principio
862 5619 1135 5687 Verbum,
1183 5632 1232 5675 et
1285 5620 1514 5678 Verbum
1558 5626 1699 5694 apud

140 5697 317 5769 Deum,
361 5716 406 5760 et
449 5707 593 5762 Deus
638 5720 750 5763 crat
805 5708 1080 5766 Verbum?
1125 5713 1250 5781 quia
1293 5729 1402 5768 non
1443 5725 1529 5769 est
1557 5716 1701 5770 istud

142 5787 348 5850 Verbum
377 5797 517 5868 quod
548 5813 761 5868 semper
793 5801 844 5854 in
879 5800 1039 5856 Patre
1059 5843 1072 5867 ,
1105 5811 1154 5855 et
1187 5804 1328 5872 apud
1360 5803 1611 5870 Patrem,
1645 5814 1699 5860 et

1831 1974 2020 2041 utique
2079 1976 2286 2032 siderea
2343 1993 2550 2044 carne,’
2591 1985 2685 2038 sed
2740 1987 2941 2042 virtute
2994 1991 3193 2045 divina.
3227 2013 3244 2044 ι
3282 1994 3423 2048 Ecce

1829 2063 2022 2119 beatus
2063 2065 2455 2139 Hieronymus,
2485 2082 2776 2144 postquam
2805 2077 2970 2141 dixit,
3010 2099 3028 2131 ι
3058 2080 3168 2137 Nec
3196 2085 3416 2153 adoptio

1827 2151 2130 2225 sejungitur
2158 2173 2188 2211 a
2216 2168 2407 2226 natura
2430 2203 2444 2228 ,
2476 2156 2570 2218 séd
2599 2175 2791 2221 natura
2823 2185 2944 2223 cum
2977 2171 3264 2243 adoptione
3292 2191 3423 2231 con-

1821 2243 2088 2315 jungitur,
2118 2268 2136 2301 ι
2183 2258 2243 2303 ut
2293 2254 2605 2309 ostenderet
2644 2272 2764 2326 qua:
2811 2269 2954 2314 esset
3003 2263 3118 2318 hare
3165 2266 3416 2336 adeptio.

1827 2334 2076 2403 adjunxit
2105 2357 2116 2391 :
2149 2362 2166 2389 ι
2197 2339 2464 2406 Quoniam
2492 2360 2613 2399 cum
2642 2348 2880 2404 Verbum
2907 2368 3036 2408 caro
3067 2353 3268 2410 factum
3298 2367 3379 2412 est
3402 2400 3417 2424 ,

1825 2440 1932 2480 non
1962 2443 2063 2497 per
2090 2440 2425 2503 assumptam
2457 2434 2700 2491 decrevit
2732 2451 3058 2511 assumptor,
3105 2445 3199 2499 sed
3237 2445 3292 2500 in
3333 2463 3421 2502 as-

1826 2527 2076 2572 sumente
2106 2521 2279 2574 crevit
2320 2528 2640 2594 assumptio.
2669 2547 2688 2578 ι
2745 2530 2896 2595 Quod
2940 2549 3102 2603 supra
3145 2536 3282 2591 dixit
3308 2538 3420 2592 .ud—

1824 2608 1984 2676 optio,
2009 2609 2114 2664 hoc
2131 2610 2359 2667 inferius
2384 2615 2613 2685 subjecit
2640 2623 2963 2693 assumptio;
2990 2633 3042 2679 et
3069 2641 3229 2695 quam
3247 2634 3412 2698 supra

1822 2697 2037 2752 dixerat
2065 2712 2315 2756 naturam
2334 2744 2348 2768 ,
2379 2705 2693 2775 explanavit
2719 2711 3001 2768 subdendo
3029 2697 3411 2786 assumptorem

1823 2795 1878 2841 et
1907 2800 2282 2871 assumentem.
2314 2792 2461 2848 Nihil
2489 2812 2619 2868 ergo
2663 2800 2809 2855 aliud
2849 2803 2939 2858 hic
2979 2804 3249 2875 signiﬁcat
3284 2809 3416 2862 ado-

1820 2879 1934 2948 ptio
1971 2895 2134 2949 quam
2164 2883 2311 2952 quod
2345 2888 2682 2957 assumptio;
2717 2899 2772 2946 et
2797 2894 2929 2947 nihil
2958 2897 3178 2952 omnino
3209 2899 3415 2970 aliquid

1822 2970 1930 3024 tale
1961 2971 2050 3025 hic
2080 2973 2417 3048 demonstrat
2450 2985 2560 3033 tota
2591 2981 2737 3036 beati
2767 2982 3080 3057 Hieronymi
3110 2994 3411 3060 sententia,

1817 3076 1917 3130 per
1954 3063 2098 3130 quod
2137 3066 2406 3134 suspicari
2446 3071 2723 3138 possimus
2760 3074 2837 3128 ita
2878 3092 3000 3131 eum
3044 3083 3313 3149 sensisse,
3353 3067 3416 3140 ut

1821 3152 2109 3208 Dominum
2153 3167 2399 3213 nostrum
2438 3160 2627 3217 Jesum
2665 3166 2942 3224 Christum
2986 3177 3282 3232 secundum
3314 3181 3414 3234 liu-

1817 3249 2135 3304 manitatem
2167 3250 2261 3305 Dei
2301 3252 2479 3310 Patris
2518 3257 2829 3328 adoptivum
2870 3262 3044 3318 ﬁlium
3077 3269 3412 3327 credendum

1817 3340 2057 3394 doceret.
2107 3340 2246 3407 Quia
2295 3360 2418 3398 cum
2467 3346 2600 3401 dicit
2645 3349 2892 3419 adoptio,
2941 3362 2996 3407 et
3037 3367 3413 3429 naturaesse-

1814 3444 1990 3494 mens,
2023 3439 2076 3482 et
2122 3434 2443 3503 assumptio,
2478 3449 2775 3509 assumpta,
2811 3451 2866 3496 et
2905 3459 3242 3517 assumptor;
3273 3453 3410 3509 nihil

1813 3516 2010 3573 horum
2061 3521 2129 3575 ad
2177 3521 2395 3577 Patrem
2443 3525 2634 3582 referri
2675 3530 2908 3597 videtur,
2954 3538 3046 3589 sed
3085 3516 3160 3592 de
3199 3538 3411 3598 duobus

1816 3614 2029 3664 tantum
2060 3612 2380 3669 substantiis
2400 3656 2414 3680 ,
2448 3632 2515 3671 ex
2545 3618 2744 3687 quibus
2773 3633 2988 3678 constat
3031 3643 3134 3682 una
3175 3645 3409 3700 persona

1817 3701 1962 3755 unici
2004 3711 2060 3756 et
2102 3705 2216 3757 veri
2260 3705 2382 3759 Filii
2428 3706 2560 3773 Dei,
2595 3714 2817 3766 tractari
2847 3719 3212 3786 cognoscitur.
3251 3721 3318 3777 Et
3347 3734 3409 3781 ut

1809 3793 2024 3862 plenius
2052 3795 2297 3852 dicamus
2323 3800 2468 3867 quod
2493 3803 2757 3859 sentimus
2774 3846 2788 3870 ,
2819 3808 3073 3877 adoptata
3099 3826 3183 3867 est
3206 3825 3409 3874 natura

1812 3884 2050 3940 humana
2075 3927 2088 3953 ,
2123 3886 2176 3942 id
2205 3896 2320 3955 est,
2354 3900 2608 3962 suscepta
2637 3894 2722 3949 vel
2764 3909 3041 3970 assumpta
3081 3902 3136 3957 in
3176 3920 3407 3974 persona

1810 3973 1934 4029 Filii
1966 3991 1997 4030 a
2026 3975 2164 4032 Filio
2191 3995 2203 4044 ;
2237 3988 2296 4035 ut
2325 3996 2449 4037 cum
2484 3983 2598 4055 ipse
2623 3995 2766 4042 esset
2793 3989 2984 4060 Filius,
3017 4010 3125 4050 non
3153 3973 3280 4066 alio,
3309 4001 3406 4057 sed

1810 4081 1877 4123 eo
1906 4070 2066 4124 modo
2095 4085 2204 4140 quo
2234 4082 2352 4159 erat
2379 4084 2436 4131 et
2474 4085 2602 4133 ante
2643 4078 2852 4137 Filius:
2898 4092 2953 4139 et
2991 4085 3094 4142 hec
3135 4099 3220 4145 est
3257 4095 3402 4162 quod

1809 4158 2026 4228 dicitur,
2073 4182 2090 4214 ι
2120 4162 2236 4220 Non
2262 4158 2360 4236 per
2397 4183 2732 4242 assumptam
2775 4177 3022 4236 decrevit
3067 4158 3398 4258 assumptor,

1808 4252 1903 4306 sed
1932 4253 1986 4306 in
2016 4265 2329 4313 assumente
2358 4262 2530 4315 crevit
2556 4266 2876 4337 assumptio.
2908 4288 2926 4321 ι

1881 4341 1992 4397 XL.
2026 4343 2188 4400 Juxta
2211 4348 2376 4418 igitur
2399 4351 2544 4408 hunc
2566 4357 2782 4411 modum
2812 4369 2869 4414 et
2894 4370 3122 4419 caeteros
3153 4365 3402 4428 doctores

1807 4432 2009 4490 dixisse
2051 4444 2106 4491 et
2151 4439 2420 4506 sensisse,
2470 4443 3021 4516 ubicunque‘nomcn
3070 4461 3125 4510 et
3170 4459 3397 4516 verbum

1807 4523 2110 4596 adoptionis
2152 4516 2204 4582 in
2245 4528 2371 4584 ﬁdei
2406 4531 2752 4603 dogmatibus
2792 4538 3165 4609 inseruerunt,
3219 4548 3397 4605 credi-

1807 4633 1947 4676 mus.
1982 4618 2125 4674 Dicit
2154 4620 2337 4691 itaque
2364 4623 2556 4684 beatus
2582 4627 2822 4687 Hilarius
2850 4632 3001 4703 (Lib.
3035 4653 3073 4690 n
3104 4638 3168 4692 de
3199 4638 3394 4699 Trinit.

1806 4709 1926 4766 subl
1959 4711 2098 4784 ﬁn.)
2129 4733 2140 4766 :
2173 4733 2192 4765 ‹
2220 4713 2368 4771 Parit
2401 4717 2589 4789 Virgo,
2625 4733 2815 4790 partus
2852 4740 2882 4779 a
2912 4725 3024 4782 Deo
3063 4738 3165 4785 est.
3211 4732 3395 4790 Infans

1803 4803 1986 4872 vagit,
2017 4802 2298 4859 laudantes
2325 4805 2518 4877 Angeli
2561 4811 2874 4868 audiuntur.
2923 4815 3094 4871 Panni
3134 4807 3391 4891 sordent,

1804 4892 1948 4948 Deus
1977 4894 2254 4949 adoratur.
2286 4895 2366 4950 Ita
2396 4899 2679 4966 potestatis
2705 4902 2941 4972 dignitas
2965 4919 3071 4959 non
3100 4907 3393 4979 amittitu‘r,

1804 4982 1932 5037 dum
1979 4984 2160 5038 carnis
2206 4985 2485 5041 humilitas
2520 4988 2831 5058 adoptatur.
2862 5011 2880 5042 ι
2921 4992 3028 5048 Sed
3056 4998 3242 5052 statim
3273 5011 3398 5070 post

1803 5072 2081 5141 paululum
2129 5075 2402 5145 subiungit
2447 5077 2633 5133 dicens
2681 5092 2804 5135 eum
2850 5082 2904 5137 in
2955 5086 3138 5142 carnis
3179 5104 3395 5146 assum-

1804 5165 1989 5234 ptione
2029 5165 2340 5230 hominem,
2392 5168 2562 5222 Deum
2604 5185 2732 5224 vero
2772 5174 2825 5226 in
2870 5175 3037 5242 gestis
3075 5178 3238 5234 rebus
3276 5182 3391 5236 exi-

1805 5264 1968 5311 stere.
1996 5255 2164 5312 Paulo
2191 5273 2427 5327 namque
2453 5261 2705 5331 superius
2732 5262 2868 5317 dixit
2891 5278 2907 5318 :
2938 5283 2955 5315 ι
2977 5265 3258 5324 Postremo
3287 5287 3393 5327 una

1804 5363 1929 5402 cum
1959 5344 2160 5403 Judaeis
2188 5348 2496 5405 irascantur
2525 5351 2689 5405 iidem
2733 5353 3011 5420 haeretici,
3054 5359 3199 5428 quod
3238 5360 3396 5420 Chri-

1806 5448 1922 5494 stus
1946 5438 2048 5492 sibi
2074 5440 2355 5509 proprium
2378 5439 2596 5495 Patrem
2623 5442 2909 5510 conﬁtens,
2933 5445 3104 5504 Deum
3131 5454 3392 5522 :equalem

1807 5545 1863 5584 se
1893 5530 2085 5583 fecerit
2110 5530 2260 5595 Deo;
2293 5541 2347 5584 et
2375 5547 2479 5585 una
2512 5547 2634 5586 cum
2676 5533 2761 5589 his
2801 5537 3052 5604 audiant,
3084 5540 3177 5596 Vel
3209 5547 3394 5615 operi-

1805 5622 1906 5677 bus
1933 5620 2137 5674 credite
2164 5620 2326 5687 meis,
2355 5621 2479 5691 quia
2510 5635 2610 5693 ego
2639 5622 2693 5676 in
2723 5622 2916 5692 Patre,
2949 5636 3004 5683 et
3032 5627 3194 5686 Pater
3221 5633 3275 5688 in
3307 5650 3395 5691 me

1805 5721 1908 5768 est.
1944 5710 2122 5767 Unum
2163 5709 2327 5781 igitur
2362 5718 2446 5765 est
2483 5710 2586 5765 hoc
2627 5712 2904 5770 immobile
2946 5717 3394 5792 fundamentum,

1808 5817 1913 5856 una
1945 5803 2059 5856 hate
2091 5800 2219 5855 felix
2261 5801 2383 5854 ﬁdei
2431 5810 2622 5873 petra,
2657 5803 2799 5859 Petri
2833 5822 2965 5862 voce
2995 5810 3242 5866 confessa
3265 5855 3278 5878 ,
3313 5814 3391 5869 Tu
