3918 6324
516 381 584 433 επ
1505 376 1561 432 S.
1603 373 1957 432 AGOBARDI
1992 370 2311 433 EPISCOPI
2343 372 2836 429 LUGDUNENSIS
2906 418 2913 425 .
3742 379 3806 432 68
3888 376 3889 385 “

511 518 567 555 es
596 495 776 554 Filius
813 497 917 551 ‘Dei
940 496 1133 551 sivi...
1162 494 1305 550 Ecce
1342 491 1698 549 admirandus
1738 491 1932 547 doctor
1964 486 2105 545 dicit
2130 490 2178 546 Α
2280 485 2461 541 XLIII.
2502 498 2524 526 ο
2556 487 2836 544 Fidentius
2863 504 2995 543 vero
3025 488 3247 560 quidam
3278 490 3583 545 catholicus
3617 491 3809 546 doctor

513 591 660 663 quod
710 589 962 647 Christus
1016 588 1300 660 preprium
1352 586 1458 642 sibi
1510 584 1729 641 Patrem
1781 581 2110 639 contlteatnr

512 682 706 740 Deum.
740 681 945 752 Nempe
971 680 1019 737 si
1049 678 1305 751 proprius
1330 678 1515 742 Pater,
1546 691 1656 737 non
1685 674 1984 746 adoptans,
2014 672 2109 728 sed

523 790 812 849 generans,
833 772 1097 844 proprius
1122 769 1290 837 illius,
1317 785 1428 825 non
1456 768 1767 839 adeptatus,
1799 764 1894 822 sed
1923 771 2106 837 natus.

588 862 725 919 XLI.
756 875 780 903 ιι
812 862 1011 918 Beatus
1039 875 1256 932 quoque
1282 859 1496 924 Kvitus,
1522 856 1973 913 Photinianorum
1999 856 2110 911 hae-

516 956 808 1011 reticorum
840 952 1209 1009 validissimus
1232 958 1593 1020 expugnator,
1625 947 1845 1019 scripSit
1873 947 2062 1003 dicens
2091 965 2105 1001 :

520 1064 539 1096 ι
570 1045 731 1102 Certe
770 1040 1344 1101 circumfrementibus
1384 1037 1586 1094 Iudaeis
1626 1046 1683 1093 et
1722 1038 1779 1092 in
1817 1036 2108 1095 Dominum

515 1147 764 1193 nostrum
809 1142 1030 1191 exserta
1072 1131 1536 1204 blasphemiarum
1582 1130 1688 1185 tela
1730 1128 2104 1191 vibrantibus,

513 1244 676 1298 quem
706 1226 1052 1298 respondisse
1081 1224 1382 1289 credimus,
1414 1222 1587 1277 Amen
1617 1221 1740 1277 dico
1766 1220 1955 1285 vobis,
1983 1228 2111 1275 ante

516 1320 793 1376 Abraham
819 1333 922 1389 ego
947 1333 1066 1373 sum
1084 1357 1100 1382 ,
1128 1316 1235 1371 nisi
1264 1315 1391 1386 quia
1432 1329 1532 1386 per
1567 1312 1914 1369 concordiam
1951 1310 2109 1384 geni~

517 1411 656 1466 toris
684 1417 741 1466 et
768 1409 984 1481 generis
1013 1408 1126 1478 ipse
1153 1422 1254 1477 per
1282 1405 1563 1461 traducem
1605 1412 1979 1460 maternorum
2008 1416 2105 1472 pa-

512 1511 731 1558 rentum
758 1499 1040 1556 descendit
1058 1513 1124 1554 ex
1148 1496 1383 1552 Abrahae
1412 1494 1644 1561 semine,
1670 1493 1765 1563 qui
1795 1492 1915 1549 sine
1943 1505 2110 1546 anno-

511 1608 633 1648 rum
659 1607 887 1647 numero
913 1590 1194 1645 Abraham
1217 1588 1431 1661 przeivit
1451 1585 1788 1643 aeternitate?
1808 1584 1911 1653 Qui
1937 1583 2111 1639 maxi-

515 1697 636 1737 mus
665 1681 1102 1751 patriarcharum
1120 1721 1135 1737 .
1164 1694 1287 1735 cum
1311 1678 1522 1735 videret
1542 1677 1692 1733 illum
1720 1677 1862 1733 diem
1882 1717 1895 1741 ,
1925 1676 1980 1733 in
2003 1690 2112 1746 quo

513 1756 630 1825 sine
659 1770 766 1826 line
793 1778 1079 1841 permanet
1107 1770 1287 1834 Deus,
1316 1767 1631 1838 concupivit
1658 1765 1819 1822 talem
1852 1766 2001 1821 illum
2030 1766 2110 1821 vi-

2211 591 2335 631 cum
2369 576 2622 651 similiter
2659 580 2878 635 doceret
2918 579 3201 650 proprium
3239 588 3295 635 et
3331 595 3521 637 verum
3563 595 3687 637 esse
3719 580 3810 637 Fi-

2210 667 2341 724 lium
2369 668 2469 724 Dei
2497 670 2786 726 Dominum
2813 681 3095 739 nostrum,
3125 685 3404 743 exponens
3445 671 3628 729 locum
3658 672 3810 728 illum

2210 759 2526 833 Evangelii,
2558 762 2651 818 uhi
2676 763 3062 835 transllgurato
3086 763 3317 820 Domino
3346 765 3401 820 in
3431 773 3638 832 monte,
3667 764 3811 821 facta

2210 860 2295 907 est
2336 867 2443 908 vox
2488 852 2668 909 Patris
2714 852 2783 908 ad
2824 855 3101 925 apostolos
3129 855 3317 911 dicens
3346 870 3361 910 :
3394 854 3498 910 Hic
3527 865 3601 910 est
3632 854 3811 910 Filius

2209 962 2361 999 meus
2386 944 2612 1001 dilectus
2632 986 2648 1013 ,
2679 946 2814 1002 dicit
2840 963 2853 1001 :
2882 964 2905 998 ‹
2928 946 3058 1004 ideo
3077 988 3092 1013 ,
3134 946 3412 1003 elevantes
3452 947 3640 1011 oculos
3682 960 3803 1017 apo-

2210 1034 2372 1101 stoli,
2418 1036 2692 1103 neminem
2732 1035 2991 1091 viderunt
3036 1037 3140 1093 nisi
3180 1036 3357 1093 solum
3399 1036 3621 1104 Iesum,
3648 1054 3722 1094 ne
3754 1044 3807 1094 et

2211 1128 2328 1199 ipse
2374 1127 2519 1185 illius
2548 1129 2814 1197 heminis,
2859 1131 3001 1186 sicut
3038 1130 3252 1203 Moyses
3286 1138 3343 1187 et
3365 1131 3545 1197 Elias,
3576 1119 3671 1187 vel
3711 1145 3811 1187 ca:-

2211 1221 2315 1276 teri
2368 1221 2582 1289 sancti,
2636 1230 2925 1293 putaretur
2976 1223 3140 1279 homo
3190 1222 3324 1287 Dei,
3391 1230 3447 1278 et
3496 1230 3813 1292 mquaretur

2209 1326 2334 1367 cum
2383 1311 2651 1384 adoptivis
2699 1313 2963 1368 Dominus
3009 1310 3333 1382 maiestatis.
3367 1332 3387 1365 ι
3428 1312 3571 1367 Ecce
3614 1320 3674 1367 et
3720 1311 3809 1367 hic

2211 1404 2429 1475 pietatis
2482 1405 2676 1461 doctor
2728 1421 2853 1462 eum
2911 1414 3073 1476 quem
3128 1404 3259 1461 dicit
3310 1420 3417 1460 non
3477 1403 3809 1473 :cquandum

2210 1495 2510 1566 adoptivis,
2552 1495 2723 1560 ﬁlium
2764 1496 3003 1552 hominis
3028 1493 3315 1557 nominat:
3347 1509 3510 1565 quem
3542 1493 3738 1564 utique
3770 1494 3813 1549 si

2212 1587 2380 1665 sciret
2407 1588 2717 1659 adoptivum
2745 1589 3043 1644 secundum
3070 1601 3321 1651 carnem,
3367 1586 3656 1661 nominans
3688 1602 3813 1643 eum

2213 1679 2387 1735 illium
2418 1681 2658 1737 hominis
2675 1704 2703 1747 ,-
2718 1697 2827 1737 non
2857 1680 2939 1737 sic
2966 1679 3307 1738 discerneret
3334 1680 3404 1736 ali
3442 1680 3719 1750 adoptivis
3758 1689 3813 1734 ut

2213 1769 2506 1826 Dominum
2542 1771 2865 1843 maiestatis.

422 1880 429 1885 ε
511 1862 642 1917 tlcre
671 1830 973 1931 quo-homo
997 1860 1186 1914 unitus
1212 1830 1299 1914 est
1324 1859 1458 1913 Deo.
1496 1830 1673 1922 l’idit,
1707 1857 1917 1927 inquit,
1948 1866 1996 1927 et
2021 1872 2113 1929 ga-
2139 1830 2188 1891 Β
2226 1942 2227 1945 η
2284 1860 2470 1918 XLIV.
2501 1830 2700 1920 Beatus
2725 1879 2941 1934 quoque
2967 1863 3331 1935 Augustinus,
3359 1878 3485 1921 cum
3511 1873 3813 1935 exponeret

509 1951 650 2004 risus
679 1958 796 2003 est:
830 1950 956 2020 quia
1003 1949 1145 2007 sicut
1180 1949 1440 2005 cernebat
1467 1947 1621 2005 illum
1648 1946 1705 2002 in
1734 1961 1843 2017 quo
1871 1956 1994 2005 erat
2019 1963 2114 2018 ge-
2212 1950 2516 2023 Epistolam
2540 1952 2689 2019 beati
2715 1952 2871 2008 Pauli
2902 1952 3132 2024 apostoli
3164 1952 3235 2007 ad
3259 1952 3513 2018 Galatas,
3542 1962 3607 2006 et.
3626 1968 3815 2022 perve-

508 2041 675 2095 nuina
697 2040 979 2112 maiestas,
1003 2040 1077 2095 ita
1106 2048 1163 2095 et
1188 2040 1354 2095 istum
1376 2038 1648 2095 desiderio
1669 2045 2025 2111 conceperat,
2054 2038 2110 2093 in

509 2146 617 2201 quo
642 2131 901 2201 adnptata
930 2131 1312 2187 illustrahatur
1340 2129 1637 2185 humilitas.
1659 2149 1678 2182 ι
1708 2128 1814 2185 Sed
1839 2129 1967 2200 quia
1994 2129 2112 2185 haec

510 2222 732 2288 dicens,
764 2236 867 2277 nec
894 2221 1131 2278 credidit
1158 2237 1260 2276 nec
1301 2220 1487 2275 docuit
1527 2219 1818 2273 Dominum
1860 2210 2109 2273 nostrum

508 2311 821 2381 adoptivum
857 2310 1194 2368 esseJilium
1228 2309 1386 2381 iuxta
1424 2311 1853 2376 humanitatem,
1884 2318 2110 2381 apparet

509 2404 536 2444 δ
566 2417 640 2459 ex
670 2419 736 2460 eo
772 2405 917 2475 quod
956 2405 1159 2468 ibidem
1192 2403 1457 2475 praemisit
1491 2404 1720 2460 dicens:
1760 2421 1778 2454 ς
1811 2400 2109 2473 Apostolus

508 2504 693 2551 autem
732 2495 869 2551 dicit
908 2514 922 2550 :
960 2494 1254 2566 Postquam
1278 2510 1413 2553 vero
1452 2496 1588 2551 venit
1611 2493 1883 2568 plenitudo
1912 2505 2107 2565 tempo-

508 2603 647 2645 rum.
662 2586 806 2642 misit
830 2586 973 2642 Deus
992 2585 1192 2643 Filium
1212 2604 1389 2643 suum.
1411 2587 1706 2643 Enimvero
1728 2587 1821 2657 qui
1845 2587 2103 2651 mittitur,

504 2686 627 2732 erat
658 2684 953 2746 antequam
981 2677 1312 2733 mitteretur.
1346 2675 1483 2743 Quia
1509 2676 1557 2733 si
1589 2685 1714 2731 ante
1742 2676 1969 2732 Mariam
1996 2691 2103 2731 non

505 2763 739 2833 fuisset,
780 2766 929 2822 hunc
969 2765 1203 2822 similem
1247 2766 1464 2824 caeteris
1502 2767 1721 2838 adoptio
1759 2765 1967 2825 faceret
2005 2766 2105 2822 Dei

511 2854 709 2910 Filium
727 2896 742 2922 ,
769 2870 877 2910 non
904 2864 1121 2911 natura.
1152 2855 1263 2912 Nec
1284 2856 1340 2912 in
1366 2856 1678 2929 Evangeliis
1702 2855 1819 2927 ipse
1843 2856 2103 2911 dixisset:

507 2950 742 3006 Tantum
775 2948 964 3006 dilexit
990 2950 1138 3005 Deus
1164 2949 1458 3015 mundum,
1488 2956 1550 3005 ut
1577 2947 1775 3002 Filium
1805 2962 1963 3002 suum
1989 2947 2108 3001 uni—

506 3059 633 3099 cum
672 3041 848 3098 daret.
884 3040 1004 3097 Non
1037 3040 1271 3103 electum
1310 3055 1442 3111 ergo
1475 3040 1545 3094 ab
1579 3039 1697 3110 ipsa
1726 3037 1985 3093 ineffabili
2010 3052 2107 3107 pa-

508 3132 768 3186 ternitate
789 3171 805 3198 ,
845 3132 941 3189 sed
976 3132 1219 3202 genitum
1244 3148 1260 3197 ;
1289 3131 1392 3187 cui
1419 3139 1529 3185 tam
1560 3124 1670 3185 Deo
1696 3145 1862 3199 quam
1896 3129 2103 3184 homini

507 3238 672 3288 vero,
702 3223 757 3278 in
789 3232 1024 3295 utraque
1054 3230 1247 3278 natura
1277 3222 1511 3278 ﬁdeliter
1537 3222 1790 3293 proprio,
1824 3222 1878 3276 in
1907 3221 2102 3277 divini—

511 3322 623 3369 tate
654 3328 943 3370 emanasse
972 3314 1038 3369 de
1062 3312 1257 3378 Patre,
1290 3312 1344 3368 in
1372 3327 1602 3381 corpore
1626 3311 1857 3387 coepisse
1889 3311 1957 3367 de
1989 3327 2106 3366 ma-

513 3414 617 3460 tre.
645 3424 663 3457 ι
697 3403 840 3459 Ecce
880 3403 1184 3459 catholicus
1223 3403 1418 3460 doctor
1459 3400 1698 3457 veridice
1744 3410 1934 3456 contra
1961 3401 2103 3457 Feli-

513 3512 632 3552 cem
683 3503 920 3551 testatur
948 3495 1093 3564 quod
1132 3492 1397 3549 Dominus
1438 3501 1627 3549 noster
1670 3508 1771 3548 nec
1814 3494 2105 3563 adoptione

512 3602 615 3643 nec
659 3586 927 3643 electione
970 3587 1041 3642 sit
1084 3585 1226 3641 (ilius
1270 3584 1479 3653 Patris,
1526 3585 1619 3640 sed
1662 3600 1864 3655 genere
1892 3597 1948 3641 et
1976 3601 2105 3658 pro-

505 3680 678 3750 prietn
689 3687 760 3733 te.

580 3768 742 3827 XLII.
782 3767 982 3825 Beatus
1011 3769 1177 3825 etiam
1213 3782 1352 3839 papa
1381 3766 1676 3839 Gregorius
1709 3783 1834 3823 cum
1870 3781 2104 3840 expone-

504 3870 590 3919 ret
616 3862 787 3917 verba
817 3860 971 3917 Heliu
989 3901 1005 3925 ,
1034 3861 1126 3916 ubi
1155 3859 1327 3915 dicit:
1357 3877 1379 3912 ς
1412 3858 1579 3925 Ecce,
1608 3859 1752 3914 Deus
1782 3858 2019 3915 excelsus
2045 3861 2104 3916 in

504 3950 819 4025 fortitudine
842 3970 941 4008 sua
960 3994 974 4011 .
1005 3962 1054 4007 et
1085 3951 1264 4013 nullus
1295 3952 1342 4007 ei
1372 3950 1561 4007 similis
1593 3951 1649 4006 in
1679 3950 2101 4022 legislatoribus,

510 4048 652 4103 dixit
688 4044 926 4121 (Horat.
962 4045 1001 4101 l.
1033 4060 1216 4110 xxvu,
1247 4060 1299 4101 c.
1332 4043 1358 4098 l
1385 4042 1405 4117 )
1433 4062 1446 4098 :
1484 4042 1845 4115 Legislatores
1876 4051 2105 4100 cunctos

507 4142 691 4198 dicere
712 4155 1019 4212 possumus,
1044 4154 1180 4211 quos
1206 4154 1273 4196 ex
1297 4138 1416 4212 lege
1444 4136 1792 4205 admonuisse
1821 4142 1973 4207 recta
2003 4151 2103 4206 po—

507 4232 695 4304 pulum
730 4232 953 4287 scimus.
992 4229 1102 4286 Sed
1144 4230 1271 4286 huic
1297 4229 1584 4285 mediatori
1615 4228 1670 4283 in
1698 4226 2103 4299 legislatnribus

510 4325 710 4385 similis
735 4323 918 4379 nullus
944 4330 1046 4379 est.
1080 4319 1218 4389 Quia
1250 4320 1340 4379 isti
1368 4319 1602 4392 gratuite
1642 4317 1850 4384 vocati,
1879 4330 1947 4371 ex
1968 4330 2103 4389 pec-

505 4415 644 4471 catis
674 4414 743 4471 ad
782 4412 1153 4469 innocentiam
1185 4410 1454 4477 redeunt;
1486 4418 1544 4465 et
1569 4411 1638 4465 ab
1663 4409 1752 4469 his
1778 4423 1900 4478 quae
1929 4407 1986 4461 in
2017 4422 2103 4463 se-

2214 2042 2386 2098 nisset
2411 2044 2479 2099 ad
2508 2043 2689 2099 locum
2719 2045 2809 2098 ubi
2853 2044 3087 2099 dicitur:
3123 2042 3191 2096 At
3231 2043 3320 2097 ubi
3362 2043 3499 2097 venit
3537 2041 3812 2113 plenitudo

2210 2134 2493 2204 temporis,
2530 2134 2672 2190 misit
2711 2130 2855 2189 Deus
2885 2133 3088 2189 Filium
3132 2150 3288 2189 suum
3336 2134 3536 2206 [actum
3586 2150 3655 2188 ea:
3700 2151 3815 2188 mst-

2209 2224 2358 2290 liere,
2392 2225 2594 2295 factum
2623 2225 2719 2282 sub
2748 2224 2884 2298 lege,
2916 2237 2972 2281 ut
2999 2244 3087 2283 eos
3111 2228 3202 2299 qui
3228 2226 3324 2281 sub
3348 2225 3459 2298 lege
3484 2235 3639 2281 erant
3670 2225 3812 2280 redi—

2208 2325 2369 2369 meret
2392 2356 2407 2381 ,
2439 2326 2496 2371 ut
2529 2317 2865 2388 adoptionem
2892 2317 3130 2387 filiorum
3158 2320 3500 2389 reciperemus
3520 2359 3535 2385 ,
3558 2326 3687 2388 post
3719 2318 3813 2373 ali-

2207 2420 2314 2475 qua
2343 2420 2464 2476 quae
2492 2408 2559 2462 ad
2587 2407 2987 2477 expositionem
3016 2409 3210 2463 horum
3252 2409 3545 2464 verborum
3574 2410 3817 2479 pertine-

2208 2496 2369 2562 bant,
2400 2496 2680 2566 subiunxit
2707 2498 2896 2564 dicens
2923 2516 2935 2553 :
2965 2518 2983 2549 ι
3017 2497 3129 2553 Nec
3155 2498 3291 2554 dixit
3318 2498 3461 2554 idem
3488 2496 3809 2570 Apostolus,

2206 2596 2269 2641 ut
2307 2588 2655 2659 adoptionem
2695 2587 2935 2644 ﬁliorum
2976 2590 3387 2660 acciperemus,
3417 2590 3513 2645 sed
3555 2589 3792 2659 recipere

2207 2694 2323 2732 mus
2346 2694 2366 2744 ;
2393 2687 2454 2732 ut
2482 2678 2819 2751 signiﬁcaret
2849 2680 2954 2736 hoc
2979 2696 3079 2736 nos
3112 2680 3365 2737 amisisse
3392 2680 3448 2735 in
3490 2679 3663 2735 Adam
3685 2722 3701 2745 ,
3744 2696 3807 2734 es

2207 2782 2315 2836 quo
2344 2768 2601 2824 mortales
2640 2784 2847 2824 sumus.
2895 2769 2997 2826 llic
3034 2770 3180 2825 enim
3217 2768 3562 2841 adoptionem
3606 2770 3812 2841 rccipi-

2208 2873 2365 2911 mus:
2398 2859 2544 2927 quod
2574 2858 2665 2915 ille
2692 2859 2888 2915 unicus
2919 2875 3025 2915 non
3058 2862 3378 2933 dedignatus
3405 2870 3490 2918 est
3513 2862 3814 2933 participa-

2210 2946 2359 3001 tione
2406 2954 2615 3003 natura:
2661 2958 2894 3013 nostrm,
2941 2950 3116 3006 lactus
3156 2968 3225 3006 ex
3268 2952 3514 3008 muliere.
3547 2975 3565 3005 ι
3605 2951 3722 3008 Sed
3769 2954 3813 3008 si

2206 3040 2500 3109 praedictus
2530 3042 2721 3096 doctor
2750 3042 2806 3097 in
2833 3043 2919 3098 his
2944 3044 3126 3099 verbis
3157 3044 3231 3099 ita
3258 3060 3357 3100 nos
3384 3059 3576 3116 sapere
3604 3044 3815 3100 voluis-

2209 3139 2325 3197 set,
2353 3140 2413 3186 ut
2440 3133 2661 3188 unicum
2690 3132 2888 3189 Filium
2918 3135 3012 3191 Dei
3041 3136 3328 3191 Dominum
3381 3146 3629 3192 nostrum
3670 3137 3813 3192 duo-

2207 3221 2309 3275 bus
2354 3221 2527 3277 modis
2569 3222 2683 3277 Deo
2727 3222 2878 3278 Patri
2926 3225 3092 3279 lilium
3139 3226 3542 3293 conﬁteremur,
3591 3228 3643 3281 id
3690 3238 3809 3293 est,

2209 3318 2404 3365 natura
2428 3352 2442 3375 ,
2471 3324 2527 3367 et
2554 3296 2872 3384 adoptione,
2903 3331 3178 3385 nunquam
3208 3317 3405 3372 iterum
3440 3317 3620 3373 taliter
3646 3319 3815 3376 docev

2206 3411 2320 3467 ret,
2353 3410 2413 3457 ut
2442 3402 2497 3456 in
2539 3403 2881 3473 expositione
2923 3405 3116 3474 psalmi
3144 3406 3464 3477 octogesimi
3494 3410 3675 3463 octavi
3710 3409 3809 3465 do-

2204 3494 2348 3559 cuit,
2379 3493 2603 3549 dicens:
2634 3513 2650 3544 ‹
2685 3493 2817 3560 Quis
2857 3495 2914 3549 in
2955 3496 3179 3551 nubibus
3213 3497 3510 3568 mquabitur
3528 3498 3815 3555 Domino!

2208 3583 2277 3638 Et
2306 3585 2424 3654 quis
2455 3584 2647 3639 similis
2676 3586 2775 3639 erit
2814 3585 3035 3640 Domino
3063 3586 3118 3641 in
3146 3587 3275 3655 ﬁliis
3305 3587 3447 3641 Dei?
3473 3587 3616 3659 Ergo
3642 3604 3811 3647 nemo

2206 3673 2261 3728 in
2298 3669 2425 3755 ﬁliis
2451 3672 2547 3730 Dei
2576 3675 2773 3731 similis
2799 3677 2906 3731 erit
2934 3677 3072 3732 Filio
3101 3677 3219 3734 Dei.
3265 3677 3332 3732 Et
3372 3678 3488 3750 ipse
3516 3680 3815 3750 praedictus

2203 3778 2290 3826 est
2318 3767 2499 3845 Filius
2520 3768 2646 3833 Dei,
2678 3778 2733 3826 et
2764 3785 2865 3826 nos
2888 3769 3017 3825 dicti
3050 3785 3237 3825 sumus
3265 3770 3362 3826 ﬁlii
3391 3770 3510 3828 Dei.
3556 3770 3661 3826 Sed
3691 3776 3812 3845 quis

2203 3858 2393 3915 similis
2442 3844 2542 3913 erit
2586 3858 2815 3914 Domino
2859 3861 2915 3914 in
2957 3860 3086 3929 ﬁliis
3127 3859 3277 3914 Dei?
3318 3860 3412 3916 [Ile
3449 3863 3677 3929 unicus,
3708 3844 3813 3920 nos

2205 3950 2394 4017 multi,
2427 3950 2516 4006 ille
2545 3967 2718 4015 unus,
2747 3966 2849 4005 nos
2878 3951 2933 4005 in
2964 3950 3055 4005 illo
3083 3967 3249 4005 unum
3275 3969 3289 4017 ;
3337 3953 3427 4007 ille
3462 3962 3623 4009 natus
3643 3993 3657 4019 ,
3707 3972 3808 4011 nos

2207 4041 2450 4115 adoptati
2477 4058 2492 4108 ;
2522 4041 2613 4097 ille
2642 4042 2712 4097 ah
2739 4050 2946 4097 aeterno
2972 4041 3143 4096 Filius
3166 4043 3381 4113 genitus
3401 4057 3500 4113 per
3530 4051 3809 4110 naturam,

2206 4150 2307 4191 nos
2334 4150 2363 4189 a
2396 4141 2638 4204 tempore
2664 4132 2795 4188 facti
2824 4148 2923 4204 per
2949 4133 3182 4205 gratiam
3205 4173 3218 4198 ,
3252 4133 3339 4188 ille
3383 4134 3500 4190 sine
3542 4134 3653 4189 ullo
3677 4150 3810 4206 pec-

2204 4237 2347 4295 cato,
2379 4244 2478 4284 nos
2506 4243 2608 4298 per
2634 4227 2784 4282 illum
2814 4226 3029 4282 liberati
3070 4240 3101 4280 a
3139 4236 3384 4297 peccato.
3418 4225 3551 4293 Quis
3588 4242 3716 4299 ergo
3755 4231 3809 4283 iu

2206 4320 2431 4377 nubibus
2460 4319 2757 4391 a'quabitur
2786 4318 3009 4372 Domino
3029 4360 3044 4384 ,
3074 4328 3168 4372 aut
3199 4335 3317 4389 quis
3346 4316 3535 4372 similis
3566 4320 3666 4374 erit
3700 4319 3809 4376 Do-

2202 4412 2347 4467 mino
2373 4412 2511 4465 inter
2533 4410 2674 4480 ﬁlios
2695 4409 2795 4463 Dei
2818 4409 2842 4463 .’
2863 4429 2881 4460 ι
2912 4408 3051 4463 Ecce
3079 4408 3305 4464 illustris
3329 4409 3521 4464 doctor
3543 4410 3811 4480 praedicat

506 4505 756 4574 metipsis
817 4503 1028 4575 experti
1088 4509 1213 4559 sunt
1253 4501 1600 4572 praedicando
1635 4499 1773 4555 alios
1809 4499 2094 4559 reducunt.
2123 4522 2177 4581 D
2202 4503 2489 4558 Dominum
2516 4510 2765 4557 nostrum
2794 4500 3081 4555 nativitatc
3109 4514 3229 4556 esse
3260 4500 3492 4566 Filium,
3525 4516 3631 4557 non
3663 4503 3802 4560 ado-

504 4595 838 4664 Itedemptor
877 4604 1061 4650 autem
1100 4603 1310 4658 noster,
1354 4592 1518 4647 homo
1560 4590 1677 4649 sine
1715 4598 1941 4667 peccato
1978 4599 2096 4659 est,

2204 4594 2426 4664 ptione,
2455 4592 2682 4648 dicens:
2713 4610 2731 4643 ι
2761 4591 2853 4647 Ille
2896 4600 3089 4659 natus,
3133 4607 3232 4647 nos
3276 4592 3556 4663 adoptati;
3604 4594 3693 4649 ille
3736 4597 3805 4649 ab

504 4686 675 4741 Filius
717 4685 836 4742 sine
875 4684 1187 4755 adoptione.
1223 4704 1242 4736 ι
1274 4682 1414 4739 Ecce
1456 4682 1689 4738 eximius
1732 4682 1923 4737 doctor
1968 4681 2102 4736 dicit
2199 4693 2403 4739 aeterno
2443 4684 2587 4737 ﬁlius
2623 4682 2837 4754 genitus
2875 4698 2973 4753 per
3016 4691 3267 4737 naturam
3294 4724 3309 4748 ,
3352 4698 3451 4737 nos
3490 4698 3521 4737 a
3555 4692 3805 4754 tempore

508 4777 798 4833 Dominum
826 4785 1072 4830 nostrum
1102 4774 1301 4829 Filium
1328 4775 1447 4830 sine
1474 4774 1762 4843 adoptione
1787 4792 1801 4827 :
1842 4773 1937 4841 qui
1976 4788 2100 4843 pro-

506 4866 647 4923 fecto
675 4867 719 4921 si
751 4867 916 4921 sciret
942 4865 1152 4920 duobus
1182 4865 1359 4920 modis
1387 4880 1510 4921 eum
1537 4878 1657 4921 esse
1684 4864 1853 4919 lilium
1883 4863 2061 4920 Patris
2080 4904 2097 4930 ,

505 4958 559 5012 id
585 4967 667 5010 est
686 4996 699 5020 ,
724 4956 1025 5011 secundum
1051 4955 1447 5011 humanitatem
1468 4956 1779 5025 adoptione,
1801 4954 2097 5011 secundum

506 5047 849 5101 divinitatem
892 5055 1123 5111 natura,
1150 5060 1434 5116 nunquam
1477 5045 1628 5105 illum
1665 5045 1871 5100 diceret
1898 5045 2095 5109 Filium

506 5138 624 5191 sine
653 5136 962 5206 adoptione.

2204 4774 2333 4829 facti
2373 4790 2471 4845 per
2497 4773 2749 4844 gratiam.
2784 4792 2802 4824 ι
2831 4772 2968 4840 Quia
3000 4771 3186 4843 procul
3215 4771 3379 4827 dubio
3408 4773 3502 4842 qui
3533 4773 3801 4837 nascitur,

2203 4880 2309 4919 non
2341 4864 2633 4934 adoptatur
2656 4863 2707 4917 ci
2732 4863 2798 4917 de
2823 4876 2931 4931 quo
2956 4870 3117 4917 natus
3141 4870 3262 4927 est;
3288 4868 3345 4915 et
3366 4861 3460 4931 qui
3486 4862 3801 4931 adoptatur,

2205 4971 2310 5010 non
2336 4955 2403 5010 de
2428 4954 2518 5011 illo
2545 4954 2789 5008 nascitur
2809 4968 2841 5007 a
2865 4969 2973 5023 quo
3000 4953 3286 5021 adoptatus
3307 4960 3419 5007 est:
3453 4952 3549 5006 sed
3574 4952 3679 5007 nisi
3706 4969 3803 5008 na-

2201 5058 2309 5120 tus,
2338 5047 2585 5118 acinptari
2612 5062 2719 5101 non
2744 5053 2939 5116 potest.
2968 5044 3139 5100 Natus
3165 5045 3309 5099 enim
3353 5045 3421 5099 de
3469 5043 3671 5110 altero,
3703 5047 3802 5101 ad—

2202 5148 2421 5209 optatur
2436 5138 2501 5193 de
2515 5137 2706 5192 altero.
2726 5136 2989 5190 Dominus
3006 5143 3185 5189 autem
3201 5142 3403 5199 noster,
3427 5136 3555 5204 quia
3580 5151 3689 5190 non
3715 5147 3801 5191 est

1871 5227 2140 5285 IlALUZII
2179 5228 2385 5285 NOTxE
2401 5269 2414 5283 .

580 5332 605 5358 ι
650 5318 844 5371 Beatus
873 5317 1073 5382 Avitus,
1100 5316 1426 5371 Viennensis
1453 5316 1759 5385 episcopus.
1805 5319 1939 5373 Vide
1985 5318 2101 5374 Sir-

511 5390 766 5443 mondum
808 5390 860 5440 in
908 5388 1049 5441 nolis
1092 5388 1160 5441 ad
1209 5383 1590 5455 cpistolani28
1621 5383 1786 5452 Aviti,
1817 5388 1907 5443 ubi
1957 5389 2102 5445 hunc

508 5457 1030 5529 quoque‘Agohardi
1060 5454 1479 5529 locumjﬁlaudat‘.
1495 5454 1622 5529 Sed
1658 5458 1748 5529 hic
1775 5457 1920 5512 Aviti
1948 5459 2101 5515 locus

508 5526 669 5599 paulo
698 5526 857 5599 aliter
880 5527 1077 5599 legitur
1102 5529 1156 5581 in
1180 5527 1418 5599 editione
1448 5526 1746 5599 Sirmondi,
1766 5543 1929 5596 quam
1957 5530 2099 5598 apud

510 5596 873 5670 Agohardum.
925 5596 1103 5670 Editio
1137 5607 1319 5651 autem
1362 5596 1631 5670 Agohardi
1678 5599 1928 5670 congruit
1973 5596 2098 5653 cum

513 5665 699 5722 addice
726 5682 828 5736 ms.
859 5667 949 5736 qui
979 5674 1155 5721 exstat
1191 5681 1356 5736 penes
1402 5665 1612 5721 clariss.
1652 5665 1829 5721 virum
1879 5665 2098 5724 Petrum

520 5735 856 5792 Marnmsium
880 5735 1795 5805 'scnatorem’Gratianopolitandm.

592 5809 616 5846 ιι
659 5806 743 5859 Ex
769 5824 827 5860 eo
854 5808 991 5876 quod
1016 5808 1289 5876 prmmisit.
1324 5808 1429 5862 Aut
1464 5809 1623 5877 periit
1666 5807 1811 5864 Aviti
1854 5825 2016 5879 opus,
2046 5811 2100 5865 in

2209 5337 2316 5391 quo
2344 5320 2646 5391 fragmenta
2681 5320 2866 5375 isthmr.
2898 5335 3141 5375 connexa
3168 5331 3356 5385 erant;
3395 5329 3489 5391 aut
3518 5319 3797 5391 latendum

2206 5364 2291 5445 elst
2318 5364 2663 5459 Agoiiardum
2703 5391 2963 5444 memoria
3014 5391 3223 5457 lapsum
3260 5364 3400 5445 esse.
3450 5390 3609 5445 Prius
3650 5395 3796 5448 enim

2206 5460 2572 5529 fragmentum
2598 5469 2871 5530 sumptum
2898 5471 2983 5515 est
3008 5474 3073 5515 ex
3103 5462 3330 5530 epistola
3356 5461 3592 5516 secunda
3621 5460 3796 5528 Aviti,

2206 5533 2476 5600 posterius
2500 5546 2628 5586 vero
2654 5547 2720 5586 ex
2744 5530 2834 5585 28.

2281 5612 2302 5639 ε
2349 5600 2647 5656 Fidentius.
2704 5600 2989 5673 Fortassis
3022 5601 3271 5673 intelligit
3323 5601 3631 5657 Fidenlium
3679 5603 3796 5673 epi-

2208 5686 2428 5740 scopum
2467 5682 2522 5725 ct
2553 5680 2881 5741 martyrem,
2909 5669 3061 5738 cujus
3102 5669 3309 5727 mentio
3348 5680 3526 5727 exstat
3575 5674 3630 5726 in
3684 5669 3795 5729 ser—

2210 5756 2369 5866 tiijoge
2428 5741 2495 5793 30
2550 5741 2873 5811 Augustini,
2930 5742 3071 5795 inter
3126 5757 3221 5796 eos
3273 5757 3410 5811 quos
3468 5742 3794 5799 Sirmondus

2210 5826 2238 5866 e
2278 5828 2290 5862 l
2332 5821 2391 5864 ιι.

2208 5821 2391 5867 edidit.
