3918 6338
219 399 292 459 69

1372 413 1458 467 DE
1499 413 1912 472 iNSOLEN-TIA
1951 419 2352 480 JUDEORUM
2362 465 2374 477 .
3444 442 3514 500 70

210 524 377 626 natus
417 519 484 572 de
525 517 893 624 altero'patre
915 560 929 586 ,
970 535 1081 626 non
1118 521 1410 626 adoptatur
1437 540 1468 579 a
1499 526 1608 581 Deo
1635 526 1815 626 liatre.
1848 537 1896 596 Α
1924 550 2200 605 nunquam
2229 539 2427 595 talibus
2466 541 2762 609 obnoxius,
2798 546 2930 602 nihil
2969 549 3116 607 aliud
3151 567 3273 609 esse
3310 558 3513 626 possit,

211 608 353 676 Quia
398 624 530 664 vero
577 610 820 665 nascitur
859 624 927 666 ex
968 611 1079 668 Deo
1118 612 1314 678 Patre,
1347 629 1447 670 nec
1489 631 1613 671 cum
1654 618 1819 673 homo

211 700 321 765 sit,
354 700 648 770 adoptatur
678 716 710 754 a
739 700 933 768 Patre;
967 703 1094 773 quia
1135 704 1192 757 in
1229 706 1603 775 assumptione
1632 707 1818 763 carnis

211 804 324 845 non
353 790 414 846 fit
441 791 620 858 alter;
667 794 762 848 sed
793 794 849 849 is
876 796 969 863 qui
997 803 1126 852 erat.
1144 797 1288 852 Deus
1306 837 1321 863 ,
1352 797 1587 854 edicitur
1614 801 1819 867 homo,

210 883 360 939 Deus
403 894 568 940 natus
612 885 730 941 sine
775 887 930 943 initio
975 896 1199 959 propter
1243 905 1334 954 se,
1386 891 1548 947 homo
1591 902 1753 948 natus
1781 909 1814 948 a

209 985 368 1031 certo
397 977 552 1031 initio
580 985 799 1048 propter
828 993 959 1045 nos,
984 996 1126 1035 unus
1150 988 1206 1036 et
1231 982 1452 1049 unicus,
1480 985 1732 1053 proprius
1760 995 1815 1042 et

210 1083 399 1123 verus.
443 1069 554 1125 Nec
581 1080 866 1141 propterea
889 1113 904 1139 ,
936 1075 1064 1143 quia
1092 1075 1368 1146 particeps
1406 1076 1524 1132 fleri
1564 1079 1816 1150 dignatus

212 1173 301 1216 est
325 1163 646 1220 substantia
671 1173 725 1220 et
750 1167 1099 1222 mortalitatis
1123 1177 1325 1225 nostra:
1347 1151 1624 1243 partieieps
1653 1174 1815 1228 etiam

207 1249 391 1306 factus
435 1254 738 1308 credendus
780 1265 866 1311 est
904 1264 958 1311 et
1003 1256 1373 1327 conditionis;
1419 1277 1542 1317 cum
1583 1278 1715 1330 nos,
1755 1273 1820 1319 ut

207 1356 375 1410 supra
399 1343 516 1414 jam
546 1345 750 1400 dictum
776 1355 892 1414 est,
921 1350 1229 1407 conditiOne
1257 1368 1571 1420 nascamur,
1597 1355 1687 1412 ille
1716 1358 1818 1412 mi-

207 1435 543 1502 sericordia,
574 1451 675 1494 nos
698 1438 878 1494 debito
904 1442 1228 1510 moriamur,
1259 1444 1348 1501 ille
1372 1455 1682 1516 potestate;
1712 1463 1812 1503 nos

208 1521 352 1579 illius
371 1532 652 1594 potestate
688 1526 754 1583 de
798 1527 923 1584 filiis
951 1531 1046 1587 iraa
1074 1530 1377 1589 efﬁciamur
1412 1534 1512 1591 ﬁlii
1556 1536 1690 1601 Dei,
1723 1537 1813 1594 ille

1923 624 2029 678 nisi
2055 623 2224 681 Filius
2251 630 2507 698 proprius
2531 639 2586 686 et
2614 648 2776 689 verus
2802 646 3006 693 aeterna
3035 623 3338 698 nativitate.
3382 623 3518 702 Pro;

1923 724 2044 786 pter
2063 718 2208 787 quod
2231 721 2394 776 etiam
2421 739 2543 776 cum
2570 724 2686 793 ipsa
2709 738 2989 796 assumpta
3017 730 3355 790 humanitate
3374 753 3516 794 unus

1921 817 2006 861 est
2033 823 2194 866 verus
2222 810 2363 866 Deus
2392 828 2515 867 cum
2540 813 2722 882 Patre,
2749 833 2855 872 non
2881 821 3168 889 posterior,
3196 839 3305 880 non
3335 827 3515 883 minor

1922 897 2118 966 Patre,
2150 910 2244 955 aut
2276 900 2483 971 Spiritu
2511 915 2731 968 sancto,
2767 923 2874 962 non
2907 907 3161 966 diﬁerens
3191 911 3509 981 majestate,

1923 1005 2030 1045 non
2081 991 2255 1062 impar
2297 1004 2605 1063 potestate,
2654 1013 2760 1052 non
2812 1001 3126 1071 discrepans
3171 1007 3510 1074 operatione.

1920 1079 2120 1136 Sancta
2164 1084 2308 1138 enim
2353 1087 2469 1141 haec
2511 1088 2783 1155 Trinitas,
2813 1090 3044 1147 discreta
3089 1097 3370 1163 personis,
3401 1111 3512 1152 non

1917 1175 2260 1242 separabilis,
2287 1192 2454 1231 unum
2482 1186 2628 1232 sunt.
2659 1179 2809 1236 Unus
2836 1191 2921 1236 est
2939 1222 2954 1246 ,
2983 1198 3089 1238 non
3117 1184 3170 1239 in
3197 1202 3302 1241 una
3327 1202 3515 1242 essen—

1919 1265 2024 1328 tia,
2059 1266 2154 1321 sed
2180 1283 2287 1321 una
2317 1269 2551 1324 essentia
2574 1309 2588 1335 ,
2617 1285 2724 1324 una
2755 1273 3090 1340 substantia,
3122 1291 3230 1334 uno
3255 1277 3511 1344 nomine,

1919 1371 2029 1410 una
2071 1365 2303 1423 natura,
2347 1359 2533 1414 vivens
2569 1367 2624 1415 et
2664 1376 2928 1430 regnans,
2971 1364 3089 1420 sine
3134 1366 3513 1422 recordatione

1917 1448 2348 1517 praeteritorum,
2400 1451 2517 1505 sine
2562 1454 2970 1521 exspectatione
3023 1454 3360 1522 futurorum,
3411 1471 3513 1526 per

1917 1536 2101 1590 omnia
2130 1538 2326 1593 secula
2357 1539 2699 1594 saeculorum.
2729 1540 2923 1597 Amen.

219 1662 3493 1712 ._______________________________

1067 1784 1099 1825 ³
1131 1782 1267 1859 AD
1343 1783 1782 1863 EUMDEM
1845 1785 2595 1866 IMPERATOREM
2635 1847 2656 1882 ,

819 1957 1001 2070 DE
1090 1962 1951 2078 INSOLENTIA
2031 1965 2883 2084 JUDZEORUM.

279 2239 324 2296 l.
377 2237 871 2303 Christianissimo,
895 2245 952 2293 et
974 2253 1105 2296 vere
1134 2240 1401 2309 piissimo,
1435 2250 1491 2296 et
1516 2242 1568 2296 in
1592 2242 1812 2299 Christo
1840 2249 1887 2308 B
1915 2247 2218 2304 ctissimam
2242 2247 2664 2321 sollicitudinem
2679 2258 2918 2306 vestram
2942 2250 3010 2307 de
3031 2267 3090 2308 re
3120 2261 3228 2310 tam
3254 2272 3508 2325 necem.

201 2331 402 2387 victori
428 2347 495 2386 ac
525 2331 910 2401 triumphatori
941 2331 1214 2387 Ludovico
1259 2333 1584 2403 imperatori
1609 2334 1810 2392 felicis-

199 2420 364 2485 simo,
396 2435 617 2489 semper
637 2419 902 2490 Augusto,
920 2419 1238 2491 Agobardus
1267 2421 1674 2491 abjectissimus
1694 2441 1810 2481 om-

201 2511 358 2568 nium
380 2525 666 2566 servorum
694 2518 1023 2566 vestrorum.

273 2599 415 2656 Cum
447 2599 592 2655 Deus
611 2601 980 2670 omnipotens,
1009 2601 1100 2670 qui
1121 2615 1218 2655 vos
1241 2610 1368 2656 ante
1400 2611 1644 2674 tempora
1668 2621 1808 2676 pm-

197 2690 370 2746 scivit
391 2699 450 2745 et
487 2689 880 2760 pmordinavit
917 2698 1190 2745 rectorem
1221 2692 1372 2760 pium
1408 2693 1649 2750 futurum
1672 2704 1808 2753 tem-

194 2785 432 2856 poribus
462 2783 620 2838 valde
656 2783 1008 2849 necessariis,
1037 2783 1414 2840 sublimaverit
1447 2788 1806 2857 prudentiam

193 2889 445 2935 vestram
469 2888 523 2933 et
558 2878 799 2934 studium
829 2877 1107 2948 religionis
1151 2894 1314 2949 supra
1360 2889 1591 2937 caeteros
1636 2883 1805 2938 vestri

193 2968 468 3039 temporis
498 2967 788 3033 mortales;
832 2967 1055 3022 dubium
1080 2983 1187 3023 non
1217 2979 1302 3024 est
1323 2979 1686 3039 praeparatum
1708 2987 1804 3028 vos

199 3057 272 3114 ad
302 3059 609 3113 remedium
648 3057 981 3127 temporibus
1008 3055 1354 3127 periculosis,
1379 3059 1445 3114 de
1465 3059 1662 3128 quibus
1675 3075 1804 3131 apo-

192 3147 380 3203 stolus
411 3146 684 3216 loquitur:
725 3145 791 3198 In
821 3146 1114 3199 novissimis
1147 3145 1329 3200 diebus
1379 3148 1646 3202 instabunt
1673 3159 1806 3204 tent-

188 3251 332 3312 ροτα
364 3238 683 3311 periculosa,
728 3248 777 3292 et
802 3247 954 3292 erunt
1008 3238 1244 3292 homines
1275 3255 1330 3293 se
1373 3239 1512 3310 ipsos
1541 3251 1802 3306 amantes,

190 3331 403 3404 cupidi,
456 3329 600 3395 elati,
651 3339 705 3386 et
723 3338 941 3396 caetera,
972 3339 1022 3383 et
1059 3330 1307 3384 habentes
1334 3331 1544 3401 quidem
1579 3334 1803 3403 speciem

187 3428 435 3500 pietatis,
465 3430 707 3482 virtutem
749 3437 925 3481 autem
968 3427 1087 3497 ejus
1111 3425 1462 3498 abnegantes;
1499 3425 1566 3480 de
1603 3424 1801 3493 quibus

187 3499 335 3575 nihil
361 3526 448 3574 est
473 3518 896 3588 exspectandum
924 3517 1068 3588 quod
1103 3515 1218 3586 jam
1245 3532 1354 3571 non
1383 3499 1656 3580 videatur,
1693 3514 1799 3569 nisi

1911 2338 2011 2402 ria,
2046 2354 2166 2408 qua:
2198 2349 2293 2394 aut
2330 2340 2468 2407 sola,
2505 2349 2600 2395 aut
2624 2342 2894 2413 praecipua
2933 2351 3039 2410 est,
3072 2346 3160 2401 cui
3201 2362 3318 2418 prae
3343 2360 3505 2409 (ειε-

1909 2428 1988 2483 ris
2010 2443 2331 2484 succurrere
2351 2429 2546 2486 debeat
2561 2433 2881 2503 gubernatio
2901 2444 3115 2501 vestra;
3139 2440 3293 2509 cujus
3317 2457 3505 2498 narra-

1909 2517 2114 2573 tionem
2157 2519 2204 2574 si
2227 2520 2482 2590 prosequi
2522 2522 2823 2591 potuissem
2859 2523 3040 2579 tacitis
3075 2528 3388 2587 nominibus
3403 2547 3508 2606 .au-

1907 2615 2142 2673 ctorum,
2173 2609 2367 2665 vellem
2405 2611 2650 2667 omnino.
2705 2610 2813 2668 Sed
2852 2615 2981 2684 quia
3013 2613 3133 2672 ﬁeri
3162 2635 3270 2674 non
3298 2629 3502 2689 potest,

1906 2701 2189 2757 committo
2215 2716 2303 2758 me
2333 2703 2560 2758 bonitati
2587 2712 2641 2759 et
2662 2706 2939 2774 patientiae
2964 2719 3182 2777 vestrm,
3209 2711 3386 2768 dando
3414 2729 3502 2768 me

1905 2793 2185 2860 periculis,
2238 2802 2296 2850 et
2323 2795 2352 2835 δ
2381 2795 2731 2858 innotescens
2757 2799 2911 2855 vobis
2943 2816 3064 2871 qua:
3100 2810 3283 2860 tacere
3310 2808 3498 2876 perniv

1907 2883 2118 2939 ciosum
2141 2893 2246 2943 est.

1973 3057 2038 3114 ll.
2085 3059 2361 3115 Venerunt
2391 3069 2412 3098 ε
2429 3058 2688 3115 Cerricus
2711 3057 2802 3114 etd
2819 3059 3168 3125 Fredericus,
3194 3076 3332 3131 quos
3359 3075 3495 3132 prata

1903 3149 2078 3204 currit
2109 3160 2132 3189 °
2159 3149 2431 3204 Evrardus
2466 3148 2484 3187 ί
2535 3150 2688 3206 missi
2718 3150 2940 3220 quidem
2965 3151 3133 3206 vestri
3160 3167 3268 3208 non
3313 3161 3497 3212 tamen

1904 3255 2002 3310 per
2022 3242 2204 3297 omnia
2225 3250 2404 3297 vestra
2433 3250 2682 3313 agentes,
2743 3243 2838 3298 sed
2876 3258 2946 3298 ex
2970 3253 3126 3313 parte
3155 3244 3408 3312 alterius;
3437 3257 3494 3302 et

1903 3331 2262 3387 ostenderunt
2286 3347 2344 3386 se
2369 3326 2694 3387 Christianis
2715 3331 2985 3390 terribiles
3013 3341 3068 3389 et
3091 3332 3293 3390 Iudicis
3316 3337 3497 3401 mites,

1903 3421 2142 3476 maxime
2170 3421 2444 3492 Lugduni,
2479 3423 2571 3477 ubi
2595 3431 2808 3492 partem
2835 3425 2861 3463 ε
2883 3425 3282 3494 persecutionis
3307 3426 3502 3482 adver-

1903 3525 1998 3566 ses
2016 3511 2315 3569 Ecclesium
2342 3513 2724 3582 depinxerunt,
2785 3529 2949 3583 quam
2975 3515 3158 3572 multis
3187 3517 3500 3586 gemitibus,

188 3608 402 3665 solutio
439 3607 674 3670 Satanze,
715 3617 771 3661 et
802 3605 1016 3677 publica
1058 3606 1288 3661 calcatio
1320 3613 1527 3661 sancta:
1561 3604 1802 3675 civitatis
1830 3614 1874 3676 ρ
1906 3602 2156 3671 suspiriis
2177 3610 2232 3656 et
2262 3602 2517 3674 lacrymis
2539 3604 2974 3659 stimulaverunt.
3018 3605 3148 3672 Quae
3166 3610 3498 3676 persecutio,

189 3698 483 3754 mensibus
532 3698 893 3768 quadraginta
922 3697 1155 3761 duobus,
1214 3711 1335 3766 qua:
1377 3695 1557 3751 futura
1596 3704 1680 3750 est
1702 3710 1802 3766 per

188 3799 367 3859 caput
397 3789 641 3843 omnium
687 3787 1000 3857 iniquorum
1026 3787 1446 3842 Antichristum.
1517 3786 1653 3842 Cum
1684 3787 1800 3842 hac

189 3880 368 3953 igitur
397 3879 472 3934 ita
496 3894 554 3934 se
574 3878 831 3944 habeant,
877 3879 1107 3934 obsecro
1139 3877 1647 3950 tranquillissimam
1681 3877 1802 3932 lon-

189 3970 574 4044 ganimitatem
601 3978 866 4035 vestram,
923 3979 984 4026 ut
1017 3969 1307 4041 prmbeatis
1336 3969 1797 4040 patientissimam

189 4075 387 4117 aurem
419 4069 659 4116 vestram
691 4061 872 4116 verbis
898 4061 1096 4132 quibus
1121 4075 1222 4131 ego
1270 4059 1490 4115 inﬁmus
1517 4074 1798 4115 servorum

190 4163 506 4210 vestrorum
531 4154 693 4208 nimis
721 4153 1090 4208 necessarium
1116 4161 1245 4222 puto
1257 4152 1653 4207 admonendam
1669 4167 1796 4206 san—

1905 3692 2031 3762 quia
2057 3692 2328 3762 prmeipue
2356 3693 2642 3748 adversum
2668 3709 2755 3749 me
2783 3703 2904 3749 acta
2936 3704 3038 3760 est,
3070 3704 3181 3750 tota
3205 3711 3236 3751 a
3259 3713 3345 3753 me
3371 3714 3498 3768 pro-

1904 3782 2080 3837 denda
2117 3797 2226 3838 non
2255 3791 2360 3847 est,
2389 3781 2495 3836 nisi
2543 3781 2682 3837 forte
2735 3783 3161 3840 clementissima
3191 3787 3500 3853 sollicitudo

1903 3881 2084 3930 vestra
2111 3873 2255 3928 scire
2284 3871 2534 3929 voluerit.
2619 3873 2826 3930 Tamen
2857 3875 2913 3929 in
2943 3886 3208 3946 quantum
3239 3878 3500 3936 Ecclesia:

1903 3963 2107 4020 Christi
2136 3965 2299 4020 noxia
2327 3974 2429 4031 est,
2457 3965 2504 4020 si
2536 3973 2715 4021 vestra
2740 3967 2944 4037 patitur
2967 3971 3348 4035 mansuetudo,
3375 3971 3500 4028 b're-

1905 4056 2046 4110 viter
2076 4055 2330 4111 intimare
2359 4054 2631 4111 exordiar.
2688 4054 2981 4112 Venientes
3029 4058 3211 4128 itaque
3261 4061 3497 4130 primum

1904 4145 2096 4208 Judmi,
2133 4146 2401 4202 dederunt
2427 4147 2558 4202 mihi
2581 4149 2607 4187 ιι
2637 4147 2938 4203 indieulum
2960 4165 3026 4205 ex
3045 4152 3265 4208 nomine
3295 4163 3496 4218 vestro,

1558 4243 1833 4300 BALUZII
1870 4240 2102 4297 ΝΟΤᾸΞ.

263 4351 291 4380 ει
339 4339 623 4392 Ad~eumd.
651 4339 777 4408 imp.
801 4337 866 4391 de
894 4338 996 4392 ius.
1027 4336 1077 4392 ls
1098 4344 1181 4392 est
1200 4337 1424 4392 omnino
1472 4337 1595 4394 libri
1636 4337 1794 4391 istius

193 4409 461 4464 titulusin
484 4409 655 4462 veteri
683 4407 892 4472 mdicc,
924 4422 1085 4478 quem
1117 4408 1292 4463 visum
1318 4418 1402 4478 est
1427 4408 1650 4462 retineri
1695 4407 1790 4461 de-

192 4480 348 4534 bere.
389 4478 494 4532 Sed
523 4479 670 4532 hunc
716 4478 914 4533 librum
935 4518 950 4542 ,
974 4492 1068 4531 seu
1119 4478 1302 4548 verius
1345 4478 1654 4548 epistolam,
1682 4492 1790 4530 non

1900 4333 2048 4408 Calvi
2080 4335 2164 4389 tit.
2190 4333 2280 4408 43,
2309 4349 2428 4408 cap_.
2460 4333 2775 4408 i'i,_esstat
2812 4337 3017 4408 mentio
3059 4338 3343 4408 cujusdam
3373 4358 3492 4397 ma-

1900 4405 2099 4475 gnatis,
2127 4406 2344 4482 nomine
2382 4404 2662 4482 F_redrici,
2689 4407 2782 4476 qui
2819 4404 3070 4464 fortassis
3100 4404 3244 4465 idem
3275 4427 3492 4482 quoque

1898 4473 1982 4529 est
2009 4490 2132 4530 cum
2162 4477 2264 4530 hoc
2297 4473 2610 4530 Frederico.

193 4549 482 4608 divisimus
513 4549 567 4602 in
605 4549 806 4617 capita,
837 4548 964 4617 quia
1006 4548 1061 4602 id
1103 4547 1347 4617 epistola:
1378 4543 1638 4604 'brevitas
1681 4560 1789 4601 non
1820 4547 1872 4606 D
1906 4614 1916 4617 Α
1974 4555 2007 4617 θλ
2042 4544 2506 4617 Eurarduslldem
2535 4543 2786 4617 fortassis
2809 4547 2902 4616 qui
2932 4547 3244 4606 Eberardus
3267 4559 3496 4607 vocatur

193 4619 525 4697 patiebatur.
723 4687 771 4697 __
875 4695 880 4697 Δ
955 4690 966 4697 .
1029 4689 1063 4697 __
1259 4687 1270 4697 _
1348 4687 1358 4697 ι

269 4690 298 4728 b
328 4686 691 4751 Innotescens,
722 4687 774 4741 id
805 4695 889 4742 est
909 4729 924 4751 ,
955 4689 1234 4751 iudicans,
1258 4687 1544 4744 insinuans
1570 4702 1584 4740 :
1617 4691 1797 4748 activa

195 4758 617 4830 significatione,
643 4767 706 4830 ut
727 4768 845 4830 tum
869 4759 1095 4830 solebat.
1143 4756 1353 4830 Sicuing
1385 4759 1671 4830 praeceptis
1714 4777 1800 4816 re-

193 4827 512 4911 gum,‘et_in
541 4827 1110 4911 librisCa’pitularium
1148 4847 1159 4881 :
1195 4827 1296 4911 ille
1338 4828 1569 4911 innotuit
1614 4831 1795 4911 nobis,

195 4896 248 4979 id
279 4906 389 4962 est,
415 4897 768 4979 signiﬁcavit.
789 4896 928 4979 Quin
970 4908 1038 4979 _et
1059 4907 1298 4979 osanctus
1332 4896 1797 4979 papaACregorius

195 4968 586 5048 sieusurpavit
611 4967 856 5048 putribus
967 4967 1565 5048 locis,_aclnominnatim
1591 4967 1690 5048 lib“.
1723 4987 1793 5036 ll,

196 5039 394 5093 ludict.
432 5037 519 5100 ll,
543 5037 702 5106 epist.
729 5037 828 5102 87;
882 5037 973 5093 lib.
1001 5056 1091 5098 nt,
1127 5037 1315 5093 indict.
1348 5037 1435 5102 12,
1467 5037 1624 5106 epist.
1655 5038 1707 5104 2,
1742 5051 1798 5096 et

201 5108 330 5162 aliti
356 5108 577 5165 uluries.
1569 5131 1573 5136 -

274 5189 295 5216 ε
347 5173 614 5248 Cerrieus,
644 5173 801 5247 Cupis
835 5178 1087 5248 praelatus
1130 5181 1181 5233 in
1225 5179 1344 5232 Vita
1372 5176 1628 5232 Ludovici
1658 5178 1737 5233 Pii
1779 5198 1792 5233 :

203 5248 256 5302 in
284 5263 394 5328 qua
425 5247 801 5328 scriptumest
826 5247 950 5328 eum
979 5265 1120 5328 anno
1149 5248 1253 5328 Si?)
1283 5248 1506 5328 missum
1531 5262 1601 5328 ex
1625 5249 1796 5328 Aqui-

205 5316 355 5372 tania
383 5319 435 5370 in
457 5317 806 5371 Germaniam
846 5316 1014 5374 fuisse
1041 5335 1069 5372 a
1099 5317 1371 5373 Ludovico
1420 5317 1485 5370 ad
1534 5316 1791 5374 Caml‘um

200 5386 478 5509 regnum,
509 5395 570 5441 ut
602 5403 726 5442 eum
753 5405 847 5458 pro
890 5388 1204 5459 quibusdam
1254 5389 1556 5442 necessariis
1603 5405 1795 5443 consu-

221 5469 354 5509 cret.

221 5469 354 5512 cret.

265 5525 293 5565 ιι
335 5524 678 5599 If‘redericus,
707 5525 901 5599 Missus
927 5529 1252 5599 dominicus,
1275 5528 1523 5599 ut_docet
1548 5527 1792 5599 Agobar-

199 5597 328 5668 dus;
362 5596 504 5668 idem
537 5593 767 5668 fortasse
795 5598 887 5668 qui
918 5607 1041 5668 post
1061 5598 1321 5652 Ludovici
1340 5597 1421 5652 Pii
1443 5593 1676 5668 mortem
1703 5597 1792 5651 ad-

202 5666 357 5737 basit
385 5666 665 5737 Lothario,
690 5668 759 5722 ab
799 5666 974 5737 eoque
1008 5669 1208 5723 missus
1244 5677 1328 5723 est
1364 5669 1430 5722 ad
1457 5667 1790 5737 Ludovicum

199 5745 254 5790 et
277 5735 806 5808 CarolumLotharii
841 5735 1036 5794 fratres
1063 5758 1074 5791 :
1105 5739 1247 5808 quod
1275 5737 1464 5792 scribit
1494 5736 1789 5808 Nithardus

201 5816 446 5862 extremo
497 5806 637 5862 libro
677 5809 930 5863 secundo.
979 5810 1034 5864 ln
1084 5806 1333 5878 capitulis
1367 5823 1581 5878 quoque
1608 5807 1786 5864 Caroli

1903 4614 1956 4668 in
1982 4613 2623 4690 Annalibus_Eginhar.li.
2663 4613 2873 4690 fuitque
2915 4619 3176 4690 magister
3211 4621 3496 4690 pincerna-

1901 4701 2018 4756 rum
2050 4684 2227 4740 Caroli
2258 4681 2456 4756 Magni,
2481 4681 2547 4738 ab
2573 4699 2638 4756 eo
2667 4681 2861 4741 missus
2891 4681 3033 4743 anno
3070 4689 3164 4745 78!
3207 4681 3276 4744 ad
3318 4689 3491 4746 Thas-

1900 4755 2127 4826 silonem
2154 4754 2658 4826 ducem'Bajoarise.

1976 4825 1995 4863 τ
2032 4824 2192 4898 Missi
2217 4824 2469 4898 vestri,id
2493 4831 2596 4885 est,
2629 4824 2810 4898 legati,
2836 4825 2927 4894 qui
2968 4827 3125 4898 vulgo
3173 4839 3284 4884 tum
3337 4833 3489 4887 missi

1900 4895 2155 4966 dominici
2187 4897 2723 4966 vocabantur,un
2761 4911 2789 4947 a
2844 4895 3087 4966 principe
3117 4901 3482 4956 mitterentur.

1905 4985 1921 5040 ᾳ
1970 4965 2116 5040 Missi
2154 4981 2283 5040 ergo
2309 4964 2565 5040 dominici
2591 4964 2929 5040 dicebantur,
2963 4964 3136 5035 inquit
3167 4969 3489 5026 Sirmondus

1899 5037 1952 5122 in
1985 5036 2126 5122 notis
2155 5032 2908 5122 ad'CapitiulmCa-roliCalvi,
2934 5032 3070 5122 quos
3098 5041 3351 5122 princeps
3393 5058 3488 5122 (ἔκ-

1896 5113 1980 5166 tra
2008 5106 2250 5176 ordinem
2287 5105 2340 5161 in
2374 5105 2800 5176 diversasregni
2829 5105 3012 5176 partes
3043 5105 3112 5163 ad
3131 5105 3376 5176 justitias
3404 5111 3489 5165 fa-

1898 5122 1980 5166 tra
2008 5122 2250 5162 ormnem
2287 5123 2340 5161 tn
2374 5122 2617 5160 atversas
2648 5122 2800 5174 regni
2867 5122 3012 5163 artes
3043 5122 3111 5163 ad
3131 5122 3376 5176 jttsttltas
3404 5122 3487 5165 la-

1898 5173 2116 5256 ciendas
2133 5174 2243 5256 _(sic
2282 5177 2426 5256 enim
2465 5122 2862 5245 loquebantur?
2886 5191 3009 5231 cum
3030 5179 3364 5250 amplissima
3390 5197 3487 5250 po-

1897 5254 2091 5316 testate
2113 5247 2400 5316 dirigebat.
2438 5265 2454 5297 ι

1971 5317 1998 5356 ι
2043 5313 2426 5369 Ρενεεὲὶιιίοηίε
2456 5313 2575 5367 adv.
2613 5313 2759 5368 Eccl.
2784 5313 2899 5370 Non
2939 5317 3157 5384 quidem
3195 5335 3348 5376 nova:
3395 5323 3487 5375 ali-

1895 5385 2051 5454 cujus
2089 5384 2501 5454 persecutionis,
2535 5399 2602 5438 ne
2645 5399 2805 5450 quem
2854 5386 2940 5440 hic
2993 5385 3141 5440 fallat
3189 5389 3481 5446 obscurum

1895 5453 2165 5510 scribendi
2190 5471 2376 5528 genus.
2410 5453 2504 5508 sed
2529 5456 2751 5528 veteris
2780 5455 3170 5528 persecutionis
3221 5475 3341 5528 quae
3388 5475 3487 5527 per

1898 5533 2168 5580 trecentos
2195 5522 2421 5580 cimiter
2448 5537 2618 5577 annos
2648 5522 2838 5578 amisit
2864 5524 3165 5582 Ecclesiam
3186 5568 3200 5592 ,
3233 5522 3285 5582 in
3314 5522 3485 5584 initiis

1893 5593 2314 5650 Christianismi.

1962 5666 1990 5736 lt
2031 5662 2502 5736 (ridiculumaSic
2558 5672 2669 5717 tum
2725 5664 2885 5736 vulgo
2935 5665 3202 5720 vocabant
3251 5667 3484 5736 diploma

1929 5734 2173 5804 rincipis,
2201 5735 2345 5803 quod
2377 5734 2432 5788 in
2476 5748 2717 5803 praesens
2774 5734 3045 5804 dabatur:
3079 5751 3202 5788 nam
3259 5734 3378 5804 qua:
3428 5739 3482 5792 in

1915 5801 2165 5871 'uturu'm,
2205 5801 2491 5876 pra’cepta‘
2523 5804 2872 5860 vocabantur.
2920 5801 3047 5858 lnde
3097 5805 3150 5858 in
3209 5801 3478 5863 Fo'rmulis
