3918 6336
136 370 225 429 73
1307 384 1397 438 ne
1437 381 1847 438 INSOLENTIA
1885 380 2303 440 summatm.
3381 382 3452 434 κ

134 482 491 543 Christianae
516 502 640 543 cum
664 489 745 543 eis
796 489 1221 556 sabbatizarent,
1261 500 1317 546 et
1342 507 1413 547 ne
1438 493 1628 548 diebus
1654 492 1759 547 Do-
1786 524 1837 582 Α
1864 500 2103 546 matores
2125 499 2199 555 et,
2230 498 2289 543 ut
2324 489 2399 543 ita
2427 488 2621 555 dicam,
2670 466 3050 545 maledictores
3079 507 3200 547 esse
3236 491 3451 548 Iudaeos

147 579 379 638 minicis
400 588 787 650 operarentur,
820 594 891 634 ne
932 581 1123 638 diebus
1145 581 1587 654 Quadragesimaa
1634 598 1757 638 cum
1786 579 1837 582 ’“
1864 584 2081 639 Domini
2107 585 2204 640 Dei
2234 583 2439 640 ChriSti
2479 590 2533 638 et
2574 582 2809 637 ﬁdelium
2848 582 2965 651 ejus
2994 582 3450 649 Christianorum,

148 674 245 730 eis
270 675 632 747 pranderent,
685 683 741 730 et
763 675 1090 731 mercenarii
1122 690 1310 731 eorum
1346 676 1538 731 iisdem
1573 674 1763 731 diebus
1864 694 1973 733 non
2010 679 2270 733 debemus
2292 678 2372 731 eis
2397 674 2649 747 conjungi
2698 675 3111 747 participatione
3130 676 3375 730 ciborum
3397 683 3454 731 et

149 782 363 823 carnes
382 766 799 831 manducarent,
832 781 902 822 ne
931 765 1160 837 quilibet
1192 765 1535 823 Christianus
1568 781 1764 822 carnes
1861 778 2107 837 pomum,
2157 767 2315 837 iuxta
2344 768 2565 823 modum
2612 769 2873 822 duntaxat
2904 782 2934 819 a
2959 767 3162 821 sanctis
3195 765 3453 822 Patribus

153 872 192 910 a
215 856 422 913 Iudaeis
453 856 761 913 immolatas
792 865 850 913 et
877 870 903 898 ει
935 857 1252 927 deglubatas
1280 864 1506 921 emeret,
1562 863 1619 911 et
1644 855 1764 910 aliis
1866 867 1921 914 et
1961 858 2226 928 exemplis
2254 859 2438 913 datum
2466 866 2521 912 et
2548 857 2729 911 verbis
2754 866 3099 926 prmccptnm.
3160 856 3452 921 Catterum,

1864 944 1993 1022 quia
2016 952 2161 1006 inter
2185 967 2285 1007 nos
2308 952 2513 1015 vivunt,
2560 960 2617 1021 et
2653 950 2981 1020 maligni‘cis
3010 967 3128 1005 esse
3161 968 3267 1005 non
3291 950 3456 1005 debe-

1866 1061 2009 1112 mus,
2042 1060 2144 1100 nec
2182 1046 2309 1099 vitae
2337 1054 2431 1099 aut
2474 1044 2695 1099 sanitati
2725 1042 2807 1097 vel
2835 1042 2860 1082 τι
2888 1043 3091 1098 divitiis
3114 1057 3302 1098 eorum
3323 1060 3454 1099 con-

1865 1138 2052 1201 trarii;
2102 1129 2454 1192 observemus
2494 1136 2711 1191 modum
2756 1136 2823 1190 ab
2852 1136 3091 1191 Ecclesia
3121 1136 3451 1198 ordinatum,

1865 1244 1975 1283 non
2002 1229 2190 1298 utique
2215 1229 2526 1292 obscurum,
2554 1228 2647 1283 sed
2668 1228 2956 1282 manifeste
2980 1228 3304 1297 expositum,
3322 1242 3456 1296 qua-

1866 1322 1992 1379 liter
2016 1337 2144 1393 erga
2183 1336 2279 1376 eos
2303 1307 2449 1375 cauti
2477 1319 2559 1374 vel
2583 1315 2803 1374 humani
2834 1334 2954 1374 esse
2975 1321 3283 1376 debeamus.

1940 1412 2003 1465 V.
2046 1410 2195 1475 llzec,
2216 1410 2459 1481 piissime
2474 1410 2709 1475 domine,
2742 1409 2808 1464 de
2843 1409 3029 1464 multis
3050 1424 3224 1479 pauca
3248 1411 3357 1466 dixi
3388 1411 3455 1466 dc

1866 1502 2091 1573 perﬁdia
2104 1499 2429 1563 Judteorum,
2456 1500 2522 1555 de
2537 1500 2906 1555 admonitione
2921 1510 3128 1567 nostra,
3153 1502 3219 1557 de
3235 1501 3457 1557 ltesidnc

1866 1592 2312 1657 Christianitatis,
2340 1607 2460 1662 quae
2490 1590 2545 1644 ﬁt
2582 1605 2681 1661 per
2716 1590 2955 1647 fautores
2974 1591 3305 1659 Iudaeorum,
3355 1608 3453 1649 ne-

151 948 493 1005 Christianis
528 951 808 1015 venderet,
858 965 928 1009 ne
951 949 1135 1003 vinum
1156 948 1372 1003 illorum
1397 947 1668 1014 biberent,
1709 954 1765 1001 et

150 1042 273 1097 alia
295 1041 627 1111 huiusmodi.
678 1042 776 1097 Est
793 1041 939 1097 enim
957 1039 1269 1095 Judteorum
1292 1055 1442 1105 usus,
1467 1047 1527 1095 ut
1546 1039 1763 1109 quando
1819 1052 1822 1056 '

154 1134 415 1202 quolibet
462 1150 628 1205 pecus
656 1134 723 1188 ad
751 1149 903 1189 esum
927 1140 1191 1198 mactant,
1221 1140 1282 1186 ut
1306 1132 1591 1187 subactum
1619 1132 1761 1186 idem

154 1237 336 1292 pecus
382 1225 556 1279 tribus
586 1223 941 1279 incisionibus
977 1238 1088 1278 non
1113 1221 1277 1277 fuerit
1319 1220 1660 1293 iugulatum;
1716 1221 1763 1275 si

152 1315 373 1384 apertis
394 1315 690 1369 interaneis
705 1312 859 1382 iecur
873 1314 1058 1369 laesum
1073 1313 1403 1384 apparuerit,
1421 1312 1467 1367 si
1487 1312 1671 1383 pulmo
1694 1311 1769 1366 la-

156 1404 269 1461 teri
293 1405 610 1470 adhaeserit,
632 1404 718 1460 vel
738 1420 865 1460 eum
888 1402 1180 1458 insufﬂatio
1196 1404 1592 1474 penetraverit,
1621 1403 1666 1458 si
1692 1402 1763 1457 fel

154 1495 451 1551 inventum
497 1510 605 1551 non
636 1495 826 1559 fuerit,
876 1504 931 1550 et
953 1495 1059 1551 alia
1082 1493 1431 1563 huiusmodi;
1486 1494 1603 1549 haec
1644 1503 1764 1551 tan-

158 1601 335 1657 quam
357 1587 635 1641 immunda
664 1602 695 1641 a
721 1586 923 1643 Judteis
944 1590 1247 1660 repudiata,
1280 1588 1605 1645 Christianis
1633 1605 1763 1643 ven—

162 1679 393 1745 duntur,
445 1688 501 1735 et
520 1679 807 1735 insultario
831 1680 1095 1736 vocabulo
1119 1680 1427 1736 Christiana
1453 1696 1653 1751 pecora
1676 1697 1767 1752 ap-

160 1771 462 1841 pellantur.

1867 1681 2047 1737 scicns
2094 1688 2275 1735 utrum
2313 1680 2597 1749 pervenire
2623 1681 2795 1751 possit
2825 1681 2893 1736 ad
2919 1690 3156 1737 vestram
3186 1682 3452 1737 notitiam.

1869 1771 2073 1826 Tamen
2095 1785 2441 1840 summopere
2464 1782 2690 1826 necesse
2701 1779 2785 1826 est
2808 1772 3018 1827 utsciat
3041 1772 3283 1842 piissima
3310 1773 3458 1828 solli-
3528 1807 3530 1809 ›

234 1861 326 1918 ιν.
367 1864 447 1919 De
473 1864 602 1920 vino
625 1879 775 1931 vero,
814 1865 957 1936 quod
980 1873 1037 1921 et
1066 1867 1168 1936 ipsi
1212 1867 1552 1922 immundum
1588 1865 1764 1921 faten-
1794 1877 1842 1935 Β
1868 1863 2053 1930 citudo
2106 1870 2309 1927 vestra,
2347 1863 2619 1931 quomodo
2658 1872 2890 1919 nocetur
2919 1864 3053 1920 ﬁdes
3087 1864 3396 1921 Christiana
3423 1882 3456 1921 a

167 1964 273 2018 tur,
300 1961 358 2010 et
382 1969 491 2009 non
512 1970 577 2010 eo
624 1963 856 2010 utuntur
881 1957 989 2011 nisi
1029 1956 1099 2011 ad
1123 1957 1462 2012 vendendum
1493 1956 1761 2012 Christia-

169 2046 269 2107 nis.
328 2046 375 2101 si
401 2046 696 2117 contigerit
735 2056 797 2101 ut
827 2047 883 2102 in
914 2055 1119 2102 terram
1147 2047 1348 2102 deﬂuat
1378 2047 1620 2117 quolibet
1645 2047 1765 2105 loco

165 2136 293 2193 licet
322 2137 563 2203 sordido,
600 2136 927 2194 festinantes
948 2138 1210 2193 hauriunt
1238 2138 1437 2192 iterum
1483 2137 1551 2193 de
1593 2145 1761 2203 terra,

168 2237 220 2284 et
246 2229 315 2284 ad
339 2228 770 2285 conservandum
799 2229 851 2284 in
874 2244 1003 2284 vasa
1022 2229 1328 2283 remittunt.
1371 2227 1615 2294 Qualiter
1634 2220 1765 2284 vero

164 2329 219 2375 et
251 2319 359 2374 alia
388 2319 742 2389 improbanda
770 2320 917 2374 circa
947 2320 1080 2374 illud
1106 2326 1291 2389 agant,
1332 2333 1441 2373 non
1484 2317 1662 2372 solum
1697 2318 1765 2372 de

162 2410 631 2476 Christianis,sed
655 2419 713 2465 et
738 2412 805 2466 de
824 2410 1025 2466 Judazis
1053 2410 1207 2466 multi
1236 2422 1362 2465 sunt
1385 2418 1574 2465 testes.
1608 2409 1764 2477 Quod

164 2512 350 2557 autem
400 2503 686 2558 Dominum
709 2510 956 2558 nostrum
989 2500 1175 2557 Jesum
1217 2501 1493 2558 Christum
1521 2509 1575 2556 et
1602 2500 1765 2556 Chri-

162 2592 378 2647 stianos
406 2594 461 2646 in
483 2592 737 2647 omnibus
752 2591 1093 2646 orationibus
1108 2591 1222 2645 suis
1237 2590 1337 2644 sub
1358 2578 1763 2643 Nazarenorum

164 2683 389 2738 nomine
418 2682 660 2752 quotidie
693 2683 1042 2744 maledicam,
1075 2698 1184 2737 non
1219 2682 1395 2737 solum
1421 2682 1615 2736 beatus
1641 2679 1766 2735 Hie-

162 2790 450 2847 ronymus,
498 2776 588 2844 qui
630 2791 690 2831 se
726 2776 917 2830 scribit
940 2775 1160 2831 novisse
1201 2776 1320 2830 illos
1347 2775 1679 2830 intrinsecus
1708 2783 1764 2830 et

160 2864 217 2920 in
246 2870 399 2928 cute,
438 2866 596 2925 testis
623 2874 727 2931 est,
778 2866 874 2921 sed
911 2874 969 2921 et
1019 2866 1088 2921 de
1115 2867 1247 2936 ipsis
1288 2864 1491 2920 Judaeis
1516 2865 1763 2935 plerique

156 2962 460 3009 testantur.
517 2953 575 3009 In
598 2955 725 3024 ,‘hac
752 2969 813 3010 re
837 2962 1060 3011 sumens
1088 2954 1323 3025 exempli
1353 2955 1607 3026 gratiam,
1649 2955 1763 3010 dixi

168 3043 504 3117 Christianis
538 3044 643 3102 hoc
672 3046 834 3101 modo
861 3063 875 3099 :
932 3047 961 3087 δ
988 3043 1049 3101 Si
1092 3046 1289 3116 aliquis
1319 3046 1481 3102 homo
1506 3058 1529 3086 α
1560 3047 1761 3102 seniori

158 3136 383 3193 suovel
429 3137 648 3193 domino
679 3137 854 3194 ﬁdelis
894 3146 950 3194 et
979 3147 1190 3194 amator
1220 3140 1450 3204 existat,
1491 3149 1550 3194 et
1572 3155 1760 3209 quem-

1867 1951 2068 2007 Judeeis
2089 1952 2143 2005 in
2173 1951 2463 2022 aliquibus.
2513 1953 2649 2007 Dum
2678 1954 2820 2009 enim
2851 1955 3456 2025 gloriantur,menticn-

1871 2051 1953 2098 tes
1995 2042 2334 2112 simplicibus
2372 2043 2716 2109 Christianis,
2771 2046 2913 2113 quod
2950 2045 3101 2100 chari
3150 2048 3259 2102 sint
3300 2049 3457 2103 vobis

1874 2144 1897 2172 ε
1912 2134 2529 2214 prOpterpatriarcbas;
2557 2135 2707 2208 quod
2736 2135 3127 2192 honorabiliter
3151 2137 3458 2210 ingredian—

1867 2234 1958 2280 tur
1987 2227 2039 2280 in
2064 2237 2357 2297 conspectu
2383 2237 2591 2295 vestro,
2619 2239 2674 2284 et
2694 2231 3072 2301 egrediantur;
3114 2234 3255 2302 quod
3279 2233 3456 2288 excel-

1868 2316 2184 2374 lentissima:
2215 2334 2459 2389 persona:
2486 2322 2707 2390 cupiant
2756 2336 2943 2376 eorum
2986 2323 3266 2379 orationes
3285 2333 3340 2379 et
3364 2325 3458 2381 be-

1868 2406 2234 2477 nedictiones,
2280 2417 2336 2463 et
2388 2408 2662 2464 fateantur
2712 2411 2959 2466 talemse
3005 2412 3142 2483 legis
3175 2423 3453 2471 auctorem

1867 2498 2072 2553 habere
2092 2497 2250 2564 velle,
2279 2499 2493 2569 qualem
2519 2500 2622 2570 ipsi
2644 2501 2873 2568 habent;
2916 2502 3043 2557 dum
3071 2503 3259 2559 dicunt
3280 2507 3459 2562 consi-

1865 2589 2089 2645 liatores
2101 2597 2316 2645 vestros
2328 2599 2630 2648 commotos
2651 2592 2939 2649 adversum
2953 2609 3053 2650 nos
3068 2609 3256 2650 eorum
3267 2611 3427 2653 causa
3439 2639 3455 2661 ,

1865 2696 1932 2753 eo
1970 2681 2115 2751 quod
2140 2682 2524 2752 prohibeamus
2547 2683 2889 2742 Christianos
2915 2687 3107 2742 vinum
3152 2703 3341 2743 eorum
3378 2692 3459 2746 bi-

1867 2772 2027 2837 bere;
2082 2773 2214 2845 dum;
2239 2774 2343 2827 hoc
2365 2771 2636 2827 aﬁirmare
2663 2775 2919 2841 nitentes,
2947 2777 3212 2847 plurimas
3235 2785 3445 2852 argenti

1867 2861 2038 2917 libras
2063 2863 2132 2918 ob
2162 2863 2492 2932 emptionem
2516 2864 2627 2918 vini
2650 2878 2710 2920 se
2724 2864 2795 2920 ab
2808 2865 2888 2921 eis
2915 2867 3191 2937 accepisse
3212 2868 3453 2937 iactant;

1865 2960 1921 3009 et
1943 2954 2187 3010 decursis
2234 2954 2533 3010 canonibus
2558 2970 2666 3011 non
2706 2956 2938 3012 inveniri
2966 2973 3139 3028 quare
3163 2957 3455 3016 Christiani

1866 3047 2105 3103 debeant
2132 3046 2422 3103 abstinere
2448 3063 2479 3102 a
2528 3049 2668 3104 cibis
2695 3064 2886 3105 eorum
2921 3058 2977 3104 et
3023 3052 3271 3121 potibus;
3325 3055 3475 3117 dum,

1868 3140 2162 3196 ostendunt
2182 3149 2454 3217 praecepta
2478 3158 2545 3196 ex
2569 3143 2790 3198 nomine
2830 3153 3033 3209 vestro,
3063 3146 3243 3201 aureis
3265 3146 3458 3217 sigillis

156 3230 314 3301 piam
337 3230 618 3285 hominum
650 3229 882 3285 senserit
909 3230 987 3285 illi
1006 3244 1128 3286 esse
1153 3229 1761 3295 inimicum,'detracto-
1792 3234 1835 3296 C
1869 3233 2101 3302 signata,
2119 3239 2173 3285 et
2199 3230 2536 3286 continentia
2559 3232 2743 3298 verba,
2770 3241 2830 3287 ut
2852 3242 3128 3303 putamus,
3158 3250 3263 3290 non
3293 3250 3451 3295 vera;

157 3334 304 3386 rem,
347 3320 792 3385 conviciatorem,
838 3322 1388 3385 etcomminatorem,
1428 3335 1538 3376 non
1564 3321 1683 3376 vult
1707 3322 1755 3375 ei

154 3426 285 3468 esse
309 3412 535 3475 amicus,
582 3426 683 3467 nec
718 3410 900 3467 socius
925 3426 1147 3476 mensae,
1175 3425 1281 3466 nec
1306 3411 1583 3480 particeps
1609 3412 1759 3466 cibo-

160 3519 309 3559 rum.
350 3502 501 3570 Quod
536 3505 583 3557 si
620 3502 805 3567 fuerit,
834 3505 1017 3559 ethoc
1041 3504 1224 3559 senior
1263 3490 1433 3573 ipsius
1465 3504 1553 3559 vel
1584 3504 1758 3561 domi-

158 3609 270 3649 nus
296 3592 736 3662 deprehenderit,
783 3608 886 3649 nec
913 3592 1127 3649 ﬁdelem
1148 3592 1251 3648 sibi
1281 3606 1404 3647 eum
1427 3604 1549 3648 esse
1574 3592 1759 3648 existi-

156 3691 297 3740 mat.
358 3683 425 3736 Et
452 3682 572 3737 ideo
597 3698 721 3737 cum
748 3682 938 3753 procul
963 3679 1129 3739 dubio
1158 3682 1473 3737 noverimus
1506 3681 1759 3752 blasphe-

1863 3323 1989 3377 dum
2016 3320 2313 3376 ostendunt
2342 3330 2525 3375 vestes
2554 3323 2867 3387 muliebres,
2899 3324 3056 3392 quasi
3083 3326 3457 3397 aconsangui-

1861 3414 1981 3468 neis
2001 3415 2197 3467 vestris
2222 3412 2308 3467 vel
2331 3413 2593 3467 matronis
2608 3413 2969 3483 palatinorum
2985 3416 3248 3471 uxoribus
3261 3430 3453 3471 eorum

1860 3504 2128 3568 directas;
2158 3504 2285 3565 dum
2311 3512 2591 3573 exponunt
2617 3505 2844 3574 gloriam
2872 3516 3160 3575 parentum
3197 3523 3449 3569 suorum;

1864 3592 1990 3657 dum
2007 3593 2087 3648 eis
2114 3603 2305 3649 contra
2342 3593 2515 3665 legem
2538 3594 2871 3662 permittitur
2906 3594 2925 3635 ί
2960 3612 3129 3652 novas
3152 3613 3453 3669 synagogas

1865 3695 2179 3749 exstruere;
2237 3683 2305 3737 ad
2359 3674 2463 3738 hoc
2510 3684 2845 3753 pervenitur,
2900 3694 2961 3741 ut
2982 3686 3450 3758 dicantimperiti

1519 3794 1796 3851 BALUZII
1833 3794 2063 3852 ΝΟΤᾹΞ.

152 3897 665 3969 ὅηιρεάξνκςηιοᾼαμι
696 3894 820 3969 paci
858 3892 1025 3969 (oret,
1068 3898 1129 3946 ut
1157 3891 1321 3947 tradit
1350 3896 1541 3945 auctor
1573 3890 1757 3943 Anna-

154 3963 293 4023 lin'm
323 3966 381 4021 S.
416 3966 620 4021 Bertini
646 3964 715 4019 ad
736 3979 826 4018 an.
858 3963 985 4019 847.

232 4051 260 4078 ι
302 4036 642 4105 Deglubatas.
672 4033 752 4089 lta
784 4041 940 4089 vetus
967 4032 1166 4099 codex;
1198 4046 1299 4102 pro
1333 4046 1441 4101 quo
1474 4029 1757 4105 Massonus

150 4107 330 4164 edidit
356 4106 633 4161 delibutas.

231 4178 261 4217 1³
278 4246 285 4247 γ
304 4176 367 4232 Si
388 4175 579 4247 aliquis
600 4172 1182 4247 homo._Fragmentum
1204 4180 1290 4227 est
1307 4171 1572 4247 orationis
1592 4186 1754 4240 quam

149 4240 485 4311 Agobardus
506 4244 753 4311 Lugduni
782 4240 973 4299 habuit
999 4244 1289 4298 adversum
1319 4240 1552 4305 Judaeos,
1585 4257 1755 4311 usque

149 4264 195 4301 Α
241 4264 480 4302 onaraus
510 4264 585 4299 hu
625 4264 753 4299 unm
782 4264 973 4299 nanuu
999 4264 1272 4298 auversuu

149 4264 239 4371 atiK
256 4317 351 4371 illa
378 4315 568 4380 verba,
589 4264 816 4368 immani
841 4331 952 4368 esse
975 4312 1272 4367 debeamus.

230 4398 254 4426 ο
295 4386 540 4449 Seniori,
575 4385 629 4439 id
653 4391 764 4447 est,
795 4384 1038 4447 domino,
1076 4381 1367 4437 vernacula
1393 4380 1575 4449 lingua
1596 4423 1611 4446 ,
1641 4380 1753 4436 Sei-

230 4398 254 4426 ο
295 4397 540 4449 Semen,
576 4397 629 4439 tu
653 4397 764 4447 est,
795 4397 1038 4447 uommo,
1076 4397 1367 4437 vernacula
1394 4397 1575 4504 lingua
1596 4423 1611 4446 ,
1641 4397 1747 4436 δει-

148 4473 344 4583 ﬂgar.
377 4455 515 4510 Vide
541 4454 688 4536 Hier:
720 4453 967 4577 Dignonii
997 4460 1153 4535 notas
1181 4452 1250 4507 ad
1278 4452 1481 4534 litarem
1508 4469 1595 4506 nm
1625 4468 1747 4532 pag.

267 4567 283 4583 .
312 4526 449 4583 458:
474 4533 531 4580 et
553 4524 772 4580 Davtdts
836 4523 1051 4579 londellt
1073 4523 1519 4577 Dissertationem
1545 4524 1611 4577 de
1627 4538 1747 4583 iure

267 4567 283 4591 ν

312 4508 531 4591 45836:
553 4508 1051 4580 Davidishlondelli
1073 4522 1519 4577 Dissertationem
1545 4524 1611 4577 de
1627 4508 1752 4590 iui-’e
1777 4508 1830 4567 D

148 4598 335 4669 plebis
355 4597 418 4669 ing
434 4595 700 4669 regimine
725 4593 1117 4669 ecclesiastico,
1146 4607 1271 4669 pag.
1296 4592 1384 4647 49.

225 4666 254 4706 (ι
296 4660 525 4721 Divitiis
552 4681 756 4729 eorum,
800 4664 857 4718 id
903 4672 1007 4728 est,
1056 4660 1386 4718 Iud—36mm.
1433 4660 1561 4717 Haec
1610 4661 1753 4716 fama

151 4751 377 4807 semper
402 4734 660 4791 comitata
685 4743 771 4807 est
800 4732 1035 4807 Judzos,
1058 4747 1127 4787 ex
1148 4748 1264 4807 quo
1288 4731 1591 4807 Christiani
1611 4749 1752 4802 prai-

151 4801 343 4862 valei'e
363 4814 665 4874 coeperunt.
690 4802 1072 4874 Namadnotat
1091 4801 1252 4857 etiam
1272 4801 1527 4874 Albertus
1552 4801 1751 4857 Krant—

152 4878 275 4933 zius
304 4876 403 4930 lib.
431 4872 530 4930 vn!
562 4873 787 4945 Metrop.
817 4873 1117 4945 Salisbur’g.
1144 4888 1243 4945 cap
1262 4872 1361 4945 25,
1392 4888 1754 4945 eos_summas

152 4948 363 5017 ubique
394 4942 936 5017 opes_comparasse._
957 4942 1115 4997 Anno
1132 4942 1305 5017 Δ1098,
1337 4958 1459 5017 cum
1487 4942 1664 5017 Judaei
1686 4958 1752 4998 ex

153 5013 417 5073 Bobémia
431 5013 501 5069 'in
524 5013 804 5069 Poloriiam
829 5023 885 5070 et
903 5014 1235 5068 Pannoniam
1256 5013 1475 5068 divitias
1496 5028 1622 5067 suas
1645 5014 1750 5068 fur-

155 5088 254 5143 tim
283 5084 595 5150 auferrent,
635 5084 858 5154 eiusque
893 5083 1034 5152 fugae
1065 5098 1251 5137 rumor
1287 5083 1355 5154 ad
1389 5083 1583 5138 ducem
1617 5083 1749 5138 Bre-

155 5156 387 5213 cislaum
415 5153 785 5224 pervenisset;
814 5155 905 5208 ille
935 5153 1168 5224 retineri
1190 5168 1285 5224 eos
1304 5153 1495 5222 iussit,
1530 5154 1749 5224 thesau-

156 5240 361 5297 rosque
402 5222 605 5297 eorum
643 5224 901 5297 applicari
922 5224 1095 5297 __ﬁsco.
1130 5222 1310 5297 Δᾼάίιὶι
1355 5238 1485 5277 vero
1529 5222 1753 5297 Cosmas

156 5291 611 5369 Pragensis,_qui
818 5291 985 5369 tradit
1012 5311 1080 5369 ς’(
1119 5292 1164 5349 Ο
1201 5301 1463 5369 (1930mm
1511 5296 1753 5364 pecunize

157 5362 379 5423 miséris
403 5362 604 5421 Judaiis
624 5372 709 5419 est
728 5363 819 5418 illa
839 5362 927 5418 die
945 5363 1247 5418 sublatum!
1273 5363 1384 5419 Nec
1402 5380 1468 5418 ex
1491 5362 1752 5420 succensa

158 5434 323 5506 Troia
354 5444 569 5506 tantum
598 5434 906 5491 divitiarum
941 5433 997 5486 in
1028 5433 1266 5489 Euboico
1301 5432 1481 5489 littore
1506 5433 1609 5489 fuit
1643 5435 1753 5489 col-

158 5505 351 5563 latum.
386 5526 405 5557 ι
436 5505 590 5562 Unde
612 5512 668 5560 et
690 5511 851 5560 aetate
866 5517 1087 5575 quoque
1105 5510 1313 5575 nostra,
1338 5505 1551 5575 quoties
1572 5506 1752 5561 dicere

157 5576 410 5632 volumus
451 5576 760 5645 quempiam
805 5572 927 5629 esSe
964 5572 1525 5645 v’alde_divitem,_ita
1572 5576 1754 5631 dicere

158 5647 422 5710 solemus,
470 5642 633 5699 “om;
654 5654 730 5699 est
767 5661 830 5698 ac
869 5659 1007 5698 unus
1050 5659 1079 5696 e
1119 5642 1347 5708 Iudaeis,
1394 5643 1447 5697 Il
1490 5654 1567 5699 est
1613 5645 1754 5700 riche

158 5734 360 5772 comma
398 5734 471 5771 un
510 5715 661 5784 Juif;
706 5726 867 5784 atque
908 5714 962 5769 id
990 5712 1208 5784 quidem
1233 5714 1442 5770 obtinet
1467 5716 1632 5771 etiam
1660 5716 1752 5771 ubi

160 5787 328 5845 Judtei
355 5788 472 5843 noti
505 5801 613 5841 non
640 5794 766 5841 sunt
792 5785 893 5839 nisi
918 5784 986 5838 de
1011 5785 1246 5840 nomine.

607 5878 881 5940 Parnm.
928 5876 1087 5944 CIV,

1943 3901 1967 3929 θ
2006 3886 2230 3960 Propter
2254 3891 2603 3961 patriarchas.
2633 3889 2996 3961 Abrahamum
3037 3893 3317 3960 videlicet,
3351 3897 3446 3953 Ja—

1865 3960 2060 4029 cobum
2078 4001 2092 4024 ,
2124 3967 2179 4013 et
2204 3967 2438 4016 eteteros
2462 3961 2672 4016 Veteris
2699 3960 3030 4016 Testamenti
3060 3962 3272 4029 Patres,
3301 3976 3355 4022 et
3377 3970 3451 4024 ob

1865 4028 2312 4106 hoc,_J_udaeorum
2329 4030 2890 4106 patriarchas._Neque
2909 4033 3051 4086 enim
3074 4028 3452 4106 intelligendus

1865 4048 1985 4091 nec,
2005 4048 2312 4085 Juaaeorum
2332 4048 2688 4100 patriarcnas.
2707 4048 2890 4155 neque
2909 4048 3051 4086 enim
3074 4048 3449 4106 intelligendus

1864 4110 1949 4156 est
1990 4101 2271 4174 hicglocus
2309 4102 2375 4155 de
2412 4102 2742 4174 patriarchis
2819 4102 3093 4174 udaeornm
3128 4119 3228 4174 per
3268 4109 3449 4165 varias

1861 4170 2170 4241 provincias
2219 4172 2622 4226 distractorum.
2667 4171 2746 4225 Illi
2794 4171 2936 4225 enim
2984 4170 3259 4228 desierant
3305 4192 3448 4234 anno

1858 4240 1962 4296 429
1994 4248 2053 4295 ut
2092 4240 2271 4295 Marca
2300 4242 2608 4296 observaVit
2644 4242 2701 4295 in
2730 4241 2869 4297 libro
2896 4241 3071 4310 primo
3110 4243 3176 4297 de
3210 4244 3445 4311 Concor-

1858 4313 1966 4374 dia,
1992 4326 2113 4383 cap.
2141 4313 2195 4377 '5,
2224 4311 2251 4383 §
2276 4311 2329 4365 5.

1935 4383 1955 4458 ξ
1998 4380 2527 4458 Novassynagogas.
2567 4380 2883 4452 Indignatur
2923 4382 3260 4453 Agobardus,
3301 4390 3446 4458 quod

1853 4452 2054 4507 Judaeis
2080 4461 2191 4505 tum
2232 4452 2427 4522 liceret
2447 4467 2614 4507 novas
2639 4466 2935 4522 synagogas
2959 4452 3260 4521 exstruere,
3298 4452 3446 4513 velut

1857 4525 1911 4577 in
1952 4523 2335 4593 contumeliam
2377 4521 2701 4593 Christiana:
2746 4521 3039 4593 religionis.
3089 4525 3144 4578 Id
3189 4542 3318 4582 vero
3366 4530 3446 4583 ait

1854 4608 1977 4647 esse
2006 4600 2193 4664 contra
2222 4592 2415 4664 legem.
2442 4592 2523 4664 Ea
2550 4601 2735 4664 autem
2760 4592 2939 4647 exstat
2964 4594 3016 4647 in
3047 4594 3244 4650 Codice
3269 4598 3444 4653 Theo-

1856 4664 2080 4733 dosiano
2111 4661 2154 4733 Vl.
2189 4661 2297 4727 83;
2316 4664 2400 4716 tit.
2432 4661 2508 4716 De
2538 4663 2619 4716 his
2649 4663 2737 4731 qui
2770 4680 2925 4733 super
2954 4664 3202 4733 religione
3227 4678 3441 4722 conten-

1855 4734 2010 4796 dunt,
2031 4732 2122 4785 ubi
2150 4733 2416 4787 Honorius
2435 4740 2491 4787 et
2512 4732 2847 4787 Theodosius
2870 4733 2980 4786 AA.
3005 4732 3082 4789 sic
3102 4736 3401 4792 decernunt
3426 4758 3439 4791 :

1858 4804 1991 4868 Qua:
2029 4817 2193 4871 nuper
2223 4806 2288 4856 de
2316 4802 2521 4857 Judwis
2543 4811 2596 4874 et
2624 4804 2901 4872 synagogis
2932 4819 3113 4858 eorum
3135 4808 3438 4874 statuimus}

1854 4874 2012 4941 ﬁrma
2041 4877 2378 4946 permaneant
2406 4885 2424 4923 :
2454 4872 2649 4944 scilicet
2676 4881 2731 4924 ut
2757 4888 2849 4924 nec
2873 4890 3047 4929 novas
3061 4891 3292 4946 unquam
3316 4872 3443 4946 syn-

1856 4941 2049 5011 agogas
2101 4944 2470 5014 permittuntur
2500 4941 2807 5014 ἔρημα-νε,
2849 4959 2941 4995 nec
2984 4941 3301 5011 auferendus
3340 4941 3442 5002 tibi

1855 5022 2043 5065 veteres
2077 5011 2671 5087 pertimescant.__iiuius
2708 5011 2840 5087 legis
2866 5014 3068 5087 mentio
3095 5022 3273 5087 exstat
3299 5016 3442 5087 apud

1855 5032 2043 5065 veteres
2077 5032 2460 5087 perumescant.
2500 5032 2671 5079 HUJUS
2709 5032 2840 5081 lBng
2866 5032 3068 5067 mentio
3095 5032 3273 5069 exsul.
3299 5032 3328 5070 3
3370 5032 3442 5072 υα

1855 5091 2101 5139 sanctum
2122 5083 2437 5153 Gregorium
2460 5083 2558 5142 lib.
2574 5098 2680 5153 vn,
2704 5082 2893 5153 indict.
2912 5082 2966 5146 2,
2984 5085 3141 5153 epist,
3160 5083 3227 5138 5:
3253 5102 3273 5137 ι
3303 5032 3442 5153 tgna

1855 5154 1995 5225 sicut
2013 5194 2026 5217 ,
2056 5150 2265 5225 inquit,
2300 5152 2483 5222 legalis
2507 5150 2751 5225 diﬁinitio
2779 5150 2990 5207 Iudaeos
3013 5150 3178 5225 novas
3208 5150 3443 5225 non'pa-

1854 5224 1989 5297 titur
2018 5223 2227 5295 erigere
2269 5237 2584 5297 synagogas,
2615 5223 2695 5297 ita
2722 5236 2950 5297 quoque
2963 5238 3057 5297 eos
3085 5224 3203 5297 sine
3232 5223 3443 5297 inquie-

1856 5293 2042 5367 tudine
2066 5281 2281 5367 vEteres
2298 5281 2503 5367 habere
2524 5281 2811 5367 permittit.
2845 5281 2866 5342 ἱ
2892 5292 3145 5367 Eiusdem
3173 5281 3443 5366 legis-mc-

1854 5364 2013 5419 minit
2058 5364 2254 5419 iterum
2294 5366 2349 5418 in
2388 5362 2614 5431 epistola
2650 5361 2718 5417 58
2756 5361 2995 5431 ejusdem
3025 5363 3168 5417 libri.
3207 5361 3289 5420 Ᾰό
3319 5381 3440 5420 eam

1854 5449 2071 5504 quoque
2095 5436 2265 5505 legem
2296 5430 2599 5505 respesisse
2626 5430 2843 5505 videtur
2865 5430 3170 5487 Alexander
3197 5433 3278 5499 Ill,
3313 5436 3443 5490 dum

1856 5501 2257 5577 haec—scriberet
2284 5522 2296 5557 :
2331 5522 2350 5554 ι
2373 5501 2593 5577 _Ju_d:eos
2619 5501 2685 5555 de
2710 5516 2849 5577 novo
2872 5512 3188 5577 construere
3210 5520 3442 5577 synago—

1855 5590 1970 5645 gas,
2002 5576 2094 5629 ubi
2118 5590 2212 5630 eas
2237 5590 2343 5628 non
2373 5571 2848 5645 liabuerunt,,pati
2886 5587 2993 5626 non
3021 5574 3204 5645 debes.
3239 5571 3442 5629 Verum

1857 5641 1901 5700 si
1954 5645 2191 5714 antiquae
2237 5642 2575 5707 corruerint,
2626 5641 2721 5714 vel
2740 5641 2969 5714 ruinam
3020 5644 3329 5709 minantur,
3383 5654 3445 5697 ut

1858 5712 2185 5770 remdiﬁcent
2206 5714 2410 5783 poteris
2438 5712 2815 5783 :equanimiter
2843 5712 3095 5777 tolerare,
3123 5728 3229 5767 non
3260 5720 3445 5783 autem
3538 5758 3539 5761 η

1859 5793 1919 5840 ut
1956 5801 2050 5841 eas
2088 5781 2356 5851 exaltent,
2391 5791 2481 5839 aut
2522 5781 2808 5853 ampliores
2847 5790 2940 5836 aut
2975 5783 3324 5851 pretiosiores
3362 5782 3446 5839 fa-

2967 5875 3005 5934 3
