3918 6326
414 385 486 442 79
1423 377 1482 432 S.
1526 375 1877 434 AGOBARDI
1915 373 2228 432 EPISCOPI
2267 371 2759 456 LUCDUNENSIS
3669 367 3739 421 80

410 505 531 555 stus
554 491 946 565 paciﬁcaturus
970 489 1152 544 omnia
1190 504 1288 559 per
1325 491 1642 561 sanguinem
1672 488 1852 545 crucis
1884 504 2017 554 suae,
2051 494 2100 550 Λ
2126 497 2356 543 mortem
2395 490 2600 551 subire,
2644 504 2713 543 ne
2742 487 3177 542 dissimulatione
3220 485 3302 541 sui
3346 485 3742 555 praevaricato-

411 587 667 643 venditus
694 593 779 642 est
815 600 846 638 a
879 581 1015 639 falso
1039 583 1323 652 discipulo,
1351 590 1406 640 ct
1441 595 1466 623 ει
1497 592 1846 653 comparatus
1874 576 1903 635 a
1932 597 2024 636 vc-

410 679 490 734 ris
514 676 955 748 persecutoribus
983 674 1053 731 ad
1097 674 1432 730 illudendum
1466 683 1522 729 et
1570 673 2020 744 eruciiigendum,

409 772 484 826 Ita
525 777 673 823 nunc
701 773 1052 836 comparetur
1080 765 1149 820 ab
1199 764 1382 834 impiis
1412 762 1614 820 Iudaeis
1643 766 1880 834 quodam
1909 779 2024 818 mo-

411 862 484 917 do
538 862 610 916 ad
644 859 1067 931 vituperandum
1116 858 1372 913 licentius
1415 864 1471 910 et
1514 857 2022 928 blasphemandum)

412 952 707 1007 scribimus
737 958 949 1006 tantum
974 964 1146 1021 pauca
1177 948 1245 1004 de
1276 947 1541 1018 exemplis
1569 957 1625 1002 et
1668 948 1887 1002 statutis
1917 947 2020 1002 Pa-

415 1057 586 1111 trum,
614 1060 681 1102 ae
708 1045 904 1101 deinde
929 1045 996 1100 de
1023 1043 1182 1098 Actis
1219 1043 1558 1113 apostolicis,
1589 1043 1702 1098 sive
1749 1042 1816 1096 de
1848 1043 2024 1097 Evan-

412 1136 571 1209 geliis
599 1144 656 1191 et
706 1135 921 1191 Veteris
969 1133 1304 1190 Testamenti
1351 1133 1670 1204 Seripturis,
1707 1133 1776 1187 ad
1821 1133 2023 1188 conﬁr-

415 1226 671 1282 mandam
722 1226 868 1297 piam
912 1225 1324 1297 gubernationis
1368 1224 1705 1296 vigilantiam
1755 1224 2023 1280 bonorum

417 1325 721 1388 pastorum.

487 1408 552 1464 II.
590 1408 790 1464 Beatus
819 1406 1101 1464 confessor
1126 1407 1366 1463 Hilarius
1392 1406 1482 1480 (de
1509 1423 1616 1479 quo
1642 1416 1865 1462 sanctus
1891 1406 2023 1462 Hie-

412 1513 679 1571 ronymus
704 1498 782 1553 ita
805 1496 1054 1569 loquitur
1075 1499 1144 1552 inv-
1155 1497 1386 1568 epistola
1412 1497 1481 1553 ad
1504 1496 1708 1552 Lzetam
1734 1498 1802 1552 de
1827 1497 2027 1551 instru-

407 1590 600 1645 ctioue
626 1588 845 1644 dicens:
883 1607 904 1639 ι
939 1587 1198 1660 Cypriani
1233 1588 1493 1659 opuscula
1525 1604 1739 1659 semper
1768 1589 1823 1643 in
1860 1603 2023 1642 manu

412 1688 618 1735 teneat.
648 1677 932 1734 Athanasii
965 1678 1223 1751 epistolas
1252 1688 1306 1734 et
1338 1679 1530 1734 Hilarii
1557 1680 1730 1735 libros
1761 1678 2023 1735 inotfenso

415 1777 603 1825 currat
631 1769 787 1840 pede.
819 1769 1043 1824 Illorum
1071 1771 1410 1836 tractatibus,
1462 1769 1678 1825 illorum
1722 1770 2025 1826 delectetur

416 1861 670 1933 ingeniis,
712 1861 767 1916 in
796 1876 1028 1931 quorum
1062 1861 1216 1916 libris
1257 1862 1432 1931 pietas
1472 1860 1594 1917 fidei
1642 1876 1750 1916 non
1780 1858 2018 1915 vacillat.
2051 1845 2098 1904 Β

416 1954 658 2009 Οωιθιιοε
674 1954 757 2032 sic
777 1953 943 2024 legat,
963 1961 1025 2007 ut
1053 1953 1239 2023 magis
1250 1951 1457 2023 iudicet
1477 1967 1639 2022 quam
1669 1959 1929 2021 sequatur
1951 1950 2019 2021 ι),

416 2058 523 2113 qua
551 2041 766 2099 cautela
795 2041 1106 2099 Iudaeorum
1139 2057 1355 2112 semper
1375 2049 1429 2097 et
1455 2042 1836 2098 haereticorum
1879 2042 2028 2096 devi-

417 2137 617 2191 taverit
641 2134 872 2206 profana
911 2136 1208 2200 consortia,
1239 2133 1428 2190 bVita
1474 2133 1593 2204 ejus
1641 2133 1842 2202 scripta
1894 2131 2027 2186 fate-

417 2233 554 2290 tur;
607 2224 755 2294 quod
793 2225 870 2278 ita
922 2223 1132 2279 scilicet
1177 2221 1487 2292 huiusmodi
1538 2223 1722 2276 hostes
1770 2221 2028 2275 Ecclesia:

417 2315 581 2371 fuerit
619 2323 955 2381 exsecratus,
991 2324 1052 2369 ut
1080 2329 1186 2369 non
1217 2315 1393 2369 solum
1443 2314 1774 2376 convivium,
1821 2314 1915 2368 sed
1959 2329 2028 2367 ne

419 2405 673 2461 salutatio
701 2406 921 2476 quidem
956 2405 1008 2460 ei
1053 2405 1331 2462 exstiterit
1368 2421 1492 2459 eum
1539 2406 1625 2459 his
1669 2412 2030 2474 praatereuntt
2068 2436 2070 2438 τ

419 2498 747 2553 communis.
798 2497 877 2552 De
926 2505 1118 2552 saneto
1147 2511 1366 2566 quoque
1394 2494 1684 2551 Ambrosio
1734 2496 1871 2550 Vitae
1914 2495 2031 2564 ejus

420 2604 579 2644 sacra
619 2596 808 2643 narrat
833 2586 1085 2654 historia,
1124 2587 1272 2658 quod
1299 2595 1355 2641 ct
1396 2587 1488 2641 hic
1520 2587 1761 2642 inserere
1807 2587 2031 2657 dignum

421 2690 526 2746 est,
558 2690 610 2737 et
660 2679 989 2737 Christianis
1030 2680 1306 2734 mentibus
1344 2679 1486 2735 scire
1531 2679 1882 2750 religiosum:
1912 2698 1930 2730 ι
1971 2679 2030 2733 In

423 2772 693 2839 partibus,
725 2769 922 2840 inquit,
955 2767 1196 2824 Orientis
1222 2770 1276 2824 in
1301 2768 1535 2839 quodam
1571 2767 1794 2824 castello
1817 2784 1848 2823 a
1876 2768 2032 2824 Chri-

423 2864 618 2921 stianis
645 2862 781 2918 viris
808 2877 1084 2934 synagoga
1110 2859 1420 2917 Iudaeorum
1445 2870 1500 2916 et
1527 2872 1548 2900 ο
1596 2861 1752 2917 lucus
1784 2862 2029 2930 Valenti-

423 2961 710 3020 nianorum
744 2955 998 3013 incendio
1023 2963 1374 3011 concremata
1396 2964 1542 3020 sunt,
1570 2963 1861 3025 prepterea
1886 2956 2033 3025 quod

422 3050 594 3107 Judaei
627 3048 712 3105 vel
762 3048 1128 3105 Valentiniani
1169 3039 1504 3103 insultarent
1549 3047 1834 3109 monachis
1875 3046 2032 3102 Chri-

423 3144 636 3199 stianis.
667 3139 1174 3197 Valentinianorum
1203 3140 1351 3195 enim
1380 3140 1626 3196 haereses
1652 3139 1875 3209 triginta
1903 3140 2030 3195 deos

425 3237 632 3291 colunt.
686 3231 794 3288 Sed
818 3232 888 3288 de.
922 3231 1233 3302 huiusmodi
1282 3229 1428 3286 facto
1470 3245 1656 3286 comes
1694 3206 1934 3285 O—rientis
1963 3232 2031 3290 ad
2059 3206 2103 3267 Ε

427 3327 812 3397 imperatorem
833 3321 1155 3377 relationem
1177 3321 1396 3385 direxit,
1425 3321 1550 3389 quia
1579 3321 1875 3390 imperator
1894 3336 2032 3389 prae-

425 3425 648 3489 ceperat
684 3423 744 3470 ut
775 3428 1049 3486 synagoga
1095 3414 1165 3468 ab
1201 3413 1457 3484 episcopo
1485 3411 1869 3468 :ediflcaretur.
1922 3412 2031 3468 Sed

425 3511 588 3582 huius
622 3510 878 3581 praecepti
905 3516 1065 3564 tenor
1094 3493 1220 3564 cum
1263 3507 1332 3561 ad
1363 3523 1526 3563 aures
1570 3509 1911 3577 pervenisset
1940 3524 2032 3562 ve-

426 3600 694 3659 nerabilis
719 3600 823 3654 viri
850 3598 1126 3654 Ambrosii
1161 3599 1425 3669 episcOpi,
1459 3598 1658 3652 direxit
1699 3599 1766 3652 ad
1798 3599 2032 3668 impzra-

427 3703 607 3749 torem
635 3689 918 3763 epistolam
950 3687 1098 3762 (quia
1122 3689 1238 3759 ipse
1264 3689 1320 3743 in
1343 3698 1586 3759 tempore
1613 3703 1906 3744 excurrere
1926 3706 2033 3744 non

428 3780 669 3856 poterat)
693 3795 801 3850 qua
839 3777 989 3835 illum
1027 3787 1360 3845 commonet,
1383 3789 1442 3835 ut
1469 3781 1522 3835 id
1545 3781 1690 3850 quod
1718 3780 1797 3836 ab
1842 3781 2033 3836 eodem

431 3884 696 3933 statutum
729 3874 910 3933 fuerat
935 3864 1306 3938 revocaretur,
1352 3875 1672 3945 servarique
1717 3874 1820 3929 sibi
1848 3875 2034 3929 deberi

439 3970 513 4025 ab
558 3983 626 4024 eo
676 3966 1052 4024 audientiam:
1110 3965 1202 4037 qui
1261 3964 1308 4021 si
1354 3962 1550 4035 dignus
1604 3978 1710 4019 non
1749 3974 1906 4031 esset
1943 3966 2037 4035 qui

435 4059 506 4113 ab
542 4073 608 4115 eo
635 4058 939 4121 audiretur,
968 4041 1164 4125 dignus
1191 4056 1356 4110 etiam
1387 4070 1495 4109 non
1522 4061 1667 4109 esset
1695 4055 1785 4124 qui
1813 4071 1912 4126 pro
1943 4056 2036 4110 illo

435 4148 737 4212 audiretur,
769 4146 856 4204 vel
883 4144 972 4202 cui
1009 4159 1201 4218 preces
1237 4159 1364 4200 suas
1390 4149 1488 4198 aut
1507 4144 1594 4199 cui
1620 4159 1716 4199 sua
1744 4153 1866 4199 vota
1893 4161 2037 4200 com-

429 4243 698 4298 mitteret.
746 4239 1007 4298 Paratum
1058 4239 1223 4294 etiam
1269 4253 1329 4293 se
1356 4251 1478 4293 esse
1521 4252 1622 4308 pro
1675 4235 1767 4290 tali
1817 4238 2035 4307 negotio

2127 596 2244 639 rem
2276 580 2480 636 faceret
2530 581 2939 651 imperatorem,
2991 580 3081 649 qui
3133 589 3245 634 tam
3294 577 3494 646 iniusta
3540 585 3739 633 contra

2127 673 2422 728 Ecclesiam
2448 674 2815 744 prmeepisset.
2839 673 3036 728 Postea
3065 689 3196 728 vero
3218 689 3341 728 eum
3368 671 3740 728 Mediolanum

2129 770 2439 835 revertitur,
2467 771 2645 838 posito
2672 770 3005 838 Imperatore
3035 769 3089 822 in
3136 769 3405 831 Ecclesia,
3452 769 3517 821 de
3542 765 3740 821 eadem

2131 877 2299 916 causa
2343 860 2602 918 tractavit
2632 853 2683 914 in
2732 859 2969 930 pepulo:
3022 860 3075 913 in
3108 875 3215 927 quo
3262 857 3518 912 Tractatu
3565 857 3742 910 intro-

2127 954 2284 1008 duxit
2316 954 2532 1008 Domini
2564 967 2849 1022 personam
2870 951 3146 1020 loquentis
3172 949 3414 1021 (Sozom.
3446 947 3586 1002 Hist.
3618 947 3748 1001 Tri-

2124 1055 2266 1115 part.
2307 1044 2344 1096 l.
2374 1060 2469 1107 vti,
2503 1058 2553 1097 c.
2585 1043 2656 1108 8;
2692 1043 2729 1108 Ι,
2764 1060 2839 1107 ix,
2871 1058 2920 1097 c.
2949 1040 3068 1112 50).‘
3094 1041 3207 1111 Ego
3238 1047 3290 1094 te
3315 1055 3381 1094 ex
3410 1040 3600 1094 ultimo
3630 1037 3745 1091 Im—

2124 1145 2434 1206 peratorem
2463 1133 2584 1198 feci,
2622 1149 2720 1203 ego
2749 1134 2844 1187 tibi
2876 1132 3177 1187 exercitum
3226 1131 3431 1184 inimici
3457 1131 3534 1184 tui
3559 1129 3740 1183 tradi-

2125 1227 2199 1291 di,
2232 1229 2332 1297 ego
2355 1227 2538 1296 copias
2573 1241 2712 1295 quas
2767 1225 2852 1278 ille
2897 1225 3186 1279 adversum
3231 1233 3282 1276 te
3329 1222 3597 1277 exercitui
3628 1234 3738 1275 suo

2125 1326 2532 1388 praeparaverat
2559 1316 2704 1380 dedi,
2739 1329 2841 1383 ego
2875 1314 3155 1368 inimicum
3208 1323 3359 1366 tuum
3392 1314 3444 1366 in
3494 1320 3742 1382 potesta-

2129 1420 2236 1466 tem
2265 1418 2417 1464 tuam
2448 1409 2655 1480 redegi,
2710 1423 2808 1478 ego
2839 1409 2904 1463 de
2933 1408 3142 1462 semine
3191 1415 3284 1461 tuo
3327 1422 3490 1476 supra
3541 1406 3743 1461 solium

2126 1503 2276 1573 regni
2306 1501 2586 1567 constitui,
2618 1516 2737 1571 ego
2759 1508 2814 1555 te
2857 1500 3191 1568 triumphare
3215 1500 3333 1554 sine
3373 1499 3558 1553 labore
3600 1498 3744 1559 feci;

2126 1599 2180 1645 et
2213 1599 2270 1643 tu
2308 1591 2374 1644 de
2410 1604 2498 1645 me
2556 1589 2793 1644 inimicis
2838 1589 2974 1643 meis
3013 1589 3182 1643 donas
3239 1587 3593 1657 triumphos?
3636 1586 3746 1641 Cui

2127 1679 2479 1734 descendenti
2509 1680 2708 1734 exedra
2756 1678 3058 1748 Imperator
3085 1677 3196 1731 ait:
3246 1675 3444 1731 Contra
3487 1691 3585 1728 nos
3613 1690 3748 1742 pro—

2127 1771 2356 1841 posuisti
2385 1771 2569 1836 hodie,
2605 1771 2880 1840 episcope.
2909 1769 2982 1824 At
3007 1768 3095 1824 ille
3125 1769 3480 1837 respondens,
3507 1768 3603 1830 ait,
3628 1782 3745 1821 non

2128 1877 2187 1916 se
2212 1869 2402 1916 contra
2429 1861 2629 1931 ipsum,
2661 1861 2756 1915 sed
2795 1875 2895 1929 pro
2942 1860 3058 1929 ipso
3089 1858 3256 1925 fuisse
3291 1859 3555 1912 locutum.
3589 1856 3750 1910 Tunc

2128 1953 2467 2022 Imperator:
2507 1952 2734 2016 Revera,
2786 1938 2986 2022 inquit,
3035 1951 3172 2004 dura
3220 1964 3584 2020 praeceperant
3616 1965 3749 2002 con-

2130 2053 2216 2099 tra
2245 2045 2565 2114 episcOpum
2595 2044 2661 2099 de
2698 2044 2973 2114 Synagoga
3001 2043 3327 2112 reparanda.
3359 2041 3416 2096 In
3443 2037 3750 2096 monachos

2131 2150 2262 2191 vero
2289 2135 2673 2189 vindicandum
2705 2151 2825 2190 esse
2857 2151 2885 2188 a
2927 2133 3239 2198 comitibus,
3289 2133 3380 2202 qui
3411 2132 3468 2186 in
3499 2141 3750 2203 tempore

2131 2227 2378 2292 aderant,
2412 2227 2713 2281 dicebatur.
2756 2226 2966 2293 Quibus
3007 2227 3334 2294 episc0pus:
3377 2224 3490 2294 Ego
3518 2224 3748 2293 quidem

2131 2333 2254 2373 cum
2279 2319 2608 2387 Imperatore
2632 2334 2775 2373 nunc
2805 2333 2925 2389 ago.
2955 2316 3251 2372 Vobiscum
3271 2330 3403 2370 vero
3428 2315 3559 2368 mihi
3584 2313 3752 2367 aliter

2133 2411 2420 2481 agendum.
2468 2409 2647 2479 Atque
2698 2410 2781 2463 ita
2829 2399 3196 2472 obtinuitfut
3245 2407 3338 2460 illa
3366 2421 3487 2475 qua:
3534 2414 3750 2460 statuta

2133 2505 2373 2568 fuerant,
2404 2511 2813 2559 revocarentur.
2859 2501 2970 2556 Nec
3001 2501 3153 2571 prius
3183 2498 3251 2552 ad
3281 2498 3454 2552 altare
3482 2499 3752 2553 accedere

2133 2598 2324 2661 voluit,
2357 2597 2464 2651 nisi
2514 2594 2620 2650 fide
2655 2610 2752 2649 sua
2800 2593 3103 2661 Imperator
3147 2591 3299 2645 illum
3347 2588 3509 2659 agere
3547 2589 3754 2643 debere

2134 2698 2453 2746 testaretur.
2485 2688 2584 2743 Cui
2630 2687 2919 2757 episcOpus
2946 2700 2959 2739 :
3011 2684 3155 2756 Ergo
3183 2697 3285 2751 ago
3317 2682 3421 2737 ﬁde
3454 2690 3569 2735 tua.
3613 2680 3755 2735 Res-

2136 2783 2330 2854 pondit
2354 2781 2661 2852 Imperator
2687 2798 2699 2832 :
2740 2778 2855 2849 Age
2880 2777 2984 2833 fide
3012 2792 3153 2831 mea.
3185 2775 3300 2844 Qua
3330 2775 3624 2845 sponsione
3650 2776 3758 2828 ite-

2134 2882 2276 2940 rata,
2298 2873 2411 2944 iam
2433 2887 2661 2927 securus
2686 2864 3179 2941 peregitsacerdos
3204 2868 3384 2923 divina
3414 2867 3696 2938 mysteria.
3728 2885 3750 2917 ι

2133 2965 2276 3020 Ecce
2299 2963 2418 3018 duae
2443 2961 2697 3016 maxima:
2742 2959 3112 3031 Ecclesiarum
3147 2959 3242 3013 Dei
3270 2957 3559 3022 colurnum,
3581 2955 3746 3011 .Hila-

2134 3056 2250 3112 rius
2275 3053 2547 3117 videlicet,
2578 3061 2630 3109 et
2655 3051 2997 3105 Ambrosius.
3023 3049 3176 3104 Alter
3198 3064 3264 3103 ex
3289 3049 3375 3103 his
3398 3063 3498 3103 suo
3526 3061 3628 3101 nos
3651 3046 3755 3101 do-

2122 3159 2222 3208 ,cet
2254 3148 2504 3216 exemplo
2535 3161 2641 3199 non
2676 3159 2706 3198 a
2733 3143 2870 3199 cibis
2908 3141 3268 3203 solummodo.
3301 3155 3490 3195 verum
3523 3139 3692 3200 etiam
3721 3154 3754 3192 a

2140 3236 2472 3290 salutatione
2513 3231 2845 3293 JudzeOrum,
2877 3245 2996 3298 quae
3031 3229 3098 3282 ab
3128 3228 3381 3283 omnibus
3411 3227 3466 3284 in
3517 3227 3756 3281 invicem

2139 3326 2503 3382 communiter
2529 3323 2841 3386 exhibetur,
2871 3320 3183 3388 diligentius
3222 3316 3498 3371 abstinere
3526 3315 3753 3370 debere.

2138 3419 2290 3472 Alter
2319 3432 2466 3480 vero,
2497 3429 2599 3486 pro
2623 3429 2688 3467 eo
2735 3412 2879 3481 quod
2911 3417 3103 3465 exusta
3132 3424 3164 3463 a
3212 3407 3542 3464 Christianis
3582 3421 3754 3478 syna-

2143 3520 2277 3581 goga
2309 3507 2643 3570 Iudaeorum,
2675 3504 2860 3558 labore
2887 3502 3125 3573 episc0pi
3154 3500 3222 3556 ab
3247 3499 3581 3569 lmperatore
3596 3499 3756 3566 iussa

2140 3600 2319 3655 fuerat
2361 3596 2685 3661 restaurari,
2732 3594 2895 3649 morti
2941 3608 2998 3648 se
3034 3591 3232 3647 oﬂ'erre
3265 3605 3373 3645 non
3414 3590 3651 3656 dubitat,
3697 3599 3759 3645 et

2141 3695 2311 3768 (quod
2343 3694 2462 3748 leve
2505 3691 2735 3746 forsitan
2761 3697 3071 3759 putaretur,
3105 3689 3149 3744 si
3194 3687 3357 3742 hodie
3386 3688 3754 3758 contingeret)

2136 3789 2224 3841 vir
2256 3794 2478 3842 sanctus
2515 3786 2568 3839 in
2600 3791 2812 3839 tantum
2863 3782 3147 3838 exhorruit
3177 3789 3232 3836 et
3257 3781 3603 3836 abominatus
3647 3789 3750 3843 est,

2135 3888 2196 3933 ut
2224 3886 2454 3934 mortem
2482 3893 2582 3947 pro
2607 3877 2702 3931 tali
2735 3877 2958 3946 negotio
3001 3882 3309 3944 susceptam
3353 3873 3601 3943 martyrii
3633 3871 3754 3928 loco

2136 3985 2244 4024 non
2281 3969 2557 4023 dubitaret
2591 3968 2694 4022 sibi
2745 3983 2868 4022 esse
2915 3982 3213 4022 cessuram.
3263 3964 3753 4021 Praevaricatorem

2139 4062 2304 4116 etiam
2329 4059 2589 4118 indicavit
2614 4067 2724 4113 tam
2757 4057 2956 4126 iniusta
2996 4066 3184 4112 contra
3230 4057 3530 4112 Ecclesiam
3558 4057 3756 4125 βταῑοὶ-

2142 4153 2379 4222 pientem
2408 4170 2421 4216 ;
2450 4159 2504 4206 et
2529 4152 2634 4206 nisi
2676 4150 2779 4206 sibi
2821 4150 3000 4207 locum
3051 4142 3342 4205 audientiae
3391 4159 3748 4214 reservasset,

2142 4241 2167 4280 ἀ
2203 4242 2421 4296 solitam
2470 4257 2569 4311 pro
2618 4229 3174 4296 eo’intercessionem
3205 4255 3264 4295 se
3309 4241 3751 4298 intermissurum

1801 4325 2077 4383 BALUZII
2117 4329 2349 4386 NOTAE.

510 4437 534 4464 ι
576 4421 952 4493 Comparattu,
979 4420 1031 4493 id
1062 4427 1430 4493 esttemptus.

2219 4421 2246 4461 ά
2268 4420 2622 4495 .Solita_m_p_ra
2661 4437 2720 4474 eo
2749 4422 3191 4495 intercessionem,
3234 4421 3285 4476 id
3313 4432 3416 4488 est,
3448 4438 3547 4491 pro
3587 4425 3752 4495 impe-

508 4496 540 4536 δ
586 4487 858 4563 Vita'eju:
886 4492 1143 4563 nimirum
1173 4487 1360 4543 Hilarii
1385 4487 2037 4563 Pictaviensisepiseopi.
2069 4501 2121 4560 D
2151 4499 2354 4563 ratore.
2432 4487 2898 4563 Solebantmenim
2944 4492 3207 4562 principis
3262 4487 3464 4563 nomen
3514 4487 3753 4551 recitare

439 4566 548 4621 Sed
589 4565 705 4618 hac
741 4557 850 4617 non
877 4570 1096 4615 exstant
1132 4560 1186 4613 in
1228 4574 1294 4614 ea
1329 4573 1451 4628 quae
1489 4557 1774 4612 Fortunati
1814 4557 2041 4615 nomine

433 4633 602 4691 hodie
641 4631 1045 4689 circumfertur.
1087 4631 1276 4697 Itaque
1320 4638 1437 4681 tum
1479 4629 1588 4683 alia
1627 4630 1802 4684 sancti
1849 4630 2042 4684 Hilarii

440 4707 550 4760 vita
582 4703 858 4758 terebatur
891 4700 1143 4756 manibus
1170 4699 1471 4753 hominum.

518 4787 540 4813 ε
573 4773 748 4827 Lucus
782 4771 1205 4825 Valentinianor.
1247 4768 1520 4838 Integrum
1561 4769 1704 4823 hunc
1750 4770 1930 4824 locum
1972 4786 2040 4826 ex

439 4847 566 4901 Vita
601 4843 775 4898 sancti
801 4841 1077 4897 Ambrosii
1113 4856 1142 4893 a
1171 4838 1397 4894 Paulino
1443 4839 1647 4908 scripta
1687 4840 1873 4895 retulit
1901 4840 2042 4908 Ago-

441 4909 664 4972 bardus.
715 4911 1009 4977 Ithabanus
1033 4925 1181 4968 vero.
1213 4924 1335 4964 cum
1363 4911 1630 4964 scriberet
1658 4910 1921 4966 adversus
1950 4909 2043 4966 Ju-

443 4986 616 5050 dmos,
662 4983 798 5039 satis
827 4983 1031 5053 habuit
1079 4979 1287 5035 referre
1325 4981 1393 5035 de
1433 4980 1688 5036 incendio
1716 4997 2038 5053 isynagogze,

443 5057 676 5124 ideoque
708 5052 914 5124 omisit
961 5065 1299 5124 quaecunque
1350 5062 1646 5124 narrantur
1698 5052 1771 5124 de
1819 5053 2042 5108 incenso

443 5119 947 5181 Valentinianorum
982 5119 1132 5175 fano.
1186 5119 1320 5173 Nam
1371 5119 1783 5192 et__Ambrosius
1831 5124 1884 5176 in
1934 5124 2044 5192 epi-

446 5195 586 5250 stola
615 5194 686 5250 29
721 5199 990 5248 memorat
1029 5198 1364 5261 postremum
1410 5190 1542 5244 illud
1580 5190 1925 5253 incendium,
1965 5190 2042 5246 ad

445 5267 838 5335 imperatorem
876 5261 1238 5335 Theodosium
1285 5262 1553 5335 scribens:
1611 5280 1629 5313 ι
1663 5261 2043 5335 Vindicabitur

446 5330 896 5402 t-tiam,»inquit,
952 5331 1450 5402 Valentinianorum
1502 5330 1686 5386 fanum
1725 5333 2042 5387 incensum?

447 5405 719 5483 φύει-..ρει
758 5401 1074 5483 ἐπείξῃ-Λιιξὶ
1118 5401 1325 5483 fanum,
1373 5401 1427 5483 in
1469 5417 1577 5483 quo
1604 5410 1702 5483 ‘est
1743 5412 2042 5483 conventus

447 5471 782 5530 Gentilium?
815 5471 983 5544 Licet
1001 5471 1242 5541 Gentiles
1270 5471 1556 5544 duodecim
1588 5473 1718 5542 deos
1746 5473 2038 5544 appellent,

447 5545 539 5600 isti
588 5545 807 5616 triginta
854 5549 908 5597 et
927 5542 1092 5616 __duos
1126 5554 1303 5616 conas
1350 5542 1550 5607 colant,
1595 5542 2043 5616 quosappellant

449 5617 600 5670 deos.
635 5611 763 5670 {De
790 5613 894 5668 hoc
926 5611 1430 5670 Valentiniauorum
1457 5627 1646 5668 errore
1677 5611 2044 5669 vide‘Tertul-

450 5686 654 5740 lianum
688 5686 765 5740 .in
815 5683 954 5738 libro
996 5683 1067 5737 De
1096 5682 1605 5750 Prrescriptionibus
1649 5683 2041 5739 Haereticorum

603 5755 673 5812 33
701 5756 790 5826 qui
821 5764 875 5812 et
900 5754 1232 5826 peculiarem
1268 5753 1532 5809 adversus
1572 5769 1666 5809 eos
1697 5755 1894 5809 librum
1931 5755 2043 5810 edi-

490 5845 504 5880 ι
537 5866 549 5881 .
977 5852 979 5854 -
1539 5867 1543 5870 .

490 5845 549 5881 ιι.
977 5852 979 5854 '

2149 4561 2292 4635 inter
2338 4561 2618 4635 mysteria.
2677 4561 3064 4635 _Tertullianus
3115 4561 3341 4635 (ξιιμ-50
3376 4562 3744 4635 Apologetici:

2153 4630 2291 4686 «Nos
2311 4630 2454 4686 enim
2485 4635 2585 4700 pro
2602 4630 2791 4700 salute
2820 4630 3209 4700 imperatorum
3233 4633 3400 4688 Deum
3429 4630 3750 4691 invocamus

2145 4711 2428 4774 aeternum.
2459 4699 2497 4774 μί
2525 4699 2712 4774 Infra;
2753 4721 2769 4751 α
2806 4699 3038 4774 Oramus
3073 4718 3170 4771 pro
3209 4703 3460 4757 omnibus
3504 4705 3746 4774 impera-

2147 4771 2377 4845 toribus,
2422 4772 2588 4824 vitam
2641 4771 2745 4826 illis
2793 4771 3081 4845 prolixam,
3129 4774 3415 4841 imperium
3466 4771 3746 4845 securum,

2145 4843 2364 4915 domum
2415 4849 2608 4915 tutam,
2653 4843 2926 4915 exercitus
2979 4841 3166 4915 fortes,
3207 4852 3457 4898 senatum
3506 4841 3748 4915 fidelem,

2181 4913 2401 4986 epulum
2448 4912 2699 4986 probum,
2751 4911 2939 4976 orbem
2989 4913 3256 4986 quietum,
3304 4921 3360 4986 et_
3408 4911 3751 4986 qumcunque

2144 4929 2401 5036 Eoputum
2448 4929 2699 4981 pronum,
2751 4929 2939 4976 ornem
2989 4929 3256 4982 quietum,
3304 4929 3360 4968 et
3408 4929 3749 4986 qumcunque

2184 4982 2383 5066 ominis
2421 4990 2477 5036 et
2497 4981 2728 5066 Caesaris
2755 4991 2876 5066 vota
2905 4993 3066 5066 sunt._
3092 5003 3110 5035 »
3145 4983 3211 5066 Et
3227 4983 3402 5066 paulo
3428 4994 3569 5066 post,

2181 5061 2473 5119 raeceptum
2514 5067 2635 5105 esse
2665 5051 2991 5107 Christianis
3033 5055 3191 5109 docet
3233 5051 3560 5109 auctoritate
3597 5055 3748 5112 beati

2181 5070 2473 5119 raeceptum
2514 5070 2635 5105 esse
2665 5070 2991 5107 enrisuams
3033 5070 3191 5109 nocet
3233 5070 3560 5109 auctoritate
3597 5070 3747 5112 neau

2143 5070 2294 5178 Bauli
2335 5122 2387 5174 in
2414 5122 2654 5192 Epistola
2691 5122 2867 5191 prima
2903 5125 2972 5178 ad
3001 5123 3365 5178 Timotheum.
3405 5123 3591 5193 Nerine
3628 5135 3747 5182 tum

2147 5193 2434 5248 videbatur
2464 5193 2847 5263 necessarium
2889 5203 2950 5246 ut
2988 5204 3185 5248 nemen
3227 5195 3750 5263 imperatorisinter

2144 5264 2400 5333 mysteria
2428 5262 2963 5334 proferretur,rquiod
2989 5265 3082 5334 uni
3111 5262 3321 5318 tantum
3349 5275 3566 5334 pareret
3593 5265 3749 5325 orbi!

2145 5335 2454 5394 universus,
2483 5333 2768 5404 adhucque
2795 5333 2853 5386 in
2877 5332 3120 5389 Ecclesia
3149 5332 3528 5404 perseveraret
3554 5344 3747 5392 saneta

2145 5404 2239 5459 illa
2285 5411 2533 5476 veterum
2566 5402 3002 5476 Christianorum
3056 5402 3395 5476 simplicitas.
3449 5404 3513 5458 At
3554 5415 3748 5476 postea

2144 5490 2309 5544 quam
2344 5473 2511 5544 dividi
2534 5473 2685 5528 orbis
2717 5474 2901 5541 cmpit,
2927 5489 3135 5544 proque
3170 5473 3491 5534 innocentia
3529 5473 3586 5530 et
3615 5477 3750 5531 sim-

2146 5543 2388 5614 plicitate
2415 5543 2565 5614 fraus
2588 5553 2643 5597 et
2668 5544 2822 5599 dolus
2850 5543 3091 5613 irrepere
3116 5552 3397 5614 coeperunt
3425 5546 3568 5600 inter
3593 5544 3751 5601 Chri-

2147 5613 2374 5677 stianos,
2421 5613 2753 5684 dubiumque
2777 5614 2860 5700 ὀὶ)
2896 5629 2989 5669 eas
3031 5613 3224 5697 causas
3264 5629 3383 5668 csse
3428 5617 3600 5698 potuit
3645 5631 3751 5700 pro

2147 5699 2382 5754 quonam
2429 5699 2558 5753 rege
2602 5685 2856 5739 sacerdos
2903 5694 3107 5748 oraret,
3151 5687 3196 5738 si
3236 5701 3442 5756 nomen
3486 5685 3750 5756 principis

2150 5764 2448 5816 taceretur,
2472 5756 2760 5823 verbisque
2795 5765 2998 5809 tantum
3025 5755 3373 5825 generalibus
3402 5755 3501 5825 pro
3531 5773 3594 5811 eo
3625 5755 3749 5812 ora-

2154 5836 2237 5880 ret
2283 5825 2554 5893 Ecclesia;
2599 5835 2709 5880 tum
2755 5843 2883 5881 vero
2943 5826 3310 5882 necessarium
3357 5828 3532 5882 Visum
3571 5834 3656 5885 est
3687 5828 3747 5882 ut
