3918 6336
197 329 268 390 8i

1292 329 1377 385 DE
1414 325 1726 386 JUDAlClS
1765 322 2468 384 SUPERSTITIONIBUS.

3437 321 3509 378 82

205 451 440 500 testatus
467 451 572 498 est.
609 441 752 510 Quid
791 442 880 496 hic
932 442 1096 503 igitur
1124 441 1206 494 vir
1255 441 1350 496 Dei
1396 440 1699 495 credendus
1728 449 1811 494 est
1840 442 1891 500 Α
1985 436 2074 492 lV.
2106 436 2387 491 Alchimus
2432 434 2625 489 Avitus
2649 432 2906 490 Ecclesia
2952 433 3276 491 Viennensis
3300 433 3510 503 episco-

212 537 377 590 fuisse
407 535 680 598 facturus,
708 533 754 588 si
796 531 1020 586 vidisset
1067 547 1165 586 suo
1210 539 1454 599 tempore
1499 528 1808 583 Iudaeorum

211 625 512 680 inﬁdelium
539 638 704 678 causa
732 622 992 678 canonica
1029 628 1231 675 statuta
1260 618 1529 673 convelli?

285 714 372 769 ill.
399 710 511 768 Nec
532 712 906 768 sanctissimus
924 709 1247 777 Cyprianus,
1269 716 1326 763 et
1344 708 1506 762 homo
1527 706 1624 762 Dei
1643 707 1810 760 Atha-

212 807 422 869 nasius,
449 805 663 859 minore
701 803 822 857 illos
843 801 972 856 odio
991 800 1396 854 abominantur.
1429 797 1568 862 Quin
1607 798 1808 865 potius,

213 895 360 949 sicut
391 909 582 949 eorum
610 894 803 951 litteras
851 899 1020 947 testes
1048 897 1196 956 sunt,
1246 888 1582 944 inﬁdelitatis
1620 903 1809 942 eorum

212 983 701 1040 obstinatissimam
726 983 1061 1053 impietatem
1087 996 1250 1052 supra
1281 994 1497 1036 omnem
1532 979 1808 1051 gentilium

214 1083 576 1129 exsecrantur
594 1089 856 1130 errorem.
880 1072 1121 1140 Quorum
1149 1069 1612 1139 religiosissimam
1648 1068 1809 1123 ﬁdem

213 1174 273 1222 et
298 1165 522 1221 Christo
551 1165 784 1220 deditam
816 1163 1177 1228 devotionem,
1206 1176 1397 1216 omnes
1443 1159 1808 1216 Ecclesiarum

213 1255 617 1311 Gallicanarum
647 1255 1072 1310 reverentissimi
1100 1255 1492 1323 gubernatores
1517 1252 1706 1314 secuti,
1736 1259 1812 1307 to-

215 1357 334 1401 tam
361 1347 672 1401 Judzeorum
699 1359 767 1399 ex
807 1346 1020 1417 integro
1055 1344 1467 1414 pollutissimam
1497 1343 1809 1398 societatem

215 1435 530 1508 fugiendam
558 1436 776 1506 penitus
823 1434 1147 1490 Christianis
1179 1434 1430 1489 omnibus
1469 1449 1590 1489 esse
1617 1447 1810 1488 sanxe-

213 1538 384 1584 runt:
431 1543 661 1597 quorum
712 1543 811 1582 nos
839 1528 905 1582 de
942 1527 1045 1583 hac
1076 1543 1134 1582 re
1171 1528 1468 1582 sententias
1503 1542 1726 1598 ponere,
1756 1537 1812 1582 et

212 1637 280 1675 ex
335 1624 423 1676 his
472 1636 634 1690 quam
682 1620 754 1675 sit
801 1619 1133 1675 exsecrabile
1186 1620 1427 1689 ipsorum
1476 1621 1809 1675 consortium

212 1713 560 1767 decrevimus
587 1728 618 1769 e
647 1712 876 1783 vestigio
905 1712 1301 1767 demonstrare.

1913 542 2036 596 pus,
2063 541 2227 596 quam
2271 520 2505 581 eximius
2544 526 2734 581 doctor
2760 525 3095 582 orthov’eoxus
3138 533 3195 581 et
3243 524 3510 580 facundus

1911 617 2201 683 exstiterit,
2228 631 2366 687 pene
2391 625 2504 671 tota
2535 617 2685 672 novit
2720 617 2962 674 Ecclesia
3004 616 3228 674 Christi.
3269 611 3506 672 Sanctus

1907 706 2234 778 Apollinaris
2277 707 2562 777 episcopus
2603 706 2856 764 Ecclesize
2905 707 3223 774 Valentinte,
3271 716 3507 777 quantus

1910 796 2073 852 fuerit
2100 807 2156 853 et
2194 798 2282 863 sit,
2313 813 2418 854 non
2445 799 2620 854 solum
2661 809 2814 869 gesta
2851 801 2919 856 de
2945 815 3010 856 eo
3057 801 3284 870 scripta,
3319 800 3415 856 sed
3443 809 3508 855 et

1911 892 2102 946 crebra
2133 889 2248 958 ejus
2276 891 2536 948 miracula
2572 907 2745 961 usque
2770 891 2930 947 hodie
2958 890 3266 946 sublimiter
3296 898 3502 946 testan-

1912 991 2023 1037 tur.
2053 981 2286 1037 Sanctus
2319 981 2614 1052 Gregorius
2655 982 2966 1053 Lingonica:
3010 983 3270 1039 Ecclesize
3294 983 3508 1052 episco-

1911 1090 2033 1143 pus,
2064 1082 2281 1143 quanta:
2319 1075 2626 1131 sanctitatis
2652 1082 2709 1132 et
2736 1075 2981 1132 veritatis
3007 1073 3194 1141 fuerit,
3223 1073 3349 1132 Vita
3389 1075 3508 1146 ejus

1911 1164 2134 1229 scripta,
2180 1171 2235 1218 et
2261 1162 2386 1217 ﬁnis
2417 1164 2540 1219 vita:
2566 1173 2729 1234 atque
2755 1167 2933 1222 honor
2956 1165 3006 1219 ei
3034 1164 3105 1219 ab
3142 1163 3384 1220 Ecclesia
3411 1164 3505 1219 de-

1911 1254 2072 1317 latus,
2103 1270 2272 1324 usque
2298 1254 2458 1310 hodie
2491 1263 2656 1312 testes
2685 1266 2831 1312 sunt.
2878 1257 3221 1313 Viventiolus
3247 1256 3507 1312 Ecclesiae

1911 1347 2288 1418 Lugdunensis
2327 1349 2634 1418 episcopus,
2669 1349 2826 1419 cujus
2863 1351 3126 1407 doctrinae
3171 1349 3355 1416 fuerit,
3397 1366 3504 1406 non

1911 1438 2082 1494 solum
2111 1439 2248 1508 ipsa,
2271 1440 2368 1494 sed
2393 1453 2450 1495 et
2475 1441 2704 1495 aliorum
2739 1441 2807 1496 de
2843 1455 2909 1497 eo
2950 1441 3156 1513 scripta
3205 1449 3501 1497 testantur.

1913 1527 1978 1582 Ili
2005 1543 2135 1596 ergo
2162 1541 2187 1569 ι
2216 1543 2340 1584 cum
2371 1529 2494 1586 aliis
2521 1531 2710 1601 viginti
2742 1531 3200 1588 reverentissimis
3231 1533 3506 1604 episcopis

1912 1619 1966 1674 in
1994 1621 2210 1674 nomine
2239 1619 2450 1675 Domini
2481 1621 2788 1693 congregati
2813 1636 2912 1690 pro
2940 1619 3252 1678 defensione
3279 1631 3333 1679 et
3357 1629 3502 1678 statu

1913 1708 2191 1776 Ecclesiae,
2220 1710 2287 1766 de
2317 1726 2376 1766 re
2421 1712 2670 1783 superius
2718 1720 3017 1767 memorata
3062 1713 3092 1752 δ
3139 1712 3284 1766 inter
3308 1720 3504 1769 caetera

1571 1822 1850 1879 BALUZII
1890 1822 2122 1879 NOTAE.

213 1933 418 1974 nomen
462 1919 723 1988 principis
769 1917 1114 1980 recitaretur,
1166 1931 1273 1988 quo
1315 1915 1598 1971 fraudibus
1644 1915 1816 1969 iretur
1842 1919 1890 1978 B
1919 1915 2118 1986 regios,
2157 1916 2207 1988 _s_i
2248 1915 2378 1985 quid
2414 1916 2468 1970 in
2498 1916 2937 1988 hoc‘peccarent
2978 1917 3248 1988 monachi.
3296 1915 3402 1973 Sed
3437 1933 3507 1974 ne

213 1988 458 2059 obviam,
503 1989 979 2059 intelligerentque
1019 1987 1202 2056 populi
1244 2002 1364 2041 eam
1394 2000 1534 2059 _esse
1571 1994 1813 2059 mentem

213 2058 494 2138 Ecclesiae,
520 2074 585 2112 ex
614 2055 1177 2138 divinopraecepto’et
1203 2056 1498 2138 apostolica
1525 2055 1816 2138 traditioue

215 2128 662 2191 descendentem,
705 2137 768 2183 ut
803 2125 878 2182 illi
896 2125 1048 2198 regi,
1082 2128 1173 2196 qui
1206 2125 1318 2180 tum
1360 2125 1714 2198 imperitaret,
1748 2125 1812 2179 ﬁ-

213 2199 342 2254 dem
384 2214 538 2253 suam
583 2208 830 2252 sanctam
874 2197 1247 2265 illibatamque
1288 2204 1590 2260 servarent,
1615 2197 1813 2249 vitam-

210 2285 324 2338 que
357 2269 408 2323 ci
441 2269 726 2338 prolixam,
759 2268 1046 2336 imperium
1069 2283 1343 2338 securum,
1369 2266 1587 2338 domum
1617 2272 1809 2328 tutam,

212 2337 271 2394 et
317 2348 512 2393 extera
562 2353 897 2408 quaecunque
945 2337 1193 2408 hominis;
1233 2346 1288 2391 et
1324 2337 1468 2406 regis
1508 2343 1634 2389 vota
1665 2346 1810 2408 sunt,

210 2406 590 2479 precarentur.
645 2409 834 2479 Itaque
868 2407 922 2479 in
971 2407 1136 2479 Libro
1168 2406 1673 2479 Sacramentorurn,
1720 2407 1811 2474 qui

210 2475 481 2549 Gregorio
518 2478 713 2548 Magno
748 2475 916 2549 tribui
960 2477 1125 2549 solet,
1162 2477 1366 2532 diserte
1403 2475 1717 2549 praecipitur
1753 2484 1813 2529 ut

211 2547 414 2604 nomen
448 2549 590 2617 regis
614 2547 1013 2618 pronuntietur
1050 2547 1192 2602 inter
1222 2547 1519 2618 mysteria;
1541 2547 1666 2598 Una
1693 2563 1810 2618 cum

210 2617 420 2688 famulo
448 2616 539 2670 tuo
563 2616 702 2688 papa
722 2628 904 2672 nostra
933 2617 1084 2688 ξιιηει
1113 2634 1228 2684 rege
1255 2616 1442 2688 desire
1459 2616 1539 2670 ill.
1571 2625 1626 2688 et
1644 2617 1812 2688 omni-

209 2685 313 2741 bus
343 2685 647 2741 orthodomis
672 2697 826 2758 atque
859 2687 1130 2742 cat/tolij
1149 2696 1199 2741 et
1223 2685 1522 2758 apostolica:
1546 2685 1675 2754 ﬁdei
1701 2685 1812 2758 cul-

213 2758 439 2828 toribus.
481 2758 550 2811 Et
585 2756 834 2828 proferri.
863 2758 1081 2826 quidem
1122 2756 1346 2826 possent
1372 2757 1524 2810 varia
1557 2756 1810 2826 exempla

209 2827 378 2896 hujus
408 2826 604 2882 morisI
635 2826 768 2892 Sed,
800 2828 1020 2882 omissis
1055 2828 1288 2893 caeteris,
1323 2828 1392 2882 ab
1420 2835 1580 2882 aetate
1619 2836 1809 2881 nostra

210 2912 491 2968 sumemus
514 2897 998 2968 exemplum.Cum
1027 2905 1155 2953 ante
1181 2899 1280 2952 hos
1306 2897 1496 2968 viginti
1521 2897 1810 2968 allDO_S_C&-

212 2967 388 3022 talani
419 2983 477 3022 se
504 2965 872 3037 justis'iisque
901 2968 1224 3023 necessariis
1252 2969 1316 3023 de
1352 2965 1533 3022 causis
1568 2967 1621 3020 in
1649 2965 1808 3021 ﬁdem

210 3052 280 3093 ac
311 3037 620 3093 clientelam
650 3038 906 3094 Ludovici
938 3038 1054 3093 Xlll
1080 3037 1415 3092 Francorum
1449 3037 1596 3094 regis
1625 3045 1810 3092 contu-

208 3106 438 3179 lissent,
492 3109 720 3179 ejusque
767 3123 826 3164 se
877 3109 1114 3164 dominio
1162 3108 1404 3179 volentes
1455 3106 1810 3179 iubentesque

209 3177 610 3245 subjecissent;
632 3177 919 3235 'manebat
946 3187 1127 3234 tamen
1157 3178 1334 3234 adhuc
1362 3178 1419 3232 in
1447 3177 1808 3246 quorumdam

1916 1985 2094 2055 preme
2117 1985 2434 2040 viderentur
2454 1986 2770 2040 constitutae
2795 1994 3003 2040 tantum
3029 1987 3288 2041 adversus
3319 2003 3506 2042 mona-

1915 2057 2066 2126 chos,
2099 2071 2165 2110 ac
2189 2057 2234 2110 si
2261 2056 2328 2110 de
2357 2055 2425 2110 iis
2450 2055 2580 2110 solis
2613 2056 2851 2126 suspicio
2881 2065 3045 2120 esset,
3075 2055 3285 2112 litteras
3310 2057 3506 2115 deinde

1916 2125 1982 2181 ad
2013 2125 2443 2194 uniuscujusque
2489 2125 2783 2182 diteceseos
2817 2127 3381 2196 vicariosrgenerales
3410 2128 3503 2184 de-

1915 2196 2015 2260 dit,
2045 2197 2098 2249 in
2126 2196 2332 2265 quibus
2350 2197 2538 2251 eadem
2567 2196 2822 2250 mandata
2851 2195 3282 2251 continebantur.
3313 2197 3507 2254 Exstat

1915 2274 2096 2336 autem
2123 2265 2349 2335 epistola
2376 2265 2494 2334 ejus
2525 2265 2593 2319 ad
2622 2265 2854 2321 vicarios
2890 2265 3171 2336 generales
3203 2267 3503 2324 dimceseos

1916 2335 2254 2399 Helenensis,
2291 2336 2345 2389 in
2372 2351 2478 2405 qua
2517 2335 2595 2389 sic
2630 2335 3045 2404 scriptum’est:
3099 2354 3119 2387 ι
3153 2335 3212 2390 In
3246 2339 3504 2394 orationi-

1915 2406 2016 2460 bus
2053 2420 2267 2475 quoque
2312 2423 2432 2475 quae
2476 2421 2575 2476 pro
2614 2405 2788 2461 salute
2836 2407 2979 2476 regis
3026 2406 3170 2460 inter
3211 2409 3500 2463 missarum

1915 2477 2175 2549 solemnia
2211 2475 2528 2549 recitantur,
2557 2475 2812 2549 Ludovici
2842 2475 3037 2549 nomen
3071 2476 3276 2549 diserte
3300 2488 3355 2532 et
3384 2493 3503 2549 spe-

1913 2546 2126 2618 cialiter
2158 2546 2486 2618 exprimant.
2524 2566 2541 2597 ι
2591 2545 2856 2618 therum
2893 2548 3154 2618 adversus
3190 2547 3333 2618 hanc
3371 2545 3495 2618 cia,-

1916 2617 2118 2671 tionem
2159 2615 2352 2670 Marem
2381 2657 2394 2679 ,
2457 2615 2720 2685 puerilem
2773 2617 3062 2670 admodum
3110 2615 3501 2673 declamatiun-

1913 2686 2090 2741 culam
2125 2688 2332 2753 eodem
2361 2701 2503 2741 anno
2531 2686 2840 2740 Tarracone
2888 2685 3058 2741 edidit
3110 2685 3281 2742 frater
3305 2688 3500 2746 Petrus

1914 2755 2138 2812 Moliner
2170 2756 2500 2812 Trinitarius
2539 2756 2818 2827 magister,
2849 2756 3158 2827 theologia:
3199 2757 3391 2813 doctor
3435 2775 3502 2814 ac

1915 2827 2256 2896 vespertinus
2282 2825 2700 2898 cathedraticits
2747 2827 2802 2881 in
2846 2825 3105 2898 llerdensi
3139 2826 3352 2898 Lycaeo.
3400 2828 3504 2885 llis

1912 2898 2057 2977 enim
2087 2913 2147 2953 se
2177 2896 2348 2952 titulis
2395 2898 2612 2977 crnavit
2644 2897 2813 2977 homo
2861 2896 3138 2977 opinione
3169 2896 3265 2977 sua
3307 2899 3504 2977 doctus

1912 2975 1968 3022 et
1997 2967 2284 3037 eloquens;
2329 2965 2443 3030 sed,
2489 2975 2750 3036 quantum
2789 2981 2855 3020 ex
2896 2965 3072 3037 ipsius
3106 2965 3499 3024 declamatiun-

1913 3037 2034 3092 cula
2075 3036 2257 3106 colligi
2301 3046 2501 3107 potest,
2549 3037 2714 3091 Musis
2759 3050 2867 3091 non
2911 3045 3021 3089 tam
3062 3036 3290 3104 invisus,
3331 3054 3496 3108 quam

1912 3117 2168 3233 “Tim
2196 3178 2314 3232 aliis
2341 3177 2543 3247 uiginti,
2575 3178 2626 3231 in
2655 3176 2861 3246 synodo
2885 3176 3138 3247 nimirum
3162 3177 3489 3247 Epaonensi.

285 3248 534 3331 ctoribus.
567 3249 792 3339 insitum
841 3249 908 3339 in,
939 3247 1123 3303 Gallos
1165 3248 1369 3339 odiurg,
1411 3245 1713 3339 et'occu‘lta
1748 3246 1802 3300 in
1833 3278 1878 3339 Ο
1910 3263 2031 3339 quae
2083 3263 2224 3330 anno
2253 3247 2372 3339 £217A
2390 3245 2572 3339 habita
2619 3245 2993 3339 estupnezside
3039 3245 3497 3339 Avitolepiscopo

264 3319 484 3388 ispanos
522 3319 821 3373 inclinatio.
864 3317 1070 3373 Horum
1094 3333 1239 3388 ergo
1273 3316 1555 3372 affectibus
1579 3316 1808 3388 utebang

211 3385 563 3458 tur—Hispani
607 3390 673 3443 ad
713 3389 1037 3444 turbandum
1077 3385 1386 3458 Catalonize
1423 3395 1643 3458 statum.
1701 3385 1808 3441 Sed

206 3455 577 3528 opportunum
634 3460 689 3512 in
736 3460 926 3527 primis
971 3458 1236 3527 valdeque
1290 3455 1424 3511 utile
1471 3457 1659 3528 visum
1698 3464 1803 3528 est,

208 3527 368 3582 abuti
405 3531 798 3583 monachorum
838 3529 1162 3593 virtutibus,
1211 3528 1277 3597 ad
1319 3543 1455 3597 quos
1499 3535 1612 3580 tum
1649 3527 1700 3580 in
1740 3527 1807 3582 iis

209 3597 528 3668 regionibus
567 3599 785 3667 delapsa
844 3607 962 3653 erat
989 3599 1167 3652 omnis
1198 3596 1312 3652 fere
1336 3596 1491 3668 cura
1528 3612 1806 3651 sacrarum

207 3667 568 3732 concionum;
607 3669 750 3738 quod
784 3669 840 3723 id
868 3684 1038 3738 genus
1077 3668 1356 3738 hominum
1382 3667 1672 3736 plurimum
1711 3682 1807 3720 au-

207 3739 484 3808 ctoritatis
526 3739 722 3793 habeat
758 3739 897 3808 apud
935 3737 1166 3806 plebem,
1198 3737 1469 3808 praecipue
1501 3751 1630 3790 vero
1663 3738 1806 3807 apud

209 3805 519 3878 Catalanos,
547 3817 760 3878 gentem
778 3805 1260 3878 religiosissimum.
1281 3807 1361 3878 Ea
1380 3805 1807 3878 tempestatevir

210 3875 625 3932 illustrissimus
646 3879 840 3933 Petrus
869 3875 935 3932 de
965 3877 1168 3944 Marca,
1199 3878 1291 3946 qui
1321 3876 1654 3931 Tolosatium
1679 3878 1803 3932 dein

205 3955 267 4002 et
304 3947 695 4003 Parisiensium
739 3949 1179 4018 archiepiscopus
1224 3947 1346 4011 fuit,
1381 3949 1434 4001 in
1470 3947 1802 4002 Cataloniam

210 4017 415 4072 missus
444 4027 527 4072 est
555 4034 677 4072 cum
709 4019 1041 4088 amplissima
1071 4017 1358 4087 potestate,
1389 4026 1448 4071 ut
1473 4018 1802 4088 provinciam

213 4098 467 4142 recenter
506 4089 574 4150 ad
620 4104 718 4142 nos
757 4087 969 4144 versam
1013 4088 1301 4158 prudentia
1337 4097 1393 4141 et
1437 4087 1704 4158 sapientia
1745 4103 1807 4142 ac

207 4159 429 4227 ceteris
478 4158 634 4212 bonis
689 4160 927 4221 artibus,
983 4157 1179 4227 quibus
1231 4157 1521 4227 plurimum
1549 4157 1804 4227 rivalebat,

210 4228 331 4299 regi
378 4226 845 4299 Christiaenissimo
894 4226 1122 4292 teneret,
1170 4226 1506 4299 imperioque
1543 4226 1806 4282 Francico

207 4297 408 4366 parere
444 4297 827 4353 assuefaceret.
861 4299 959 4352 ilic
993 4312 1124 4368 ergo
1148 4313 1272 4352 cum
1294 4297 1651 4368 Barcinonem
1689 4312 1806 4365 per-

210 4368 477 4431 venisset,
510 4369 685 4437 deque
715 4369 800 4425 his
834 4368 997 4422 rebus
1032 4366 1225 4422 fuisset
1259 4367 1592 4437 admonitus,
1625 4375 1804 4422 recto—

208 4451 303 4492 res
345 4436 798 4492 monasteriorum
843 4438 986 4492 illius
1028 4438 1220 4504 urbis,
1265 4445 1403 4506 quos
1444 4436 1807 4504 provinciales

208 4516 308 4576 aut
344 4509 654 4576 superiores
682 4517 899 4571 vocant,
930 4509 985 4561 in
1017 4523 1143 4561 suas
1177 4506 1591 4576 aedesevocavit
1625 4507 1806 4562 Idibus

205 4574 340 4646 Julii
381 4574 508 4630 anni
546 4577 683 4631 16M
723 4579 1015 4646 habitaque
1062 4578 1130 4631 ad
1172 4577 1291 4631 illos
1323 4575 1516 4646 Latina
1558 4577 1804 4631 oratione

205 4645 279 4699 de
310 4648 522 4718 meritis
548 4647 806 4718 Ludovici
834 4645 949 4701 Xlll
983 4647 1127 4718 regis
1156 4647 1382 4718 ejusque
1412 4645 1505 4700 ﬁlii
1545 4661 1688 4718 nunc
1717 4663 1803 4718 re-

285 4717 430 4798 antis
465 4717 518 4771 in
545 4717 900 4798 Cataloniam,
924 4716 1115 4798 deque
1149 4716 1255 4772 ﬁde
1293 4717 1675 4798 quasprincipi
1704 4717 1798 4798 de-

204 4730 430 4840 ganus
465 4733 518 4771 tn
545 4730 900 4780 uatatonram,
940 4730 1115 4785 aeque
1149 4730 1255 4772 nde
1293 4731 1412 4786 qua:
1443 4731 1675 4798 princrpt
1704 4730 1798 4771 de-

281 4793 390 4850 tur,
428 4803 533 4842 non
569 4789 741 4842 solum
780 4795 1002 4856 propter
1040 4789 1174 4840 iram
1196 4827 1210 4852 ,
1258 4787 1351 4841 sed
1383 4795 1549 4841 etiam
1580 4795 1802 4856 propter

204 4803 390 4850 Detur,
428 4803 533 4842 non
569 4803 741 4842 sorum
780 4803 878 4856 pro
919 4803 1002 4840 ter
1040 4803 1210 4852 iram,
1258 4803 1351 4841 sea
1383 4803 1549 4841 etiam
1580 4803 1801 4856 propter

203 4857 627 4937 conscientiam,
665 4858 840 4937 ut_ait
870 4803 1184 4937 xpostolus,
1229 4864 1463 4937 quatuor
1501 4857 1583 4910 eis
1622 4857 1801 4937 capita

202 4927 510 4997 proposuit,
549 4927 617 4980 ab
665 4928 932 4982 universis
975 4941 1072 4997 per
1116 4927 1452 4997 provinciam
1519 4928 1801 4997 monachis

202 4995 568 5066 observanda,
591 5012 822 5065 quorum
852 4995 1325 5066 unumfuit'istud
1342 5014 1356 5049 :
1383 4995 1626 5051 Tertium
1656 4998 1800 5066 quod

203 5079 239 5136 _a
264 5065 419 5120 vobis
445 5066 623 5136 exige,
652 5066 782 5136 illud
806 5078 910 5133 est,
936 5073 995 5119 ut
1024 5065 1168 5120 inter
1195 5066 1482 5120 missarum
1511 5067 1795 5128 solemnia,

196 5133 728 5205 juxtadivi'Pauli
775 5143 1137 5205 praeceptum,
1185 5137 1529 5204 antiquorum
1571 5136 1794 5190 Patrum

203 5151 358 5204 juxta
415 5151 524 5189 um
579 5151 728 5189 rami
775 5151 950 5205 praece
993 5151 1137 5200 tum,
1185 5151 1529 5204 antiquorum
1573 5151 1794 5190 Patrum

203 5203 561 5275 traditionem
584 5203 697 5275 jam
722 5205 790 5260 ab
810 5207 927 5275 ipso
949 5151 1283 5260 ’i‘ertulliano
1314 5214 1588 5271 testatam,
1609 5207 1798 5274 ipsius-

205 5288 330 5355 que.
347 5274 592 5355 Missalig
607 5274 842 5355 Romani
877 5284 1221 5355 contextum,
1266 5276 1407 5355 regis
1445 5275 1796 5355 Christianis-

203 5343 333 5415 aimi
369 5343 625 5414 specialis
662 5353 717 5400 et
747 5359 1004 5415 expressa
1035 5346 1104 5400 ab
1134 5343 1386 5400 omnibus
1423 5347 1796 5400 sacerdotibus

205 5413 302 5468 fiat
330 5413 831 5484 commemoratio;’
857 5415 929 5469 ita
960 5423 1024 5470 ut
1047 5429 1154 5484 non
1191 5423 1396 5469 tantum
1427 5416 1569 5484 regis
1594 5415 1797 5470 mentio

203 5484 538 5555 generaliter
581 5483 874 5554 injiciatur,
921 5485 1017 5540 sed
1051 5482 1309 5539 Ludovici
1355 5482 1551 5555 nomen
1593 5485 1795 5555 diserte

203 5551 577 5635 exprimatur,
629 5551 1080 5635 quemadmodum
1136 5555 1303 5635 euigit
1344 5570 1486 5635 usus
1539 5551 1795 5635 Ecclesiae

203 5623 597 5694 quotidianus;
650 5623 722 5680 ne
788 5624 990 5694 alioqui
1048 5623 1286 5694 suspicio
1343 5623 1466 5678 inde
1518 5633 1792 5694 nascatur,

199 5693 344 5774 aliud
379 5693 570 5774 animo
606 5695 744 5774 geri,
782 5693 927 5774 aliud
950 5693 1130 5749 verbis
1157 5693 1418 5774 simulari.
1459 5715 1476 5745 ι
1516 5693 1796 5774 Postremo

202 5764 324 5821 loco
362 5762 651 5822 admonuit
681 5781 787 5821 non
817 5764 1094 5822 defuturos
1128 5764 1301 5818 cilicio
1331 5779 1427 5819 suo
1449 5764 1799 5833 magistratus

1830 4621 1882 4680 D

1913 3315 2226 3390 Viennensi.
2269 3316 2491 3390 Sedhic
2511 3315 2828 3390 Agobardus
2856 3315 2927 3370 εει
2964 3327 3179 3390 tantum
3208 3315 3494 3390 episcopos

1911 3389 1959 3469 ei
1997 3389 2207 3469 synode
2252 3386 2498 3469 adfuisse.
2522 3387 2701 3469 docet,
2735 3393 3080 3469 curn-tamen
3113 3387 3184 3442 25
3215 3386 3494 3469 reperian-

1910 3467 1999 3529 tur
2028 3454 2083 3512 in
2111 3458 2343 3529 vulgatis
2368 3457 2726 3529 feditionibus.‘
2765 3454 2878 3529 Nisi
2914 3457 2960 3510 si
2994 3454 3496 3529 numerum'rotun-

1910 3528 2036 3583 dum
2063 3525 2268 3598 ponere
2291 3527 2464 3598 voluit
2489 3545 2500 3580 :
2529 3527 2670 3596 quod
2699 3525 2860 3598 facile
2895 3527 3240 3598 crediderim.
3271 3529 3349 3584 De
3373 3529 3492 3585 loco

1906 3595 2080 3667 porro'
2124 3597 2215 3652 ubi
2267 3597 2451 3668 habita
2507 3595 2593 3650 est
2643 3595 2880 3668 synodus
2928 3595 3058 3668 illa,
3106 3611 3215 3652 non
3257 3615 3363 3653 una
3409 3611 3496 3657 est

1907 3664 2150 3723 omnium
2185 3667 2478 3731 sententia,
2511 3664 2686 3734 eaque
2711 3679 2800 3719 res
2825 3664 2878 3718 in
2911 3665 3186 3722 diversum
3223 3671 3390 3725 traxit
3412 3671 3494 3726 in—

1907 3739 2063 3806 genia
2105 3738 2382 3808 hominum
2427 3736 2781 3808 eruditorum.
2823 3734 2939 3808 Sed
2971 3751 3148 3807 neque
3189 3753 3290 3808 ego
3330 3741 3494 3796 velim

1906 3805 2166 3864 dirimere
2203 3823 2323 3862 eam
2366 3806 2535 3862 litem.
2573 3805 2840 3860 Caeterum
2876 3805 3038 3862 silere
3062 3805 3180 3863 'non
3208 3805 3378 3864 debeo
3411 3811 3492 3864 vi-

1908 3879 2054 3933 disse
2091 3893 2181 3935 me
2208 3892 2380 3949 nuper
2411 3877 2679 3949 vetustum
2716 3875 2960 3949 codicem
2998 3892 3105 3949 ms.
3140 3878 3493 3949 epistolarum

1905 3949 2074 4014 Aviti,
2104 3957 2160 4004 et
2195 3950 2250 4003 in
2278 3943 2363 4001 his
2386 3947 2550 4001 etiam
2579 3961 2698 4000 esse
2729 3943 3012 4014 epistolam
3043 3947 3109 4002 ad
3139 3943 3489 4015 Quintianum

1906 4020 2239 4100 episcopum,
2271 4032 2434 4100 quam
2471 4016 2803 4100 Sirmondus
2826 4015 3025 4100 aliique
3060 4026 3180 4086 post
3217 4034 3350 4100 eum.
3380 4021 3495 4100 egi-

1907 4085 2130 4159 stimant
2184 4085 2307 4144 esse
2364 4088 2681 4159 tractorium
2738 4085 2806 4138 ad
2861 4085 3140 4159 episcoprg.
3198 4090 3492 4159 provinciae

1906 4156 2231 4229 Viennensis
2280 4165 2341 4211 ut
2394 4156 2462 4229 ad
2510 4157 2776 4229 synodum
2813 4156 3034 4229 veniant
3091 4156 3485 4229 Epaonensem.

1907 4228 1976 4283 Et
2011 4230 2232 4310 omnino
2261 4227 2496 4310 Epaonis
2534 4225 2728 4281 nomen
2744 4225 2968 4310 deestin
2985 4241 3050 4310 eo
3061 4225 3392 4310 codice-ubi
3417 4230 3493 4285 lo-

1907 4314 2003 4354 cus
2051 4299 2117 4354 de
2163 4295 2393 4354 concilio
2438 4296 2814 4367 congregaudo
2865 4295 2945 4350 sic
2987 4297 3148 4367 habet
3182 4317 3194 4351 :
3229 4317 3248 4349 ‹
3283 4298 3490 4355 Idcirco

1905 4379 2132 4424 cunctos
2177 4369 2336 4423 simul
2387 4364 2664 4436 poscimus
2719 4364 2936 4436 fratres,
2998 4374 3060 4420 ut
3103 4366 3214 4423 Deo
3275 4367 3492 4423 favente

1906 4449 2101 4494 octavo
2128 4439 2312 4493 Iduum
2347 4434 2742 4518 septembrium
2779 4434 2866 4489 die
2910 4436 2964 4489 in
2997 4439 3254 4504 parochia
3280 4439 3490 4560 episco-

1906 4517 2064 4560 natus
2091 4509 2255 4560 vestri
2298 4509 2509 4560 medius
2534 4514 2694 4560 atque
2720 4513 3054 4560 onnortunus
3097 4506 3248 4560 locus
3285 4524 3316 4560 e
3336 4518 3490 4560 ectus

1906 4517 2064 4579 patus
2091 4509 2255 4562 vestri
2298 4506 2509 4561 medius
2534 4514 2694 4574 atque
2720 4513 3054 4579 opportunus
3097 4506 3248 4579 locus
3285 4506 3492 4564 electus

1907 4575 2012 4643 est,
2052 4581 2193 4633 sicut
2219 4586 2276 4632 et
2311 4586 2542 4645 tempus,
2577 4586 2680 4629 etc.
2719 4595 2735 4626 ι
2771 4575 2850 4628 Ex
2885 4590 2990 4644 quo
3010 4575 3152 4638 loco,
3179 4576 3306 4632 licet
3333 4579 3489 4645 valde

1906 4658 2191 4717 corrupto,
2233 4644 2676 4717 colligi’fortasse
2715 4646 2915 4717 poterit
2952 4645 3108 4717 sedes
3143 4646 3394 4716 Epaonis,
3427 4644 3490 4717 ut

1945 4734 2026 4773 uae
2053 4714 2218 4790 fuerit
2250 4718 2302 4771 in
2333 4714 2574 4790 confinio.
2595 4714 2976 4790 nonnullarum
3002 4714 3306 4790 direceseon
3335 4714 3485 4790 regni

1952 4789 2369 4858 urgundionum,
2400 4801 2523 4858 cum
2550 4784 2741 4858 Avitus
2772 4785 2914 4858 dicat
2942 4783 3199 4858 medium
3217 4783 3484 4858 esseie'pi-

1905 4853 2157 4927 scopatus
2182 4856 2489 4924 Quintiani:
2515 4871 2673 4927 quem
2699 4853 3158 4927 Quintianumlut
3184 4855 3288 4911 hoc
3311 4853 3488 4912 obiier

1904 4923 2102 5002 dicam,
2131 4928 2199 4982 ab
2226 4927 2477 5002 episcopo
2498 4923 2866 5002 Arvernorum
2898 4938 3018 5002 esse
3059 4924 3356 5002 diversum.
3394 4942 3486 4981 ca-

1905 4993 2274 5067 thedramque
2299 4993 2534 5065 aliquam
2575 4993 2730 5067 nobis
2771 4993 3010 5067 ignotam
3045 4995 3284 5067 tenuisse
3320 4997 3380 5067 in
3406 5011 3487 5050 re-

1903 5084 2012 5137 gno
2048 5063 2411 5137 Burgundico,
2455 5063 2870 5137 atque_fo_rtean
2918 5063 2970 5115 in
3012 5064 3288 5132 provincia
3322 5065 3485 5122 Vien-

1903 5133 2078 5208 nensi,
2105 5133 2263 5208 plane
2293 5149 2606 5204 persuasum
2631 5133 2822 5208 habeg.

1976 5207 2003 5247 ι’
2035 5201 2179 5260 Ιπῐεν
2202 5201 2390 5260 mera
2418 5213 2733 5257 statuerunt.
2773 5201 2863 5257 Sic
2889 5203 3051 5256 etiam
3075 5202 3371 5258 Rhabanus
3427 5205 3484 5260 in

1904 5293 2023 5346 cap.
2051 5276 2119 5330 55
2163 5276 2284 5330 libri
2324 5275 2584 5328 adversus
2612 5270 2843 5346 Iudaeos.
2883 5272 3052 5346 Quem
3084 5271 3301 5346 librum,
3333 5283 3394 5328 ut
3427 5275 3484 5328 in

1903 5341 2007 5402 hoc
2029 5361 2275 5414 promam
2299 5358 2477 5398 meam
2506 5343 2852 5414 sententiam,
2882 5356 2948 5396 ex
2973 5341 3480 5414 haeepiscoporum

1904 5411 2132 5485 epistola
2159 5415 2451 5469 delibatum
2487 5426 2608 5467 esse
2634 5412 2765 5485 satis
2795 5418 3025 5485 constat.
3055 5411 3188 5485 Nam
3217 5411 3337 5468 cum
3367 5412 3480 5478 illa,

1904 5480 1981 5540 uti
2021 5501 2183 5554 supra
2223 5485 2477 5546 diximus,
2521 5497 2551 5535 e
2587 5480 2793 5554 synodo
2829 5481 3083 5554 quapiam
3117 5481 3279 5554 missa
3312 5492 3480 5548 esset,

1902 5551 2144 5625 adeoque
2188 5554 2415 5625 publica:
2467 5551 3019 5625 au_c_toritatis_r9bur
3070 5551 3333 5625 haberet,
3384 5567 3482 5622 per

1902 5620 2096 5680 manus
2146 5620 2420 5678 hominem
2470 5621 2695 5675 volitare
2753 5620 2965 5682 debuit,
3011 5628 3071 5674 ut
3118 5620 3480 5690 intelligerent

1903 5711 2092 5750 omnes
2129 5709 2376 5762 quamam
2416 5701 2560 5746 esset
2602 5691 2813 5762 iu_hec‘
2843 5690 3215 5762 episcoporum
3270 5698 3476 5745 tractus

1903 5758 2276 5834 Lugdunensis
2308 5762 2592 5819 sententia.
2638 5758 2788 5815 Unde
2821 5758 2942 5816 cum
2975 5768 3158 5820 postea
3195 5761 3248 5816 in
3284 5773 3473 5814 manus
