3918 6324
438 310 509 368 83
1429 309 1488 367 S.
1532 308 1887 367 AGOBARDI
1925 308 2235 365 EPISCOPI
2276 305 2764 365 LUGDUNENSIS
3687 309 3761 365 86

436 428 787 479 statuerunt:
825 442 843 475 ‹
887 422 948 480 Si
1005 423 1305 495 superioris
1357 424 1462 478 loci
1511 422 1746 479 clericus
1797 420 2042 477 haeretici
2070 422 2123 482 Α
2146 419 2347 475 Iudaeis
2375 435 2405 473 a
2435 421 2592 474 coéna
2642 417 2858 473 Domini
2886 431 3057 486 usque
3083 418 3259 487 prima
3289 416 3518 484 Pascha,
3560 434 3759 475 secun-

438 512 811 585 cuiuscunque
837 513 1087 570 convivio
1114 512 1447 578 interfuerit,
1476 513 1602 568 anni
1643 513 1822 583 spatio
1848 525 2041 581 pacem

436 619 549 661 non
576 604 815 661 habeat:
847 606 994 675 quod
1020 606 1268 677 iuniores
1290 605 1475 661 clerici
1503 605 1548 661 si
1571 603 2038 676 praesumpserint,

436 684 793 768 vapulabunt.
820 698 867 753 A
892 696 1207 755 Iudaeorum
1234 715 1363 755 vero
1386 700 1653 755 conviviis
1676 700 1845 755 etiam
1872 698 2041 753 laicos

439 790 755 846 constitutio
795 800 983 848 nostra
1006 860 1007 863 η
1028 792 1307 863 prohibuit
1330 800 1361 858 ;‘
1394 807 1497 848 nec
1527 806 1649 847 cum
1693 790 1802 845 ullo
1840 788 2041 847 clerico

437 890 628 939 nostro
652 898 846 953 panem
869 886 1138 948 comedet,
1171 884 1419 956 quisquis
1446 883 1758 940 Judteorum
1790 882 2040 939 convivio

436 974 603 1029 fuerit
648 976 983 1046 inquinatus.
1019 996 1037 1028 ι
1091 976 1160 1031 Et
1205 977 1261 1031 in
1312 976 1661 1032 conclusione
1708 984 2040 1031 statutorum

437 1082 686 1131 suorum,
712 1065 905 1122 confisi
930 1067 996 1123 de
1028 1068 1317 1139 przesentia
1340 1069 1577 1133 Domini,
1612 1069 1753 1123 sicut
1781 1069 1896 1138 ipse
1920 1068 2035 1123 ait:

444 1176 464 1210 α
504 1157 603 1212 Ubi
630 1160 734 1213 duo
760 1160 837 1214 vel
874 1170 979 1214 tres
1012 1160 1316 1231 congregati
1354 1160 1552 1230 fuerint
1590 1161 1645 1213 in
1673 1160 1880 1213 nomine
1901 1175 2036 1225 meo,

435 1251 510 1305 ibi
536 1268 654 1305 sum
685 1268 779 1322 ego
824 1251 881 1305 in
927 1251 1102 1306 medio
1145 1268 1349 1317 eorum,
1382 1253 1457 1307 ita
1507 1260 1851 1307 sanxerunt:
1891 1251 2040 1319 Quo-

435 1343 584 1398 circa
609 1343 726 1399 btec
755 1358 878 1413 qua:
924 1358 1160 1413 superna
1203 1344 1561 1413 inspiratione
1592 1344 1865 1400 communi
1911 1359 2039 1400 con-

435 1452 597 1490 sensu
629 1433 971 1505 placuerunt,
1002 1436 1047 1491 si
1090 1436 1215 1506 quis
1242 1444 1555 1507 sanctorum
1582 1437 1909 1502 antistitum,
1945 1436 2038 1507 qui

434 1535 639 1582 statuta
689 1526 977 1597 praesentia
1032 1528 1522 1599 subscriptionibus
1569 1528 1803 1600 propriis
1857 1527 2039 1582 firma-

435 1625 653 1683 verunt,
680 1631 891 1672 necnon
935 1626 991 1673 et
1032 1633 1169 1688 quos
1218 1633 1408 1673 eorum
1446 1618 1594 1674 Deus
1638 1633 1761 1674 esse
1804 1617 2039 1673 voluerit

435 1724 805 1789 successores,
840 1696 1038 1766 relecta
1071 1711 1383 1781 integritate
1424 1710 1821 1767 observationis
1846 1724 2035 1765 exces-

434 1798 588 1863 serit,
619 1813 771 1854 reum
796 1785 854 1855 se
902 1779 1209 1855 divinitatis
1225 1801 1432 1870 pariter
1471 1810 1527 1856 et
1555 1799 1914 1855 fraternitatis
1950 1799 2039 1868 ju-
2066 1779 2117 1837 Β

435 1891 577 1945 dicio
602 1890 845 1946 futurum
875 1905 998 1947 esse
1022 1900 1336 1962 cognoscat.
1369 1912 1387 1943 ι

507 1980 572 2035 ν.
608 1981 841 2036 Sanctus
869 1978 1143 2037 Caesarius
1180 1982 1438 2037 Ecclesiae
1464 1982 1801 2037 Arelatensis
1829 1981 2040 2049 episco-

434 2090 558 2144 pus,
582 2074 738 2143 cujus
764 2073 946 2127 meriti
974 2082 1029 2127 et
1052 2074 1314 2128 doctrina:
1340 2071 1525 2135 fuerit,
1556 2072 1725 2127 multa
1758 2070 1875 2140 ejus
1903 2087 2044 2141 prte-

433 2164 582 2218 clara
610 2162 941 2217 monimenta
971 2163 1275 2235 designant.
1306 2160 1405 2218 llic
1433 2178 1557 2217 cum
1588 2174 1614 2202 ιι
1640 2162 1863 2231 triginta
1884 2161 2043 2230 quin-

433 2269 541 2323 que
578 2252 850 2323 episcOpis
905 2261 961 2305 et
996 2252 1217 2307 vicariis
1264 2253 1644 2323 episcoporum
1692 2251 2043 2321 congregatis

435 2344 491 2398 in
522 2359 691 2398 unum
724 2343 777 2398 in
806 2344 1029 2397 nomine
1077 2342 1311 2406 Domini,
1345 2357 1444 2412 pro
1482 2342 1796 2397 defensione
1822 2349 1878 2397 et
1912 2356 2043 2397 con-

434 2434 747 2491 firmatione
772 2433 1055 2490 catholica:
1104 2432 1367 2493 veritatis,
1420 2432 1562 2486 inter
1608 2438 1803 2486 czetera
1852 2431 2043 2486 statuit

432 2526 511 2579 ita
539 2543 552 2579 :
586 2543 606 2577 ι
651 2522 854 2581 Omnes
877 2524 1135 2594 deinceps
1162 2522 1369 2585 clerici,
1407 2523 1521 2578 sive
1546 2521 1688 2585 laici,
1729 2519 2041 2576 Iudaeorum

432 2615 684 2671 convivia
711 2614 937 2681 evitent,
985 2622 1039 2670 et
1068 2629 1169 2669 nec
1193 2629 1288 2669 eos
1318 2613 1385 2668 ad
1412 2612 1721 2668 convivium
1748 2611 1871 2681 quis
1897 2610 2043 2666 acci-

431 2708 585 2780 piat:
615 2708 743 2778 quia
769 2723 895 2763 cum
923 2706 1065 2778 apud
1106 2705 1450 2761 Christianos
1476 2704 1614 2759 cibis
1659 2702 2041 2758 communibus

434 2814 546 2855 non
571 2808 820 2867 utantur,
854 2800 1137 2871 indignum
1166 2806 1251 2854 est
1286 2806 1447 2868 atque
1493 2797 1821 2867 sacrilegum
1848 2809 2040 2851 eorum

435 2889 588 2945 cibos
616 2906 648 2944 a
677 2888 1009 2946 Christianis
1034 2890 1191 2951 sumi,
1224 2904 1348 2944 cum
1375 2904 1439 2943 ea
1481 2903 1603 2958 qua:
1630 2887 1890 2957 Apostolo
1916 2902 2041 2956 per-

431 2981 686 3037 mittente
708 2997 809 3037 nos
836 2982 1123 3045 sumimus,
1156 2982 1225 3035 ab
1258 2980 1365 3035 illis
1397 2979 1710 3048 iudicentur
1737 2978 2037 3042 immunda,

433 3086 500 3128 ac
538 3072 620 3128 sic
645 3071 933 3127 inferiores
984 3071 1249 3140 incipiant
1281 3084 1403 3124 esse
1432 3068 1705 3131 catholici,
1737 3083 1899 3137 quam
1946 3064 2040 3121 Ju-

431 3145 555 3226 dai,
587 3161 634 3217 si
657 3175 758 3216 nos
782 3160 869 3215 his
905 3175 1027 3229 qua:
1054 3150 1125 3213 ab
1163 3157 1268 3213 illis
1298 3168 1645 3229 apponuntur
1672 3166 1913 3221 utamur,
1958 3156 2034 3210 illi

427 3264 564 3307 vero
584 3266 616 3305 a
645 3249 803 3305 nobis
828 3248 1013 3314 oblata,
1032 3256 1401 3303 contemnant.
1438 3268 1457 3301 ι

504 3340 593 3397 VI.
630 3339 852 3396 Priscus
878 3339 1136 3395 Ecclesiae
1166 3339 1547 3410 Lugdunensis
1594 3343 1905 3414 episcopus,
1934 3348 2038 3401 Ar—

430 3430 630 3486 temius
680 3428 985 3493 Senonicas,
1038 3426 1332 3482 Remedius
1376 3426 1653 3494 Biturica,
1705 3440 1763 3484 et
1814 3440 2036 3491 sanctus

432 3523 682 3594 Siagrius
708 3520 1014 3576 Eduorum
1040 3519 1347 3591 episcopus,
1378 3535 1502 3575 cum
1528 3523 1740 3578 caneris
1764 3523 2031 3594 pluribus,

428 3622 634 3671 statuta
679 3610 1053 3667 ecclesiastica
1100 3619 1445 3676 renovantes,
1484 3610 1513 3650 δ
1542 3610 1618 3665 ita
1663 3612 2030 3670 definierunt:

437 3726 455 3759 ι
479 3706 557 3761 Ne
568 3704 739 3762 ,ιιιᾱωί
760 3703 1089 3759 Christianis
1111 3702 1326 3774 populis
1339 3702 1553 3772 iudices
1576 3704 1926 3775 deputentur,
1942 3720 2037 3765 aut

428 3794 683 3851 telonarii
730 3808 854 3849 esse
900 3794 1308 3863 permittantur,
1362 3808 1461 3864 per
1513 3794 1658 3865 quod
1711 3794 1817 3851 illis
1868 3800 2033 3868 (quod

430 3882 577 3940 Deus
606 3880 839 3953 avertat)
877 3878 1172 3936 Christiani
1198 3881 1488 3936 videantur
1517 3896 1638 3937 esse
1676 3882 1929 3953 subjecti.
1964 3887 2033 3943 Ut

2145 514 2274 569 dum
2297 524 2319 553 ο
2344 513 2584 569 edictum
2604 513 2762 567 bonae
2785 510 3183 567 recordationis
3207 509 3758 577 domniCbildebcrtt

2144 604 2311 675 regis,
2338 617 2436 674 per
2453 601 2664 672 plateas
2688 608 2782 656 aut
2807 598 2987 655 forum
3008 599 3167 670 quasi
3187 598 3557 655 insultationis
3585 614 3759 655 causa

2144 694 2530 751 deambulandi
2578 692 2798 748 licentia
2835 690 3152 762 denegetur,
3200 699 3257 746 et
3300 698 3361 746 ut
3392 692 3760 747 reverentiam

2144 786 2759 843 cunctissacerdotihus
2784 784 3001 839 Domini
3027 782 3114 839 vel
3157 781 3376 838 clericis
3404 782 3758 852 impendant,

2142 894 2245 936 nec
2271 886 2399 933 ante
2427 876 2742 933 sacerdOtes
2774 890 3093 932 consessum
3130 874 3235 928 nisi
3279 874 3518 928 ordinati
3551 874 3763 928 habere

2142 978 2498 1043 praesumant.
2529 968 2685 1037 Quod
2710 969 2756 1023 si
2789 968 2973 1025 facere
2999 967 3233 1021 fortasse
3260 966 3719 1037 praasumpserint
3743 982 3759 1031 ;

2144 1077 2175 1116 a
2209 1061 2488 1133 iudicibus
2516 1060 2784 1127 locorum,
2825 1067 2989 1131 prout
3032 1072 3264 1129 persona
3311 1057 3497 1123 fuerit,
3532 1057 3765 1113 distrin-

2142 1161 2356 1225 gantur.
2389 1154 2458 1209 Et
2485 1163 2547 1209 ut
2572 1154 2756 1210 nullus
2777 1152 3126 1209 Christianus
3150 1149 3462 1206 Iudaeorum
3491 1151 3765 1205 conviviis

2142 1247 2468 1317 participare
2515 1254 2836 1316 praesumat.
2892 1244 3049 1312 Quod
3094 1243 3141 1299 si
3195 1242 3376 1298 facere
3423 1242 3759 1313 quicunque,

2141 1338 2284 1407 quod
2308 1336 2460 1392 nefas
2487 1345 2573 1392 est
2597 1337 2727 1404 dici,
2760 1336 2992 1391 clericus
3040 1341 3130 1389 aut
3160 1333 3440 1390 saecularis
3480 1347 3754 1403 praesum-

2138 1426 2328 1496 pserit,
2359 1426 2427 1481 ab
2463 1426 2709 1482 omnium
2750 1425 3190 1481 Christianorum
3238 1424 3518 1479 consortio
3549 1438 3610 1478 se
3648 1438 3754 1476 no—

2139 1517 2280 1572 verit
2299 1517 2681 1581 coercendum,
2705 1516 2953 1587 quisquis
2974 1529 3167 1571 eorum
3190 1514 3569 1585 impietatibus
3589 1510 3764 1566 fuerit

2140 1607 2473 1679 inquinatus.
2504 1610 2571 1663 Et
2599 1609 2728 1664 licet
2752 1609 2884 1679 quid
2914 1608 2980 1663 de
3001 1606 3330 1663 Christianis
3354 1607 3446 1677 qui
3472 1614 3567 1661 aut
3590 1605 3763 1675 capti—

2138 1702 2324 1757 vitatis
2346 1701 2592 1766 incursu,
2623 1708 2719 1755 aut
2745 1701 3165 1770 quibuscunque
3188 1697 3493 1763 fraudibus,
3540 1694 3762 1752 Judm

2142 1814 2263 1853 rum
2292 1798 2517 1853 servitio
2542 1796 2913 1867 implicantur,
2956 1795 3152 1849 debeat
3177 1792 3481 1856 observari,
3525 1808 3634 1845 non
3662 1806 3758 1845 so—

2142 1888 2255 1944 lum
2290 1889 2592 1953 canonicis,
2642 1887 2737 1944 sed
2772 1894 2827 1943 et
2856 1871 3055 1957 ‘legum
3090 1876 3377 1941 beneficiis
3422 1881 3758 1951 jampridem

2143 1979 2313 2035 fuerit
2340 1981 2697 2035 constitutum
2726 1997 2738 2032 :
2765 1986 2947 2033 tamen
2973 1978 3102 2047 quia
3128 1990 3273 2031 nunc
3297 1976 3369 2029 ita
3396 1975 3764 2045 quorumdam

2142 2062 2375 2141 querela
2421 2078 2609 2125 exorta
2657 2078 2763 2133 est,
2806 2068 3072 2138 quosdam
3120 2065 3336 2121 Judzeos
3364 2081 3465 2135 per
3510 2064 3762 2119 civitates

2144 2170 2237 2215 aut
2266 2159 2563 2228 municipia
2592 2159 2957 2215 consistentes
2986 2158 3042 2212 in
3072 2164 3279 2210 tantam
3326 2155 3673 2210 insolentiam
3705 2164 3763 2208 et

2142 2251 2475 2321 proterviam
2504 2250 2840 2319 prorupisse,
2873 2257 2933 2303 ut
2959 2263 3061 2303 nec
3100 2241 3466 2303 reclamantes
3490 2245 3763 2301 Christia-

2144 2358 2244 2398 nos
2272 2342 2435 2397 liceat
2459 2342 2527 2395 ad
2554 2341 2793 2412 pretium
2839 2341 2905 2395 de
2936 2355 3125 2395 eorum
3154 2354 3315 2409 posse
3363 2339 3626 2393 servitute
3662 2337 3761 2391 ab-

2144 2433 2279 2490 solvi
2304 2450 2318 2499 ;
2347 2433 2554 2489 idcirco
2582 2432 2841 2502 praesenti
2862 2430 3113 2496 concilio,
3148 2432 3258 2485 Deo
3288 2439 3535 2495 auctore,
3569 2430 3753 2484 sanci-

2143 2544 2287 2594 mus,
2325 2535 2386 2583 ut
2414 2527 2593 2583 nullus
2641 2525 2988 2582 Christianus
3029 2523 3218 2580 Iudaeo
3264 2526 3522 2593 deinceps
3556 2525 3759 2579 debeat

2144 2621 2455 2686 deservire;
2496 2619 2591 2675 sed
2622 2619 2763 2675 datis
2799 2635 2899 2689 pro
2928 2617 3170 2687 Quolibet
3194 2616 3338 2672 bono
3380 2616 3652 2685 mancipio
3675 2631 3755 2669 xu

2143 2696 2350 2776 solidis,
2402 2711 2582 2780 ipsum
2634 2709 2963 2779 mancipium
3016 2708 3325 2777 quicunque
3376 2704 3753 2767 Christianus,

2143 2818 2237 2859 seu
2266 2803 2333 2857 ad
2364 2801 2778 2872 ingenuitatem,
2804 2816 2899 2855 seu
2928 2800 2996 2854 ad
3019 2799 3323 2861 servitium,
3350 2797 3629 2851 licentiam
3660 2795 3757 2849 ba-

2140 2893 2268 2949 beat
2293 2892 2612 2948 redimendi.
2654 2890 2789 2957 Quia
2812 2889 2968 2945 nefas
2997 2899 3084 2945 est
3111 2898 3170 2943 ut
3195 2904 3332 2958 quos
3358 2888 3615 2961 Christus
3640 2886 3753 2941 Do-

2142 2985 2324 3039 minus
2354 2982 2632 3055 sanguinis
2655 2982 2739 3037 sui
2768 2980 3031 3037 etlusione
3052 2981 3301 3045 redemit,
3328 2988 3751 3050 persecutorem

2067 3114 2111 3176 Ο
2144 3076 2377 3132 vinculis
2422 3083 2784 3146 permaneant
2830 3074 3058 3130 inretiti.
3114 3072 3268 3141 Quod
3307 3073 3352 3128 si
3401 3072 3753 3141 acquiescere

2144 3166 2231 3222 his
2250 3182 2372 3237 qua:
2396 3167 2689 3221 statuimus
2710 3165 3024 3236 quicunque
3043 3161 3262 3217 Judmus
3286 3162 3555 3225 noluerit;
3578 3176 3753 3229 quan-

2140 3257 2234 3311 diu
2265 3258 2333 3313 ad
2366 3257 2657 3327 pecuniam
2682 3258 3041 3313 constitutam
3056 3256 3245 3311 venire
3270 3253 3568 3318 distuleris,
3590 3252 3754 3308 liceat

2142 3347 2416 3417 mancipio
2460 3347 2563 3417 ipsi
2613 3362 2737 3402 cum
2786 3345 3115 3402 Christianis
3158 3345 3469 3414 ubicunque
3513 3344 3753 3399 voluerit

2142 3436 2407 3492 habitare.
2440 3435 2575 3491 Illud
2598 3436 2767 3491 etiam
2810 3435 3119 3505 specialiter
3161 3434 3487 3499 sancientes,
3527 3433 3673 3503 quod
3700 3434 3752 3487 si

2143 3528 2267 3597 quis
2314 3525 2534 3583 Judteus
2581 3526 2955 3581 Christianum
3006 3524 3337 3594 mancipium
3384 3524 3454 3578 ad
3496 3538 3749 3578 errorem

2140 3615 2426 3671 Judaicum
2454 3616 2737 3671 convictus
2763 3614 2928 3669 fuerit
2956 3615 3317 3685 persuasisse,
3357 3621 3415 3669 et
3439 3614 3557 3684 ipso
3588 3629 3747 3668 man-

2138 3708 2282 3777 cipio
2308 3715 2515 3773 careat,
2545 3715 2601 3761 et
2627 3706 2786 3776 legali
2815 3706 3162 3761 damnatione
3187 3705 3471 3775 plectatur.
3508 3725 3526 3757 ι

2212 3798 2323 3855 γιι.
2350 3797 2377 3837 ά
2412 3798 2648 3853 Sanctus
2691 3796 2875 3867 Lupus
2897 3812 3021 3852 cum
3051 3796 3173 3851 aliis
3192 3796 3384 3867 viginti
3412 3804 3467 3850 et
3512 3804 3749 3865 quatuor

2137 3890 2426 3961 episcopis,
2470 3887 2556 3944 vel
2581 3890 2805 3945 vicariis
2832 3890 3233 3960 episcoporum,
3265 3889 3518 3944 similiter
3560 3890 3614 3944 in
3649 3906 3745 3943 no-

1802 4003 2077 4064 BALUle
2118 4007 2328 4065 NOTE
2340 4048 2353 4062 .

428 4096 681 4152 Rhabani
717 4097 1088 4167 pervenisset,
1137 4107 1300 4167 atque
1341 4096 1417 4167 illi
1466 4096 1589 4167 data
1624 4105 1772 4151 esset
1811 4100 2027 4155 occasio

428 4160 1334 4231 scribendi'adversum'Judteos,
1388 4160 1819 4222 lucubrationem
1873 4184 2027 4223 suam

428 4236 689 4292 delibavit
716 4252 798 4307 rex
833 4238 1059 4307 epistola
1100 4238 1190 4292 illa
1222 4237 1499 4307 synodica.
1541 4235 1634 4291 Sic
1661 4237 1808 4291 enim
1844 4238 2032 4292 existi-

428 4322 667 4361 mamus.
698 4306 943 4363 Certe’et
964 4306 1383 4363 observatiOnes
1405 4316 1461 4361 et
1496 4307 1852 4362 auctoritates
1883 4318 2031 4364 vete-

428 4390 554 4448 rum
590 4377 806 4432 casdem
845 4378 1075 4448 profert,
1110 4387 1166 4434 et
1195 4378 1384 4433 iisdem
1420 4385 1481 4431 ut
1508 4376 2031 4448 plurimumiverbis,

429 4447 631 4517 quibus
685 4447 913 4502 utuntur
954 4448 1196 4517 episcopi
1250 4448 1316 4501 ad
1363 4448 1749 4516 imperatorem
1797 4447 2035 4504 Ludovi-

431 4530 559 4570 cum
589 4516 743 4570 Pium
774 4516 1097 4574 scribentes.

506 4584 803 4659 {Triginta
847 4590 1076 4659 quinque
1109 4586 1389 4659 episcopis,
1421 4586 1473 4659 in
1502 4586 2032 4659 synodoiAgathensi

427 4655 618 4728 habita
662 4655 812 4713 anno
854 4655 959 4713 506
989 4655 1109 4713 'sub
1139 4655 1390 4728 ’Cmsario
1427 4655 1879 4728 Arelatensit'De
1926 4676 2032 4728 qua

429 4726 641 4797 synodo
669 4742 769 4781 nos
797 4728 1047 4796 pluribus
1085 4742 1307 4797 agemus
1357 4727 1601 4797 ingnotis
1652 4728 1718 4780 ad
1750 4726 2032 4785 Ruricium

428 4794 912 4860 Lemovicensem;
952 4794 1349 4866 nonnullasque
1391 4796 1800 4851 observationes
1844 4798 2033 4853 affere-

428 4880 575 4936 rnus,
616 4882 736 4936 qua:
775 4867 1024 4922 fortassis
1068 4867 1305 4936 indignae
1335 4880 1442 4936 non
1488 4876 1649 4929 erunt
1692 4868 2030 4924 eruditorum

432 4935 715 4989 hominum
746 4938 1083 4992 curiositate.
1118 4935 1250 4991 Vide
1278 4935 1599 4991 Rhabanum
1638 4936 1690 4990 in
1724 4936 1863 4993 libro
1902 4954 2032 4994 con-

430 5014 517 5057 tra
540 5003 759 5060 Judmos
786 5022 906 5075 cap.
937 5007 1025 5060 56.

502 5075 532 5112 δ
565 5075 652 5127 Ita
682 5074 997 5146 deﬁnierunt
1018 5118 1031 5138 ,
1077 5077 1130 5129 in
1168 5077 1377 5146 synodo
1408 5074 1792 5146 Matisconensi
1829 5078 2023 5146 prima,

430 5160 551 5211 qua:
579 5160 721 5200 anno
743 5145 841 5198 Ei8l
880 5148 1060 5200 habita
1092 5154 1194 5207 est,
1226 5147 1454 5214 przesitle
1475 5145 1661 5201 Prisco
1684 5145 2027 5212 Lugtlunensi

430 5216 705 5283 episcopo.
745 5214 875 5270 Vide
903 5217 1227 5271 libabanum
1264 5232 1380 5283 cap.
1413 5216 1481 5269 57
1508 5214 1747 5280 ejusdem
1779 5217 1917 5271 libri.

506 5296 525 5317 ι’
574 5284 824 5338 Edictum
872 5284 1209 5339 Cliifdebcrti.
1254 5285 1447 5339 Mirum
1500 5286 1671 5339 videri
1708 5295 1886 5343 notcst
1930 5304 2028 5343 cur

428 5351 622 5425 Patres
642 5356 833 5425 synodi
860 5355 1272 5409 Matisconensis
1296 5363 1520 5408 utantur
1549 5356 1665 5418 lege
1695 5351 2023 5412 Cbildeberti

428 5422 721 5495 adversum
756 5422 989 5489 Jutlaros,
1041 5440 1164 5477 cum
1204 5426 1383 5493 potior
1420 5426 1558 5493 apud
1610 5425 1727 5479 illos
1776 5442 1897 5481 esse
1933 5429 2027 5481 de-

430 5494 615 5548 buisse
639 5494 888 5549 videatur
913 5496 1211 5549 auctoritas
1246 5495 1462 5549 concilii
1504 5511 1564 5549 ιιι
1591 5495 2019 5562 Aurelianensis,

429 5563 485 5635 in
518 5579 626 5635 quo
657 5563 785 5635 illud
813 5564 986 5633 ipsum
1016 5573 1275 5619 statutum
1308 5566 1559 5634 estquod
1595 5566 1771 5620 edicto
1808 5567 2023 5635 Childe-

430 5632 573 5686 berti
612 5633 757 5705 regis
786 5632 1186 5688 ccutinebatur.
1218 5635 1349 5687 Nam
1382 5632 1644 5688 canonetn
1671 5632 2025 5691 Aurelianen-

434 5716 547 5756 sem
579 5718 644 5759 ne
673 5705 837 5759 verbo
868 5704 1085 5774 quidem
1118 5706 1417 5759 nominant.
1455 5705 1518 5757 Et
1549 5714 1727 5759 tamen
1757 5722 1862 5761 non
1888 5708 2022 5763 adeo

2060 4422 2113 4480 D

2135 4096 2292 4156 vetu's
2331 4110 2451 4156 erat
2482 4100 2745 4155 memoria
2775 4099 2917 4154 illius
2951 4098 3189 4165 concilii,
3222 4108 3283 4154 ut
3324 4115 3430 4153 non
3458 4100 3625 4154 etiam
3658 4117 3744 4154 su-

2135 4188 2355 4242 peresse
2386 4171 2665 4242 potuerint
2698 4170 2878 4242 quiin
2914 4184 2980 4224 eo
3012 4169 3604 4242 prtesentes‘fuissent.
3637 4171 3742 4225 lta-

2137 4239 2245 4311 que
2275 4239 2494 4296 videtur
2521 4240 2650 4311 hinc
2692 4239 2835 4305 elici,
2867 4255 2975 4295 non
3014 4247 3141 4293 ante
3170 4240 3282 4311 vim
3302 4239 3456 4311 legis
3483 4239 3741 4311 habuisse

2139 4310 2380 4366 canones
2427 4310 2815 4374 conciliorum,
2857 4324 3023 4377 quam
3072 4324 3105 4362 a
3139 4310 3389 4379 principe
3426 4310 3738 4366 confirmati

2141 4381 2392 4437 fuissent.
2436 4380 2564 4435 Hazc
2591 4387 2772 4434 autem
2803 4379 3146 4450 confirmatio
3185 4380 3350 4434 fiebat
3371 4395 3471 4450 per
3498 4381 3739 4436 edictum

2139 4452 2433 4522 publicum.
2466 4452 2535 4522 Et
2562 4451 2689 4522 quia
2716 4449 3015 4522 promptior
3044 4458 3132 4504 est
3164 4449 3443 4522 exsecutio
3468 4451 3740 4522 constitu-

2136 4519 2343 4577 tionum
2394 4520 2800 4591 principalium,
2850 4519 3122 4591 praecipue
3170 4520 3311 4591 apud
3358 4521 3736 4591 magistratus,

2133 4607 2367 4661 quorum
2393 4606 2538 4661 curae
2572 4590 2867 4661 commissa
2901 4598 2985 4643 est
3010 4590 3188 4659 legum
3226 4590 3386 4645 tuitio
3416 4590 3471 4643 et
3510 4606 3737 4647 exsecu-

2134 4659 2232 4727 tio,
2279 4662 2401 4715 ideo
2443 4660 2635 4731 Patres
2665 4659 3111 4731 Matisconenses,
3164 4675 3272 4729 quo
3310 4660 3735 4731 magistratuum

2134 4732 2375 4787 favorem
2422 4730 2525 4784 sibi
2564 4729 2896 4793 concilient,
2963 4730 3258 4785 decernere
3304 4746 3363 4785 se
3403 4729 3735 4799 profitentur

2125 4802 2281 4871 juxta
2305 4802 2539 4856 edictum
2568 4799 2902 4871 Childeberti
2932 4800 3095 4871 regis,
3126 4808 3295 4871 atque
3313 4800 3533 4854 interim
3558 4816 3621 4855 ea
3639 4817 3730 4855 ra-

2133 4870 2278 4926 tione
2323 4871 2525 4926 factum
2580 4870 2843 4939 principis
2887 4870 3207 4939 approbant.
3266 4870 3536 4924 Caeterum
3584 4872 3732 4926 hunc

2131 4940 2345 5012 concilii
2370 4939 2793 5012 Aurelianensis
2816 4953 3084 5012 canonem
3115 4940 3389 5012 describet
3425 4940 3566 4995 infra
3593 4941 3735 5012 Ago—

2129 5010 2333 5065 bardus
2374 5012 2425 5065 in
2454 5011 2631 5079 capite
2661 5009 2891 5079 septimo
2921 5007 3078 5075 huius
3116 5008 3259 5063 libri.

2200 5080 2228 5120 (ι
2272 5078 2781 5165 ἕαηςιυδίιριιριις)
2831 5078 3206 5165 Ιλιιςιιιιηρθῃδίε
3254 5080 3607 5165 episgtmusL
3636 5081 3729 5150 qui

2131 5151 2361 5205 concilio
2387 5148 2763 5204 Aurelianensi
2819 5165 2875 5201 ιιι
2931 5148 3144 5217 praefuit
3194 5148 3337 5203 anno
3382 5148 3508 5204 558.
3567 5148 3731 5206 Errat

2129 5223 2273 5274 enim
2302 5220 2615 5283 Rbabanus,
2657 5234 2780 5289 cum
2812 5217 3376 5289 huncexAAgobardo
3411 5218 3592 5275 locum
3627 5222 3724 5275 de-

2130 5291 2374 5370 scribens
2393 5332 2407 5355 ,
2458 5289 2667 5370 Lupum
2692 5359 2703 5370 ο
2730 5288 2880 5368 illum
2907 5286 3010 5368 .ait
3067 5286 3263 5370 fuisse“
3277 5288 3725 5370 Tricasscnorum

2128 5357 2591 5429 episcopum.Sic
2618 5359 2762 5429 enim
2794 5358 2871 5411 ait
2905 5357 2971 5429 in
2992 5358 3168 5429 capite
3198 5359 3406 5413 58libri
3437 5360 3725 5414 adversum

2128 5426 2341 5484 Jiulteos
2374 5448 2384 5481 :
2420 5449 2436 5479 ‹
2466 5428 2699 5483 Sanctus
2720 5428 2905 5496 Lupus
2930 5426 3378 5483 Tricassenorum
3415 5429 3723 5498 episcopus,

2127 5510 2329 5554 etcum
2364 5516 2429 5553 eo
2463 5500 2553 5553 alii
2592 5499 2662 5552 24
2696 5498 2956 5568 episcopi,
2984 5498 3068 5568 vel
3095 5498 3282 5554 vicarii
3320 5499 3719 5568 episcoporum,

2128 5579 2232 5624 ctc.
2270 5591 2287 5621 ›
2364 5570 2497 5623 Nam
2547 5556 2745 5638 Lupus'
2773 5556 3103 5621 Tricassium
3136 5556 3429 5638 episcopus
3475 5556 3721 5622 mortuus

2127 5650 2239 5693 crat
2268 5638 2358 5695 diu
2386 5650 2508 5694 ante
2538 5637 2699 5708 quam
2728 5638 2964 5709 synodus
3000 5637 3087 5692 illa
3116 5637 3524 5695 Aurclianensis
3555 5639 3722 5693 liabe-

2130 5718 2297 5765 retur.
