3918 6340
184 342 261 398 85
1263 344 1347 397 liii
1385 342 1692 399 JL’DMCIS
1731 341 2418 399 SUPERS'l‘ITlONlBUS.
3391 351 3458 403 86

185 462 337 514 mine
385 458 597 513 Domini
650 459 817 513 nostri
863 456 987 513 Jcsu
1046 458 1248 512 Christi
1295 458 1633 527 congregatis
1677 472 1775 525 pro
1804 455 1999 534 Aquis
2029 454 2159 510 dicit
2178 454 2493 509 Cerinthum
2518 456 2825 510 hmrcticmu
2857 456 3041 523 fuisse,
3069 475 3171 513 noti
3194 460 3455 525 διῑάυέὶιηι,

184 553 372 604 musis
401 551 641 620 corporis
678 548 816 619 ejus,
845 550 985 619 quod
1010 559 1094 604 est
1132 550 1393 613 Ecclesia,
1426 550 1568 603 inter
1608 548 1776 602 multa

183 636 309 695 hmc
338 642 501 694 etiam
542 642 768 695 statuit:
802 660 818 691 ι
857 641 991 707 Quia
1042 641 1149 695 Deo
1186 641 1419 710 propitio
1450 640 1550 695 sub
1586 642 1776 695 catho-

182 727 418 785 licorum
450 747 635 801 regum
679 731 1043 787 dominatione
1082 732 1450 794 consistimus,
1478 746 1508 783 a
1535 731 1621 783 die
1654 730 1777 784 Cte-

185 834 274 872 na:
307 820 518 873 Domini
546 834 714 888 usque
751 820 801 873 in
834 820 1067 873 secunda
1096 818 1307 872 sabbati
1336 818 1389 871 in
1420 818 1645 880 Pascha,
1676 818 1779 871 hoc

182 919 292 973 esL,
327 910 444 977 ipso
471 910 779 978 quatriduo,
808 910 1097 978 procedere
1126 908 1266 961 inter
1297 906 1653 971 Christianos,
1686 922 1779 960 ne-

180 1015 291 1066 que
316 999 602 1053 catholicis
624 998 833 1069 populis
863 1013 920 1054 se
946 997 1054 1053 ullo
1081 998 1219 1061 loco,
1251 997 1333 1050 vel
1359 1011 1675 1066 quacunque
1695 1011 1778 1050 oc-

181 1090 408 1145 casione
438 1090 666 1144 miseere
694 1098 1045 1158 praesumant.
1084 1110 1102 1141 ι

259 1179 391 1234 Vill.
422 1182 478 1235 In
506 1182 734 1236 concil?o
754 1180 1058 1235 Laodiceno
1080 1178 1266 1251 (Capp.
1292 1179 1384 1243 57,
1402 1178 1491 1248 58)
1516 1186 1776 1233 statutum

178 1280 267 1324 est
292 1287 312 1319 ι
358 1270 501 1338 quod
545 1288 651 1323 non
682 1276 933 1337 oporteat
957 1284 987 1322 a
1016 1266 1241 1333 Judzeis,
1270 1267 1353 1321 vel
1392 1267 1682 1331 haereticis,
1715 1281 1778 1319 ea

178 1375 304 1427 qua:
348 1361 641 1415 mittuntur
683 1376 904 1415 munera
938 1360 1132 1415 festiva
1165 1360 1458 1428 suscipere,
1511 1373 1611 1414 nec
1655 1374 1778 1413 eum

175 1450 262 1503 eis
309 1450 449 1505 festa
482 1452 781 1515 celebrare,
828 1462 883 1505 et
909 1452 1051 1520 quod
1099 1466 1206 1505 non
1242 1459 1491 1521 oporteat
1531 1466 1777 1520 azymam

178 1558 211 1593 a
261 1539 467 1597 Judmis
522 1544 788 1613 accipere,
844 1552 901 1597 et
954 1543 1357 1597 communicare
1412 1543 1778 1612 impietatibus

175 1646 395 1685 eorum.
424 1652 443 1684 ι
473 1633 540 1687 Et
567 1634 621 1687 in
641 1634 749 1689 alio
770 1634 1003 1689 concilio
1031 1632 1215 1705 (Cone.
1247 1632 1427 1687 Aurel.
1460 1650 1499 1699 ι,
1529 1649 1649 1703 cap.
1678 1634 1773 1697 i9;

177 1723 408 1776 Arcem.
461 1739 499 1785 ι,
528 1739 648 1793 cap.
690 1723 743 1795 6)
778 1742 791 1777 :
839 1743 857 1775 ‹
893 1722 965 1779 Ut
992 1724 1037 1778 si
1068 1723 1191 1793 quis
1237 1721 1476 1777 Judaicze
1522 1722 1775 1791 pravitati

1878 547 2089 600 noverit
2134 549 2465 615 temporibus
2506 546 2867 616 apostolorum
2902 564 3006 603 nou
3046 548 3211 605 fuisse
3248 552 3457 605 lueret»

1876 652 1967 691 eos
1996 637 2099 690 nisi
2126 654 2192 689 ex
2222 636 2421 691 Judzeis
2446 646 2498 691 et
2525 636 2899 693 Samaritanis.
2958 638 3109 693 Sicut
3137 640 3355 694 fuerunt
3378 642 3460 695 Si-

1877 739 2001 778 mon
2029 735 2083 777 et
2113 724 2420 787 Menander,
2455 725 2659 779 llebion
2686 734 2739 781 et
2767 726 3033 782 Nicolaus.
3078 728 3184 782 Sed
3213 744 3274 782 cx
3310 744 3458 783 crroe

1877 816 2027 869 ribus
2071 814 2366 884 supradicti
2393 815 2633 869 Corinthi
2667 826 2955 885 cognoscat
2980 818 3119 884 quod
3142 818 3321 871 omnia
3353 818 3457 872 sint

1875 902 2099 958 Iudaica
2138 920 2257 974 quae
2294 906 2588 959 astruebat.
2642 907 2795 975 (\'i.le
2834 907 3134 975 Epiphan.,
3172 908 3208 959 l.
3251 923 3288 971 ι,
3326 908 3454 960 Ιιανν.

1878 1011 2064 1058 xxvlu,
2106 1003 2159 1049 et
2196 995 2359 1060 lren.,
2399 996 2433 1049 l.
2478 1012 2515 1059 ι,
2554 1013 2603 1050 c.
2645 996 2759 1067 25.)
2801 996 3135 1051 Prmdicabat
3173 998 3456 1051 Dominum

1878 1100 2123 1142 nostrum
2170 1087 2352 1142 Jesum
2404 1088 2678 1143 Christum
2726 1105 2920 1159 purum
2959 1089 3123 1143 fuisse
3161 1090 3455 1153 hominem,

1879 1196 1978 1234 nec
2019 1181 2399 1245 resurrexisse,
2441 1187 2496 1233 et
2534 1180 2843 1234 circumcidi
2890 1188 3158 1248 oportere.
3209 1178 3337 1233 Post
3375 1193 3459 1233 rc-

1877 1271 2266 1326 surrectionem
2326 1272 2541 1327 dicebat
2589 1280 2865 1325 terrenum
2915 1268 3153 1323 futurum
3212 1285 3329 1323 esse
3378 1285 3459 1323 re-

1877 1377 2041 1433 gnum
2080 1360 2281 1415 Christi
2330 1362 2382 1415 in
2437 1360 2792 1425 Ilierusalem,
2839 1368 2892 1414 ct
2932 1361 3177 1414 homines
3230 1359 3286 1413 in
3340 1374 3459 1412 car~

1878 1471 1947 1509 ne
1990 1456 2186 1509 iterum
2222 1454 2673 1525 concupiscentiis
2711 1463 2766 1507 et
2798 1453 2946 1507 vitiis
2986 1451 3280 1519 subjectum
3332 1466 3458 1506 con-

1876 1547 2238 1600 versationem
2288 1546 2571 1599 habituros
2619 1544 2686 1597 ad
2732 1542 2931 1614 legales
2978 1526 3305 1596 festivitates.
3341 1558 3460 1595 rur-

1878 1652 1995 1690 sum
2052 1636 2445 1700 celebrandas,
2492 1645 2547 1689 et
2596 1637 2801 1689 hostias
2853 1634 3095 1689 carnales
3141 1634 3331 1688 iterum
3372 1633 3459 1701 ju-

1877 1727 2155 1798 gulandas.
2198 1728 2304 1782 Sed
2342 1735 2395 1781 ct
2432 1742 2495 1781 ex
2535 1726 2916 1796 suprascriptis
2955 1728 3172 1780 statutis
3215 1726 3460 1779 advertat

172 1808 345 1881 jugali
387 1812 647 1866 societate
692 1811 1055 1883 eonjungitur,
1087 1811 1141 1865 id
1171 1818 1273 1874 est,
1323 1810 1436 1864 sive
1464 1809 1776 1864 Christiano
1804 1819 1851 1878 Β
1880 1818 2048 1871 multo
2076 1817 2445 1873 detestabilius
2478 1817 2807 1872 exsecranda
2843 1826 2896 1871 et
2930 1817 3147 1870 vitanda
3182 1817 3455 1871 consortia

174 1901 391 1967 Iudaea,
433 1904 548 1957 sive
593 1902 777 1979 Judth
822 1901 1131 1956 Christiana
1182 1901 1379 1954 mulier
1416 1901 1623 1955 carnali
1648 1915 1779 1955 con—

174 1995 354 2049 sortio
376 1996 671 2049 misceatur
694 1994 1041 2063 {quicunque
1064 1994 1257 2047 horum
1282 1999 1489 2046 tantum
1514 1990 1664 2046 nefas
1686 1992 1780 2045 ad-

176 2086 397 2140 misisse
422 2094 737 2151 noscuntur,
770 2100 801 2138 a
825 2084 1133 2139 Christiano
1159 2090 1305 2149 coetu
1333 2096 1505 2150 neque
1533 2080 1777 2136 convivio

174 2186 238 2231 ct
264 2193 295 2231 a
329 2177 708 2233 communione
755 2176 1009 2231 Ecclesiae
1052 2176 1298 2245 protinus
1348 2183 1718 2244 segregentur.
1751 2195 1769 2227 ι

252 2270 343 2323 ιχ.
393 2271 462 2324 Et
494 2270 619 2339 quia
650 2282 674 2309 ι
706 2269 1071 2324 ecclesiastica
1111 2275 1311 2323 statuta
1345 2283 1441 2337 per
1481 2268 1776 2335 apostolica

176 2372 304 2418 acta
336 2363 599 2417 ﬁrmanda
632 2370 784 2426 sunt,
818 2372 872 2416 et
902 2362 930 2401 δ
962 2376 1098 2415 nova
1123 2375 1221 2429 per
1246 2367 1428 2413 vetera
1449 2399 1464 2423 ,
1496 2358 1774 2413 videamus

171 2457 314 2526 quid
343 2457 410 2511 de
438 2456 595 2510 beato
638 2454 865 2518 Joanne,
907 2469 1066 2522 quem
1112 2452 1371 2521 diligebat
1409 2452 1569 2506 Jesus
1609 2450 1773 2519 pluri-

176 2562 350 2609 mum,
383 2545 626 2616 apostolo
651 2553 703 2599 et
734 2544 1085 2612 evangelista,
1119 2543 1530 2611 antiquissimus
1562 2552 1616 2596 et
1643 2557 1773 2612 apo-

176 2639 406 2693 stolieus
431 2639 620 2693 doctor
642 2654 705 2693 ac
729 2647 935 2708 martyr
959 2636 1157 2692 Christi
1190 2645 1243 2692 et
1277 2637 1530 2692 Ecclesia:
1559 2637 1772 2709 Lugdu-

174 2727 371 2783 nensis
416 2727 700 2797 episc0pus
735 2727 969 2781 Ircnzeus
1008 2727 1152 2781 dicat
1190 2725 1311 2798 (Ap.
1356 2726 1577 2790 Euseb.,
1622 2726 1765 2781 Hist.

169 2816 337 2882 ach,
364 2817 402 2870 l.
428 2833 502 2882 ιν,
531 2834 579 2872 e.
612 2817 696 2870 Η.
732 2817 864 2873 Vide
894 2817 1089 2871 Baron.
1117 2817 1186 2871 ad
1214 2834 1304 2871 an.
1336 2816 1446 2888 74).
1490 2818 1578 2872 Ait
1603 2834 1768 2889 ergo:

182 2928 205 2959 ς
232 2908 303 2962 Et
325 2908 652 2980 Polycarpus
676 2924 824 2973 vero,
853 2924 957 2962 non
984 2908 1154 2965 solum
1178 2908 1541 2976 apostolorum
1567 2908 1620 2962 in
1645 2924 1772 2962 eon-

176 2998 509 3069 discipulatu
538 2998 803 3063 eruditus,
835 3008 888 3053 et
919 3005 1269 3053 conversatus
1304 3013 1427 3051 cum
1468 2998 1650 3052 multis
1678 2998 1771 3067 qui

176 3091 473 3147 Dominum
514 3090 785 3155 viderunt,
832 3090 926 3155 sed
970 3098 1039 3149 et.
1073 3090 1141 3153 ab
1183 3088 1440 3158 apostolis
1478 3088 1771 3145 collocatus

1874 1906 2206 1970 Judmorum,
2241 1924 2403 1977 quam
2442 1918 2759 1961 cancrorum
2792 1905 3193 1960 luereticorum.
3235 1903 3371 1970 Quia
3412 1922 3455 1957 si

1878 2014 2067 2053 onmes
2101 2009 2385 2069 propterea
2427 1999 2728 2053 detestandi
2770 2006 2918 2063 sunt,
2962 1997 3215 2066 quoniam
3253 1996 3455 2049 inimici

1876 2090 2121 2143 veritatis
2149 2091 2417 2153 existunt;
2446 2089 2614 2143 multo
2637 2089 2713 2142 illi
2745 2089 2915 2158 magis
2934 2088 3025 2157 qui
3052 2086 3281 2155 majores
3303 2102 3458 2141 excr-

1878 2189 2003 2234 cent
2039 2180 2369 2234 inimicitias.
2413 2180 2490 2233 Rc
2522 2180 2721 2235 etenim
2766 2178 2922 2250 (Aug.
2947 2181 3001 2232 in
3030 2178 3220 2231 Manli.
3252 2178 3287 2231 l.
3327 2195 3366 2242 I,
3405 2194 3453 2231 c.

1878 2271 1965 2341 li)
1996 2287 2121 2324 vera
2148 2273 2424 2341 propriam
2444 2280 2527 2326 cst
2553 2272 2927 2326 haereticorum
2950 2272 3001 2325 in
3026 2270 3292 2340 aliquibus
3316 2286 3459 2323 com-

1876 2362 2113 2414 muniter
2137 2362 2340 2415 sentire
2368 2376 2489 2415 cum
2515 2360 2771 2424 Ecclesia,
2799 2359 2850 2412 in
2874 2343 3141 2427 aliquibus
3171 2358 3457 2413 dissentire

1876 2452 1943 2505 ab
1968 2468 2053 2516 ea,
2089 2453 2191 2506 hoc
2223 2461 2324 2515 est,
2352 2467 2417 2505 ex
2445 2462 2597 2522 parte
2626 2452 3015 2521 blasphemare,
3050 2468 3113 2504 ex
3140 2461 3292 2520 parte
3317 2451 3456 2504 veri-

1874 2545 1970 2597 tati
2001 2559 2329 2609 consonare;
2364 2543 2669 2599 Iudaeorum
2695 2550 2873 2597 autem
2896 2558 2961 2596 ex
2988 2552 3099 2595 toto
3122 2542 3358 2605 mentiri,
3390 2556 3465 2594 ex.

1872 2646 1985 2691 toto
2016 2636 2390 2705 blasphemarc
2416 2636 2701 2689 Dominum
2725 2642 2779 2688 et
2810 2633 2977 2687 Deum
3004 2642 3248 2687 nostrum
3270 2630 3453 2684 Iesum

1873 2728 2145 2783 Christum
2171 2734 2221 2780 et
2246 2726 2541 2780 Ecclesiam
2565 2725 2699 2794 ejus,
2725 2734 2779 2777 ct
2800 2723 2930 2777 nihil
2952 2724 3016 2777 de
3040 2737 3103 2776 eo
3128 2736 3311 2774 verum
3341 2735 3455 2773 cre—

1874 2821 2002 2874 dere
2036 2818 2140 2873 nisi
2178 2826 2405 2871 morlem
2432 2834 2443 2869 :
2469 2832 2773 2886 quanquam
2807 2830 2908 2869 nec
2943 2814 2997 2867 in
3028 2828 3093 2868 eo
3124 2826 3309 2865 verum
3340 2825 3457 2864 crc-

1874 2910 2027 2974 dant,
2069 2925 2135 2963 eo
2180 2909 2323 2978 quod
2365 2916 2594 2963 mortem
2646 2908 2762 2976 ejus
2812 2914 3128 2960 cmtcrorum
3179 2903 3455 2957 hominum

1874 3001 2140 3055 mortibus
2168 3000 2397 3055 similem
2422 3000 2623 3057 dicant.
2656 3000 2758 3052 hoc
2790 3006 2891 3061 est,
2919 3012 2984 3050 ex
3014 2995 3335 3050 necessitate
3360 3010 3455 3048 na-

1874 3101 2030 3156 turae,
2070 3106 2178 3153 non
2216 3105 2283 3144 ex
2323 3090 2600 3143 voluntate
2639 3087 3040 3143 misericordia.
3088 3086 3315 3155 Propter
3354 3086 3456 3140 hoc

176 3183 326 3238 Asim
348 3182 489 3252 apud
514 3180 924 3252 Smyrnensium
954 3179 1251 3234 Ecclesiam
1281 3180 1580 3248 cpiscopus,
1609 3194 1769 3249 quem
1794 3195 1841 3257 (ς
1874 3182 2199 3237 maledicere
2228 3196 2321 3237 eos
2348 3180 2633 3235 Dominum
2664 3188 2715 3234 et
2742 3193 2937 3247 corpus
2961 3180 3077 3248 ejus
3115 3180 3168 3232 in
3205 3177 3456 3231 omnibus

174 3282 235 3328 et
274 3287 373 3326 nos
402 3271 635 3325 vidimus
674 3272 729 3325 in
765 3276 939 3340 prima
982 3278 1162 3324 nostra
1208 3276 1367 3323 aetate
1413 3270 1526 3338 (diu
1572 3270 1771 3323 etenim

175 3362 401 3427 mansit,
428 3370 484 3415 et
512 3361 665 3415 valde
695 3368 971 3415 senectute
997 3375 1109 3429 pne
1137 3358 1347 3413 ueteris
1368 3358 1638 3429 longaevus
1661 3360 1772 3429 glo-

178 3454 328 3508 riose
362 3461 418 3507 et
449 3452 749 3507 luculenter
787 3460 1012 3506 testatus
1050 3451 1185 3506 obiit
1218 3451 1384 3521 vita),
1432 3452 1547 3507 haec
1592 3453 1774 3506 docuit

176 3559 400 3612 semper
440 3558 559 3612 qure
601 3543 666 3597 ab
700 3542 955 3611 apostolis
1002 3541 1208 3605 didicit,
1259 3558 1380 3611 qua:
1426 3550 1481 3597 et
1519 3542 1771 3598 Ecclesia:

175 3634 425 3697 tradidit,
456 3651 505 3703 qi
530 3649 575 3687 tl}
602 3644 656 3687 et
683 3633 793 3686 sola
823 3641 949 3686 sunt
970 3648 1096 3685 vera
1122 3649 1135 3696 ;
1163 3641 1217 3686 et
1241 3642 1367 3687 sunt
1387 3634 1478 3701 qui
1503 3634 1771 3687 audierint

172 3741 305 3780 cum
345 3726 487 3793 quod
527 3722 761 3777 Joannes
802 3722 1013 3776 Domini
1061 3722 1354 3790 discipulus
1396 3723 1461 3777 ad
1500 3724 1769 3791 Ephesum

178 3816 311 3869 dum
340 3822 594 3883 pergeret
621 3814 879 3877 lavatum,
908 3821 967 3865 ut
994 3811 1127 3866 vidit
1157 3814 1302 3867 intus
1322 3812 1657 3878 Cerinthum,
1683 3829 1771 3868 ex-

178 3907 351 3960 silivit
373 3922 403 3959 a
427 3905 617 3958 balneo
650 3920 754 3958 non
784 3903 943 3968 lotus,
974 3902 1159 3957 dicens
1185 3902 1309 3971 quia
1336 3903 1547 3957 timeret
1574 3917 1640 3956 ne
1665 3903 1771 3957 bal-

181 4010 344 4049 neum
382 4002 683 4058 eoi-rueret,
714 3993 889 4063 posito
920 3994 1064 4047 intus
1093 3992 1349 4047 Cerintho
1388 3994 1634 4048 veritatis
1661 3995 1766 4049 iui-

181 4085 348 4139 mico.
385 4085 451 4138 Et
482 4085 591 4154 ipse
613 4098 740 4139 vero
774 4082 1100 4153 Polycarpus
1128 4082 1383 4137 Marcioni
1410 4085 1676 4151 quondam
1714 4085 1769 4139 in

181 4174 376 4229 faciem
421 4174 522 4243 ipsi
553 4173 797 4228 venienti
816 4181 871 4227 et
910 4173 1132 4237 dicenti,
1162 4172 1437 4242 Cognosce
1468 4190 1581 4236 nos,
1612 4175 1661 4229 ci
1687 4192 1770 4230 re-

181 4267 424 4333 spondit,
475 4264 789 4335 CognOsco,
843 4280 1106 4335 cognosco
1148 4265 1479 4334 primitivum
1532 4266 1765 4322 Satanae.

184 4357 423 4410 Tantum
458 4356 681 4425 apostoli
722 4363 777 4409 et
816 4354 1061 4426 discipuli
1103 4370 1289 4409 eorum
1333 4355 1572 4410 habuere
1612 4373 1767 4413 reve-

182 4447 441 4509 rentiam,
486 4456 545 4500 ut
592 4462 659 4500 ne
702 4446 867 4499 verbo
898 4444 1112 4514 quidem
1154 4444 1613 4499 communicarent
1654 4448 1767 4501 cui-

1874 3273 2210 3327 orationibus
2236 3273 2372 3335 suis,
2400 3272 2540 3325 sicut
2563 3279 2616 3323 et
2650 3278 2773 3323 ante
2808 3270 3184 3339 prophetatum
3214 3276 3296 3321 est
3326 3282 3455 3320 voce

1873 3362 2084 3416 Domini
2129 3361 2356 3416 dicentis
2395 3361 2460 3414 ad
2504 3359 2761 3413 Patrem:
2798 3358 3111 3412 Maledicent
3160 3357 3261 3422 illi,
3309 3366 3354 3410 et
3398 3368 3454 3409 tu

1873 3456 2158 3509 benedices.
2210 3454 2268 3508 Si
2312 3470 2441 3523 ergo
2478 3456 2660 3508 hostes
2696 3452 2977 3507 catholica:
3012 3452 3134 3505 ﬁdei
3170 3460 3451 3521 propterea

1872 3544 2190 3599 exsecrandi
2220 3552 2344 3597 sunt
2367 3552 2418 3597 et
2447 3542 2689 3604 cavendi,
2721 3543 2845 3611 quia
2876 3541 3079 3595 inimici
3107 3550 3230 3594 sunt
3259 3540 3454 3593 verita-

1874 3638 1976 3701 tis;
2003 3653 2166 3706 super
2186 3652 2374 3691 omnes
2395 3635 2654 3696 inﬁdeles,
2691 3633 3013 3697 incredulos,
3038 3632 3121 3686 vel
3143 3631 3450 3693 haereticos,

1872 3727 2171 3782 detestandi
2203 3734 2327 3781 sunt
2356 3724 2524 3779 Judmi
2544 3766 2558 3789 ,
2589 3724 2715 3793 quia
2746 3724 2944 3777 nullum
2976 3737 3145 3791 genus
3175 3722 3453 3776 hominum

1872 3818 2140 3871 invenitur
2168 3818 2251 3870 cui
2280 3817 2355 3869 ita
2395 3816 2555 3869 libeat
2588 3815 2907 3869 maledicere
2944 3814 3247 3869 Dominum.
3301 3813 3454 3878 Quod

1872 3909 2027 3962 nobis
2052 3923 2157 3961 non
2188 3907 2411 3961 minimc
2438 3915 2622 3961 notum
2652 3914 2752 3969 est,
2777 3905 2867 3974 qui
2895 3904 3132 3975 quoditie
3162 3918 3298 3972 pene
3327 3920 3451 3959 cum

1873 3998 1953 4053 cis
1981 3999 2277 4067 loquentes,
2308 3998 2561 4068 mysteria
2590 3997 2795 4051 erroris
2821 3998 3059 4065 ipsorum
3086 3996 3353 4051 audimus.

1944 4088 2009 4141 Χ.
2052 4088 2247 4141 Dicunt
2283 4089 2513 4157 denique
2550 4087 2718 4141 Deum
2763 4102 2917 4141 suum
2957 4101 3076 4141 esse
3106 4100 3446 4155 corporeum,

1872 4188 1929 4234 ct
1958 4180 2235 4249 corporeis
2262 4178 2591 4233 liniamentis
2617 4195 2714 4248 per
2748 4184 2984 4232 membra
3023 4178 3367 4240 distinctum,
3398 4186 3452 4229 et

1872 4268 1975 4322 alia
2005 4268 2219 4336 quidem
2248 4277 2401 4336 parte
2429 4268 2578 4321 illum
2621 4269 2808 4321 audire
2847 4276 2905 4320 ut
2939 4282 3058 4330 nos,
3096 4266 3199 4319 alia
3241 4265 3446 4327 videre,

1873 4357 1976 4410 alia
2006 4371 2133 4411 vero
2157 4355 2323 4425 loqui,
2348 4355 2431 4410 vel
2465 4356 2608 4409 aliud
2637 4356 2765 4425 quid
2791 4370 2952 4422 agere
2975 4371 2989 4416 ;
3017 4370 3081 4408 ac
3107 4368 3202 4422 per
3226 4354 3327 4406 hoc
3352 4352 3450 4405 hu-

1875 4462 2092 4499 manum
2134 4462 2329 4514 corpus
2374 4446 2442 4498 ad
2488 4446 2775 4515 imaginem
2820 4445 2915 4497 Dei
2956 4442 3177 4506 factum,
3224 4449 3448 4510 excepto

184 4554 354 4609 quam
382 4538 719 4593 incaraxanti
743 4536 1043 4592 veritatem.
1072 4555 1089 4587 ι
1133 4534 1215 4589 Ad
1251 4535 1367 4589 haec
1405 4535 1447 4589 si
1485 4534 1623 4590 forte
1661 4538 1760 4590 ali-
1787 4534 1841 4591 D
1866 4538 2009 4608 quod
2044 4538 2131 4591 ille
2164 4538 2361 4609 digitos
2396 4552 2651 4590 manuum
2686 4537 2881 4591 habeat
2911 4534 3231 4590 inﬁcxibiles
3270 4549 3334 4588 ac
3377 4533 3449 4587 ri-

1532 4651 1801 4709 BALUZii
1839 4652 2066 4709 NOTAE.

258 4780 283 4809 ι
313 4766 682 4821 Ecclesiastica
710 4774 929 4820 statuta.
958 4766 1125 4819 Recte
1170 4766 1463 4821 admonent
1506 4766 1765 4834 episcopi,

182 4838 555 4895 ecclesiastica
592 4844 795 4891 statuta
835 4849 954 4905 esse
980 4835 1244 4889 ﬁrmanda
1274 4851 1372 4905 per
1410 4844 1527 4888 acta
1554 4845 1769 4905 aposto-

184 4911 319 4971 lica,
366 4908 418 4961 id
447 4914 549 4970 est,
584 4905 798 4976 regulas
833 4903 1230 4959 ecclesiasticas
1276 4903 1387 4976 non
1411 4919 1566 4976 posse
1593 4903 1767 4976 videri

183 4977 523 5047 mquas,_nisi
554 4974 765 5047 constet
797 4989 890 5029 eas
920 4988 1215 5047 congruere
1257 4974 1551 5047 traditioni.
1592 4974 1767 5039 Quare

186 5044 297 5103 non
349 5044 543 5112 injuria
618 5045 931 5098 adnotatum
987 5056 1071 5096 est
1114 5045 1185 5113 ab
1228 5046 1431 5113 optimo
1482 5044 1770 5113 Mzeccnate

187 5131 312 5171 meo
344 5111 413 5169 in,
444 5114 581 5166 libro
610 5129 641 5166 v
667 5116 733 5167 de
759 5113 1061 5168 Concordia
1105 5111 1408 5167 Sacerdotii
1458 5122 1513 5166 ct
1556 5112 1767 5181 imperii

187 5202 307 5263 cap.
342 5186 393 5247 9,
425 5182 1059 5263 §§,.quaecunque_olim
1091 5183 1229 5263 apud
1259 5182 1493 5263 synodos
1526 5184 1797 5263 prorem“

189 5250 513 5319 ba’nturfab
544 5250 610 5305 iis
637 5268 741 5306 non
770 5251 1105 5320 simpliciter,
1134 5250 1228 5305 sed
1258 5250 1380 5305 eam
1424 5250 1768 5319 inquisitione

188 5323 481 5406 approbari
519 5321 708 5406 solita;
756 5336 947 5406 nempe
974 5321 1018 5374 si
1057 5328 1415 5406 congruerent
1443 5336 1563 5406 cum
1608 5329 1773 5388 expo-

190 5390 389 5448 sitione
426 5402 482 5446 et
516 5392 759 5445 doctrina
794 5390 1035 5442 Patrum.
1075 5390 1270 5453 Quare,
1309 5398 1367 5443 ut
1403 5391 1543 5443 idem
1586 5399 1771 5443 auctor

192 5464 271 5516 ait
293 5462 347 5514 in
370 5461 549 5530 capite
570 5468 761 5514 octavo
786 5458 1023 5526 ejusdem
1051 5458 1192 5523 libri,
1222 5460 1351 5530 illud
1369 5460 1502 5530 _olim
1531 5459 1688 5530 anxie
1717 5458 1770 5530 in

192 5530 417 5598 synodis
440 5528 865 5598 disquirebatur,
892 5543 965 5598 an
989 5542 1133 5598 nova
1172 5528 1469 5597 cujuspiam
1501 5528 1772 5597 pontiﬁcis

240 5600 424 5656 omani
458 5596 688 5668 epiStola
730 5614 852 5653 eum
883 5596 1179 5668 Scripturis
1215 5596 1269 5651 et
1305 5596 1604 5668 canonibus
1643 5611 1770 5649 con-

194 5678 443 5740 grueret;
484 5666 546 5722 ut
583 5667 657 5721 ita
682 5668 894 5740 domum
934 5666 1255 5740 auctoritate
1280 5666 1430 5740 illius
1453 5681 1640 5740 oiniies
1686 5674 1767 5740 te-

196 5736 477 5806 nerentur,
508 5746 669 5807 atque
696 5737 899 5792 duobus
928 5736 1090 5792 veluti
1118 5736 1341 5791 vinculis
1370 5736 1421 5789 in
1454 5736 1557 5790 ﬁde
1582 5736 1773 5791 contir-

1872 4768 2002 4821 mati
2050 4777 2255 4831 essent,
2297 4765 2609 4821 deﬁnitione
2653 4764 2935 4833 pontilicis,
2984 4770 3040 4817 et
3083 4761 3449 4819 declaratione

1871 4838 2059 4907 synodi
2090 4856 2101 4891 :
2126 4837 2271 4891 hunc
2295 4850 2415 4907 esse
2442 4834 2701 4907 Marciani
2725 4834 2860 4902 Aug.
2896 4846 3284 4907 sensum,_eu_m
3311 4834 3447 4907 scri-

1869 4900 1977 4975 psit
2004 4907 2088 4960 illa
2115 4922 2233 4975 qua;
2262 4922 2291 4958 a
2316 4904 2495 4958 Leone
2520 4905 2536 4957 l
2564 4919 2700 4973 papa
2732 4900 3024 4975 secundum
3050 4900 3446 4975 ecclesiasticos

1872 4971 2107 5031 canones
2132 4971 2511 5037 deﬁnireutur,
2532 4971 2579 5045 7a
2598 4971 2799 5045 synodo
2828 4971 3157 5045 declaratum
3193 4971 3279 5023 iri.

1944 5047 1970 5085 ι)
1996 5045 2145 5100 Nova
2166 5061 2259 5112 per
2279 5054 2465 5097 cetera.
2496 5040 2639 5098 Nam
2668 5062 2684 5093 ε
2715 5058 2860 5112 cum,
2892 5050 2950 5093 ut
2968 5040 3085 5112 illic
3108 5040 3284 5112 Marca
3317 5043 3449 5112 serio

1871 5116 1969 5179 bit,
1996 5109 2174 5169 semel
2194 5114 2404 5167 traditae
2432 5112 2553 5167 ﬁdei
2585 5110 2893 5166 [uerendum
2934 5111 3022 5171 sit,
3054 5119 3114 5162 ut
3152 5110 3311 5179 docet
3344 5109 3443 5163 .lu-

1874 5178 1970 5238 das
2013 5183 2305 5255 apostolus,
2352 5182 2477 5236 hinc
2522 5182 2764 5250 sequitur
2808 5196 2927 5234 eam
2972 5194 3090 5232 esse
3133 5178 3254 5231 ﬁdei
3286 5179 3444 5232 Chri-

1874 5254 2064 5308 stianae
2110 5254 2403 5316 rationem,
2446 5260 2506 5304 ut
2544 5259 2727 5305 vetera
2783 5257 3060 5312 eruantur,
3109 5263 3213 5301 non
3264 5257 3443 5300 autem

1874 5340 2011 5377 nova
2040 5323 2369 5385 condantur;
2408 5320 2856 5389 quemadmodum
2887 5327 3035 5372 recte
3079 5317 3288 5389 monuit
3318 5317 3447 5389 Vinf

1876 5394 2085 5447 centius
2108 5386 2474 5445 Lirinensis.)
2538 5390 2630 5444 Sic
2657 5388 2910 5443 Claudius
2940 5389 3064 5455 imp.
3100 5386 3279 5438 aibat
3304 5386 3445 5454 apud

1876 5463 2121 5517 Tacitum
2171 5463 2223 5515 in
2256 5462 2392 5515 libro
2432 5475 2483 5512 ιι
2515 5458 2801 5513 Annalium
2828 5475 2840 5513 :
2874 5475 2892 5507 ι
2933 5456 3122 5510 Omnia
3151 5456 3209 5507 i'.
3236 5456 3295 5507 C.
3326 5470 3446 5523 qua:

1877 5549 2017 5586 nunc
2048 5531 2411 5586 vetustissima
2446 5530 2755 5593 creduntur,
2786 5541 2920 5582 nova
2949 5526 3117 5579 fuere.
3166 5524 3442 5578 invetera-

1876 5612 1990 5657 scet
2026 5604 2128 5657 hoc
2161 5615 2407 5671 quoque;
2454 5607 2507 5652 et
2536 5598 2679 5667 quod
2711 5598 2868 5653 hodie
2904 5594 3163 5664 exemplis
3210 5603 3443 5660 tuemur,

1879 5673 2019 5727 inter
2047 5669 2287 5739 exempla
2320 5669 2443 5724 erit.
2481 5688 2497 5719 ›
