3918 6378
409 347 480 405 37
1396 338 1454 399 s.
1496 337 1849 401 Ααοῐωωι
1889 336 2201 399 EPISCOPI
2241 336 2729 397 LUGDUNENSIS
3254 306 3263 317 ”
3652 331 3725 390 ss

409 470 623 533 gentes,
668 469 732 518 ut
776 468 903 533 pote
941 462 1034 533 qui
1074 461 1149 517 nil
1185 462 1438 517 manibus
1478 471 1755 535 operetur.
1804 461 2008 517 Sedere
2036 463 2088 523 Α
2113 476 2219 531 quc
2250 462 2301 514 in
2337 460 2448 515 ullo
2473 461 2582 516 alio
2607 461 2881 516 invenitur
2912 461 3050 518 loco.
3104 458 3171 513 Et
3208 459 3279 513 ob
3319 459 3463 512 hanc
3498 469 3729 511 causam

407 564 593 613 autem
621 569 775 612 more
804 557 1009 612 terreni
1036 555 1267 627 alicujus
1305 556 1451 628 regis
1493 557 1550 611 in
1591 556 1751 621 solio,
1790 555 1938 626 quod
1978 569 2011 608 a

407 656 645 716 quatuor
687 641 1109 703 circumferatur
1150 647 1364 712 bestiis,
1412 654 1469 703 et
1513 662 1711 719 magno
1762 647 2012 716 quamvis

408 736 613 810 palatio
636 742 926 798 contineri.
972 740 1226 813 Cogitare
1253 741 1418 796 etiam
1442 739 1594 795 illum
1621 740 1786 794 multa
1823 754 2014 809 super-

407 830 517 888 flua
555 840 611 887 et
649 847 819 897 vana;
858 847 977 902 quae
1014 831 1141 901 quia
1187 831 1256 886 ad
1289 830 1545 886 ell‘ectum
1588 839 1784 885 cuncta
1826 829 2016 885 venire

407 931 705 995 nequeant,
735 929 1024 978 vertantur
1059 923 1112 976 in
1148 921 1443 977 daemones.
1492 920 1599 976 Sed
1637 928 1693 974 et
1728 921 2015 975 innumera

405 1012 632 1073 infanda
658 1016 727 1071 de
751 1015 886 1082 Deo,
913 1022 975 1069 ut
1009 1014 1268 1080 diximus,
1309 1028 1409 1069 suo
1434 1011 1765 1085 praedicant,
1805 1026 1869 1066 ac
1906 1010 2014 1065 tale

408 1107 597 1164 colunt
625 1107 997 1172 simulacrum,
1040 1106 1186 1177 quod
1221 1106 1325 1176 ipsi
1363 1105 1467 1160 sibi
1511 1105 1569 1161 in
1607 1103 1855 1160 cordium
1894 1119 2017 1159 suo-

407 1207 532 1255 rum
561 1198 856 1255 simulacra
881 1198 1157 1254 ﬁnxerunt
1198 1206 1254 1253 et
1288 1204 1618 1263 statuerunt,
1658 1210 1765 1251 non
1802 1210 2016 1262 verum,

407 1290 876 1348 inconvertibilem
906 1300 1072 1362 atque
1096 1291 1489 1346 immutabilem
1518 1290 1711 1353 Deum,
1736 1303 1897 1359 quem
1918 1304 2015 1357 pe-

408 1382 559 1437 nitus
583 1382 855 1455 ignorant.
886 1382 1127 1438 Litteras
1150 1396 1368 1452 quoque
1385 1381 1662 1452 alphabeti
1684 1381 1767 1435 sui
1788 1380 2018 1436 credunt

408 1474 647 1530 existere
674 1474 1053 1545 sempiternas,
1087 1482 1144 1528 et
1171 1480 1298 1527 ante
1332 1470 1519 1526 mundi
1558 1471 1888 1541 principium
1916 1471 2019 1525 im-

408 1571 655 1635 petrasse
678 1563 894 1619 diversa
935 1563 1259 1628 ministeria,
1304 1561 1500 1634 quibus
1540 1577 1634 1618 eas
1674 1570 1926 1633 oporteat
1964 1561 2019 1615 in

408 1655 612 1711 saeculo
634 1655 951 1726 praesidere.
995 1654 1197 1726 Legem
1226 1670 1358 1710 vero
1386 1654 1679 1709 Mosaicam
1710 1653 1897 1708 multis
1923 1667 2021 1705 an-

408 1759 606 1801 norum
636 1745 924 1801 curriculis
952 1754 1079 1799 ante
1104 1746 1367 1800 mundum
1394 1744 1562 1801 fuisse
1586 1745 1867 1815 scriptam.
1904 1743 2016 1799 Nec

2112 552 2369 622 praecipio
2394 559 2454 606 ut
2477 552 2719 607 adoretis
2745 566 2890 608 eum.
2941 551 3095 621 Quod
3121 550 3213 621 qui
3250 548 3434 604 facere
3459 546 3727 611 noluerit,

2112 652 2327 712 partem
2363 659 2516 698 suam
2556 644 2612 698 in
2655 643 2871 700 inferno
2910 644 3154 699 futuram
3189 656 3311 698 esse
3354 648 3672 710 cognoscat.
3699 657 3724 690 ι

2114 736 2242 792 Haec
2296 746 2477 792 autem
2518 738 2700 792 omnia
2749 738 2881 794 ideo
2912 738 3159 794 seniores
3197 750 3391 792 eorum
3437 733 3733 790 conﬁnxe-

2116 841 2265 897 runt,
2301 839 2358 886 et
2391 831 2493 901 ipsi
2522 831 2687 886 stulta
2717 831 3087 888 obstinatione
3112 830 3382 894 lectitant,
3424 835 3487 882 ut
3521 825 3733 880 talibus

2115 921 2440 979 commentis
2471 931 2585 977 tota
2615 930 2672 977 et
2699 922 2919 977 virtutis
2950 930 3005 976 et
3039 920 3309 991 passionis
3342 918 3549 975 Christi
3577 915 3734 972 veri-

2116 1024 2202 1070 tas
2227 1022 2546 1079 evacuetur,
2577 1019 2633 1068 et
2650 1019 2713 1067 ut
2738 1012 2986 1068 adoratio
3008 1028 3115 1067 non
3141 1011 3193 1065 ei
3220 1019 3279 1064 ut
3309 1011 3422 1066 Deo
3451 1010 3736 1065 veraciter

2117 1103 2364 1159 exhiberi
2392 1102 2611 1167 debeat,
2637 1103 2730 1157 sed
2760 1102 2918 1158 Pilati
2953 1110 3163 1157 tantum
3188 1101 3306 1173 lege
3328 1101 3405 1155 illi
3429 1101 3610 1156 delata
3632 1101 3733 1155 sit.

2119 1202 2230 1259 Sed
2262 1210 2320 1258 et
2352 1202 2575 1258 Petrum
2602 1215 2947 1271 nequaquam
2980 1215 3080 1271 per
3106 1198 3381 1271 angelum,
3421 1196 3737 1254 secundum

2118 1295 2284 1351 fidem
2329 1302 2594 1357 nostram,
2641 1294 2708 1348 de
2751 1307 2974 1347 carcere
3016 1291 3293 1357 eductum,
3345 1290 3444 1346 sed
3488 1288 3737 1343 Herodis

2121 1383 2527 1449 misericordia,
2580 1382 2720 1453 apud
2765 1398 2928 1453 quem
2965 1382 3260 1453 plurimum
3301 1379 3419 1450 ejus
3456 1378 3739 1450 sapientia

2118 1476 2287 1532 fuerit
2312 1475 2654 1531 conlaudata.
2700 1474 2942 1543 Denique
2964 1482 3019 1529 et
3038 1471 3382 1527 Christianos
3406 1469 3547 1526 idola
3576 1484 3740 1525 asse-

2120 1580 2251 1627 runt
2292 1571 2543 1637 adorare,
2585 1577 2642 1622 et
2679 1569 2912 1622 virtutes
2949 1581 3070 1636 qua:
3100 1564 3243 1635 apud
3271 1580 3374 1620 nos
3408 1571 3738 1618 sanctorum

2121 1661 2605 1717 intercessionibus
2649 1659 2966 1715 obtinentur
2990 1698 3005 1722 ,
3049 1672 3080 1711 a
3126 1654 3339 1711 diabolo
3380 1654 3501 1710 ﬁeri
3541 1654 3740 1708 dicere

2122 1768 2231 1809 non
2255 1751 2674 1809 exhorrescunt.
2718 1749 2825 1804 Pro
2856 1749 3054 1819 quibus
3096 1748 3349 1802 omnibus
3383 1761 3597 1801 summo
3634 1760 3740 1799 eos

408 1853 519 1894 non
545 1833 819 1892 afﬁrmant
844 1838 1030 1908 plures
1057 1852 1180 1893 esse
1209 1846 1401 1901 terras,
1440 1837 1596 1907 plura
1625 1835 1863 1901 inferna.
1897 1835 2017 1906 plu-
2045 1820 2093 1878 Β
2120 1844 2246 1901 odio
2274 1844 2625 1914 dignissimos
2654 1856 2777 1898 esse
2801 1842 2925 1911 quis
2947 1840 3224 1911 ambigat?
3260 1840 3418 1895 sicuti
3456 1848 3509 1893 et
3542 1838 3743 1894 odicn-

408 1943 610 1998 resque
639 1928 844 1984 caelos:
872 1940 1101 1999 quorum
1128 1943 1319 1995 unum,
1357 1930 1502 1999 quod
1536 1928 1639 2000 ipsi
1675 1935 1872 1984 vocant
1908 1926 2019 1981 Ra-

410 2020 515 2075 ch‘a
551 2016 716 2106 [φρ-π
746 2017 972 2106 Rakiah,
1000 2018 1453 2092 ﬁrmamentum],
1490 2020 1545 2076 id
1574 2028 1679 2083 est,
1707 2018 2018 2073 firmamen-

411 2119 550 2175 tum,
584 2102 758 2165 molas
794 2102 891 2164 Dei
925 2119 1232 2166 sustentare
1271 2118 1543 2175 asserunt,
1581 2109 1781 2179 quibus
1820 2122 2018 2162 manna

410 2201 735 2257 sumendum
767 2201 973 2271 angelis
1002 2201 1236 2257 molatur
1266 2202 1319 2256 in
1355 2216 1570 2257 escam-
1609 2201 1859 2255 Alterum
1887 2212 2017 2254 vero

411 2291 687 2362 appellant
709 2290 977 2356 Araboth,
1006 2291 1062 2346 in
1090 2307 1198 2361 quo
1221 2291 1510 2346 Dominum
1540 2298 1791 2345 astruunl
1818 2289 2019 2345 reside-

410 2400 494 2451 re,
526 2392 585 2440 et
606 2384 713 2441 hoc
734 2399 856 2440 esse
881 2384 937 2438 in
965 2383 1184 2440 Psalmo
1209 2384 1509 2440 secundum
1534 2381 1655 2438 illos
1681 2400 1693 2435 :
1719 2381 1834 2436 Iter
1852 2366 2019 2451 facile

410 2476 460 2530 ei
494 2477 585 2548 qui
616 2474 898 2530 caballicat
924 2490 1083 2546 super
1116 2474 1349 2528 Araboth
1380 2472 1556 2546 (Psat.
1590 2488 1763 2537 van,
1789 2470 1869 2541 ὅ).
1910 2470 2019 2524 Ha-

410 2568 543 2624 bere
566 2569 735 2624 Deum
760 2576 1054 2637 propterea
1082 2574 1291 2637 septem
1313 2567 1497 2631 tubas,
1518 2578 1750 2635 quarum
1771 2578 1879 2618 una
1899 2562 2021 2617 mil-

412 2662 467 2716 le
496 2662 548 2717 ei
573 2659 776 2716 cubitis
800 2660 1075 2716 metiatur.
1120 2659 1189 2713 Et
1212 2659 1343 2729 quid
1364 2658 1564 2730 plura?
1605 2656 1765 2712 Nulla
1804 2656 2023 2712 Veteris

412 2746 748 2807 Testamenti
773 2750 994 2822 pagina,
1024 2749 1168 2804 nulla
1199 2750 1472 2806 sententia
1497 2758 1603 2815 est,
1636 2748 1705 2804 de
1737 2763 1846 2819 qua
1872 2746 1961 2803 vel
1989 2762 2020 2801 a

413 2844 713 2916 majoribus
759 2844 874 2898 suis
913 2858 1020 2898 non
1063 2843 1305 2898 habeant
1347 2842 1581 2898 conﬁcta
1615 2851 1671 2898 et
1709 2841 2022 2911 conscripta

414 2934 721 2999 mendacia,
752 2932 839 2988 vel
873 2932 977 3002 ipsi
1005 2948 1178 3003 usque
1212 2933 1375 2989 hodie
1407 2948 1546 2989 nova
1582 2947 1798 3003 semper
1834 2944 2022 3000 super-

412 3024 638 3081 stitione
666 3023 998 3095 confingant,
1029 3033 1086 3078 et
1110 3023 1430 3095 interrogati
1456 3023 1785 3093 respondere
1810 3036 2020 3093 przesu—

416 3124 588 3171 mant.
635 3115 771 3169 Nam
798 3123 851 3169 et
877 3117 931 3169 in
960 3114 1225 3171 doctrinis
1260 3114 1527 3185 majorum
1554 3129 1778 3170 suorum
1812 3115 2020 3182 legunt,

413 3206 603 3263 Jesum
631 3206 889 3277 juvenem
915 3205 1208 3274 quemdam
1237 3203 1406 3259 fuisse
1432 3205 1577 3274 apud
1610 3219 1706 3260 eos
1734 3203 2027 3259 honorabi-

418 3299 548 3362 lem,
578 3308 633 3352 et
654 3298 971 3369 magisterio
989 3297 1249 3369 Baptista:
1270 3297 1498 3353 Joannis
1518 3297 1812 3361 eruditum,
1837 3311 2030 3367 quam-

418 3392 604 3463 plures
635 3390 891 3446 habuisse
920 3390 1237 3460 discipulos,
1269 3404 1503 3460 quorum
1532 3388 1626 3443 uni
1662 3396 1890 3459 propter
1932 3387 2031 3442 du—

420 3483 607 3538 ritiam
654 3489 712 3537 et
749 3481 1123 3537 hebitudinem
1162 3496 1376 3544 sensus,
1400 3479 1598 3549 Cephte
1638 3480 1691 3533 id
1728 3488 1813 3533 est
1855 3478 2032 3533 Petra:

420 3575 619 3632 nomen
658 3574 999 3644 imposuerit.
1048 3573 1117 3627 Et
1156 3588 1281 3629 cum
1310 3579 1721 3641 exspectaretur
1762 3586 1793 3625 a
1832 3569 2032 3640 populo

422 3669 492 3722 ad
533 3667 674 3722 diem
717 3665 937 3728 festum,
980 3664 1245 3733 quosdam
1280 3665 1330 3717 ei
1371 3664 1438 3717 de
1481 3662 1665 3718 schola
1706 3677 1803 3717 sua
1832 3676 2034 3732 pueros

422 3757 749 3822 occurrisse,
782 3757 876 3827 qui
906 3756 983 3810 illi
1020 3770 1085 3810 ex
1119 3756 1327 3810 honore
1356 3763 1411 3809 et
1443 3753 1746 3809 reverentia
1786 3751 2033 3823 magistri

423 3851 784 3915 cantaverint,
815 3848 1033 3904 Osanna
1053 3847 1169 3917 ﬁlio
1194 3847 1385 3902 David.
1433 3848 1517 3902 Ad
1542 3856 1849 3901 extremum
1878 3858 2033 3909 vero,

423 3956 650 4018 propter
676 3943 833 4014 plura
860 3940 1140 3997 mendacia
1162 3948 1499 4003 accusatum,
1526 3937 1729 3992 Tiberii
1746 3935 1953 4005 judicio
1980 3936 2035 3989 in

428 4049 711 4092 carcerem
736 4043 1036 4097 retrusam,
1069 4046 1136 4086 eo
1164 4030 1308 4100 quod
1331 4029 1441 4083 {ilia
1464 4023 1643 4096 ipsius'
1660 4027 1791 4099 (cui,
1817 4027 1936 4081 sine
1959 4026 2038 4080 vi-

430 4143 513 4191 ro,
539 4124 764 4180 masculi
788 4131 1002 4194 partum
1019 4120 1365 4193 promiserat)
1382 4118 1578 4190 lapidis
1598 4126 1918 4189 conceptum
1949 4116 2035 4170 in-

430 4215 638 4271 tulerit.
657 4214 785 4268 lnde
809 4216 998 4278 etiam,
1023 4210 1189 4267 veluti
1217 4226 1437 4282 magum
1462 4206 1856 4271 detestabilem,
1886 4205 2038 4260 furca

433 4319 793 4377 suspensum;
823 4302 915 4358 ubi
946 4314 1002 4357 et
1028 4309 1182 4373 petra
1229 4303 1285 4356 in
1314 4301 1490 4371 capite
1515 4312 1840 4370 percussum
1876 4304 2040 4366 atque

432 4398 542 4452 hoc
567 4394 730 4451 modo
760 4392 1023 4459 occisum,
1048 4391 1203 4461 juxta
1228 4391 1519 4462 quemdam
1546 4389 1926 4460 aquaeductum
1956 4401 2042 4442 se-

2120 1938 2221 1994 dos
2257 1938 2376 1993 illos
2412 1937 2754 1993 demonstrat
2782 1934 3076 2005 scriptura,
3116 1947 3237 2003 quae
3265 1932 3393 1988 dicit
3419 1929 3574 2000 juxta
3616 1928 3739 1985 lle-

2120 2031 2363 2084 braicam
2402 2027 2656 2083 videlicet
2693 2026 3025 2080 veritatem:
3058 2021 3163 2089 Qui
3199 2021 3570 2103 contradicunt
3610 2018 3740 2083 tibi,

2119 2119 2370 2175 scelerate
2389 2118 2515 2173 elati
2528 2126 2649 2173 sunt
2673 2117 2874 2186 frustra
2896 2114 3191 2169 adversarii
3213 2114 3291 2167 tui
3314 2110 3490 2184 (Psal.
3515 2127 3739 2172 Lxxxn,

2121 2212 2200 2281 5).
2255 2208 2447 2264 Nonne
2482 2217 2530 2263 et
2570 2207 2802 2262 odientes
2832 2215 2902 2270 te,
2943 2204 3190 2270 Domine,
3223 2202 3405 2257 odivi?
3443 2200 3512 2255 Et
3545 2210 3742 2255 contra

2124 2301 2457 2358 adversarios
2484 2310 2601 2354 tuos
2621 2298 2895 2353 distabui.’
2935 2296 3179 2367 Perfecto
3201 2295 3323 2349 odio
3346 2294 3562 2348 oderam
3585 2291 3739 2358 illos,

2120 2395 2324 2450 inimici
2354 2393 2485 2462 facti
2509 2401 2630 2447 sunt
2660 2392 2790 2445 mihi
2821 2389 2995 2463 (Psal.
3026 2404 3289 2451 cxxxvm,
3323 2387 3414 2452 2t,
3447 2386 3563 2457 22).
3613 2384 3745 2451 Quo

2122 2486 2238 2542 zelo
2268 2486 2364 2541 Dei
2401 2482 2620 2539 fervens
2648 2484 2840 2537 beatus
2881 2480 3243 2551 Hiemnymus
3266 2479 3320 2534 in
3348 2478 3584 2548 quodam
3614 2475 3745 2530 loco

2122 2582 2205 2637 sic
2226 2581 2296 2637 de
2332 2578 2465 2650 ipsis
2493 2577 2572 2632 ait
2601 2594 2615 2630 :
2651 2594 2669 2627 ι
2700 2574 2759 2631 Si
2787 2574 3007 2645 expedit
3029 2574 3208 2629 odisse
3242 2571 3493 2626 homines
3517 2579 3573 2624 et
3602 2582 3743 2639 gen-

2125 2685 2237 2732 tem
2264 2674 2502 2743 aliquam
2541 2670 2821 2734 detestari,
2860 2668 3000 2724 miro
3036 2666 3161 2721 odio
3190 2679 3419 2721 aversor
3458 2660 3741 2718 concisio-

2125 2782 2272 2824 nem.
2325 2765 2511 2836 lisque
2538 2762 2701 2819 hodie
2726 2762 2873 2816 enim
2894 2765 3295 2830 persequuntur
3326 2754 3617 2811 Dominum
3638 2766 3745 2805 no-

2124 2866 2302 2915 strum
2334 2838 2522 2912 Jesum
2548 2853 2829 2927 Christum
2852 2852 2909 2906 in
2940 2848 3229 2921 synagogis
3254 2846 3492 2902 Satanae.
3521 2864 3541 2896 ι
3581 2842 3749 2897 Item-

2124 2963 2233 3020 que
2258 2947 2391 3003 alibi
2423 2944 2618 3018 (Epist.
2650 2943 2777 3009 151,
2809 2951 2994 3014 quaest.
3036 2940 3123 3011 10)
3158 2958 3170 2992 :
3208 2957 3226 2989 ‹
3252 2939 3504 3005 Quantze,
3537 2933 3744 3004 inquit,

2126 3039 2453 3095 traditiones
2474 3036 2897 3098 Pharisaeorum,
2924 3044 3062 3102 quas
3087 3030 3248 3086 hodie
3273 3024 3618 3084 deuteroseis
3645 3039 3749 3078 vo-

2128 3137 2277 3195 cant,
2313 3136 2370 3182 et
2395 3142 2559 3197 quam
2594 3124 2766 3179 aniles
2794 3123 2907 3178 sint
2934 3120 3151 3186 fabulm,
3188 3119 3470 3174 revolvere
3499 3128 3743 3185 nequeo.

2132 3221 2398 3289 Pleraque
2419 3228 2531 3273 tam
2561 3216 2739 3286 turpia
2762 3222 2907 3278 sunt,
2948 3221 3009 3267 ut
3034 3213 3355 3267 erubescam
3380 3210 3585 3265 dicere.
3642 3208 3747 3262 Di-

2130 3329 2251 3370 cam
2281 3319 2462 3366 autem
2489 3323 2658 3364 unum
2684 3308 2741 3361 in
2772 3305 3067 3377 ignominia
3090 3302 3551 3373 gentisinimicre.
3590 3299 3745 3355 Prm-

2131 3406 2340 3476 positos
2360 3402 2564 3458 habent
2581 3399 2875 3471 synagogis
2895 3394 3347 3465 sapientissimos,
3374 3407 3624 3464 quosque
3642 3388 3751 3446 fre-

2132 3496 2204 3550 do
2234 3494 2389 3565 operi
2416 3492 2716 3562 delegatos,
2746 3498 2807 3545 ut
2833 3489 3156 3559 sanguinem
3188 3486 3419 3556 virginis
3448 3485 3564 3541 sive
3590 3499 3753 3540 men-

2134 3593 2376 3650 struataa,
2408 3582 2673 3639 mundum
2701 3579 2788 3635 vel
2813 3578 3173 3641 immundum,
3201 3576 3246 3631 si
3273 3574 3447 3630 oculis
3472 3574 3756 3630 discerne-

2135 3691 2195 3732 re
2224 3690 2331 3731 non
2356 3673 2669 3744 potuerint,
2701 3678 2862 3743 gustu
2903 3670 3156 3739 probent.
3197 3668 3503 3732 Praeterea,
3546 3666 3753 3736 quibus

2127 3766 2343 3835 jussum
2370 3774 2456 3820 est
2479 3771 2542 3818 ut
2565 3763 2757 3818 diebus
2782 3760 3137 3816 sabbatorum
3161 3759 3347 3814 sedeat
3368 3756 3753 3827 unusquisque

2138 3857 2192 3910 in
2225 3856 2385 3910 domo
2414 3868 2536 3919 sua,
2564 3861 2619 3908 et
2640 3862 2753 3907 non
2769 3850 3109 3921 egrediatur,
3136 3864 3240 3904 nec
3260 3847 3503 3903 ambulet
3527 3847 3597 3902 de
3626 3846 3753 3902 loco

2137 3946 2193 4000 in
2231 3961 2338 4016 quo
2364 3944 2609 4009 habitat;
2640 3944 2686 3998 si
2716 3944 2935 4012 quando
2963 3956 3028 3995 ea
3049 3942 3207 4012 juxta
3234 3939 3477 3995 litteram
3516 3938 3753 4010 emperi-

2139 4054 2261 4094 mus
2284 4044 2499 4093 arctare
2522 4044 2582 4091 ut
2601 4052 2710 4091 non
2733 4034 3031 4099 ambulent,
3054 4050 3160 4089 non
3178 4031 3422 4102 jaceant,
3441 4046 3550 4087 non
3575 4039 3750 4096 stent,

2140 4129 2237 4185 sed
2269 4136 2478 4183 tantum
2507 4126 2756 4191 sedeant,
2788 4125 2834 4180 si
2863 4124 3033 4179 velint
3060 4129 3329 4193 praecepta
3361 4134 3617 4186 servare;
3663 4132 3755 4174 so-

2140 4220 2255 4276 lent
2286 4219 2619 4290 respondere
2653 4228 2708 4273 et
2737 4217 2944 4282 dicere,
2971 4228 2997 4256 ι
3020 4215 3146 4269 Καὶ)
3174 4214 3413 4269 Achibas
3437 4222 3496 4268 et
3522 4211 3753 4267 Simeon

2143 4322 2200 4369 et
2234 4314 2264 4353 ι)
2297 4312 2456 4368 Hillel
2488 4311 2733 4382 magistri
2769 4309 2944 4364 nostri
2978 4306 3322 4361 tradiderunt
3350 4304 3511 4360 nobis
3547 4310 3611 4358 ut
3645 4303 3756 4359 duo

2144 4404 2313 4460 millia
2340 4403 2505 4474 pedes
2533 4401 2874 4456 ambulemus
2896 4400 2953 4453 in
2980 4398 3230 4460 sabbato,
3264 4404 3319 4451 et
3341 4402 3539 4450 cratera
3563 4392 3759 4462 hujus-

434 4489 667 4561 pultum,
692 4493 749 4542 et
771 4485 957 4565 Iudaeo
986 4485 1202 4541 cuidam
1239 4484 1307 4539 ad
1348 4482 1652 4539 custodiam
1692 4479 2029 4537 commenda-

2145 4497 2311 4559 modi,
2328 4494 2602 4551 doctrinas
2624 4492 2905 4547 hominum
2926 4488 3277 4559 praeferentes
3298 4487 3561 4542 doctrina:
3581 4485 3704 4541 Dei.
3729 4503 3751 4537 ι

436 4589 596 4644 tum;
642 4586 805 4633 noctu
845 4592 978 4633 vero
1022 4577 1202 4631 subita
1258 4575 1639 4645 aquaeductum
1690 4572 2042 4627 inundatione

439 4668 729 4731 sublatum,
773 4667 933 4722 Pilati
975 4667 1132 4738 jussu
1180 4681 1279 4735 per
1324 4666 1609 4721 duodecim
1652 4664 1808 4718 lunas
1851 4663 2046 4733 (ιυωεί-

442 4768 578 4825 tum,
616 4774 719 4814 nec
746 4773 919 4828 usque
948 4759 1251 4813 inventum.
1299 4756 1453 4811 Tunc
1475 4755 1709 4810 Pilatum
1736 4753 2044 4822 huiusmodi

443 4850 512 4907 ad
536 4866 633 4907 eos
652 4851 1028 4921 promulgasse
1046 4850 1220 4921 legem
1247 4869 1259 4903 :
1292 4868 1310 4901 ‹
1342 4847 1692 4903 Manifestum
1716 4857 1820 4913 est,
1847 4849 2044 4917 inquit,

442 4941 814 4997 resurrexisse
852 4940 1002 4996 illum
1047 4937 1191 4995 sicut
1230 4940 1578 5010 promiserat,
1616 4940 1708 5008 qui
1750 4947 1804 4993 et
1844 4940 2048 4995 avobis

442 5046 543 5102 per
571 5031 831 5086 invidiam
859 5038 1175 5101 peremptus
1196 5038 1300 5092 est,
1326 5036 1381 5083 et
1409 5043 1586 5097 neque
1604 5030 1669 5083 in
1701 5030 1927 5095 tumulo,
1955 5047 2049 5085 ne-

2218 4586 2307 4641 XI.
2350 4583 2486 4640 Cum
2533 4584 2700 4656 igitur
2735 4590 2815 4637 tot
2845 4580 3120 4649 tantisque
3157 4577 3517 4633 immunditiis
3550 4584 3607 4632 et
3629 4590 3757 4631 sen-

2148 4691 2306 4733 suum
2329 4684 2384 4730 et
2412 4689 2637 4744 operum
2667 4671 3001 4742 polluantur,
3032 4668 3290 4739 impletur
3322 4683 3550 4738 prorsus
3586 4667 3643 4721 in
3673 4666 3755 4721 eis

2149 4784 2330 4824 sermo
2366 4766 2548 4838 Aggaei
2578 4764 2874 4836 propheta,
2904 4778 3011 4832 quo
3043 4761 3394 4831 praecipiente
3428 4758 3757 4817 sibi.Domi-

2152 4873 2223 4912 no
2251 4858 2327 4911 ita
2363 4856 2663 4924 interrogat
2692 4853 3003 4909 sacerdotes
3033 4868 3046 4904 :
3081 4849 3138 4904 Si
3165 4850 3391 4920 tetigerit
3430 4846 3669 4919 pollutus
3701 4848 3755 4900 in

2157 4951 2337 5003 anima
2366 4965 2430 5003 ea:
2460 4947 2698 5003 omnibus
2722 4947 2824 5013 his,
2853 4959 3048 5016 panem
3078 4941 3353 5008 videlicet,
3385 4949 3479 4995 aut
3503 4939 3757 5010 pulmen-

2157 5048 2291 5107 tum,
2319 5049 2413 5095 aut
2436 5040 2645 5103 vinum,
2675 5048 2769 5093 aut
2790 5038 2993 5102 oleum,
3026 5044 3119 5089 aut
3145 5047 3364 5089 omnem
3386 5032 3591 5094 cibum,
3617 5048 3758 5087 nun-

1817 5140 2094 5201 BALUle
2128 5147 2360 5203 ΝΟΤιΕ.

522 5252 547 5278 ι
585 5236 699 5291 Rab
721 5235 968 5291 Achibas.
993 5235 1053 5288 1n
1079 5234 1267 5289 codice
1306 5233 1456 5299 regio
1486 5230 1749 5298 scriptum
1774 5239 1856 5285 est
1878 5231 2050 5285 Bara-

451 5308 649 5373 rliibas,
677 5321 775 5377 pro
799 5321 907 5375 quo
930 5304 1218 5377 Massonus
1242 5302 1412 5377 edidit
1432 5300 1745 5377 Barac/tias.
1773 5300 2048 5377 Sed‘apud

450 5369 865 5446 Hieronymum,
889 5375 1043 5442 cujus
1065 5383 1147 5428 est
1168 5374 1258 5428 hic
1276 5372 1445 5433 locus,
1477 5369 1811 5446 legiturﬁab
1834 5369 2044 5446 Akibas.

455 5449 561 5501 l'ro
585 5440 693 5517 quo
723 5440 857 5509 nos,
880 5440 966 5499 ne
996 5445 1319 5517 scripturam
1362 5443 1557 5517 vetnusti
1597 5440 1800 5495 codicis
1834 5440 2051 5495 desere-

455 5512 658 5579 remus.
697 5518 963 5572 edidimus
995 5512 1380 5568 Rab’Achibas.
1437 5512 1502 5570 Et
1547 5512 1845 5579 irrepserat
1893 5526 2051 5566 error

453 5604 520 5642 ex
563 5587 984 5656 transpositione
1022 5585 1347 5637 litterarum.

532 5659 555 5695 δ
586 5651 769 5710 llillél.
814 5657 908 5709 Vir
939 5655 1039 5707 fuit
1075 5655 1253 5722 magni
1295 5651 1547 5709 nominis.
1593 5667 1623 5703 e
1667 5651 1819 5719 cujus
1862 5651 2043 5705 schola

458 5728 777 5795 prodierunt
815 5726 1127 5794 octuaginta
1168 5724 1267 5775 viri
1308 5726 1486 5795 magni
1526 5738 1537 5772 :
1592 5737 1820 5795 quorum
1855 5722 2047 5795 clario-

460 5791 568 5863 res,
613 5806 670 5852 ut
697 5791 1079 5853 Genebrardus
1118 5795 1361 5859 adnotat,
1404 5791 1555 5848 fuere
1597 5791 1864 5846 Jonathan
1904 5791 2045 5847 ﬁlius

2158 5237 2328 5301 Uziel,
2353 5246 2408 5291 et
2439 5237 2659 5292 Simeon
2682 5234 2885 5299 Justus,
2915 5233 3008 5303 qui
3029 5230 3309 5303 Christum
3341 5228 3486 5284 ulnis
3516 5228 3753 5303 excepit.

2156 5307 2267 5363 Hos
2313 5297 2495 5361 autem
2518 5306 2600 5361 vel
2652 5321 2721 5360 ex
2756 5320 2822 5359 eo
2866 5297 3078 5358 constat
3117 5300 3290 5355 fuisse
3336 5297 3755 5368 magnos_viros,

2154 5380 2297 5447 quod
2319 5377 2567 5432 Johanan
2595 5374 2951 5447 BenﬂZachei,
2982 5373 3075 5447 qui
3103 5364 3756 5447 discipulorumhfiillelis

2152 5435 2413 5501 minimus
2451 5447 2554 5501 fuit
2588 5445 2910 5507 eruditione,
2939 5435 3261 5497 universum
3289 5449 3467 5494 tamen
3498 5435 3756 5507 Cabbalz

2154 5527 2210 5571 et
2237 5516 2643 5587 Scripturarum
2680 5506 2908 5587 corpus,
2944 5520 3170 5567 cunctas
3197 5510 3364 5587 etiam
3393 5506 3755 5587 philosophia

2154 5596 2337 5656 partes
2360 5574 2728 5641 ’exactissime
2766 5574 3023 5647 t'cnuisse,
3055 5596 3138 5656 _ac
3164 5574 3752 5656 scholas—Scribarum

2156 5648 2211 5710 et
2238 5657 2636 5711 Phariszeorum
2659 5670 2853 5724 magna
2885 5669 3029 5724 cum
3054 5650 3211 5706 laude
3236 5648 3529 5724 praefuisse
3547 5659 3753 5724 memo-

2159 5737 2328 5782 ratur.
2362 5726 2517 5782 llillcl
2550 5741 2713 5795 porro
2736 5716 2869 5779 vixit
2910 5722 3064 5778 annis
3092 5716 3313 5778 centum
3343 5728 3398 5775 et
3422 5716 3637 5789 viginti.
