3918 6354
178 406 252 466 89
1264 411 1355 469 DE
1393 408 1701 471 JUDAlClS
1741 410 2430 478 SUPERSTITIONIBUS'.
3406 437 3480 493 90

179 521 312 594 quid
335 524 822 595 contaminabitur?
863 523 930 578 Et
969 524 1346 594 responderunt
1383 526 1703 592 sacerdotes,
1729 536 1778 581 et
1807 527 1858 586 Α
1885 533 1977 592 tio,
2014 541 2141 588 tunc
2173 535 2328 597 uobis
2369 535 2422 588 in
2462 533 2788 603 adjutorium
2826 538 2997 606 ﬁeret,
3039 556 3164 596 cum
3203 545 3344 601 hanc
3388 548 3476 604 illa

179 616 430 671 dixerunt
463 630 479 668 :
509 614 988 672 Contaminabitur.
1050 616 1116 670 Et
1140 607 1418 686 respondit
1463 617 1687 687 Aggatus
1731 626 1779 672 et

180 705 359 760 dixit:
384 706 476 762 Sic
510 707 733 779 populus
767 708 886 773 iste,
929 715 977 761 et
1014 709 1089 762 sic
1129 723 1254 777 gens
1281 708 1384 761 ista
1426 718 1547 761 ante
1593 707 1781 776 faciem

182 813 375 862 meam,
407 798 537 852 dicit
575 799 856 863 Dominus,
885 808 934 852 et
962 799 1036 852 sic
1067 814 1217 851 omne
1242 814 1370 868 opus
1398 814 1648 851 manuum
1689 814 1780 850 eo-

184 905 304 941 rum
332 888 535 960 (Aggtei
560 907 621 954 ιι,
655 889 730 961 4).
777 889 929 957 Quod
959 899 1143 944 autem
1171 891 1363 943 horum
1385 890 1627 943 omnium
1654 903 1783 961 cau-

183 994 240 1032 sa
270 980 415 1034 inter
443 980 690 1035 carnales
717 980 992 1035 lsraelitas
1037 987 1093 1034 et
1121 979 1394 1048 spiritales
1437 978 1652 1034 Judaeos
1681 994 1779 1033 ue-

181 1070 426 1126 cessario
467 1072 784 1127 divisionem
823 1072 939 1126 ﬁeri
972 1080 1206 1141 Oportet,
1252 1072 1478 1142 mystice
1522 1071 1781 1126 Dominus

182 1175 280 1228 per
307 1160 628 1215 Zachariam
657 1162 974 1231 prophetam
1009 1162 1256 1231 designat
1286 1163 1469 1217 dicens
1498 1180 1508 1215 :
1536 1161 1604 1217 Et
1643 1178 1783 1232 pra:-

184 1252 286 1304 cidi
319 1254 518 1323 virgam
545 1270 716 1307 meam
744 1254 1050 1320 secundam,
1092 1270 1211 1324 qua
1245 1253 1540 1324 appellatur
1574 1254 1783 1322 funicu-

180 1345 286 1408 lus,
315 1354 372 1398 ut
394 1345 728 1399 dissolverem
747 1348 1144 1416 germanitatem
1163 1347 1301 1400 inter
1319 1346 1517 1400 Judam
1539 1357 1587 1400 et
1610 1345 1780 1400 Israel

181 1433 374 1500 (Zach.
417 1452 495 1502 si,
528 1436 638 1507 14).
671 1436 827 1502 Nam,
855 1436 1011 1505 juxta
1041 1436 1380 1507 Apostolnm,
1414 1454 1531 1507 qua:
1566 1454 1688 1506 pars
1715 1437 1782 1505 ﬁ-

177 1526 285 1578 deli
311 1543 432 1579 cum
461 1527 712 1595 inﬁdele?
740 1545 859 1598 qute
887 1529 1109 1583 societas
1137 1528 1242 1582 luci
1265 1530 1335 1581 ad
1361 1529 1640 1583 tenebras?
1661 1545 1779 1600 qua:

177 1618 454 1671 conventio
487 1614 680 1671 Christi
712 1618 779 1671 ad
802 1617 976 1672 Belial
998 1619 1023 1671 ?
1054 1617 1112 1672 In
1141 1632 1248 1688 quo
1278 1618 1668 1672 advertendum
1695 1627 1780 1672 est

176 1711 306 1778 quia
347 1710 490 1766 sicut
515 1710 758 1766 inﬁdeles
783 1719 973 1781 sponte
994 1718 1407 1781 sequestrantur
1430 1710 1498 1764 ab
1521 1709 1751 1764 ecclesia

175 1805 318 1857 stica
346 1803 748 1867 communione,
781 1803 912 1858 utin
925 1803 1089 1857 nullis
1115 1802 1283 1856 velint
1309 1801 1584 1872 mysteriis
1607 1800 1778 1872 parti-

175 1897 366 1965 cipare
394 1896 658 1960 ﬁdelibus,
691 1897 844 1950 ita‘et
872 1895 1060 1950 ﬁdeles
1092 1895 1284 1950 devote
1317 1909 1570 1965 separare
1601 1909 1660 1948 se
1684 1893 1779 1948 de-

174 1988 311 2044 bent
347 1999 402 2042 et
432 1989 679 2044 convictu
725 1995 780 2043 et
818 1988 1081 2042 societate
1119 1985 1444 2050 inﬁdelium;
1488 1993 1543 2038 et
1570 1984 1616 2038 si
1644 1983 1778 2037 locis

175 2081 412 2136 necdum
447 2079 645 2142 valent,
677 2079 849 2133 donec
874 2090 1118 2147 tempore
1152 2086 1214 2130 ut
1240 2085 1294 2131 et
1323 2075 1458 2130 locis
1495 2089 1779 2145 segregen-

176 2182 290 2237 tur,
333 2172 475 2226 sicut
511 2171 652 2225 idem
688 2169 895 2232 ﬁdeles,
928 2169 1071 2238 quod
1110 2176 1194 2222 est
1229 2167 1486 2226 Ecclesia,
1517 2167 1584 2221 ad
1607 2167 1778 2220 Deum

175 2266 421 2322 clamant
447 2265 691 2319 dicentes
718 2281 730 2316 :
754 2263 950 2317 Judica
976 2279 1076 2328 me,
1107 2261 1275 2325 Deus,
1300 2261 1536 2314 discerne
1561 2277 1778 2314 causam

174 2372 351 2410 meum
372 2356 437 2408 de
459 2363 614 2426 gente
635 2370 738 2407 non
760 2362 980 2416 sancta;
1009 2353 1153 2423 quod
1175 2361 1303 2407 tunc
1328 2351 1571 2422 perfecte
1595 2351 1780 2420 imple-

172 2448 348 2512 bitur,
380 2444 597 2516 quando
619 2444 710 2499 ﬁet
736 2444 865 2499 illud
891 2445 1033 2512 quod
1057 2441 1295 2499 Joannes
1317 2443 1561 2511 Baptista
1591 2443 1780 2498 Domi-

172 2555 308 2594 num
333 2537 580 2609 praedicit
607 2552 727 2592 esse
752 2535 1043 2601 facturum,
1069 2536 1147 2590 sic
1170 2535 1396 2605 loquens
1423 2554 1435 2588 :
1461 2533 1629 2605 Cujus
1656 2551 1780 2589 ven-

173 2632 429 2686 tilabrum
456 2633 512 2685 in
537 2647 698 2684 manu
721 2646 841 2694 sua,
867 2638 914 2683 et
940 2627 1307 2700 permundabit
1328 2644 1507 2682 aream
1530 2644 1704 2691 suam,
1723 2635 1780 2686 et

175 2721 515 2793 congregabit
549 2721 782 2774 triticum
804 2721 858 2792 in
894 2720 1160 2782 horreum,
1200 2717 1381 2788 paleas
1418 2727 1593 2771 autem
1631 2733 1778 2771 com-

175 2815 329 2868 buret
360 2813 470 2882 igni
489 2809 922 2880 inexstinguibili.
962 2809 1104 2865 Ante
1124 2810 1433 2880 passionem
1456 2809 1601 2864 enim
1622 2823 1777 2864 suam

175 2905 446 2959 Dominus
462 2902 654 2958 nolens
670 2901 846 2955 adhuc
859 2915 1075 2956 sumere
1090 2915 1285 2970 panem
1299 2899 1533 2953 ﬁliorum
1551 2897 1618 2952 de
1635 2913 1781 2952 men-

177 3009 260 3059 sa,
301 3003 356 3048 et
395 2993 612 3048 mittere
641 2990 892 3055 canibus,
939 2990 1120 3044 aiebat
1157 2988 1474 3060 discipulis:
1503 2987 1627 3042 Non
1661 3005 1780 3042 sum

177 3088 395 3151 missus,
429 3085 530 3139 nisi
568 3085 636 3139 ad
671 3101 789 3139 oves
815 3100 932 3154 quae
963 3085 1227 3154 perierant
1265 3083 1451 3136 domus
1482 3081 1674 3136 Israel.
1711 3081 1781 3135 Et

176 3177 396 3232 ruulieri
423 3175 743 3231 Chananaeae
774 3174 1098 3243 loquebatur
1123 3192 1135 3226 :
1163 3185 1189 3214 ι
1219 3171 1346 3227 Sine
1374 3171 1520 3242 prius
1544 3173 1779 3226 saturari

173 3269 341 3337 ﬁlios.
380 3267 460 3321 Ac
489 3267 534 3321 si
563 3267 768 3322 diceret
796 3283 808 3318 :
843 3264 1116 3320 Olfcratur
1142 3265 1376 3335 primum
1407 3264 1563 3334 panis
1585 3263 1678 3332 qui
1713 3263 1780 3318 de

175 3359 320 3413 emlo
354 3356 655 3422 descendit,
697 3353 823 3410 ﬁliis
853 3356 945 3424 qui
985 3354 1260 3409 nutriendi
1300 3362 1428 3411 sunt
1462 3355 1530 3408 ad
1566 3355 1776 3419 vitam;

172 3449 396 3520 illisque
427 3447 743 3517 assumptis,
775 3447 958 3502 caeteri
986 3447 1078 3516 qui
1103 3446 1468 3501 remanserint
1489 3444 1775 3511 fastidiosi,

174 3557 302 3598 cum
333 3540 607 3595 dixerint:
632 3539 812 3593 Durus
846 3547 920 3593 est
945 3538 1029 3591 hic
1066 3554 1236 3591 sermo
1258 3551 1276 3588 :
1297 3536 1428 3602 Quis
1463 3545 1628 3606 potest
1660 3553 1778 3590 eum

175 3632 370 3686 audire
390 3633 415 3684 .9
445 3629 720 3696 Quomodo
753 3637 917 3701 potest
941 3628 1024 3681 hic
1058 3627 1186 3681 dare
1214 3627 1360 3680 nobis
1385 3643 1597 3680 carnem
1626 3642 1779 3680 suam

175 3724 252 3779 ad
283 3720 761 3776 manducandum?
788 3725 1067 3773 transeant
1100 3716 1333 3786 ministri
1363 3731 1564 3770 mensa:
1599 3715 1781 3770 Domi-

174 3815 318 3869 nicaa
344 3813 412 3868 ad
440 3826 604 3867 canes
631 3811 956 3874 esurientes,
985 3809 1039 3863 id
1067 3815 1171 3872 est,
1213 3807 1442 3876 apostoli
1472 3807 1537 3861 ad
1566 3814 1777 3877 gentes,

177 3905 326 3961 sicut
353 3905 510 3969 beata
537 3903 706 3958 Maria
736 3902 833 3956 Dei
856 3900 1089 3971 genitrix
1119 3900 1322 3969 repleta
1354 3898 1557 3969 Spiritu
1589 3907 1779 3952 sancto

175 3996 545 4066 pmdixerat:
573 3993 879 4048 Esurientes
912 3992 1142 4063 implevit
1181 3991 1349 4054 bonis,
1390 3999 1438 4044 et
1475 3990 1661 4043 divites
1704 3990 1783 4044 di-

178 4088 326 4141 misit
349 4089 530 4140 inanes
561 4084 712 4157 (Luc.
755 4101 794 4149 ι,
827 4083 938 4154 55).
981 4083 1047 4136 Et
1083 4081 1250 4136 multo
1285 4088 1409 4134 ante
1442 4080 1595 4133 Anna
1632 4080 1782 4151 geni-

180 4177 291 4232 trix
332 4175 636 4231 Samuelis:
663 4174 867 4245 Repleti
908 4175 1074 4245 prius,
1108 4189 1204 4243 pro
1229 4171 1451 4242 panibus
1487 4188 1542 4224 se
1573 4170 1778 4225 locave-

180 4276 329 4331 runt,
369 4277 418 4320 et
449 4265 678 4336 famelici
713 4265 939 4319 saturati
973 4274 1115 4318 sunt.
1153 4263 1222 4318 Et
1256 4262 1396 4316 inter
1430 4262 1531 4316 has
1571 4262 1779 4317 medius

177 4357 446 4428 propheta
475 4355 640 4410 Isaias
681 4357 797 4409 ait:
831 4352 966 4408 Ecce
1002 4353 1303 4406 dominator
1336 4347 1594 4404 Dominus
1630 4367 1780 4404 exer-

179 4448 384 4500 cituum
411 4446 612 4515 auferet
638 4445 703 4499 ab
748 4443 1084 4499 Hierusalem
1111 4452 1158 4498 et
1185 4442 1250 4496 ab
1275 4441 1420 4496 Iuda
1446 4456 1596 4494 omne
1619 4439 1780 4494 robur

178 4538 335 4607 panis
370 4537 508 4606 (Isa.
539 4552 624 4599 Ill,
656 4535 728 4606 ἰ).

249 4629 367 4683 XII.
405 4628 558 4695 Quod
586 4628 678 4682 tali
704 4627 892 4682 ordine
919 4626 1332 4696 cmpitimpleri.
1373 4628 1521 4682 Dixit
1544 4630 1776 4700 primum

179 4720 444 4775 Dominus
484 4718 930 4789 praedicatoribus
970 4717 1083 4770 suis
1116 4735 1128 4769 :
1167 4715 1233 4770 In
1279 4718 1388 4772 vias
1436 4720 1666 4788 gentium
1714 4739 1778 4776 ne

177 4810 438 4874 abieritis,
463 4818 510 4862 et
536 4810 590 4862 in
612 4808 843 4861 civitates
868 4806 1327 4861 Samaritanorum
1351 4825 1413 4862 ne
1435 4810 1775 4866 intraveritis.

175 4900 522 4952 Ascensurus
556 4910 688 4950 vero
725 4896 791 4949 ad
831 4896 997 4950 cmlos
1031 4896 1108 4950 ait
1142 4915 1154 4949 :
1190 4893 1388 4950 Euntes
1432 4898 1485 4950 in
1522 4899 1775 4954 mundum

179 4991 505 5054 universum,
535 4989 815 5058 prwdicate
840 4987 1180 5058 Evangelium
1211 4990 1352 5042 omni
1384 5001 1657 5045 creaturtc.
1703 4993 1772 5047 Ut

177 5082 388 5137 scilicet
415 5082 566 5152 prius
586 5097 617 5135 a
639 5080 823 5136 Judtea
857 5081 1225 5150 apostolorum
1261 5083 1474 5152 repulsa
1505 5085 1768 5152 praedica-

1806 1869 1855 1929 B

1883 627 1948 681 ad
1975 627 2337 683 damnationis
2367 644 2477 684 suae
2507 631 2876 686 testimonium
2901 635 3134 703 superba
3166 637 3472 707 repulisset.

1881 719 2123 788 Cumque
2151 719 2255 774 hoc
2293 721 2504 791 impleri
2544 724 2817 792 coepisset,
2848 734 2904 779 et
2924 725 3039 793 jam
3065 734 3279 797 tempus
3313 731 3478 787 adve-

1881 811 2053 866 nisset
2079 819 2138 864 ut
2163 811 2516 881 implerentur
2540 815 2840 884 prophetiae
2863 818 2929 872 de
2957 823 3328 889 assumptione
3348 836 3474 892 gen-

1881 902 2017 956 tium
2037 911 2091 956 et
2112 903 2417 972 repulsioue
2439 902 2767 970 Judaaorum,
2792 909 3209 974 praedicantibus
3231 911 3402 968 Paulo
3422 920 3478 967 et

1882 992 2148 1058 Barnaba,
2189 1001 2243 1047 et
2282 997 2732 1051 concurrentibus
2770 999 2958 1053 audire
2987 1000 3210 1054 verbum
3237 1002 3477 1067 Domini,

1881 1075 2024 1139 sicut
2048 1086 2310 1154 scriptum
2335 1093 2418 1140 est
2444 1087 2499 1140 in
2527 1088 2752 1144 Actibus
2779 1091 3149 1160 apostolorum
3178 1110 3190 1146 :
3230 1090 3474 1148 Videntes

1882 1175 2062 1229 turbas
2097 1175 2298 1241 Judaei,
2332 1177 2511 1247 repleti
2544 1191 2667 1233 sunt
2695 1180 2830 1246 zelo,
2863 1193 2910 1235 et
2939 1183 3364 1238 contradicebant
3393 1185 3475 1239 his

1880 1285 1998 1338 qua:
2027 1285 2060 1321 a
2095 1266 2268 1322 Paulo
2303 1268 2633 1334 dicebantur,
2669 1270 3106 1341 blasplternantes.
3163 1272 3308 1327 Tunc
3349 1290 3476 1328 con-

1879 1367 2084 1412 stanter
2109 1355 2314 1412 Paulus
2345 1367 2392 1412 et
2415 1359 2692 1415 Barnabas
2712 1361 2998 1416 dixerunt:
3027 1360 3184 1418 Vobis
3210 1365 3477 1434 oportebat

1879 1449 2106 1517 primum
2141 1447 2284 1519 loqui
2315 1449 2523 1503 verbum
2553 1449 2672 1504 Dei.
2719 1448 2822 1505 Sed
2850 1452 3098 1522 quoniam
3136 1453 3386 1524 repellitis
3412 1454 3480 1506 il-

1880 1538 1993 1603 lud,
2017 1547 2064 1593 et
2084 1539 2324 1609 indignos
2346 1556 2432 1594 vos
2445 1539 2702 1608 judicatis
2723 1548 2934 1596 (eterna:
2955 1542 3095 1607 vitm,
3128 1559 3244 1605 ecce
3263 1530 3478 1596 converé-

1880 1630 2045 1683 timur
2072 1629 2142 1682 ad
2170 1639 2365 1700 gentes.
2409 1626 2500 1684 Sic
2533 1629 2670 1683 enim
2706 1633 2950 1705 pra'cepit
2990 1633 3135 1686 nobis
3171 1633 3431 1688 Dominus
3457 1646 3478 1688 :

1880 1718 2048 1776 Posui
2068 1732 2117 1776 te
2145 1722 2200 1776 in
2224 1721 2401 1776 lumen
2426 1722 2683 1792 gentibus,
2712 1731 2770 1775 ut
2799 1722 2873 1777 sis
2890 1723 2947 1778 in
2970 1722 3192 1777 salutem
3221 1740 3383 1795 usque
3405 1724 3475 1778 ad

1880 1822 2168 1867 extremum
2185 1822 2360 1867 terrae.
2395 1813 2678 1869 Audientes
2701 1823 2876 1869 autem
2895 1823 3092 1886 gentes,
3114 1817 3308 1887 gavisa:
3327 1825 3475 1881 sunt,

1883 1915 1931 1957 et
1952 1903 2320 1974 gloriﬁcabant
2354 1905 2563 1960 verbum
2590 1904 2846 1972 Domini;
2871 1915 2921 1960 et
2948 1906 3284 1961 crediderunt
3322 1915 3468 1978 quoto

1880 2004 2007 2063 quot
2027 2005 2178 2048 erant
2199 1996 2543 2066 praeordinati
2571 1996 2641 2050 ad
2663 1997 2820 2051 vitam
2846 2006 3117 2051 externam.
3151 1997 3476 2053 Dissemina-

1883 2087 2038 2140 batur
2062 2095 2237 2141 autem
2267 2087 2477 2142 verbum
2500 2087 2711 2142 Domini
2741 2105 2833 2159 per
2868 2090 3162 2143 universam
3189 2091 3469 2160 regionem.

1880 2177 2059 2232 Judaei
2088 2187 2263 2232 autem
2296 2179 2686 2232 concitaverunt
2716 2179 2957 2234 mulieres
3000 2179 3270 2250 religiosas
3306 2189 3354 2234 et
3383 2181 3474 2234 ho-

1881 2279 2078 2333 nestas,
2103 2277 2152 2321 et
2178 2270 2374 2338 primos
2410 2269 2661 2335 civitatis,
2687 2279 2733 2322 et
2764 2271 3121 2325 excitaverunt
3155 2271 3476 2342 persecutio-

1882 2377 1999 2414 nem
2026 2362 2080 2414 in
2121 2358 2353 2414 Paulum
2389 2369 2437 2416 et
2461 2361 2787 2427 Barnabam,
2823 2372 2872 2416 et
2899 2363 3161 2433 ejecerunt
3191 2381 3277 2419 eos
3311 2364 3376 2418 de
3408 2365 3475 2433 ﬁ-

1882 2453 2035 2507 nibus
2061 2453 2191 2507 suis.
2228 2453 2295 2506 At
2319 2452 2399 2507 illi
2428 2470 2648 2508 excusso
2673 2455 2881 2523 pulvere
2901 2456 3091 2524 pedum
3117 2457 3172 2510 in
3196 2473 3304 2521 eos,
3328 2473 3474 2511 vene.

1881 2552 2003 2595 rant
2026 2541 2287 2596 Iconium.
2331 2541 2592 2610 Discipuli
2615 2559 2820 2614 quoque
2845 2544 3178 2614 replebantur
3203 2544 3398 2616 gaudio
3424 2553 3474 2599 et
3498 2538 3500 2540 ’

1881 2629 2083 2701 Spiritu
2128 2641 2328 2686 sancto.
2387 2631 2520 2686 ltem
2553 2632 2606 2686 in
2656 2632 2845 2687 eodem
2880 2631 3018 2687 libro
3045 2650 3056 2686 :
3081 2631 3344 2696 Instabat,
3386 2632 3472 2687 in-

1880 2722 2020 2790 quit,
2055 2720 2206 2776 verba
2243 2720 2469 2787 Paulus,
2499 2721 2788 2791 testiﬁcans
2817 2721 3021 2777 Judtris
3057 2739 3168 2777 esse
3204 2720 3476 2777 Christum

1879 2809 2082 2887 ~Iesum.
2125 2808 2617 2866 Contradicentibus
2654 2821 2831 2866 autem
2868 2813 2942 2866 eis
2977 2822 3027 2866 et
3066 2812 3473 2883 blasphemanti-

1881 2902 2000 2966 bus,
2040 2902 2307 2957 excutiens
2344 2902 2645 2956 vestimenta
2678 2918 2779 2956 sua
2814 2902 2948 2956 dixit
2985 2903 3054 2956 ad
3093 2919 3179 2956 eos
3201 2915 3217 2952 :
3242 2901 3473 2973 Sanguis

1881 3002 2046 3047 vester
2071 3009 2229 3063 super
2259 3001 2414 3063 caput
2451 3003 2703 3059 vestrum,
2743 2993 2970 3048 mundus
3008 3009 3125 3064 ego,
3160 3009 3225 3048 ea:
3263 2993 3360 3047 hoc
3400 2991 3471 3046 ad

1879 3093 2054 3153 gentes
2093 3083 2301 3137 vadam.
2341 3082 2412 3136 Et
2449 3083 2681 3154 migrans
2718 3083 2861 3148 inde,
2902 3083 3118 3137 intravit
3157 3084 3214 3137 in
3257 3083 3472 3137 domum

1881 3173 2162 3243 cujusdam
2205 3175 2413 3229 nomine
2453 3175 2482 3214 ι)
2522 3173 2627 3228 Titi
2659 3174 2822 3228 Iusti.
2876 3173 3011 3227 Item
3054 3172 3127 3227 ibi
3152 3187 3166 3225 :
3191 3171 3467 3242 Ingressus

1883 3278 2060 3322 autem
2086 3282 2406 3336 synagogam
2431 3262 2657 3329 Paulus,
2685 3280 2802 3317 cum
2831 3263 3028 3332 ﬁducia
3055 3261 3364 3333 loquebatur
3383 3277 3477 3330 per

1883 3371 1987 3413 tres
2028 3373 2227 3412 menses
2257 3357 2532 3425 disputans
2558 3364 2605 3407 et
2631 3354 2858 3407 suadens
2898 3353 2962 3406 de
2992 3347 3149 3422 regno
3178 3351 3295 3405 Dei.
3338 3350 3471 3405 Cum

1882 3459 2057 3504 autem
2087 3441 2304 3518 quidam
2332 3446 2729 3510 indurarenlur,
2760 3455 2808 3499 et
2841 3462 2944 3499 non
2982 3443 3268 3509 crederent,
3308 3441 3473 3498 male-

1881 3540 2110 3594 dicentes
2132 3537 2269 3591 viam
2295 3535 2507 3589 Domini
2527 3551 2707 3589 coram
2729 3534 3084 3599 multitudine,
3117 3534 3385 3588 discedens
3406 3534 3473 3588 ab

1881 3630 1979 3694 eis,
2007 3625 2293 3698 segregavit
2321 3622 2626 3695 discipulos.
2667 3623 2726 3678 1n
2752 3624 2949 3693 quibus
2977 3624 3159 3678 verbis
3182 3624 3471 3678 subtilissi-

1881 3736 1970 3776 me
1995 3719 2332 3791 pensandum
2359 3723 2443 3773 est
2468 3716 2594 3786 quia
2617 3717 2757 3771 sicut
2783 3716 3041 3786 paulatim
3069 3716 3350 3790 crescebat
3377 3731 3472 3769 nu-

1881 3828 2066 3867 merus
2089 3802 2324 3865 ﬁdelium
2347 3824 2413 3864 ex
2431 3807 2698 3878 gentibus,
2723 3814 2776 3860 et
2803 3807 3052 3861 duriores
3080 3805 3279 3860 ﬁebant
3299 3804 3469 3861 Judaei

1881 3904 2142 3958 adversus
2162 3901 2386 3955 verbum
2419 3897 2649 3962 Domini,
2675 3897 3100 3967 desinebantque
3118 3897 3363 3962 credere,
3392 3899 3474 3954 sic

1880 3993 2140 4064 paulatim
2168 3997 2385 4047 ostensa
2414 3996 2498 4043 est
2532 3995 2587 4043 et
2624 3987 2926 4058 segregatio
2953 3987 3370 4056 praedicatorum
3400 3987 3469 4043 ab

1880 4086 1978 4140 eis.
2016 4082 2153 4137 Nam
2185 4089 2240 4137 et
2274 4079 2599 4134 vestimenta
2621 4092 2718 4132 sua
2742 4084 2799 4131 et
2824 4078 3020 4148 pedum
3060 4075 3337 4147 pulverem
3375 4091 3471 4130 ex-

1881 4183 2171 4234 cusserunt
2196 4163 2259 4229 in
2299 4188 2426 4237 eos;
2470 4171 2828 4240 adimplentes
2863 4167 3191 4240 pmceptum
3232 4168 3468 4234 Domini,

1881 4268 1973 4338 qui
2001 4265 2292 4335 discipulos
2325 4263 2394 4318 ad
2422 4261 2824 4333 prmdicandum
2851 4261 3090 4326 mittens,
3121 4260 3197 4313 ait
3221 4274 3236 4313 :
3265 4258 3334 4312 Et
3355 4260 3471 4328 qui-

1881 4375 2082 4431 cunque
2123 4374 2231 4412 non
2263 4354 2512 4425 receperit
2550 4370 2665 4418 vos,
2705 4370 2798 4407 nec
2835 4353 3062 4406 audierit
3089 4368 3351 4407 sermones
3382 4367 3467 4405 ve-

1880 4462 2015 4508 stros
2037 4467 2056 4516 ,°
2096 4457 2341 4504 exeuntes
2380 4445 2524 4515 foras
2562 4443 2625 4498 de
2659 4444 2817 4498 domo
2855 4442 2934 4497 vel
2971 4443 3207 4505 civitate,
3247 4441 3471 4496 excutitc

1798 4554 1852 4612 D
1877 4544 2136 4617 pulverem
2165 4541 2230 4595 de
2258 4539 2473 4610 pedibus
2501 4538 2702 4592 vestris.
2746 4537 2910 4590 Amen
2934 4536 3050 4588 dico
3081 4535 3244 4598 vobis,
3271 4533 3465 4588 tolera-

1880 4636 2034 4690 bilius
2071 4632 2169 4686 erit
2205 4641 2360 4684 terra:
2413 4626 2761 4683 Sodomorum
2808 4634 2857 4679 et
2898 4621 3360 4678 Contorrltworum
3409 4622 3466 4676 in

1877 4727 1961 4780 die
1985 4721 2202 4794 judicii,
2231 4735 2391 4791 quam
2426 4717 2507 4771 illi
2547 4716 2762 4770 civitati.
2799 4715 3083 4769 Pulverem
3116 4728 3246 4768 vero
3274 4711 3340 4767 de
3372 4727 3469 4781 pe-

1879 4817 2036 4873 dibus
2058 4813 2319 4881 jubentur
2345 4817 2602 4865 excutere
2630 4809 2682 4862 in
2720 4801 3086 4861 testimonium
3118 4803 3320 4859 laboris
3354 4803 3463 4868 sui,

1877 4908 2020 4980 quod
2048 4903 2272 4975 ingressi
2298 4910 2422 4956 sunt
2442 4899 2735 4960 civitatem,
2759 4906 2815 4953 et
2832 4897 3144 4967 praedicatio
3169 4894 3460 4965 apostolica

1878 5000 1944 5053 ad
1982 4998 2102 5052 illos
2136 5007 2303 5063 usque
2341 4990 2670 5060 pervenerit.
2713 4988 2837 5044 Sive
2881 4988 3152 5043 excutitur
3193 4986 3368 5056 pulvis
3404 4992 3463 5038 ut

1879 5093 2012 5149 nihil
2038 5091 2104 5145 ab
2133 5090 2212 5144 eis
2243 5086 2530 5156 accipiant,
2560 5099 2628 5138 ne
2649 5083 2716 5138 ad
2745 5083 2945 5137 victum
2971 5081 3187 5151 quidem
3212 5093 3464 5133 necessa-

1545 5213 1815 5272 BALUle
1853 5216 2084 5273 ΝΟΤΕ.

251 5322 276 5349 ι
305 5308 433 5363 Sine
465 5307 609 5377 prius
647 5308 882 5361 saturari
905 5307 1066 5375 ﬁlios.
1099 5306 1274 5360 Verba
1295 5304 1506 5377 Christi
1543 5315 1669 5360 sunt
1705 5308 1771 5360 ad

181 5376 471 5435 mulierem
498 5377 880 5432 Chananeam.
925 5377 1038 5430 Hoc
1067 5385 1247 5429 autem
1290 5376 1434 5429 inter
1458 5384 1652 5430 cetera
1684 5392 1772 5429 ar-

180 5457 439 5521 gumento
475 5447 608 5521 usus
643 5456 724 5521 est
760 5447 970 5521 ill_e_‘qui
1004 5454 1234 5499 exeunte
1270 5453 1545 5521 postremo
1574 5447 1770 5521 saeculo

182 5515 364 5574 theses
400 5517 594 5572 emisit
647 5519 698 5570 in
734 5517 1029 5586 publicum,
1067 5525 1124 5568 ut
1154 5516 1466 5569 ostenderet
1516 5515 1772 5570 mulieres

181 5607 285 5645 non
331 5603 455 5643 esse
496 5588 762 5641 homines.
795 5586 947 5653 Quod
987 5587 1107 5639 ideo
1149 5586 1323 5638 visum
1365 5593 1449 5637 est
1487 5586 1768 5647 adnotare,

180 5668 240 5714 ut
272 5658 540 5727 intelligat
575 5656 748 5710 lector
776 5673 880 5710 non
912 5667 1024 5709 tum
1066 5656 1294 5727 primum
1322 5654 1578 5727 agitatam
1603 5655 1770 5727 fuisse

179 5731 319 5784 hanc
355 5723 747 5798 quaestionem,
779 5741 962 5798 neque
999 5725 1162 5778 animi
1203 5723 1639 5798 tantum_gr_atia,
1673 5723 1766 5798 sed

180 5800 320 5855 serio
360 5794 701 5869 propositam
743 5797 807 5850 ah
845 5794 1097 5865 episcopo
1141 5795 1373 5868 quodam
1404 5794 1678 5849 Gallicano
1712 5795 1764 5848 in

1878 5309 2082 5380 synodo
2129 5305 2508 5380 Matisconensi
2556 5318 2697 5357 anno
2730 5302 2924 5380 ἓξὲξ-με
2955 5299 3250 5380 Gregorius
3289 5300 3461 5354 Turo-

1876 5370 2060 5432 nensis
2083 5386 2272 5430 narrat
2299 5376 2393 5428 lib.
2418 5390 2538 5438 VIII,
2578 5388 2698 5441 cap.
2727 5371 2796 5425 20
2820 5371 3070 5441 Historia:
3098 5370 3456 5441 Francorum.

1947 5449 1973 5486 ιι
2008 5447 2111 5500 Titi
2131 5445 2293 5500 Justi.
2327 5443 2442 5498 Vox
2468 5443 2610 5496 Iusti
2631 5439 2737 5497 non
2769 5448 2949 5497 exstat
2980 5439 3034 5493 in
3063 5439 3251 5495 codice
3274 5455 3461 5494 manu-

1874 5517 2096 5585 scripto.
2124 5517 2254 5570 Eam
2279 5521 2479 5585 tamen
2512 5513 2676 5585 habet
2703 5509 3176 5585 Editioﬂh-iassoni,
3201 5525 3320 5585 qua:
3348 5509 3456 5563 Titi

1873 5579 2093 5649 nonien,
2112 5585 2253 5654 quod
2277 5584 2505 5654 habetur
2528 5583 2580 5636 in
2606 5581 2781 5654 veteri
2796 5581 3003 5654 codice,
3020 5579 3223 5654 omisit.
3243 5579 3459 5654 lituum-

1872 5672 1978 5726 que
2003 5647 2528 5726 anteinvocabulum
2558 5661 2742 5726 exstat
2770 5652 2872 5726 hoc
2896 5650 3014 5704 loco
3044 5650 3097 5702 in
3138 5647 3458 5726 ActisApo-

1875 5722 2157 5781 stolorum.
2192 5724 2374 5792 Itaque
2403 5722 2725 5778 rctinuimus
2759 5722 2827 5776 ob
2849 5735 2968 5777 eam
3005 5733 3222 5773 causam
3251 5725 3458 5774 utrum-

1879 5812 2000 5866 que.
