3918 6320
476 318 540 374 9|
1457 319 1513 374 S.
1554 318 1907 375 AGOBAIlDI
1951 319 2255 374 EI’ISCOI’I
2298 322 2783 379 LL'CDUNISNSIS
3725 336 3795 390 {ig

480 433 644 499 rium,
677 434 770 503 qui
798 432 1153 503 Evangelium
1185 434 1511 503 spreverint.
1555 432 1647 489 Sic
1666 434 1812 488 enim
1844 449 1872 487 a
1902 433 2085 487 docto-
2110 439 2160 493 Α
2188 434 2354 486 rinios
2382 450 2448 487 ex
2472 434 2573 488 loci
2612 435 2757 489 illius
2784 436 2975 490 incolis
3003 437 3206 491 Christi
3263 439 3386 493 ﬁdei
3429 444 3759 515 subjUgatos
3780 487 3793 507 .

479 524 633 581 ribus
678 525 967 594 exponitur
1013 525 1263 579 excussio
1310 524 1586 594 pulveris,
1640 541 1748 579 non
1799 525 1972 579 solum
2023 524 2077 578 in

480 613 795 686 Evangelio,
824 616 916 671 ubi
947 616 1281 687 praecipitur,
1319 617 1414 672 sed
1444 625 1499 671 et
1526 616 1581 671 in
1604 615 1829 672 Actibus
1857 625 2077 686 aposto-

480 701 681 769 lorum,
707 705 797 760 ubi
823 705 1125 776 perﬁcitur.

550 795 686 850 XIII.
727 795 797 850 Et
815 797 941 850 inde
967 805 1051 851 est
1072 797 1215 867 quod
1247 798 1298 851 in
1318 798 1525 868 primis
1539 797 1760 867 quidem
1788 839 1803 863 ,
1859 798 2085 867 quando

476 888 750 959 segregati
785 896 914 941 sunt
942 887 995 941 in
1024 902 1160 957 opus
1203 887 1398 941 Paulus
1427 895 1481 941 et
1511 887 1805 948 Barnabas,
1838 902 1937 957 per
1970 889 2080 942 sin«

475 976 632 1048 gulas
658 976 907 1031 civitates
935 977 1189 1048 leguntur
1229 976 1463 1031 intrasse
1504 990 1809 1046 synagogas
1860 974 2077 1031 Judaeo—

478 1084 621 1133 rum,
655 1078 712 1124 et
739 1069 983 1124 sabbatis
1024 1069 1335 1140 disputasse
1375 1069 1442 1123 de
1470 1084 1638 1139 regno
1665 1068 1758 1123 Dei
1786 1110 1800 1134 ,
1850 1070 1903 1124 id
1957 1077 2075 1134 est,

474 1161 695 1229 quando
724 1160 967 1215 collebta:
1004 1158 1213 1214 ﬁebant
1240 1158 1572 1213 iud-morum.
1624 1160 1683 1214 In
1712 1160 1950 1215 secunda
1990 1176 2083 1214 au-

474 1262 585 1308 tem
635 1252 1056 1308 circumcisione
1091 1249 1220 1325 [F.,
1279 1250 1684 1323 circumitione]
1720 1267 1816 1321 per
1865 1250 2077 1321 singula

472 1346 673 1401 iterum
709 1346 828 1403 loca
854 1345 1056 1401 Paulus
1087 1354 1142 1401 et
1179 1343 1333 1400 Silas
1351 1344 1605 1415 leguntur
1627 1344 1868 1414 suscepti
1895 1358 2019 1398 esse
2047 1350 2078 1397 a

470 1435 754 1501 fratribus,
782 1446 839 1491 et
881 1436 1153 1491 mansisse
1176 1435 1317 1505 apud
1348 1434 1562 1488 fratres.
1600 1432 1757 1489 Unde
1795 1443 1849 1489 et
1891 1450 2081 1490 ascen—

470 1526 729 1583 dentibus
780 1527 948 1583 Paulo
995 1536 1053 1583 et
1086 1528 1252 1583 sociis
1310 1525 1428 1595 ejus
1468 1524 1804 1581 Hierusalem
1830 1567 1844 1589 ,
1901 1527 2081 1581 ierunt

468 1632 595 1673 cum
617 1618 697 1673 eis
719 1618 886 1689 aliqui
914 1634 980 1673 ex
1003 1618 1289 1688 discipulis
1318 1633 1347 1671 a
1380 1617 1653 1681 Catsarea,
1686 1629 1711 1656 α
1745 1616 2078 1673 deducentes

467 1723 678 1774 secum,
711 1718 773 1763 ut
824 1710 1257 1779 hospitarcntur,
1295 1708 1611 1763 Mnasonem
1654 1710 1945 1777 quemdam
1973 1707 2078 1779 Cy—

2180 536 2244 575 ac
2276 521 2468 575 salutis
2497 537 2608 577 sua:
2654 523 2905 576 nuntium
2938 524 3239 580 innumeris
3269 528 3570 587 honoribus
3600 549 3798 602 prose—

2180 621 2354 666 cutos.
2391 613 2454 666 Et
2483 613 2597 667 Inec
2625 614 2845 683 quidem
2896 615 2965 669 ab
2992 617 3238 685 apostolo
3269 618 3435 675 Paulo
3462 621 3537 675 ita
3566 634 3801 679 constat

2178 716 2301 756 esse
2326 712 2564 757 servata.

2251 792 2367 847 XV.
2411 792 2468 848 Si
2498 793 2620 863 quis
2651 809 2781 849 vero
2838 804 2895 850 et
2926 797 3192 867 principis
3217 802 3589 870 apostolorum
3634 806 3799 860 Petri

2179 891 2330 953 gesta
2354 883 2684 949 consideret,
2713 885 2918 940 videbit
2946 888 3111 942 etiam
3138 890 3438 961 ingressum
3471 896 3649 965 ipsum
3696 897 3802 951 ali-

2179 975 2398 1043 quando
2427 975 2495 1028 ad
2525 974 2863 1043 Cornelium,
2887 986 2942 1032 et
2962 994 3057 1035 eos
3078 982 3170 1049 qui
3199 996 3322 1036 cum
3370 984 3487 1054 ipso
3516 989 3766 1043 aderant
3787 1030 3800 1051 ,

2180 1080 2288 1119 non
2323 1066 2473 1135 prius
2500 1066 2640 1135 apud
2687 1066 2809 1122 illos
2836 1070 3105 1125 mansisse
3140 1080 3233 1125 aut
3261 1077 3536 1145 accepisse
3563 1077 3766 1131 cibum
3788 1120 3801 1140 ,

2179 1170 2344 1225 quam
2373 1165 2563 1211 sancto
2592 1156 2799 1228 Spiritu
2851 1160 3065 1229 repleti,
3097 1169 3153 1216 et
3192 1163 3249 1217 in
3298 1163 3503 1221 Christi
3561 1168 3804 1222 nomine

2177 1246 2467 1316 baptizati,
2496 1247 2738 1303 ﬁdelium
2760 1250 2907 1320 digni
2932 1251 3130 1307 fierent
3149 1255 3401 1310 convictu
3430 1266 3487 1311 et
3502 1259 3799 1313 societate.

2181 1335 2290 1391 Sed
2310 1348 2367 1392 et
2393 1340 2537 1407 apud
2580 1336 2811 1410 loppen,
2843 1342 2901 1394 in
2932 1342 3093 1398 domo
3142 1343 3318 1400 ﬁdelis
3370 1346 3653 1415 cujusdam
3706 1348 3800 1403 Si-

2178 1430 2359 1484 monis
2388 1430 2998 1502 coriariibospitatum,
3052 1438 3389 1494 esurientem
3421 1450 3641 1511 gustare
3706 1459 3803 1497 vo-

2179 1518 2368 1586 luisse,
2392 1521 2484 1575 ubi
2514 1529 2572 1575 et
2602 1537 2699 1578 vas
2722 1523 2949 1579 linteum
2974 1525 3195 1595 plenum
3225 1528 3460 1585 diversis
3487 1532 3803 1588 animanti-

2176 1610 2280 1665 bus
2308 1612 2521 1667 cmlitus
2542 1613 2821 1684 delapsum
2864 1617 3017 1681 vidit,
3051 1617 3193 1674 facta
3219 1621 3284 1675 ad
3314 1637 3374 1676 se
3407 1638 3539 1679 voce
3565 1642 3578 1677 :
3617 1624 3795 1691 Quod

2178 1700 2324 1757 Deus
2354 1704 2649 1769 mundavit,
2678 1715 2734 1759 tu
2767 1723 2831 1761 ne
2881 1724 3155 1763 commune
3184 1711 3404 1766 dixeris.
3452 1713 3565 1769 Hoc
3602 1726 3798 1769 autem

467 1800 649 1870 prium
671 1801 956 1871 antiquum
982 1800 1331 1870 discipulum.
1364 1800 1432 1854 Et
1471 1815 1597 1854 cum
1632 1800 1910 1855 venissent
1954 1799 2077 1855 Ilie-
2103 1788 2150 1847 B
2176 1809 2277 1863 per
2305 1803 2391 1849 ler
2419 1794 2624 1850 factum
2654 1812 2777 1852 esse
2814 1807 3095 1865 narratur,
3120 1809 3179 1854 ut
3209 1816 3306 1871 per
3362 1802 3522 1858 ﬁdem
3579 1817 3799 1862 sancta:

467 1891 822 1962 rosolymam,
844 1901 1182 1962 exceperunt
1207 1908 1301 1947 eos
1331 1890 1549 1946 fratres.

535 1980 676 2035 XIV.
721 1983 895 2052 Atque
948 1982 1107 2036 istius
1169 1981 1369 2051 regula:
1438 1982 1838 2039 districtionem
1890 1989 2077 2037 servat

463 2071 665 2143 ubique
695 2073 803 2127 Vas
830 2073 1141 2138 electionis,
1181 2084 1235 2127 et
1268 2075 1528 2144 magister
1557 2073 1797 2143 gentium
1825 2072 2025 2127 Paulus
2057 2092 2070 2126 :

464 2165 609 2235 quod
638 2164 884 2233 diligenti
910 2164 1109 2232 cuique
1164 2162 1374 2227 lectori,
1418 2162 1502 2215 vel
1532 2163 1768 2216 auditori
1799 2161 1958 2215 facile
1989 2170 2074 2216 est

463 2269 533 2310 ex
564 2256 696 2325 ipsis
726 2255 895 2325 gestis
920 2252 1037 2322 ejus
1077 2267 1395 2325 agnoscere.
1429 2252 1675 2321 Denique
1705 2260 1760 2306 et
1789 2254 1845 2306 in
1876 2251 2076 2321 Philip-

466 2348 553 2419 pis
578 2362 703 2403 cum
733 2348 1079 2416 praedicaret,
1114 2362 1219 2401 nec
1254 2346 1309 2399 in
1347 2346 1568 2400 domum
1599 2344 1779 2414 Lydia:
1806 2360 2075 2415 purpura-

464 2440 583 2504 riae,
623 2434 751 2493 licet
770 2438 1003 2494 colentis
1027 2437 1219 2504 Deum,
1252 2438 1511 2493 introisse
1548 2436 1767 2504 legitur,
1796 2444 1887 2489 aut
1915 2451 2071 2490 man-

464 2530 628 2595 sisse,
656 2529 811 2599 prius
832 2545 997 2599 quam
1024 2544 1149 2583 cum
1177 2529 1325 2583 omni
1374 2528 1535 2583 domo
1558 2543 1656 2582 sua
1689 2528 1763 2581 ‘in
1794 2526 2071 2583 Christum

463 2622 697 2678 credens
717 2622 1092 2691 baptizaretur
1117 2642 1129 2675 :
1174 2636 1276 2676 nec
1306 2622 1361 2675 in
1393 2620 1538 2675 illius
1561 2620 1819 2675 similiter
1848 2622 2071 2676 domum

462 2714 554 2783 qni
584 2724 767 2767 custos
795 2722 917 2781 erat
938 2712 1182 2767 carceris
1231 2714 1510 2781 ingressus
1538 2720 1643 2775 est,
1676 2719 1773 2765 aut
1819 2709 2070 2765 humani-

464 2806 594 2860 tatis
624 2806 739 2873 ejus
763 2806 1044 2874 obsequiis
1067 2820 1199 2859 usus
1228 2813 1347 2870 est,
1396 2804 1570 2859 donec
1591 2803 1759 2859 etiam
1800 2803 1920 2873 ipse
1942 2817 2068 2857 cre-

466 2896 607 2951 dens
628 2896 881 2961 Domino,
905 2911 1030 2950 cum
1061 2896 1207 2950 omni
1239 2896 1401 2950 domo
1414 2910 1512 2949 sua
1524 2894 1854 2965 baptizatus,
1876 2894 2073 2966 dignus

462 2984 620 3040 ﬁeret
649 2994 863 3040 tantum
913 2986 1220 3055 apostolum
1267 2987 1473 3040 habere
1494 2985 1805 3041 convivam.
1852 2983 1959 3039 Sed
2012 2995 2069 3040 et

460 3092 588 3132 cum
612 3077 855 3132 venisset
880 3076 1107 3147 Tyrum,
1125 3092 1233 3131 non
1264 3078 1370 3131 nisi
1400 3092 1524 3131 cum
1551 3076 1835 3146 discipulis
1856 3084 2067 3147 septem

2179 1884 2487 1952 Trinitatis,
2510 1894 2832 1942 cunctarum
2858 1889 3099 1959 gentium
3124 1889 3304 1945 futura
3330 1894 3616 1950 mundatio
3646 1913 3801 1966 pne-

2177 1976 2526 2046 signaretur,
2584 1978 2744 2033 sicuti
2788 1978 3113 2050 jampridem
3165 1984 3425 2052 apostolis
3462 2002 3495 2039 a
3552 1986 3800 2044 Domino

2177 2077 2510 2137 praeceptum
2536 2067 2735 2133 fuerat,
2767 2078 2828 2123 ut
2852 2079 3044 2125 euntes
3071 2071 3335 2128 docerent
3357 2092 3550 2131 omnes
3572 2088 3796 2147 gentes,

2177 2156 2519 2225 baptizantes
2547 2173 2642 2213 eos
2695 2160 2750 2214 in
2782 2162 3003 2217 nomine
3050 2163 3249 2231 Patris,
3287 2175 3343 2220 et
3371 2168 3519 2233 Filii,
3553 2178 3610 2224 et
3664 2169 3799 2241 Spi-

2176 2248 2314 2302 ritus
2360 2250 2557 2304 sancti.
2586 2250 2745 2309 Tales
2766 2267 2898 2323 ergo
2924 2253 3041 2323 jam
3077 2263 3238 2309 erant
3287 2265 3342 2311 et
3386 2250 3626 2328 gentiles.
3673 2261 3794 2323 illi,

2175 2340 2485 2405 credentes,
2516 2342 2778 2411 baptizati
2828 2355 2883 2397 et
2941 2345 3218 2410 mundati;
3264 2362 3387 2400 cum
3432 2349 3668 2417 quibus,
3725 2367 3798 2404 ne

2176 2432 2681 2487 scandalizarentur
2734 2434 2788 2487 hi
2819 2434 2912 2504 qui
2969 2450 3038 2489 ex
3066 2434 3490 2491 circumcisione
3537 2441 3797 2495 credide-

2174 2533 2316 2586 rant,
2348 2522 2454 2577 illis
2480 2524 2797 2580 absentibus
2838 2526 3053 2591 edebat,
3083 2528 3444 2595 praesentibus
3468 2530 3635 2585 edere
3673 2532 3800 2586 dis-

2175 2612 2485 2667 simulabat.
2520 2614 2625 2670 Ubi
2650 2622 2707 2669 et
2732 2614 2862 2669 illud
2906 2614 3142 2671 ﬁdeliter
3186 2620 3653 2675 considerandum
3706 2631 3799 2676 est

2173 2705 2317 2774 quod
2348 2705 2393 2759 si
2425 2705 2550 2760 talis
2575 2720 2640 2760 ac
2672 2714 2858 2762 tantus
2878 2708 3186 2777 apostolus,
3232 2725 3303 2764 ne
3330 2708 3549 2767 Iudaeos
3600 2710 3796 2766 ﬁdeles

2174 2794 2597 2862 scandalizaret,
2629 2796 2723 2866 qui
2745 2797 2922 2852 adhuc
2944 2798 3255 2853 carnalibus
3283 2798 3420 2870 legis
3445 2800 3796 2856 observatio—

2172 2890 2332 2943 nibus
2358 2891 2706 2957 utebantur,
2757 2907 2789 2945 a
2828 2893 3114 2963 gentilium
3163 2893 3404 2949 ﬁdelium
3435 2912 3493 2952 se
3531 2899 3793 2954 convivio

2171 2982 2546 3049 subtrahebat,
2576 3000 2645 3039 ne
2667 2994 2859 3039 contra
2887 3001 3119 3052 morem,
3161 2988 3373 3045 scilicet
3424 2989 3742 3045 Iudaeorum
3773 3033 3789 3055 ,

2171 3076 2451 3129 videretur
2479 3089 2663 3145 agere,
2694 3091 2817 3131 cum
2845 3079 3096 3148 gentibus
3117 3082 3492 3146 convivando;
3525 3098 3637 3152 quo
3666 3091 3789 3139 stu-

460 3169 727 3223 seribitnr
755 3140 1024 3223 mansi-sse
1051 3140 1264 3223 diebus.
1301 3166 1564 3221 Similiter
1610 3140 1794 3220 autem
1822 3174 1877 3220 et
1917 3140 2066 3236 apud
2094 3140 2142 3206 ο
2176 3167 2265 3221 dio
2293 3140 2587 3221 Christiani
2616 3181 2812 3222 nunca
2833 3140 3096 3223 convictu
3139 3186 3200 3225 se
3228 3172 3431 3226 debent
3453 3140 3795 3231 subtrahere

461 3255 772 3313 Cmsaream
802 3258 853 3311 in
878 3256 1038 3313 domo
1060 3257 1295 3327 Philippi
1310 3256 1687 3328 evangelista,
1727 3256 1816 3310 cui
1838 3265 2072 3326 quatuor

461 3357 619 3405 erant
648 3349 771 3404 ﬁlia:
802 3350 1045 3421 virgines
1074 3349 1468 3420 prophetantes
1493 3390 1507 3414 ,
1554 3349 1796 3418 hospitio
1850 3348 2069 3403 functus

460 3456 586 3497 esse
634 3448 993 3503 memoratur,
1017 3439 1106 3493 ubi
1138 3449 1195 3494 et
1222 3453 1321 3509 per
1374 3438 1717 3509 aliquantum
1771 3438 2068 3506 temporis,

459 3551 587 3591 cum
617 3537 868 3591 custodia
897 3538 1239 3591 detineretur
1264 3576 1279 3600 ,
1330 3535 1415 3591 sui
1448 3534 1522 3589 illi
1563 3531 1943 3588 tantummodo
1999 3530 2071 3585 le-

460 3636 665 3697 guntur
694 3627 1055 3683 ministrasse.
1082 3626 1238 3698 Apud
1261 3626 1518 3681 Sidonem
1560 3640 1776 3695 quoque
1832 3624 2072 3678 humane

462 3724 731 3772 tractatus
760 3732 791 3771 a
820 3716 966 3773 Julio
997 3718 1347 3783 centurione,
1374 3717 1441 3771 ad
1466 3716 1671 3771 amicos
1694 3717 2070 3772 tantummodo

460 3808 700 3861 rcfcrtur
724 3809 835 3864 isse
855 3850 869 3875 ,
896 3810 988 3879 qui
1021 3818 1182 3864 erant
1209 3810 1400 3878 utique
1432 3808 1643 3885 ﬁdeles,
1673 3814 1732 3861 et
1769 3808 1854 3863 sui
1881 3823 2071 3863 curam

458 3898 657 3969 egisse.
690 3898 931 3970 Itemque
945 3914 1067 3954 cum
1090 3901 1331 3955 venisset
1356 3898 1617 3964 Puteolis,
1641 3899 1831 3954 diebus
1858 3906 2070 3969 septem

461 3993 605 4061 apud
637 3990 839 4049 fratres
891 3994 1160 4049 mansisse
1214 3994 1555 4064 perhibetur.
1608 3992 1667 4046 In
1717 3992 1834 4063 ipsa
1884 4000 2070 4048 autem

464 4085 635 4139 Iloma
682 4086 910 4142 biennio
946 4087 999 4141 in
1030 4103 1129 4143 suo
1177 4087 1458 4142 habitasse
1510 4086 1801 4141 conducto.
1856 4083 1963 4141 Sed
2015 4094 2073 4140 et

460 4191 683 4245 semper
706 4184 814 4231 tam
847 4178 948 4247 ipsi
976 4194 1137 4247 quam
1171 4177 1257 4232 his
1292 4178 1385 4248 qui
1416 4191 1603 4231 secum
1633 4182 1826 4241 erant,
1880 4190 2072 4231 neces-

462 4267 609 4320 saria
633 4282 863 4337 quzeque
887 4270 1002 4323 suis
1030 4284 1089 4324 se
1117 4268 1322 4323 fatetur
1351 4268 1603 4322 manibus
1633 4267 1974 4323 ministrare.
2001 4268 2070 4321 Et

459 4371 584 4410 cum
622 4358 762 4426 apud
794 4358 930 4413 alios
957 4359 1131 4429 prima
1162 4359 1312 4413 verbi
1334 4357 1427 4412 Dei
1456 4358 1671 4428 jaceret
1689 4356 2065 4423 fundamenta,

463 4447 533 4501 ab
560 4447 816 4502 Ecclesiis
846 4448 1088 4504 ﬁdelium
1115 4450 1397 4527 invenitur
1441 4450 1721 4520 accepisse
1772 4450 2062 4520 stipendia.

462 4536 786 4593 Necessaria
812 4554 963 4605 vero,
993 4555 1113 4609 qua:
1143 4540 1245 4610 ipsi
1275 4547 1332 4595 et
1369 4541 1484 4595 suis
1512 4557 1542 4594 a
1576 4549 1734 4610 patre
1762 4540 1938 4595 Publii
1962 4555 2067 4595 cas-

464 4626 705 4695 terisque
731 4627 1077 4684 Mitilinensis
1110 4629 1301 4684 insula:
1327 4630 1629 4687 cultoribus
1658 4631 1909 4701 imposita
1938 4647 2065 4685 nar-

464 4722 679 4779 rantur,
725 4719 848 4787 quis
877 4734 987 4773 non
1034 4719 1217 4775 videat
1253 4735 1601 4790 nequaquam
1629 4721 1699 4776 ab
1735 4720 2063 4787 inﬁdelibus,

462 4808 556 4861 sed
583 4823 612 4861 a
642 4807 910 4875 fidelibus,
941 4811 1111 4866 fuisse
1133 4813 1423 4881 suscepta?
1466 4811 1601 4865 Nam
1637 4821 1693 4866 et
1718 4820 1928 4881 patrem
1954 4810 2063 4866 Pu-

463 4898 558 4954 blii
582 4900 836 4965 salvavit,
865 4908 923 4955 et
948 4908 1130 4957 tantas
1182 4904 1323 4972 apud
1354 4902 1601 4957 eamdem
1657 4902 1891 4956 insulam
1919 4902 2069 4957 inﬁr-

461 4992 714 5047 mitatum
744 4994 1055 5050 curationes
1084 4996 1353 5061 exercuit,
1378 4994 1676 5051 utdubium
1708 5011 1816 5051 non
1848 4995 1921 5050 sit
1947 4995 2062 5065 plu-

2174 3257 2475 3314 inﬁdelium
2490 3255 2908 3327 Judmorum,_ne
2936 3260 3187 3330 exemplo
3206 3260 3365 3329 hujus
3398 3263 3606 3318 illicita:
3626 3280 3789 3319 com-

2172 3349 2449 3404 munionis
2466 3350 2838 3404 scandalizent
2866 3351 3045 3405 socios
3066 3360 3123 3406 et
3151 3354 3443 3423 participes
3454 3354 3790 3411 Christianae

2174 3440 2474 3512 religionis,
2506 3440 2709 3511 talique
2739 3440 2881 3497 facto
2929 3442 3013 3496 vel
3051 3442 3295 3499 Judaicis
3346 3446 3641 3501 vldeantur
3691 3464 3789 3502 su-

2171 3532 2583 3601 perstitionibus
2616 3530 2820 3599 favere,
2849 3535 2935 3590 vel
2965 3535 3339 3591 ecclesiastica
3378 3539 3788 3595 convincuntur

2174 3632 2378 3678 statuta
2408 3624 2747 3680 dissolvere?

2244 3714 2382 3770 XVI.
2429 3714 2538 3770 Sed
2553 3724 2610 3771 et
2633 3716 2661 3756 δ
2684 3717 2736 3771 in
2763 3717 2916 3773 libris
2930 3717 3227 3775 Clementis
3248 3721 3505 3777 Ecclesia:
3520 3723 3788 3780 Romanae

2171 3806 2442 3876 pontiﬁcis
2470 3807 2823 3863 inveniuntur
2843 3810 3023 3880 aliqua
3049 3826 3081 3864 a
3130 3822 3603 3881 supramemorato
3630 3815 3787 3885 Apo.

2172 3898 2313 3953 stolo
2338 3898 2404 3953 de
2427 3898 2589 3969 hujus
2616 3899 2693 3953 rei
2714 3901 3097 3955 observatione
3126 3902 3293 3967 dicta,
3325 3919 3446 3972 quae
3477 3905 3532 3959 in
3560 3906 3653 3959 his
3700 3906 3787 3960 in-

2172 4005 2355 4046 serere
2411 4005 2520 4046 non
2569 3991 2929 4061 incongruum
2972 3996 3427 4054 existimavimus.
3481 3999 3618 4054 Nam
3652 4000 3787 4057 licet

2172 4080 2339 4136 iidem
2366 4081 2489 4136 libri
2509 4080 2828 4151 judicentur
2854 4087 3170 4157 apocryphi,
3204 4087 3462 4158 pleraque
3490 4098 3679 4143 tamen
3710 4106 3782 4145 ex

2172 4173 2258 4227 his
2290 4174 2600 4229 testimonia
2628 4174 2982 4232 inveniuntur
3036 4194 3068 4232 a
3118 4179 3432 4235 doctoribus
3488 4191 3779 4251 usurpata.

2171 4263 2473 4319 Introducit
2493 4278 2623 4334 ergo
2644 4264 2924 4333 Clemens,
2949 4283 3071 4323 cum
3094 4270 3325 4325 necdum
3349 4281 3497 4326 esset
3520 4272 3783 4343 baptismi

2171 4354 2342 4425 gratia
2371 4354 2711 4424 puriﬁcatus,
2742 4362 2799 4409 et
2818 4356 2890 4411 ob
2908 4357 3013 4412 hoc
3041 4373 3071 4412 a
3101 4374 3289 4415 mensa
3319 4359 3465 4415 Petri
3514 4375 3642 4415 cum
3676 4377 3781 4417 ca:-

2172 4444 2304 4499 teris
2330 4444 2597 4500 similibus
2618 4456 3010 4515 sequestratus,
3034 4448 3287 4505 eumdem
3323 4450 3644 4519 Apostolum
3695 4451 3780 4507 Io-

2172 4547 2429 4609 quentem
2453 4538 2557 4593 sibi
2579 4539 2665 4594 his
2694 4540 2908 4595 verbis:
2945 4559 2964 4591 ι
2999 4540 3116 4597 Non
3150 4558 3252 4612 pro
3277 4543 3551 4614 superbia,
3580 4558 3615 4598 ο
3661 4543 3784 4599 Cle-

2173 4647 2348 4696 mens,
2374 4631 2681 4686 convivium
2710 4646 2819 4687 non
2840 4648 2941 4704 ago
2974 4649 3099 4689 cum
3127 4634 3213 4689 his
3235 4634 3327 4704 qui
3353 4636 3596 4691 nondum
3620 4637 3778 4705 puri-

2175 4720 2319 4775 ﬁcati
2345 4732 2490 4776 sunt.
2523 4721 2630 4777 Sed
2644 4716 2839 4777 vereor
2854 4737 2923 4777 ne
2948 4720 3089 4779 forte
3110 4724 3243 4778 mihi
3271 4724 3492 4795 quidem
3518 4716 3778 4789 noceam,

2174 4812 2308 4881 ipsis
2333 4819 2514 4866 autem
2538 4812 2673 4868 nihil
2694 4814 2921 4882 prosim.
2953 4832 2973 4865 ι
3019 4814 3089 4869 Et
3136 4815 3296 4885 paulo
3351 4822 3514 4884 post:
3547 4832 3566 4865 ι
3604 4814 3781 4871 Nemo

2173 4915 2304 4972 ergo
2324 4910 2565 4956 vestrum
2591 4904 2967 4970 contristetur,
2989 4904 3087 4971 ait,
3118 4920 3150 4959 a
3197 4905 3449 4961 convivio
3477 4914 3669 4961 nostro
3698 4923 3783 4962 se-

2169 5002 2412 5064 paratus.
2440 4994 2618 5049 Parvo
2652 4996 2799 5051 enim
2838 5006 3082 5067 tempore
3112 5004 3490 5067 sequestratur
3539 4998 3632 5069 qui
3665 5000 3780 5053 cito

1824 5106 2102 5163 BALUZII
2142 5105 2380 5163 ΝΟΤᾸΞ.

532 5229 557 5255 σι
594 5215 919 5271 Dedurentes
955 5236 1150 5273 secum.
1203 5220 1260 5273 In
1319 5220 1439 5275 cod.
1493 5235 1597 5275 ms.
1648 5219 1737 5275 hic
1790 5219 1941 5274 locus
1988 5220 2065 5273 ita

463 5286 665 5361 legitur
689 5304 701 5339 :
728 5287 1051 5361 Qeducentes
1074 5290 1215 5361 apud
1242 5290 1633 5361 hqspitarentur
1652 5288 1927 5353 Iasonem,
1954 5299 2061 5361 etc.

467 5356 573 5411 I’ro
594 5371 701 5424 quo
733 5356 1018 5413 Massonus
1046 5356 1219 5415 edidit
1242 5378 1254 5413 :
1282 5356 1609 5415 Deducentes
1635 5373 1832 5423 secum,
1867 5368 1926 5412 ut
1966 5360 2065 5412 ho-

464 5426 787 5499 syitarentur
820 5426 993 5499 Mnus.
1040 5429 1148 5483 Sed
1194 5430 1247 5483 in
1295 5431 1446 5485 Actis
1494 5429 1901 5499 Apostolorum,
1939 5444 2063 5499 cap.

466 5511 583 5558 ut,
610 5496 845 5571 Iegi_t_ur:
874 5497 1200 5571 Adducgntes
1228 5517 1424 5565 secum,
1474 5496 1615 5570 apud
1646 5516 1797 5571 quem
1833 5496 2066 5570 hospitu-

467 5566 681 5640 τιμίῳ-,⁷
702 5566 1032 5640 Μηᾳεοῃεηι.
1061 5569 1248 5640 Itaque
1286 5566 1547 5626 Actorum
1578 5566 1906 5625 auctoritate
1930 5566 2070 5624 cono

467 5634 747 5709 stituimus
797 5636 1088 5709 lectionem
1131 5634 1250 5709 qum
1301 5656 1447 5695 nunc
1491 5648 1672 5697 exstat
1724 5640 1778 5693 in
1826 5640 2066 5695 editione

463 5720 693 5775 operum
721 5705 1012 5778 Agobardi.

2243 5220 2271 5259 ιι
2294 5218 2364 5273 In
2386 5218 2533 5273 libris
2557 5216 2861 5282 Clementis,
2892 5219 3150 5274 nimirum
3178 5220 3234 5274 in
3261 5219 3370 5274 ﬁne
3394 5219 3519 5274 libri
3545 5222 3776 5276 secundi

2171 5289 2747 5362 Becognitionumuljlt
2773 5290 3137 5362 manifestum
3153 5297 3241 5344 est
3255 5290 3614 5362 existimasse
3634 5289 3777 5362 Ago-

2168 5358 2399 5432 bardum
2454 5358 2598 5432 hanc
2644 5358 2945 5432 Clementis
2995 5358 3433 5432 lucubrationem
3476 5375 3601 5415 esse
3648 5358 3776 5432 apo-

2167 5429 2448 5499 crypham.
2494 5428 2685 5499 Itaque
2726 5428 2949 5484 dubium
3002 5445 3113 5485 non
3154 5436 3240 5485 est
3287 5429 3418 5499 quin
3467 5428 3773 5485 secundum

2167 5498 2442 5570 Agobardi
2468 5498 2799 5570 sententiam
2822 5499 3171 5554 Itinerarium
3210 5499 3355 5554 beati
3384 5498 3556 5564 Petri,
3586 5514 3619 5553 a
3646 5500 3787 5570 Cle;

2170 5578 2355 5624 mente
2381 5570 2665 5639 scriptum,
2697 5569 2827 5624 illud
2859 5569 3037 5639 ipsum
3061 5584 3198 5639 opus
3240 5570 3315 5623 sit
3352 5569 3498 5638 quod
3532 5570 3636 5625 sub
3663 5569 3772 5624 lle-

2173 5640 2547 5710 cognitionum
2592 5638 2752 5710 titulo
2802 5638 2947 5695 nunc
2990 5655 3205 5709 quoque
3244 5647 3425 5694 exstat
3466 5657 3477 5692 :
3525 5640 3577 5695 id
3624 5640 3771 5710 quod

2183 5655 2547 5761 cognitionum
2592 5655 2752 5693 mtuo
2802 5655 2947 5695 nunc
2990 5655 3205 5709 quoque
3244 5655 3366 5694 εχει

2183 5710 2255 5765 lie
2278 5710 2510 5765 Iarmino
2539 5709 2705 5764 etiam
2744 5710 3021 5779 probabile
3051 5710 3227 5766 visum
3262 5719 3366 5764 est.
