3918 6334
161 320 237 380 93
1237 323 1326 379 DE
1361 323 1671 383 JUDAICIS
1711 320 2400 384 SUPERSTI'I‘IONIBUS.
3394 335 3472 394 95

104 414 113 421 ’
157 438 398 497 voluerit
416 437 707 509 baptizari,
734 437 908 493 multo
936 447 1119 493 autem
1150 439 1243 509 qui
1265 440 1495 505 tardius.
1511 438 1589 495 "Et
1639 440 1761 495 ideo
1791 442 1842 500 A
1866 437 2068 495 Iudaeis
2092 441 2311 510 quidem
2342 441 2669 511 incredulis,
2700 442 2845 500 inter
2887 460 3026 515 quos
3067 445 3422 524 morabantur
3451 490 3475 518 ,

158 531 218 588 in
246 530 401 586 vobis
427 537 514 584 est
563 530 784 600 quando
826 528 1009 585 velitis
1058 530 1128 585 ad
1181 538 1426 585 nostram
1470 532 1765 586 convenire

157 635 429 687 mensam,
452 628 633 676 etnon
656 621 713 675 in
736 619 918 695 nobis,
950 620 1152 691 quibus
1180 620 1509 690 permissum
1529 636 1637 676 non
1680 629 1766 677 est

157 731 378 774 sumere
405 731 531 772 cum
558 716 742 786 aliquo
763 714 946 770 cibum
965 757 980 781 ,
1011 715 1117 770 nisi
1142 715 1297 785 prius
1330 698 1494 769 fuerit
1525 715 1766 786 baptiza-

154 815 265 864 tus.
298 826 318 861 ι
359 808 488 863 Haec
526 808 595 863 de
634 806 853 877 scriptis
878 806 1175 862 Clementis
1200 808 1564 874 necessario}
1605 808 1764 864 nobis
1795 844 1798 847 -

150 900 373 975 prolata
401 900 533 968 sint,
563 888 873 958 volentibus
913 900 1193 956 evidenter
1220 901 1509 956 ostendere
1536 902 1605 956 ab
1634 916 1764 972 apo-

154 994 315 1051 stolis
342 995 602 1051 traditam
632 994 794 1067 bujus
837 995 919 1050 rei
956 994 1395 1071 antiquissimam
1424 995 1764 1050 observatio-

151 1100 302 1155 nem.
334 1086 475 1142 Vera
499 1087 646 1142 enim
672 1094 729 1142 et
752 1086 856 1141 ista
878 1085 1127 1140 ducenda
1177 1094 1325 1150 sunt,
1354 1095 1408 1140 et
1430 1100 1498 1141 eo
1526 1086 1763 1143 maxime

152 1192 264 1251 quo
278 1178 348 1234 ab
360 1179 673 1250 apostolicis
688 1177 900 1234 actibus
920 1178 977 1233 in
997 1176 1144 1233 nullo
1158 1177 1412 1233 videntur
1424 1178 1758 1248 discrepare.

229 1267 393 1323 XVII.
434 1269 519 1323 An
550 1268 774 1339 putandi
797 1266 1107 1339 suntelecti
1133 1266 1337 1323 Christi
1379 1267 1761 1338 apostolicum

152 1355 356 1415 ludatis
382 1358 688 1416 inﬁdelibus
716 1373 1065 1416 communem
1089 1360 1296 1415 habere
1333 1359 1571 1415 voluisse
1608 1374 1763 1415 men-

150 1462 296 1511 sam,
325 1457 419 1503 aut
440 1449 681 1519 potuisse
703 1464 825 1505 cum
857 1447 940 1505 eis
964 1456 1178 1520 gratum
1200 1448 1511 1504 convivium
1534 1444 1755 1513 ducere,

146 1536 220 1594 de
244 1538 443 1609 quibus
469 1540 734 1612 magister
765 1539 1009 1609 gentium
1032 1536 1233 1595 Paulus
1267 1537 1762 1593 Thessalonicensi-

145 1629 255 1685 bus
284 1630 359 1684 ita
383 1630 660 1700 loquitur:
703 1627 803 1685 Vos
830 1631 971 1685 enim
994 1618 1285 1685 imitatores
1318 1630 1447 1699 facti
1476 1631 1619 1694 estis,
1647 1630 1759 1699 fra—

146 1730 280 1785 tres,
314 1719 677 1774 Ecclesiarum
710 1720 809 1774 Dei
830 1737 948 1791 qua:
998 1729 1121 1775 sunt
1151 1721 1205 1774 in
1234 1718 1430 1774 Iudtea
1469 1719 1526 1773 in
1548 1716 1756 1773 Christo

1868 545 2044 599 neque
2070 532 2342 600 expetisse
2370 532 2575 602 aliquid
2606 548 2781 604 neque
2808 537 3089 606 accepisse
3118 536 3431 594 referuntur
3448 581 3465 606 ,

1867 620 1936 676 ab
1965 621 2051 675 his
2088 636 2219 677 vero
2244 622 2335 691 qui
2363 637 2427 676 ex
2458 624 2710 693 gentibus
2739 624 2806 678 ad
2850 625 3012 681 ﬁdem
3046 626 3252 683 Christi
3303 644 3469 686 vene-

1867 718 2015 779 rant,
2040 728 2109 767 ne
2122 727 2215 768 eos
2235 713 2493 779 ministri,
2518 714 2821 771 oblationes
2842 716 3078 772 ﬁdelium
3101 719 3464 789 pertulerunt.

1865 802 1987 859 1am
2013 804 2159 859 enim
2190 812 2403 873 tempus
2433 805 2673 860 inStabat
2698 815 2759 860 ut
2779 807 3051 897 diceretur
3081 810 3329 867 ﬁdelibus
3350 829 3468 868 om-

1866 894 2047 962 nibus,
2076 895 2143 950 de
2165 896 2420 952 omnibus
2449 897 2683 953 inimicis
2711 894 2844 953 ﬁdei
2877 898 3202 958 Christiana
3225 919 3239 957 :
3264 904 3328 959 Si
3349 906 3467 977 quis

1864 984 2002 1038 venit
2034 983 2104 1037 ad
2132 1000 2224 1038 vos
2247 995 2296 1038 et
2316 986 2454 1038 hanc
2488 986 2783 1041 doctrinam
2808 1006 2911 1043 non
2940 992 3114 1059 affert,
3141 992 3301 1047 nolite
3329 996 3467 1049 reci-

1862 1085 1984 1139 pere
2007 1086 2126 1123 eum
2158 1070 2214 1123 in
2234 1070 2469 1135 domum,
2497 1080 2545 1124 et
2576 1070 2673 1125 Ave
2696 1070 2778 1125 illi
2799 1072 2961 1127 nolite
2991 1075 3180 1130 dicere.
3200 1077 3303 1143 Qui
3324 1080 3463 1133 enim

1863 1160 1990 1214 dicit
2010 1158 2091 1213 illi
2116 1160 2239 1226 Ave,
2271 1163 2620 1216 communicat
2652 1165 2895 1233 operibus
2927 1166 3043 1236 ejus
3069 1168 3333 1239 malignis.
3366 1170 3465 1225 Se-

1864 1252 2103 1307 cundum
2129 1268 2292 1321 quam
2316 1254 2662 1320 sententiam,
2698 1255 2741 1310 si
2771 1255 2817 1309 is
2844 1258 2935 1327 qui
2963 1258 3069 1312 Ave
3094 1259 3169 1313 illi
3212 1260 3348 1316 dicit
3373 1265 3469 1333 qui

1862 1356 1894 1396 a
1916 1343 2159 1398 doctrina
2189 1344 2479 1414 apostolica
2504 1346 2726 1400 exsistit
2745 1345 2977 1415 alienus,
3000 1351 3370 1407 communicat
3395 1354 3465 1408 ab

1860 1434 2116 1504 operibus
2159 1432 2284 1503 ejus
2341 1436 2631 1505 malignis,
2690 1446 2894 1506 quanto
2944 1440 3176 1510 amplius
3224 1440 3463 1499 Iudaicae

1861 1525 2227 1580 communicat
2283 1525 2643 1596 malignitati,
2702 1528 2793 1597 qui
2851 1543 2975 1584 cum
3041 1531 3128 1587 his
3180 1548 3467 1591 commune

1860 1614 2024 1669 etiam
2045 1616 2353 1671 convivium
2382 1617 2656 1672 celebrat?

1933 1705 2073 1760 XIX.
2116 1707 2184 1761 Et
2210 1708 2406 1771 adhuc,
2433 1718 2491 1761 ut
2514 1709 2581 1763 ab
2608 1710 3462 1779 inquinationibusbzereticorum

140 1809 313 1875 Iesu;
341 1810 468 1880 quia
516 1810 699 1864 eadem
751 1810 896 1880 passi
940 1812 1079 1865 estis‘
1108 1820 1157 1865 et
1184 1827 1273 1865 vos
1317 1828 1349 1864 a
1379 1808 1745 1863 contribulibut

1863 1800 1949 1855 vel
1981 1799 2290 1856 Judteorum
2344 1800 2637 1857 Christiani
2697 1803 2889 1859 ﬁerent
2919 1808 3213 1872 cautiores,
3248 1807 3461 1864 diceba-

143 1904 356 1967 restris,
382 1904 519 1957 sicut
556 1912 601 1956 et
631 1903 732 1973 ipsi
764 1921 795 1957 a
830 1901 1060 1968 Judteis,
1090 1903 1182 1975 qui
1227 1912 1274 1957 et
1305 1902 1591 1956 Dominum
1616 1901 1759 1955 occi-

142 1994 341 2049 derunt
364 1993 574 2060 Iesum,
601 2006 649 2049 et
705 1995 1009 2066 praphetas,
1039 2005 1087 2049 et
1119 2011 1214 2049 nos
1250 1994 1509 2065 persecuti
1538 2002 1681 2056 sunt,
1709 2000 1759 2050 et

140 2085 261 2142 Deo
284 2104 395 2141 non
425 2086 656 2157 placent,
684 2098 731 2142 et
757 2088 1000 2143 omnibus
1030 2087 1332 2142 hominibus
1376 2088 1756 2153 adversantur,

138 2178 479 2249 prohibentes
512 2197 607 2234 nos
652 2179 891 2250 gentibus
920 2178 1066 2250 loqui
1092 2196 1155 2233 ne
1176 2177 1337 2234 salva:
1364 2179 1522 2247 ﬁant,
1558 2186 1615 2232 ut
1653 2179 1755 2232 im—

138 2267 324 2338 pleant
358 2279 574 2338 peccata
588 2287 685 2324 sua
700 2286 924 2340 semper,
940 2271 1171 2342 pervenit
1190 2278 1365 2323 autem
1379 2270 1461 2323 ira
1478 2268 1577 2323 Dei
1602 2285 1761 2339 super

144 2358 273 2414 illos
299 2378 463 2431 usque
484 2363 538 2415 in
560 2363 748 2432 finem.-
768 2361 905 2418 Cum
928 2361 1130 2419 talibus
1151 2378 1282 2434 ergo
1305 2361 1463 2434 (quos
1482 2364 1758 2418 occisores

142 2449 275 2506 Jesu
307 2459 363 2507 et
389 2453 798 2523 prophetarum,
817 2460 1201 2525 persecutores
1226 2453 1615 2523 apostolorum,
1646 2453 1758 2510 Deo

148 2560 263 2599 nou
296 2543 1191 2615 placentes,omnibushominibus
1221 2546 1597 2611 adversantes,
1625 2561 1753 2615 pec-

142 2643 273 2691 cata
292 2652 391 2690 sua
407 2637 922 2707 semperimplcntes
935 2646 987 2693 et
1003 2637 1104 2693 sub
1126 2636 1206 2714 ira
1220 2636 1314 2691 Dei
1334 2650 1505 2706 usque
1519 2637 1572 2690 in
1592 2636 1756 2690 ﬁnem

140 2726 331 2781 saeculi
355 2726 778 2797 gementes,Vas
798 2727 1080 2783 electionis
1116 2725 1485 2799 appellat)vel
1522 2726 1755 2797 apostoli

140 2821 408 2877 credendi
441 2807 568 2877 sunt
598 2834 623 2862 ι
650 2837 939 2877 commune
981 2821 1239 2877 habuisse
1278 2820 1587 2876 convivium
1614 2861 1628 2885 ,
1670 2819 1756 2875 vel

139 2908 393 2965 ﬁdelium
426 2912 655 2982 quisque
685 2910 816 2965 illud
838 2910 1001 2966 debet
1027 2909 1266 2964 retinere
1290 2907 1665 2964 consortium?

212 2998 404 3053 XVIII.
447 3000 649 3055 Verum
672 2998 929 3069 quoniam
945 2997 1317 3053 Ecclesiarum
1337 3011 1459 3067 qua:
1485 2996 1540 3051 in
1567 2994 1753 3051 Judzea

133 3098 304 3144 erant
323 3090 380 3143 in
408 3088 648 3155 Christo,
684 3088 739 3145 id
764 3096 871 3156 est,
893 3103 1085 3144 eorum
1113 3088 1206 3159 qui
1232 3102 1301 3143 ex
1339 3085 1543 3142 Iudaeis
1570 3086 1751 3143 credi-

1863 1898 1952 1946 tur
1998 1892 2108 1947 imo
2134 1900 2190 1948 et
2219 1907 2436 1964 semper
2488 1894 2689 1949 dicitur
2743 1897 2865 1951 eis:
2900 1895 3247 1964 Charissinzi,
3308 1901 3469 1955 nolite

1862 1984 2005 2038 omni
2031 1985 2243 2055 spiritui
2280 1986 2512 2050 credere,
2549 1986 2640 2040 sed
2681 1988 2895 2056 probate
2935 1990 3149 2058 spiritus
3172 1992 3217 2043 si
3263 2008 3329 2045 ea:
3356 1991 3466 2045 Dea

1860 2074 1963 2129 sint
1979 2091 1999 2139 ;
2021 2076 2270 2146 quoniam
2301 2074 2456 2128 multi
2480 2076 2943 2147 pseudoprophette
2970 2079 3204 2145 exierunt
3230 2082 3284 2134 in
3312 2098 3466 2136 mun-

1859 2165 2005 2219 dum.
2038 2165 2108 2219 In
2131 2166 2229 2220 hoc
2255 2168 2586 2237 cognoscitur
2615 2166 2848 2237 Spiritus
2874 2158 2993 2224 Dei.
3025 2169 3209 2237 Omnis
3247 2174 3465 2243 spiritus

1857 2256 1947 2324 qui
1981 2254 2259 2323 conﬁtetur
2283 2255 2467 2329 Iesum
2516 2254 2785 2311 Christum
2826 2259 2878 2312 in
2926 2277 3085 2314 conte
3119 2264 3322 2317 venisse
3346 2304 3360 2327 ,
3401 2281 3467 2321 ea:

1860 2347 1970 2402 Deo
1997 2359 2105 2413 est;
2155 2358 2203 2403 et
2232 2348 2399 2403 omnis
2442 2348 2658 2419 spiritus
2712 2351 2804 2421 qui
2845 2351 2995 2405 solvit
3021 2352 3205 2408 Iesum
3245 2371 3310 2409 ea:
3354 2355 3466 2411 Deo

1861 2454 1963 2491 non
1995 2447 2113 2500 est;
2150 2448 2198 2493 et
2223 2439 2307 2492 hic
2353 2450 2429 2493 est
2470 2439 2843 2495 Antichristus.
2876 2441 3118 2512 Itemque
3172 2445 3285 2501 ibi:
3329 2444 3463 2511 Quis

1858 2528 1994 2583 enim
2020 2538 2095 2582 est
2121 2528 2368 2595 mendax,
2400 2529 2503 2583 nisi
2524 2531 2569 2585 is
2588 2532 2679 2601 qui
2707 2540 2861 2602 negat
2899 2535 3148 2603 quoniam
3178 2536 3336 2590 Jesus
3358 2554 3461 2591 non

1858 2626 1933 2671 est
1953 2614 2237 2673 Christus?
2271 2618 2376 2672 Hic
2401 2628 2475 2673 est
2518 2620 2892 2686 Antichristus,
2925 2624 3016 2694 qui
3061 2635 3214 2695 negat
3247 2625 3464 2682 Patrem

1858 2716 1906 2760 et
1936 2704 2162 2761 Filium.
2215 2708 2398 2763 Omnis
2422 2710 2511 2780 qui
2544 2722 2696 2781 negat
2737 2710 2966 2779 Filium,
2996 2730 3088 2768 nec
3116 2712 3332 2770 Patrem
3370 2718 3461 2771 Ita-

1858 2797 1972 2865 bet;
2015 2800 2107 2869 qui
2137 2800 2420 2868 conﬁtetur
2453 2799 2689 2868 Filium,
2720 2812 2769 2857 et
2793 2803 3007 2859 Patrem
3029 2806 3199 2861 habet.
3231 2808 3311 2863 Ex
3342 2812 3463 2880 qui-

1856 2886 1958 2943 bus
1988 2889 2169 2971 verbis
2192 2890 2597 2947 evidentissime
2626 2893 2939 2949 declaratur
2965 2911 3071 2950 non
3101 2898 3277 2953 solum
3305 2916 3459 2956 men—

1858 2980 2023 3035 daces
2050 2981 2145 3035 sed
2169 2989 2227 3035 et
2248 2981 2617 3039 Antichristos
2658 3000 2779 3041 esse
2806 2984 3039 3053 Iudaeos,
3072 2990 3165 3057 qui
3187 3006 3312 3047 cum
3361 2984 3461 3047 ne?-

1857 3080 1986 3142 gent
2019 3072 2241 3138 Filium,
2272 3072 2474 3128 frustra
2497 3076 2826 3132 conﬁtentur
2849 3076 3098 3145 Patrem;
3128 3079 3245 3136 non
3272 3089 3454 3136 autem

133 3168 359 3247 derant,
386 3149 828 3251 fecitApostolus
854 3149 1218 3245 mentionem;
1267 3177 1562 3233 videndum
1586 3178 1751 3232 etiam
1780 3149 1827 3212 Ε
1858 3161 2182 3219 ammenti”
2210 3162 2441 3230 Filium:
2492 3180 2594 3221 nec
2636 3165 2854 3223 Patrem
2893 3167 3096 3226 habere
3140 3181 3469 3240 meremur?

138 3272 210 3327 de
251 3272 384 3336 illis,
413 3281 600 3326 utrum
636 3280 692 3326 et
718 3272 820 3341 ipsi
858 3272 976 3327 haec
1002 3271 1148 3325 inter
1172 3285 1302 3325 suos
1326 3268 1492 3350 positi
1538 3269 1749 3324 contri-

135 3362 297 3418 bules
323 3362 700 3417 observarent.
752 3361 820 3416 Et
858 3359 1019 3416 facile
1069 3360 1175 3416 hoc
1226 3375 1291 3414 ex
1345 3359 1530 3414 verbis
1570 3359 1747 3414 sancti

134 3454 305 3511 Luca:
320 3469 614 3525 possumus
634 3469 964 3527 agnoscere;
1014 3455 1210 3524 quibus
1236 3454 1311 3508 ait
1341 3470 1354 3507 :
1385 3452 1746 3508 Multitudinis

95 3531 99 3533 Δ
132 3555 317 3600 autem
347 3546 673 3600 credentium
697 3554 822 3623 erat
867 3562 959 3600 cor
986 3555 1034 3600 et
1060 3543 1239 3611 anima
1269 3561 1376 3598 una
1402 3585 1416 3609 ,
1468 3561 1561 3598 nec
1599 3543 1746 3615 quis-

128 3645 307 3707 quam‘
327 3637 518 3689 horum
538 3635 743 3708 aliquid
772 3653 928 3691 suum
951 3635 1174 3699 dicebat,
1197 3636 1288 3690 sed
1320 3645 1473 3689 erant
1498 3635 1603 3690 illis
1629 3653 1743 3689 om-

133 3726 227 3779 nia
252 3726 576 3780 communia.
607 3726 676 3782 Et
701 3725 869 3797 paulo
888 3735 1012 3795 post
1038 3745 1053 3779 :l
1087 3723 1375 3795 Quotquot,
1402 3725 1596 3794 inquit,
1623 3744 1746 3796 pos-

128 3817 366 3869 sessores
387 3814 668 3869 domorum
696 3824 790 3869 aut
838 3831 1112 3886 agrorum,
1143 3814 1417 3877 uendentes
1449 3816 1743 3885 aﬁ'erebant

129 3907 305 3977 pretia
333 3922 514 3960 eorum
539 3923 658 3977 quae
680 3906 992 3973 vendebant,
1023 3916 1073 3960 et
1120 3906 1378 3977 ponebant
1410 3916 1533 3961 ante
1582 3908 1740 3978 pedes

129 3998 515 4069 apostolorum.
546 3999 891 4055 Dividcbatur
918 4009 1096 4054 autem
1145 3997 1390 4071 singulis,
1421 4008 1581 4070 prout
1625 4002 1741 4055 cui-

129 4105 236 4160 que
274 4106 407 4160 apus
436 4098 568 4143 erat.
594 4089 663 4144 Et
688 4096 813 4159 post
841 4088 1022 4161 aliqua
1051 4104 1273 4145 rursum
1320 4089 1428 4145 ait:
1464 4088 1535 4144 Et
1586 4100 1739 4143 erant

125 4197 311 4235 omnes
359 4182 687 4235 unanimiter
721 4181 778 4235 in
815 4181 1021 4252 porticu
1041 4179 1374 4245 ,Salomonis.
1410 4178 1742 4236 Cteterorum

124 4280 309 4325 autem
340 4287 491 4324 nemo
520 4270 749 4325 audebat
793 4288 847 4325 se
873 4272 1190 4342 conjungere
1217 4270 1347 4337 illis,
1371 4270 1462 4326 sed
1521 4270 1735 4340 magni-

123 4362 327 4431 ﬁcabat
364 4378 452 4417 eos
487 4362 732 4432 populus.
785 4362 973 4432 Neque
1021 4362 1187 4433 igitur
1215 4356 1562 4417 communem
1608 4376 1735 4415 cum

123 4456 208 4511 eis
236 4455 513 4510 ducebant
542 4453 766 4517 victum,
802 4468 925 4509 cum
954 4453 1154 4522 quibus
1205 4468 1314 4508 non
1344 4452 1621 4509 habebant
1666 4466 1737 4507 ne

123 4559 421 4601 commune
454 4543 674 4614 quidem
732 4544 1086 4600 habitationis
1131 4545 1489 4601 consortium.
1540 4543 1735 4600 Omnia

120 4652 257 4692 vero
278 4651 401 4706 quae
450 4636 584 4705 ipsis
632 4644 791 4691 erant
820 4636 1133 4691 communia
1162 4678 1177 4703 ,
1220 4652 1329 4692 non
1375 4637 1735 4706 undecunque

120 4726 376 4795 quaesita,
409 4725 506 4780 sed
542 4740 609 4780 ex
638 4725 753 4780 sola
808 4724 1048 4781 ﬁdelium
1097 4724 1314 4781 fuerant
1349 4725 1658 4782 conlatione
1679 4733 1738 4781 et

117 4816 403 4872 oblatione
438 4824 707 4887 suscepta.
743 4815 858 4871 Sed
902 4825 957 4870 et
990 4818 1043 4871 in
1110 4818 1349 4871 maxima
1408 4818 1735 4872 necessitate

118 4910 288 4966 famis
313 4925 439 4980 quae
478 4910 507 4949 ιι
544 4911 646 4966 sub
672 4908 901 4966 Claudio
941 4911 1085 4970 facta
1115 4926 1238 4967 esse
1285 4921 1651 4982 memoratur,
1699 4929 1731 4967 a

1761 4500 1815 4560 D

1855 3269 2019 3325 super
2075 3256 2256 3310 omnia
2305 3263 2437 3313 ve'ro
2460 3257 2663 3323 Iesum,
2701 3262 2792 3331 qui
2821 3276 2888 3316 ex
2926 3261 3097 3317 Maria
3134 3264 3344 3337 virgine
3373 3283 3459 3323 or-

1855 3351 1945 3400 tus
1971 3352 2075 3411 est,
2103 3342 2381 3401 Christum
2410 3362 2527 3413 esse
2567 3359 2828 3420 negantes
2848 3392 2863 3416 ,
2891 3350 3214 3409 Antichristi
3263 3355 3365 3411 sibi
3397 3366 3460 3414 et

1852 3449 2049 3492 nomen
2087 3439 2295 3508 pariter
2322 3448 2377 3494 et
2412 3439 2686 3511 eloquium
2734 3443 3102 3500 vindicarunt.
3141 3446 3278 3502 Nam
3326 3449 3459 3519 quid

1850 3528 1995 3584 aliud
2020 3528 2398 3587 Antichristus
2416 3532 2660 3589 dicturus
2701 3542 2813 3599 est,
2862 3536 2964 3589 nisi
2995 3535 3179 3593 Jesum
3236 3540 3455 3610 quidem

1849 3637 1957 3676 non
1979 3620 2148 3678 fuisse
2172 3622 2471 3689 Christum,
2497 3640 2558 3680 se
2580 3633 2763 3681 autem
2795 3642 2916 3681 esse
2961 3630 3105 3697 quod
3144 3629 3233 3686 ille
3287 3632 3455 3687 veluti

1846 3712 1986 3771 falso
2014 3716 2254 3771 creditus
2282 3715 2478 3771 fuerit?
2508 3717 2565 3771 In
2600 3718 2705 3773 hoc
2740 3734 2872 3790 ergo
2918 3721 3034 3776 solo
3060 3721 3457 3792 blaSphemiam

1844 3804 2153 3861 Iudaeorum
2183 3814 2405 3875 superat
2433 3804 2839 3873 Antichristus,
2888 3810 3033 3878 quod
3064 3824 3123 3865 se
3168 3815 3454 3881 praesumit

1846 3916 2161 3973 nuncupare
2188 3900 2484 3956 Christum.
2514 3900 2574 3955 In
2614 3902 2716 3956 hoc
2748 3912 2925 3957 autem
2947 3902 3117 3956 Judaei
3144 3904 3443 3973 nequitiam

1844 3991 2181 4061 tequiparant
2215 3990 2568 4055 Antichristi,
2596 3992 2739 4061 quod
2768 3991 2951 4048 Jesum
3003 4009 3203 4063 negare
3253 3996 3455 4052 audent

1844 4081 2012 4149 fuisse
2049 4080 2348 4136 Christum.
2404 4080 2463 4134 In
2509 4090 2731 4136 tantum
2778 4082 2945 4152 igitur
2990 4082 3342 4150 Antichristi,
3395 4086 3452 4140 in

1842 4183 2105 4245 quantum
2132 4173 2483 4244 blasphemiae
2513 4173 2752 4244 ipsorum
2776 4159 3128 4244 blasphemiis
3148 4171 3453 4231 consonant

1840 4267 2181 4323 Antichristi.
2206 4266 2340 4335 Quis
2361 4274 2542 4321 autem
2565 4282 2689 4322 cum
2710 4267 3049 4324 Antichristo
3077 4284 3320 4324 mensam
3350 4270 3444 4325 ha-

1839 4358 1967 4414 beat
1985 4365 2419 4422 communem,et
2440 4357 2657 4413 Christo
2680 4374 2738 4412 se
2760 4367 2967 4414 asserat
2995 4375 3217 4415 servare
3245 4360 3448 4416 ﬁdem?

1840 4449 1949 4506 Aut
1986 4451 2108 4521 quis
2134 4464 2243 4505 non
2285 4448 2522 4504 libenter
2551 4464 2738 4504 eorum
2794 4448 2968 4520 fugiat
3022 4452 3406 4515 necessitatem
3430 4492 3445 4516 ,

1841 4557 1977 4611 quos
1998 4555 2156 4595 suum
2186 4539 2366 4594 videat
2394 4538 2771 4609 blasphemare
2802 4539 3177 4595 Salvatorem?
3206 4550 3263 4596 et
3320 4542 3445 4610 qui-

1838 4634 1941 4689 bus
1964 4633 2139 4702 ipsum
2173 4630 2493 4686 terribiliter
2521 4631 2707 4685 audiat
2738 4631 3149 4686 denuntiantem
3178 4650 3190 4684 :
3238 4630 3323 4685 Vw
3348 4632 3445 4685 tibi

1839 4721 2140 4788 Corozaim,
2166 4738 2242 4777 va:
2271 4722 2366 4776 tibi
2395 4720 2722 4787 Bethsaida;
2770 4724 2896 4792 quia
2921 4721 2967 4775 si
2993 4723 3050 4776 in
3080 4720 3219 4792 Tyro
3248 4732 3297 4776 et
3344 4722 3437 4777 Si-

1835 4814 1972 4869 done
2000 4812 2157 4883 facttv
2203 4821 2370 4867 essent
2398 4813 2614 4867 virtutes
2654 4828 2771 4883 qua:
2816 4811 2972 4881 facta:
3011 4821 3133 4866 sunt
3150 4812 3218 4865 ’in
3264 4812 3439 4877 vobis,

1835 4908 1963 4963 olim
1997 4908 2053 4961 in
2079 4908 2249 4961 cinere
2276 4916 2324 4960 et
2346 4906 2402 4959 in
2440 4904 2612 4960 cilicio
2646 4904 3004 4976 paenitentiam
3048 4904 3295 4978 egissent.
3343 4902 3447 4959 Ve-

1498 5005 1773 5062 BALUZII
1811 5000 2047 5060 NOTIE.

193 5108 221 5135 ι
254 5094 544 5149 Commune
575 5094 819 5150 habuisse
848 5100 1157 5157 convivium.
1193 5098 1271 5153 Ita
1312 5096 1490 5151 visum
1520 5105 1606 5151 est
1638 5098 1727 5152 edi

117 5166 331 5241 debere
372 5179 475 5234 pro
499 5180 567 5241 eo
588 5166 735 5241 quod
744 5166 945 5241 _editio
974 5169 1209 5241 Massoni
1244 5168 1423 5241 habet;
1452 5184 1729 5241 commune

116 5237 324 5290 cavisse
366 5234 678 5289 convivium.
714 5235 849 5290 Nam
891 5238 949 5291 in
990 5239 1179 5294 codice
1228 5254 1329 5294 ms.
1380 5238 1463 5293 sic
1499 5234 1730 5293 omnino

117 5306 392 5387 scriptum
418 5312 523 5369 est,
554 5304 635 5359 vel
672 5306 894 5387 apostoli
930 5309 1203 5387 credendis
1248 5324 1520 5387 commune
1553 5308 1729 5362 anisse

116 5377 417 5448 convivium
446 5388 465 5425 :
496 5390 564 5431 ex
612 5391 718 5445 qua
766 5377 1065 5448 scriptione
1108 5378 1496 5434 constituimus
1540 5392 1728 5433 veram

120 5445 443 5500 lectionem.

192 5518 221 5556 δ
247 5512 642 5587 Sitb__Claud_io.
666 5515 840 5587 Hujus
868 5517 1026 5572 famis
1070 5518 1321 5573 meminit
1362 5518 1631 5574 Eusebius
1668 5519 1726 5573 in

120 5585 261 5657 libro
285 5601 328 5657 ll
366 5583 517 5657 Hist.
552 5583 877 5657 Eccl.,i'cap.
910 5590 966 5651 8,
1000 5597 1056 5643 et
1084 5588 1137 5643 in
1167 5587 1457 5654 Chronico,
1488 5589 1579 5643 ubi
1602 5605 1724 5644 eam

119 5656 424 5729 contigisse
468 5656 680 5729 ait,‘ut
727 5656 962 5729 Baronio
1022 5659 1219 5720 visum,
1266 5668 1460 5727 quarto
1509 5659 1725 5729 imperii

117 5726 332 5783 Claudii
358 5726 599 5798 Augusti
639 5741 798 5782 anno.
844 5728 1044 5784 Verum
1091 5730 1147 5783 in
1195 5726 1464 5785 Chronico
1508 5726 1725 5787 Eusebii

1835 5094 1970 5151 nihil
2003 5093 2071 5149 de
2109 5106 2254 5162 anno
2278 5105 2385 5160 quo
2423 5089 2595 5146 fames
2623 5092 2714 5146 illa
2744 5090 2992 5162 contigit.
3027 5089 3116 5145 Ait
3145 5092 3293 5147 enim
3328 5101 3441 5148 tan-

1837 5175 1979 5233 tum,
2005 5161 2465 5233 quemadmodum
2502 5170 2558 5216 et
2600 5163 2655 5217 in
2702 5161 2965 5233 Historia,
2994 5177 3114 5233 eam
3144 5163 3442 5233 contigisse

1836 5236 1937 5291 sub
1956 5230 2201 5288 Claudio.
2228 5230 2408 5299 Quare
2428 5246 2712 5302 perperam
2734 5233 2837 5287 hoc
2858 5230 2977 5286 loco
3000 5230 3441 5287 Eusebium'cor-

1837 5306 1966 5377 rigit
1999 5303 2301 5377 Damnius;
2348 5303 2440 5370 qui
2471 5301 2593 5357 eam
2636 5303 3095 5377 famem_revocat
3133 5301 3437 5377 ad__se_cun-

1836 5370 1964 5431 dum
1993 5372 2206 5429 Claudii
2232 5387 2454 5434 annum,
2487 5373 2813 5427 auctoritate
2839 5371 3029 5427 Dionis
3056 5370 3255 5426 Cassii.
3285 5370 3439 5427 Jose—

1835 5448 1978 5515 phus
2028 5452 2236 5515 tamen
2301 5441 2558 5515 scaliger
2608 5444 2663 5515 in
2725 5440 3302 5515 Animadversionibus
3366 5443 3436 5499 ad

1836 5512 2148 5571 Chronicon
2198 5513 2417 5568 Eusebii
2460 5512 2757 5567 existimat
2800 5528 2921 5568 eam
2980 5512 3230 5567 evenisse
3286 5527 3435 5568 anno

1835 5584 2021 5641 mundi
2050 5582 2214 5649 206i,
2247 5584 2349 5638 hoc
2379 5590 2484 5647 est,
2514 5599 2658 5639 anno
2702 5583 2894 5652 quinto
2935 5582 3236 5652 imperante
3279 5580 3437 5637 Clau-

1836 5656 1943 5713 dio.
1984 5654 2241 5709 Nostrum
2272 5668 2377 5709 non
2423 5662 2506 5709 est
2550 5651 2878 5724 componere
2927 5654 3066 5708 hanc
3106 5651 3258 5707 litem
3291 5652 3433 5707 inter

1837 5733 2019 5783 tantos
2044 5725 2211 5780 viros.
