3918 6328
481 306 555 363 95
1478 313 1536 370 S.
1576 313 1932 371 AGOBARDI
1974 311 2285 370 EPISCOPI
2327 316 2814 372 LUGDUNENSIS
3727 322 3788 378 96

477 433 786 482 rumtamen
831 427 947 483 dico
984 429 1149 493 vobis,
1183 427 1320 493 Tyro
1348 439 1398 483 et
1443 429 1632 485 Sidoni
1671 429 1937 484 remissius
1991 429 2090 481 erit
2119 430 2171 488 Α
2200 429 2503 491 tristaates,
2529 436 2586 482 et
2614 429 2732 484 illos
2759 428 3126 496 lietilicanles,
3158 431 3594 498 patriarcharum
3626 450 3792 490 causa

474 531 636 586 quam
674 519 816 573 vobis
842 521 901 574 in
942 520 1028 575 die
1053 521 1271 591 judicii.
1327 520 1395 574 Et
1428 522 1483 575 in
1521 520 1922 592 Capharnaum,
1953 538 2087 574 nun-

473 606 604 678 quid
636 626 800 680 usque
830 613 885 664 in
915 612 1102 667 calum
1130 611 1487 667 exaltaberis?
1534 630 1698 684 usque
1720 614 1776 666 in
1821 612 2086 678 infernum

477 697 786 756 descendes.
823 701 961 767 Quia
985 704 1031 757 si
1057 705 1110 758 in
1137 703 1382 759 Sodomis
1422 705 1578 774 facta
1605 705 1826 769 fuissent
1871 707 2089 760 virtutes

481 804 602 859 qua:
643 792 803 860 facta
831 805 952 848 sunt
987 797 1040 848 in
1067 805 1138 861 te,
1165 795 1300 864 forte
1322 798 1637 851 mansissent
1659 814 1821 867 usque
1856 799 1926 851 ad
1951 799 2088 852 hanc

483 880 646 938 diem.
682 881 1050 940 Verumtamen
1079 887 1195 940 dico
1220 887 1384 960 vobis,
1406 890 1531 958 quia
1555 897 1709 942 terrm
1737 887 2085 943 Sodomorum

485 975 760 1029 remissius
808 977 904 1030 erit
932 977 986 1030 in
1013 978 1098 1031 die
1125 977 1319 1048 judicii
1350 1018 1364 1042 ,
1407 995 1566 1048 quam
1599 978 1692 1033 tibi
1741 977 1959 1050 (Matth.
2000 994 2084 1043 XI,

483 1065 575 1132 at,
601 1068 714 1140 22).

563 1181 681 1235 XX.
721 1182 1007 1238 Corozaim
1030 1198 1284 1255 namque,
1308 1193 1363 1241 et
1387 1184 1708 1250 Bethsaida,
1766 1193 1820 1239 et
1849 1184 2089 1255 Caphar-

485 1282 677 1335 naum,
715 1273 880 1329 urbes
904 1273 1160 1340 Galilzese,
1195 1276 1401 1331 idcirco
1426 1291 1456 1330 a
1483 1275 1764 1332 Salvatore
1819 1276 2088 1347 plangun-

485 1366 594 1424 tur,
628 1363 770 1430 quod
787 1373 909 1430 post
927 1372 1076 1419 tanta
1092 1367 1264 1436 signa,
1293 1374 1456 1436 atque
1481 1367 1732 1432 virtutes,
1747 1382 1855 1421 non
1879 1368 2092 1438 egerint

484 1453 881 1520 ptenitentiam.
902 1456 1272 1513 Prml‘eruntur
1297 1467 1478 1514 autem
1501 1460 1581 1515 eis
1608 1459 1786 1538 Tyrus
1812 1467 1869 1515 et
1897 1459 2086 1524 Sidon,

484 1547 626 1612 quod
655 1550 961 1604 naturalem
995 1558 1205 1606 tantum
1235 1551 1409 1622 legem
1435 1551 1798 1616 calcaverint,
1816 1552 1935 1606 istm
1959 1568 2090 1606 vero

485 1643 608 1704 post
635 1640 1129 1708 transgressionem
1168 1642 1430 1697 naturalis
1486 1641 1623 1713 legis
1669 1640 2087 1697 urbesidolola-

486 1725 604 1780 πίω
628 1735 683 1782 et
704 1730 853 1784 vitiis
883 1731 1094 1785 dedita}.
1113 1731 1180 1786 Et
1201 1730 1566 1802 praeferuntur
1589 1731 1881 1802 ideo,quod
1910 1731 2084 1802 Tyrus

482 1825 537 1871 et
570 1818 738 1875 Sidon
765 1830 819 1875 et
857 1823 1074 1891 scripta;
1099 1864 1113 1887 ,
1162 1824 1327 1878 etiam
1357 1823 1511 1894 signa
1568 1838 1690 1893 quas
1719 1824 1861 1894 apud
1889 1838 1983 1877 eas
2011 1821 2085 1876 fa-

482 1923 573 1971 cta
603 1922 752 1976 sunt,
800 1914 952 1980 parvi
986 1913 1280 1968 duxerunt.
1332 1914 1401 1969 Et
1436 1915 1564 1984 quia
1613 1929 1825 1980 revera,
1862 1913 1992 1968 licet
2035 1922 2091 1969 et

483 2020 592 2059 non
626 2005 812 2058 audire
843 2006 1130 2059 veritatem
1159 2013 1215 2060 et
1244 2006 1483 2060 auditam
1512 2015 1867 2060 contemnere
1904 2005 2089 2074 perni—

483 2096 696 2150 ciosum
724 2094 815 2159 sit,
849 2094 1019 2148 multo
1064 2104 1247 2150 tamen
1289 2104 1344 2150 et
1389 2095 1889 2164 incomparabiliter
1932 2092 2088 2162 pejus

483 2197 565 2242 est
593 2187 835 2241 auditam
868 2195 919 2240 et
949 2188 1221 2258 cognitam
1243 2195 1689 2253 contemnere,ct
1714 2193 2085 2249 contemptam

483 2277 736 2349 persequi
785 2278 1010 2339 insuper
1040 2317 1055 2341 ,
1106 2285 1163 2331 et
1206 2275 1612 2346 blasphemare.
1666 2275 1822 2342 Quod
1855 2275 2089 2344 apertis-

483 2367 618 2422 sime
639 2367 830 2421 beatus
861 2365 1057 2420 Petrus
1080 2366 1342 2431 ostendit,
1364 2366 1433 2420 de
1462 2366 1663 2421 talibus
1693 2366 1881 2420 dicens
1909 2383 1924 2419 :
1974 2364 2089 2420 He-

482 2460 584 2514 lius
623 2460 797 2529 fuerat
826 2460 934 2513 illis
971 2475 1076 2513 non
1098 2474 1409 2528 cognoscere
1439 2459 1578 2512 viam
1608 2458 1873 2528 justitiw,
1927 2475 2087 2529 quam

483 2561 594 2618 post
621 2551 969 2620 cognitionem
994 2561 1281 2604 retrorsum
1306 2551 1521 2618 reﬂecti.
1551 2549 1664 2605 lloc
1700 2559 1884 2605 autem
1916 2551 2090 2606 multo

483 2640 661 2694 adhuc
684 2641 992 2695 evidentius
1038 2641 1446 2696 demonstratur
1503 2641 1685 2696 verbis
1735 2640 1950 2696 Domini
1990 2657 2091 2710 per

484 2731 794 2800 parabolam
847 2731 929 2786 sic
984 2731 1304 2802 loquentis:
1347 2729 1482 2784 Cum
1520 2731 1826 2786 immundus
1869 2731 2089 2800 spiritus

483 2821 666 2876 exierit
693 2822 758 2874 ab
781 2822 1013 2888 homine,
1043 2821 1279 2875 ambulat
1307 2837 1402 2890 per
1441 2819 1558 2875 loca
1592 2821 1749 2875 arida
1777 2861 1792 2886 ,
1850 2837 2090 2892 quaerens

484 2913 734 2982 requiem,
759 2922 807 2964 et
843 2928 949 2965 non
982 2913 1194 2966 invenit.
1234 2910 1379 2964 Tunc
1417 2911 1575 2966 dicit:
1617 2910 1869 2964 Revertar
1894 2913 1949 2965 in
1995 2912 2091 2964 do-

484 3018 627 3055 mum
648 3018 842 3067 meam,
874 3002 1013 3056 unde
1037 3001 1194 3057 exivi.
1223 3001 1294 3055 Et
1318 3002 1527 3058 veniens
1557 3002 1750 3054 invenit
1796 3009 2088 3056 vacantem.

483 3094 657 3162 scopis
699 3093 1014 3147 mandatam
1042 3102 1092 3146 et
1128 3102 1392 3146 ornatam.
1430 3091 1576 3145 Tunc
1618 3092 1764 3144 vadit
1789 3101 1839 3144 et
1865 3093 2089 3144 assumit

484 3195 678 3254 septem
697 3185 829 3238 alios
850 3185 1068 3256 spiritus
1092 3186 1367 3256 nequiores
1393 3202 1467 3248 se,
1493 3194 1541 3239 et
1565 3185 1822 3238 intrantes
1847 3185 2086 3238 habitant

485 3276 575 3340 ibi,
600 3287 648 3330 et
677 3279 810 3345 ﬁunt
832 3278 1115 3332 novissima
1162 3278 1389 3332 hominis
1416 3277 1561 3332 illius
1581 3279 1765 3348 pejora
1785 3279 2048 3347 prioribus
2070 3293 2088 3330 .’

487 3369 562 3420 sic
590 3370 687 3420 erit
717 3378 765 3421 et
797 3369 1124 3439 generationi
1152 3370 1276 3423 huic
1325 3371 1585 3440 pessimaz.
1636 3369 1716 3424 Ex
1739 3385 1848 3439 quo
1875 3371 2088 3441 perspi-

489 3475 652 3514 cuum
682 3473 762 3516 est
792 3462 1133 3516 immundum
1182 3462 1503 3516 idololatria:
1536 3461 1787 3531 spiritum
1817 3464 1884 3516 de
1929 3464 2093 3518 corde

491 3553 761 3622 quondam
793 3554 972 3623 populi
1009 3553 1241 3617 Judaici,
1274 3570 1398 3608 cum
1424 3556 1475 3608 ei
1504 3554 1592 3608 lex
1614 3555 1735 3609 data
1759 3565 1877 3621 est,
1916 3572 2095 3611 reces-

489 3639 627 3695 sisse
652 3649 706 3694 et
737 3643 1043 3698 ambulasse
1078 3658 1201 3698 eum
1237 3643 1329 3697 diu
1373 3657 1469 3712 per
1512 3642 1632 3697 loca
1669 3645 1822 3699 arida
1851 3685 1864 3710 ,
1928 3645 2091 3700 corda

491 3734 744 3788 videlicet
769 3736 1051 3799 gentilium
1080 3735 1434 3799 infructuosa,
1467 3744 1632 3805 atque
1652 3737 1707 3790 in
1737 3738 1823 3792 bis
1845 3754 2094 3794 securam

491 3826 593 3880 sibi
629 3827 863 3882 voluisse
891 3826 1070 3884 facere
1103 3831 1460 3884 mansionem.
1497 3830 1606 3885 Sed
1641 3840 1695 3885 et
1720 3831 1847 3887 inde
1889 3834 1946 3888 in
1992 3835 2090 3889 ad-

495 3927 660 3972 ventu
687 3917 912 3978 Christi.
943 3921 1158 3976 cunctis
1202 3921 1254 3976 in
1283 3935 1410 3975 eum
1459 3922 1810 3977 credentibus
1863 3927 2099 3982 nationi-

490 4009 612 4072 bus,
637 4011 946 4080 expulsum,
970 4013 1038 4066 ad
1060 4012 1347 4083 pristinam
1371 4013 1590 4068 domum
1613 4029 1915 4083 reversum,
1931 4033 2095 4086 quam

494 4101 704 4156 invenit
739 4101 852 4157 Deo
898 4103 1118 4175 quidem
1149 4120 1401 4170 vacuam,
1439 4106 1753 4162 carnalibus
1776 4123 1907 4164 vero
1963 4111 2097 4182 legis

491 4197 965 4255 observationibus
990 4209 1262 4266 ornatam,
1284 4215 1316 4255 ι
1352 4200 1682 4257 Pharisaicis
1714 4203 2099 4266 traditionibus

491 4289 658 4343 veluti
685 4292 1020 4346 mandatam.
1055 4293 1122 4346 Et
1147 4293 1274 4360 quia
1305 4293 1445 4346 vidit
1473 4308 1595 4347 eam
1637 4293 1721 4346 sui
1761 4293 2101 4351 habitatione

491 4380 886 4452 dignissimam,
915 4392 1122 4454 septem
1150 4384 1284 4438 alios
1325 4385 1612 4453 nequiores
1640 4398 1698 4439 se
1758 4385 1983 4454 spiritus
2009 4401 2094 4441 as-

494 4472 755 4541 sumpsit;
801 4481 860 4527 et
891 4489 1015 4528 cum
1044 4475 1132 4529 his
1164 4473 1355 4528 intima
1385 4474 1556 4543 ipsius
1580 4483 1891 4544 penetrans,
1921 4477 2097 4531 novis-
2121 4481 2175 4540 D

493 4561 630 4614 sima
655 4558 773 4629 ejus
807 4561 990 4631 pejora
1023 4561 1153 4617 fecit
1179 4563 1468 4632 prioribus.
1509 4563 1695 4631 Majori
1729 4564 1927 4635 quippe
1948 4582 2094 4621 nunc

493 4651 687 4705 domus
730 4650 818 4706 illa
845 4652 1016 4721 plebis
1041 4650 1281 4708 Judaicie
1339 4653 1647 4708 daemonum
1676 4670 1903 4708 numero
1929 4657 2098 4724 possi-

493 4743 680 4807 detur,
728 4743 1111 4814 blaspbemans
1162 4745 1216 4798 in
1269 4746 1556 4816 synagogis
1613 4746 1725 4800 suis
1775 4746 2088 4815 Christum,

494 4850 656 4902 quam
694 4836 748 4890 in
787 4835 1026 4908 Egypto
1075 4852 1330 4903 possessa
1383 4837 1561 4892 fuerat
1616 4846 1741 4894 ante
1775 4838 1910 4909 legis
1953 4842 2094 4895 noti-

496 4926 649 4980 tiam.

568 5041 708 5096 XXI.
744 5042 969 5099 Frustra
1001 5046 1163 5115 igitur
1191 5044 1433 5102 fautores
1466 5044 1798 5110 Judmorum,
1835 5061 1935 5100 nos
1961 5062 2091 5100 con-

2191 518 2538 572 honorandos
2563 534 2657 573 eos
2684 528 2908 589 putant,
2948 529 3004 574 et
3026 521 3351 578 Christianis
3377 525 3562 581 dicere
3591 529 3792 582 audent

2190 609 2476 675 meliores;
2518 627 2642 665 cum
2691 612 2934 682 legamus
2981 616 3147 670 etiam
3187 617 3495 686 Agarenos,
3525 620 3618 687 qui
3651 635 3793 674 nunc

2190 707 2448 768 corrupto
2471 699 2732 754 vocabulo
2759 713 2783 740 ει
2814 699 3077 756 Saraceni
3103 713 3388 771 vocantur,
3410 705 3794 763 Amalachitas

2190 804 2404 857 quoque
2425 828 2440 854 ,
2478 797 2534 842 et
2577 789 2898 846 Madianitas
2922 833 2935 856 ,
2995 802 3157 863 atque
3190 793 3383 859 Afros,
3413 811 3483 851 ex
3510 795 3794 854 Abraham

2190 893 2359 949 genus
2382 889 2580 936 ducere
2603 923 2617 944 ,
2671 882 2899 952 ideoque
2928 900 3028 940 nec
3057 899 3150 940 eos
3188 888 3478 958 quisquam
3504 890 3591 945 vel
3618 892 3794 947 hono-

2190 969 2390 1025 randos
2431 971 2513 1024 vel
2552 971 2807 1027 meliores
2847 971 3174 1031 Christianis
3214 978 3406 1033 debeat
3444 981 3791 1037 existimare.

2190 1058 2308 1113 Non
2334 1061 2507 1114 solum
2540 1072 2724 1116 autem
2750 1060 2921 1118 Judaei
2962 1065 3214 1121 meliores
3246 1068 3403 1122 nobis
3430 1084 3554 1124 esse
3592 1085 3796 1140 neque-

2190 1157 2306 1213 unt,
2338 1151 2433 1204 sed
2459 1158 2515 1204 et
2535 1151 2640 1214 bis,
2676 1167 2812 1220 quas
2838 1168 3005 1223 supra
3037 1158 3479 1212 enumeravimus
3500 1199 3513 1222 ,
3561 1160 3797 1214 nationi-

2188 1239 2291 1293 bus
2318 1237 2528 1309 pejores
2552 1240 2902 1296 inveniuntur
2927 1261 2940 1295 :
2966 1244 3094 1312 quia
3121 1244 3223 1299 illae
3243 1247 3462 1317 quidem
3488 1263 3593 1302 nec
3618 1249 3794 1319 legem

2191 1340 2558 1400 acceperunt,
2608 1333 2698 1387 isti
2742 1349 2875 1390 vero
2920 1344 3043 1405 post
3080 1337 3262 1392 datam
3291 1338 3394 1394 sibi
3415 1339 3624 1410 legem,
3680 1351 3800 1409 post

2191 1421 2388 1477 missos
2413 1423 2481 1476 ad
2507 1438 2565 1477 se
2587 1425 2903 1493 prophetas,
2931 1427 3098 1480 etiam
3125 1427 3221 1480 Dei
3253 1427 3422 1482 tilium
3451 1429 3794 1485 occiderunt.

2191 1509 2250 1565 Si
2285 1525 2437 1577 vero,
2461 1513 2615 1581 juxta
2641 1513 2982 1585 Apostolum,
3012 1534 3117 1571 non
3141 1519 3233 1586 qui
3257 1516 3357 1586 ﬁlii
3393 1520 3591 1583 carnis,
3616 1520 3675 1572 hi
3702 1519 3796 1579 ﬁlii

2188 1612 2313 1655 sunt
2345 1603 2464 1668 Dei,
2491 1603 2582 1657 sed
2610 1605 2700 1674 qui
2737 1605 2837 1672 ﬁlii
2872 1608 3254 1676 promissionis,
3290 1609 3343 1662 hi
3374 1610 3723 1663 aestimantur
3752 1610 3797 1663 in

2187 1692 2421 1756 semine;
2465 1708 2598 1763 ergo
2636 1692 2828 1760 Judmi,
2861 1704 3125 1765 quantum
3172 1714 3204 1753 a
3250 1699 3518 1768 promisso
3558 1699 3798 1754 Abrahae

2113 1782 2158 1840 B
2189 1780 2431 1847 semine,
2467 1784 2522 1837 id
2551 1797 2668 1849 est,
2718 1785 2968 1852 Christo,
3009 1789 3249 1843 existunt
3280 1788 3466 1854 alieni,
3498 1798 3720 1844 tantum
3752 1795 3800 1845 et

2190 1869 2426 1925 illiorqu
2466 1873 2558 1927 Dei
2591 1873 2762 1944 gloria
2790 1876 3093 1945 probantur
3130 1878 3369 1948 indigni;
3401 1894 3502 1934 nec
3535 1879 3797 1934 Hierusa-

2187 1961 2292 2014 lem
2334 1963 2610 2018 coslestem
2661 1973 2890 2020 matrem
2918 1969 3093 2022 sortiti
3121 1977 3280 2034 sunt,
3331 1968 3425 2023 sed
3447 1967 3793 2023 Hierusalem

2188 2055 2469 2108 terrestris
2507 2064 2562 2109 et
2587 2056 2736 2125 Agar
2766 2059 3007 2124 ancillas,
3052 2074 3179 2128 quae
3204 2060 3256 2113 in
3285 2060 3605 2114 servitutem
3633 2075 3795 2130 gene-

2189 2152 2294 2208 rat,
2322 2143 2417 2197 tilii
2450 2155 2853 2201 remanserunt.

2262 2235 2425 2290 XXII.
2470 2235 2577 2291 Sed
2632 2238 2765 2308 quid
2805 2237 2938 2294 dicit
2987 2238 3309 2310 Scriptura?
3355 2240 3509 2312 Ejice
3540 2241 3797 2294 ancillam

2190 2337 2240 2382 et
2278 2327 2448 2398 ﬁlium
2493 2329 2630 2399 ejus.
2702 2330 2827 2384 Non
2853 2331 2992 2384 enim
3037 2332 3206 2384 lateres
3250 2333 3350 2385 erit
3392 2331 3536 2401 ﬁlius
3587 2332 3801 2385 ancilla:

2191 2437 2310 2474 cum
2333 2420 2448 2487 ﬁlio
2473 2420 2672 2476 liberm.
2717 2422 2986 2493 Expulsus
3011 2438 3141 2494 ergo
3177 2432 3262 2478 est
3299 2425 3364 2478 de
3385 2432 3616 2494 paterna
3640 2425 3801 2478 domo

2189 2509 2449 2566 Judaicus
2469 2513 2699 2582 pOpulus
2720 2555 2735 2579 ,
2765 2522 2928 2584 atque
2964 2516 3030 2570 ab
3057 2514 3378 2571 haereditate
3407 2516 3646 2570 ﬁliorum
3693 2518 3796 2572 Ec-

2194 2606 2407 2672 clesim,
2452 2622 2573 2676 qua:
2609 2624 2709 2679 per
2747 2607 3026 2663 Christum
3053 2609 3224 2666 libera
3254 2609 3444 2666 ell‘ecta
3473 2620 3578 2675 est,
3609 2627 3799 2682 segre-

2191 2702 2372 2765 gatus.
2431 2694 2567 2749 Nam
2609 2697 2751 2753 sicut
2780 2697 3047 2754 Dominus
3068 2699 3163 2766 ait,
3193 2717 3372 2755 servus
3400 2718 3504 2755 non
3529 2711 3713 2784 manet
3742 2703 3796 2754 in

2195 2785 2352 2841 domo
2396 2789 2452 2842 in
2491 2799 2767 2855 (sternam,
2815 2792 2959 2856 ﬁlius
2996 2804 3170 2847 manet
3210 2795 3266 2848 in
3293 2806 3568 2852 a-ternum.
3612 2794 3802 2850 Omnis

2193 2890 2372 2934 autem
2402 2882 2491 2952 qui
2521 2881 2649 2950 facit
2679 2893 2966 2953 peccatum,
3006 2901 3184 2938 servus
3206 2895 3280 2938 est
3304 2890 3540 2958 peccati;
3569 2901 3676 2943 nec
3705 2903 3804 2956 po-

2192 2980 2302 3027 test
2345 2988 2377 3026 a
2414 2971 2546 3044 jugo
2588 2975 2867 3030 servitutis
2897 2976 3052 3031 istius
3075 2976 3308 3044 absolvi,
3335 2979 3438 3033 nisi
3473 2993 3572 3048 per
3599 2979 3698 3033 Dei
3744 2978 3805 3033 ll—

2194 3063 2329 3117 lium
2369 3065 2632 3120 meruerit
2678 3066 2917 3120 liberari.
2976 3065 3145 3122 Judaei
3187 3069 3353 3138 igitur
3402 3065 3548 3139 (qui,
3584 3069 3805 3126 dicente

2117 3129 2161 3191 Ε
2196 3157 2470 3213 Domino:
2517 3157 2578 3212 Si
2605 3157 2749 3227 ﬁlius
2785 3176 2873 3212 vos
2919 3158 3253 3225 liberaverit,
3285 3177 3400 3215 rere
3431 3160 3586 3214 liberi
3629 3161 3802 3226 eritis,

2198 3246 2298 3317 ipsi
2332 3247 2550 3316 quidem
2594 3264 2702 3302 non
2750 3249 3010 3314 credunt,
3055 3265 3115 3304 se
3143 3257 3325 3304 autem
3352 3266 3536 3305 semen
3567 3250 3805 3306 Abrahm

2194 3351 2317 3392 esse
2359 3345 2412 3392 et
2436 3338 2640 3392 nemini
2669 3355 2906 3408 unquam
2932 3341 3164 3395 servisse
3195 3341 3517 3411 gloriantur)
3562 3357 3673 3396 non
3713 3359 3803 3397 so-

2195 3426 2308 3480 lum
2339 3443 2368 3481 a
2402 3427 2652 3484 libertate
2691 3430 2915 3498 spiritus
2951 3428 3263 3485 efﬁciuntur
3287 3433 3565 3496 extranei,
3612 3434 3710 3489 sed
3750 3443 3803 3489 ct

2196 3520 2432 3574 carnalis
2477 3521 2760 3576 servitutis
2811 3522 3162 3577 inveniuntur
3201 3525 3441 3579 obnoxii.
3482 3524 3676 3596 Neque
3699 3527 3801 3582 hoc

2196 3606 2400 3674 solum;
2433 3609 2530 3663 sed
2562 3616 2618 3662 et
2649 3608 2741 3662 lilii
2774 3619 3124 3677 perseverant
3156 3612 3391 3678 diaboli;
3433 3615 3575 3669 sicut
3605 3625 3664 3670 et
3700 3616 3802 3670 Do—

2198 3698 2379 3752 minus
2419 3699 2695 3764 ostendit,
2746 3700 2932 3754 dicens
2962 3701 3042 3755 eis
3083 3716 3098 3754 :
3154 3700 3258 3756 Vos
3294 3719 3359 3757 es:
3399 3713 3549 3773 patre
3588 3705 3802 3759 diabolo

2197 3789 2339 3855 estis,
2385 3798 2433 3842 et
2479 3790 2743 3843 desideria
2771 3793 2937 3860 patris
2965 3793 3117 3846 vestri
3147 3792 3302 3847 vultis
3325 3794 3519 3863 facere.
3572 3795 3662 3850 An
3692 3812 3798 3852 non

2196 3881 2367 3948 patris
2385 3881 2466 3934 sui
2497 3879 2767 3935 desiderio
2786 3882 3027 3950 quotidie
3051 3882 3414 3948 satisfaciunt,
3439 3893 3798 3942 contemnen-

2199 3979 2282 4025 tes
2331 3970 2524 4042 legem,
2574 3981 2896 4040 spernentes
2923 3976 3219 4044 prOpbetas
3239 4016 3254 4040 ,
3278 3985 3676 4046 persequentes
3705 3978 3802 4033 Ec-

2198 4060 2428 4117 clesiam
2456 4103 2472 4127 ,
2526 4070 2690 4132 atque
2732 4063 2909 4132 ipsum
2959 4063 3058 4119 Dei
3109 4064 3278 4120 ﬁlium
3314 4065 3803 4136 blasphemantes’

2197 4148 2334 4206 Cum
2378 4152 2496 4206 haec
2541 4168 2672 4222 ergo
2720 4152 2796 4208 ita
2841 4169 2901 4210 se
2929 4155 3196 4222 habeant,
3241 4173 3347 4226 qua
3382 4158 3597 4213 ratione
3628 4161 3802 4215 servis

2202 4240 2300 4296 Dei
2329 4246 2470 4297 servi
2496 4244 2730 4314 peccati,
2755 4243 2882 4300 ﬁliis
2904 4246 3089 4300 liberae
3115 4247 3208 4300 lilii
3231 4247 3463 4312 ancillae,
3488 4248 3798 4304 hmredibus

2201 4337 2553 4400 exhaaredati,
2585 4337 2681 4391 Dei
2715 4337 2844 4392 ﬁliis
2877 4337 2972 4391 ﬁlii
3005 4338 3201 4393 diaboli
3223 4337 3624 4409 praeferentur?
3655 4340 3801 4409 Quos

2204 4430 2466 4486 Dominus
2491 4443 2590 4498 per
2625 4429 2818 4484 Isaiam
2860 4431 3179 4501 prOpbetam
3218 4439 3368 4486 tanta
3415 4446 3444 4484 a
3481 4432 3659 4486 servis
3688 4433 3801 4488 suis

2201 4523 2468 4578 divisione
2495 4522 2728 4592 sejungit
2747 4562 2761 4588 ,
2805 4530 2866 4576 ut
2905 4529 2960 4576 et
3000 4536 3198 4576 nomen
3224 4521 3512 4591 pristinum
3543 4537 3641 4576 eos
3669 4522 3803 4577 ami-

2197 4615 2355 4680 sisse,
2380 4622 2436 4668 et
2457 4613 2602 4668 inter
2630 4621 2879 4667 mortuos
2913 4612 3166 4666 ostendat
3193 4611 3310 4682 jam
3343 4611 3630 4681 deputatus
3658 4626 3798 4672 esse.

2197 4703 2283 4757 his
2305 4701 2523 4756 verbis:
2556 4701 2692 4755 Ecce
2714 4702 2847 4756 servi
2875 4701 2977 4755 mei
3003 4701 3302 4765 comedent,
3344 4709 3392 4755 et
3419 4717 3508 4754 vos
3529 4701 3797 4754 esurietis.

2198 4793 2335 4848 Ecce
2360 4794 2493 4848 servi
2539 4794 2640 4848 mei
2670 4794 2842 4847 bibent
2870 4833 2886 4858 ,
2914 4802 2960 4846 et
2987 4809 3074 4846 vos
3107 4792 3316 4846 sitietis.
3375 4791 3514 4845 Ecce
3533 4792 3672 4844 servi
3703 4790 3802 4843 mei

2197 4884 2541 4950 lwtabuntur,
2571 4893 2620 4937 et
2648 4901 2735 4938 vos
2765 4883 3181 4953 confundemini.
3223 4882 3361 4936 Ecce
3399 4881 3534 4936 servi
3560 4882 3666 4934 mei
3694 4880 3803 4934 cla-

2197 4975 2412 5029 mabunt
2432 4992 2544 5045 prae
2584 4973 2931 5028 exsultatione
2958 4974 3131 5027 cordis
3151 5014 3166 5038 ,
3208 4983 3254 5026 et
3284 4989 3368 5027 vos
3390 4971 3665 5027 ululabitis
3692 4989 3802 5041 prta

2197 5066 2379 5120 do’ore
2404 5067 2600 5132 cordis,
2639 5075 2688 5120 et
2719 5082 2829 5136 prie
2851 5065 3162 5120 contritione
3186 5065 3403 5135 spiritus
3425 5063 3730 5128 ululabilis,
3755 5073 3802 5115 et

1853 5153 2138 5211 BALUZH
2179 5155 2415 5212 NOTAE.

567 5276 593 5305 δ
614 5264 868 5320 Saraceni
891 5275 1159 5320 vocantur.
1186 5265 1453 5321 Eusebius
1473 5265 1526 5320 in
1545 5266 1816 5320 Chronico
1842 5283 1853 5317 :
1880 5281 1899 5315 α
1925 5264 2091 5319 Abra-

497 5337 622 5406 ham
651 5349 715 5388 ex
748 5336 940 5391 ancilla
972 5336 1116 5405 Agar
1139 5340 1326 5406 genuit
1347 5336 1625 5406 lsmaelem
1655 5355 1667 5389 :
1700 5350 1741 5406 ar
1763 5350 1870 5406 quo
1890 5333 2092 5390 lsmae—

496 5405 715 5459 litarum
744 5422 899 5474 gens,
930 5403 1238 5474 qui'pos'tea
1278 5406 1537 5474 Agareni,
1583 5405 1780 5474 deinde
1829 5403 2092 5460 Saraceni

496 5474 650 5529 dicti.
690 5496 705 5526 ι
747 5473 812 5529 Et
837 5473 1134 5529 arbitratur
1173 5476 1234 5528 D.
1268 5473 1632 5545 Hieronymus
1677 5473 1981 5545 Saracenos
2011 5476 2094 5528 di-

495 5557 614 5599 ctos
651 5560 680 5598 a
718 5545 854 5600 Sara
887 5561 1056 5600 uxore
1083 5546 1331 5610 Abrahae,
1377 5544 1518 5600 sient
1559 5544 1792 5614 Agareni
1838 5545 2095 5599 dicuntur

498 5616 567 5685 ab
594 5615 738 5685 Agar
765 5616 979 5671 ancilla.
1027 5616 1131 5671 Sed
1161 5617 1304 5670 istud
1334 5616 1598 5684 improbat
1620 5613 1738 5668 los.
1768 5613 2012 5685 Scaliger
2036 5614 2092 5669 in

497 5684 1076 5742 Animadversionibus
1101 5686 1170 5740 ad
1195 5686 1502 5740 Chronicon
1533 5685 1769 5738 Eusebii.
1807 5684 2098 5738 Existimat

500 5755 648 5810 cnim
673 5759 855 5828 potius
883 5773 1005 5814 cssc
1027 5757 1396 5813 deducendam
1421 5755 1568 5811 verbi
1601 5755 1759 5824 hujus
1781 5754 2046 5824 originem
2070 5770 2099 5810 a

2199 5266 2388 5339 Sarak,
2411 5271 2553 5339 quod
2573 5271 2807 5326 Arabice
2823 5281 2977 5326 sonat
2994 5271 3240 5327 l’uraces:
3277 5289 3295 5322 ι
3327 5271 3524 5335 Quales
3544 5279 3693 5333 sunt,
3727 5271 3805 5324 in-

2198 5337 2337 5410 quit,
2388 5337 2481 5410 qui
2529 5341 2721 5397 Turcis
2767 5342 3021 5396 dicuntur
3067 5341 3262 5396 Cosaki
3323 5341 3563 5406 Tartari,
3611 5341 3805 5410 quales

2198 5408 2528 5476 Martolossi,
2556 5413 2747 5480 quales
2771 5410 3079 5482 Bandolieri
3120 5413 3174 5464 in
3216 5411 3511 5482 Pyrenaeis.
3544 5431 3572 5482 ᾼ»
3608 5408 3805 5467 Hiero-—

2199 5481 2552 5551 nymitamen
2584 5482 2896 5550 opinionem
2925 5479 3271 5551 Scaligericae
3299 5479 3521 5551 praefert
3541 5480 3804 5551 Innocen-

2199 5549 2309 5603 tius
2338 5550 2591 5605 Cironius
2614 5549 2668 5604 in
2699 5551 2894 5605 librum
2923 5567 2950 5602 ν
2983 5549 3273 5615 Decreta!"
3301 5551 3382 5604 tit.
3410 5550 3461 5604 6.
3490 5550 3802 5605 Genetii-ar-

2199 5617 2300 5674 dus
2323 5636 2454 5675 vero
2479 5630 2633 5690 putat
2659 5619 2960 5690 Saracenos
2983 5621 3160 5690 potius
3182 5622 3355 5677 dictos
3378 5635 3408 5674 a
3433 5620 3566 5676 Sara
3592 5630 3799 5685 monte,

2205 5703 2367 5758 quem
2391 5689 2519 5746 olim
2548 5690 2650 5761 ipsi
2677 5689 3004 5746 incolebant.
