3918 6356
153 429 224 482 97
1250 426 1337 480 DE
1373 425 1677 482 JUDAlClS
1715 422 2395 484 SUPERSTITIONIBUS.
3354 423 3428 481 98

152 543 428 596 dimittetis
462 558 648 594 nomen
679 551 900 594 vestrum
930 542 981 592 in
997 541 1356 609 juramentum
1382 541 1554 594 electis
1583 540 1748 602 meis;
1778 540 1829 597 Α
1855 555 1977 594 mur
2001 541 2250 595 absoluti.
2295 541 2598 596 Meminisse
2619 534 2818 596 etenim
2843 555 2942 596 nos
2972 549 3180 610 oportet
3205 558 3430 611 quomo-

153 643 202 685 et
229 632 505 700 interﬁciat
556 641 604 684 te
653 631 908 683 Dominus
940 630 1082 682 Deus
1112 639 1265 694 tuus,
1312 641 1359 683 et
1407 646 1581 683 servos
1624 645 1747 682 suos

152 721 364 774 vocabit
386 721 594 774 nomine
633 721 771 783 alio;
798 720 855 772 in
894 736 996 789 quo
1035 721 1122 790 qui
1165 720 1461 774 benedictus
1491 729 1563 772 est
1593 734 1749 788 super

150 821 375 874 terram,
404 810 734 864 benedicetur
758 811 813 862 in
841 808 951 862 .Deo
983 826 1134 863 auten
1151 826 1170 875 ;
1200 820 1246 863 et
1272 811 1360 880 qui
1385 810 1536 879 jurat
1565 811 1618 862 in
1644 819 1748 862 ter-

153 916 237 962 ra,
257 901 467 969 jurabit
494 901 548 952 in
578 899 803 953 Domino
827 916 998 953 amen.
1053 900 1283 954 Nomine
1308 901 1490 968 itaque
1511 900 1745 969 pristino

155 989 391 1059 p0pulus
440 988 700 1043 Iudaicus
746 989 1042 1058 spoliatus,
1095 999 1150 1044 et
1197 990 1597 1044 incredulitatis
1635 1006 1747 1045 sum

147 1081 329 1149 gladio
365 1090 712 1150 peremptus,
761 1079 948 1135 electis
981 1081 1076 1135 Dei
1120 1082 1338 1135 nomine
1378 1082 1482 1135 alio
1516 1082 1742 1145 vocatis,

149 1182 210 1227 et
248 1172 563 1229 Christiano
607 1172 869 1227 vocabulo
897 1173 1228 1237 benedictis,
1268 1181 1428 1243 atque
1455 1173 1508 1226 in
1539 1172 1744 1227 Christi

152 1271 500 1318 sacramenta
524 1261 743 1330 juratis,
776 1278 876 1318 nec
905 1264 1178 1332 exzequari
1207 1271 1405 1332 potest,
1428 1278 1531 1317 nec
1555 1277 1747 1331 corpo-

149 1353 258 1406 rali
277 1353 481 1422 saltem
510 1353 657 1406 victu
701 1353 900 1407 sociari
927 1352 1124 1418 debet,
1171 1353 1366 1420 quibus
1391 1367 1457 1406 ne
1486 1353 1598 1422 ipsa
1627 1353 1748 1421 qui-

149 1421 290 1496 dem.
314 1443 594 1497 servitutis
624 1443 980 1512 appellatione
1009 1443 1207 1498 meruit
1236 1443 1503 1513 copulari.

221 1551 414 1606 XXIII.
456 1552 514 1615 Si
544 1567 675 1607 vero
701 1563 756 1607 et
793 1553 896 1607 hoc
937 1554 1373 1619 consideremus,
1412 1556 1609 1623 quibus
1635 1555 1745 1610 vir-

147 1646 360 1700 tutibus
411 1645 744 1701 tabernaculi
772 1645 869 1701 Dei
899 1647 1166 1701 habitatio
1187 1689 1201 1711 ,
1250 1655 1303 1700 et
1340 1647 1515 1701 sancti
1544 1646 1744 1702 montis

145 1736 270 1804 ejus
297 1737 546 1791 ascensio
574 1736 749 1790 valeat
784 1737 1125 1805 comparari,
1155 1752 1262 1791 non
1291 1738 1574 1791 minimum
1603 1737 1746 1790 inter

143 1841 247 1881 eas
282 1827 458 1880 virtus
498 1826 587 1879 illa
615 1826 823 1880 obtinet
867 1825 1065 1891 locum,
1113 1842 1217 1895 qua
1244 1825 1530 1894 virjustus
1552 1826 1631 1887 ita
1662 1825 1743 1879 di-

146 1932 292 1987 gnus
317 1925 400 1971 est
426 1917 740 1971 conlaudari
756 1935 780 1970 ,ι
816 1917 896 1970 Ad
924 1917 1146 1971 nihilum
1170 1917 1424 1971 deductus
1446 1927 1520 1971 est
1544 1919 1599 1971 in
1617 1933 1743 1970 con-

143 2019 330 2075 spectu
367 2006 482 2075 ejus
528 2005 813 2075 malignus,
854 2006 1088 2059 timentes
1115 2016 1288 2059 autem
1313 2005 1594 2074 gloriﬁcat.
1652 2003 1745 2057 Fi-

144 2097 301 2151 deles
339 2098 524 2166 itaque
570 2107 624 2150 et
674 2097 928 2151 timentes
963 2098 1130 2150 Deum
1161 2096 1500 2167 gloriﬁcandi
1525 2104 1652 2151 sunt
1689 2095 1743 2166 in

142 2187 405 2242 omnibus
447 2195 611 2258 atque
651 2188 974 2242 honorandi.
1016 2187 1251 2256 Populus
1291 2197 1471 2242 autem
1521 2189 1610 2242 ille
1651 2188 1743 2257 qui

144 2284 298 2330 totus
343 2285 426 2331 est
452 2277 660 2345 positus
708 2277 760 2329 in
805 2276 1057 2347 maligno,
1105 2276 1304 2347 quique
1348 2277 1443 2330 Dei
1488 2277 1744 2331 virtutem

142 2375 201 2420 et
230 2367 328 2419 Dei
359 2366 680 2436 sapientiam
706 2381 811 2420 non
841 2366 1122 2436 cognovit,
1155 2382 1219 2420 ac
1249 2381 1346 2434 per
1367 2367 1471 2420 hoc
1502 2367 1556 2420 in
1589 2366 1744 2420 mali-

142 2456 375 2524 gnitatis
403 2463 460 2508 et
502 2455 706 2508 erroris
729 2463 999 2509 vetustate
1033 2457 1322 2518 remansit,
1355 2470 1452 2524 pro
1491 2455 1658 2509 nihilo
1689 2455 1744 2509 in

143 2554 444 2613 conspectu
495 2546 738 2600 omnium
785 2546 1122 2600 credentium
1163 2555 1251 2601 est
1294 2545 1605 2612 habendus;
1640 2563 1742 2602 nec

141 2635 396 2704 pecuniae
431 2643 525 2689 aut
553 2633 865 2689 divitiarum
898 2651 1122 2690 suarum
1153 2650 1320 2692 causa
1365 2638 1619 2707 cuiquam
1653 2638 1746 2693 bo-

145 2726 464 2789 norandus;
513 2725 607 2778 sed
654 2725 723 2778 ob
765 2739 952 2779 earum
1000 2726 1185 2794 potius
1219 2725 1564 2796 cupiditatem
1595 2728 1745 2797 lepra

144 2812 396 2868 Naaman
429 2827 712 2882 aspersus,
759 2814 828 2867 ab
870 2816 1018 2868 omni
1047 2814 1283 2869 ﬁdelium
1308 2815 1502 2885 populo
1529 2830 1629 2885 per
1658 2831 1746 2870 ve-

142 2919 271 2958 rum
302 2903 540 2959 Eliseum
567 2905 723 2973 aquis
757 2903 1101 2974 baptismatis
1123 2907 1360 2976 expiato,
1387 2915 1446 2962 ut
1475 2923 1599 2962 vere
1627 2923 1746 2962 sor-

144 2993 466 3049 didissimus
506 3001 669 3062 atque
700 2994 1165 3051 immundissimus
1211 2997 1608 3064 exsecrandus;
1661 3000 1746 3052 in-

143 3102 316 3156 super
342 3101 472 3141 vero
515 3095 572 3142 et
610 3087 898 3142 anathema
926 3086 977 3142 ei
1004 3099 1220 3157 semper
1247 3097 1303 3143 et
1330 3089 1531 3159 ubique
1558 3089 1742 3145 dicen-

143 3177 279 3233 dum
310 3193 442 3233 voce
471 3177 737 3248 Apostoli,
783 3179 875 3249 qui
917 3180 994 3233 ait
1032 3198 1044 3232 :
1096 3179 1154 3232 Si
1176 3181 1292 3250 quis
1320 3197 1422 3234 non
1458 3191 1602 3234 amat
1632 3180 1742 3235 Do-
1767 3213 1811 3275 Ο

144 3265 352 3317 minum
387 3274 622 3319 nostrum
644 3265 830 3320 Jesum
857 3263 1148 3331 Christum,
1193 3267 1261 3321 sit
1306 3269 1584 3322 anathema
1625 3285 1739 3324 ma-

146 3359 404 3411 ranatha.
424 3354 562 3409 Nam.
581 3356 625 3409 si
646 3356 692 3410 is
715 3356 807 3424 qui
828 3371 933 3410 non
957 3358 1211 3411 amatDei
1238 3357 1426 3422 ﬁlium,
1451 3359 1739 3413 anathema

143 3454 267 3502 est;
299 3461 432 3516 ergo
461 3445 553 3514 qui
573 3447 706 3510 odit,
737 3447 828 3514 qui
854 3441 1224 3516 persequitur,
1256 3448 1348 3517 qui
1377 3447 1738 3517 blasphemat,

142 3537 326 3592 multo
383 3538 562 3593 adhuc
613 3539 986 3593 detestabilius
1031 3540 1575 3597 anathematizandus
1633 3541 1735 3598 est.

146 3626 208 3682 Si
237 3627 361 3696 quis
387 3641 552 3696 porro
595 3629 853 3683 amicitiis
889 3628 1124 3684 libenter
1153 3629 1322 3698 ipsius
1349 3630 1608 3699 indulget,
1642 3645 1743 3685 nec

145 3715 294 3772 ferre
324 3715 396 3770 illi
428 3716 607 3784 impia:
628 3718 906 3773 societatis
933 3719 1191 3773 auxilium
1222 3721 1513 3784 erubescit,
1546 3722 1742 3776 merito

144 3815 202 3861 et
256 3806 371 3876 ipse
420 3807 603 3861 audiet
647 3808 792 3876 quod
840 3807 1099 3878 Josaphat
1140 3826 1234 3864 rex
1282 3826 1379 3879 per
1420 3813 1739 3880 prophetam

145 3898 366 3952 Domini
389 3899 700 3971 increpatus
730 3901 976 3966 audivit;
1011 3900 1182 3972 Impio
1217 3903 1416 3972 prtebes
1456 3903 1735 3966 auxilium,

145 3997 198 4040 et
223 3989 306 4041 his
332 3989 421 4058 qui
446 3988 668 4043 oderunt
699 3989 982 4044 Dominum
1010 3991 1244 4045 amicitia
1272 3993 1537 4062 jungeris,
1582 4003 1630 4046 et
1659 3994 1742 4046 id-

108 4079 290 4143 ‘eirco
328 4080 465 4131 iram
504 4078 718 4133 Domini
759 4082 993 4134 mereris.
1043 4081 1109 4135 Et
1156 4083 1373 4152 quidem
1420 4100 1516 4138 rex
1555 4084 1643 4138 ille
1687 4085 1740 4138 in

147 4169 368 4223 ceteris
394 4170 645 4225 omnibus
682 4169 913 4239 iustitia:
959 4172 1322 4227 testimonium
1357 4175 1595 4243 accepit;
1649 4175 1743 4229 sed

148 4259 204 4313 in
235 4260 338 4314 hoc
365 4259 704 4316 solummodo
733 4261 958 4316 offendit
984 4303 998 4326 ,
1039 4263 1240 4333 Deique
1263 4264 1398 4318 iram
1423 4266 1737 4334 promeruit,

148 4351 298 4420 quod
347 4351 526 4421 impiis
569 4358 625 4406 et
668 4351 838 4406 Deum
876 4353 1186 4408 odientibus
1213 4356 1471 4410 auxilium
1502 4357 1743 4425 pnebere

147 4449 205 4495 et
234 4442 504 4496 amicitias
530 4457 638 4496 non
664 4442 1014 4497 exhorruerit
1053 4444 1307 4513 copulare
1347 4463 1359 4497 :
1392 4460 1526 4513 quos
1557 4445 1744 4513 utique

1854 631 1921 684 do
1965 638 2020 682 et
2066 632 2328 698 propheta
2374 631 2483 694 ille,
2530 632 2619 699 qui
2649 631 2714 684 de
2739 631 2875 685 Juda
2916 632 3114 686 missus
3153 631 3328 686 fuerat
3372 635 3427 687 in

1851 721 2035 776 Bethel
2055 763 2068 784 ,
2099 723 2191 776 ubi
2229 725 2296 778 ab
2323 721 2613 777 Jerohoam
2639 739 2765 793 rege
2811 724 3071 778 Samaria:
3113 725 3312 778 vitulus
3338 741 3434 779 au-

1849 826 1976 864 reus
2000 811 2296 877 colebatur,
2345 829 2375 866 a
2402 813 2512 867 Deo
2555 814 2858 882 prohibitus
2886 831 2951 869 ne
2984 815 3092 869 illic
3120 817 3435 870 comede-ret

1849 900 1931 954 vel
1976 901 2226 966 biberet,
2277 903 2440 957 etiam
2490 905 2737 958 invitanti
2792 920 2849 958 se
2887 907 3000 974 regi
3042 906 3424 975 responderit:

1851 991 1911 1046 Si
1931 991 2136 1046 dederis
2165 995 2289 1047 mihi
2319 993 2544 1049 mediam
2569 1005 2767 1065 partem
2793 996 2980 1050 domus
2999 1005 3124 1062 tum,
3153 1014 3254 1050 non
3279 1014 3436 1051 man-

1847 1081 2049 1134 ducabo
2071 1099 2258 1151 panem
2278 1123 2292 1147 ,
2334 1100 2494 1154 neque
2533 1084 2704 1137 bibam
2735 1101 2928 1154 aquam
2957 1086 3010 1138 in
3041 1084 3152 1138 loco
3181 1088 3300 1139 isto.
3347 1087 3432 1139 lu-

1847 1185 2010 1239 super
2053 1179 2107 1223 et
2156 1187 2375 1225 munera
2414 1173 2595 1226 oblata
2634 1159 2733 1228 sibi
2770 1174 2838 1227 ab
2865 1175 3054 1228 eodem
3087 1190 3211 1246 rege
3259 1176 3432 1230 susci-

1844 1273 1976 1328 pere
2004 1259 2292 1314 recusavit.
2338 1261 2536 1315 Verum
2563 1261 2688 1330 quia
2715 1269 2900 1330 postea
2925 1263 3178 1316 seductus
3215 1278 3243 1316 a
3269 1279 3431 1332 pseu-

1846 1349 2178 1418 doprophela
2205 1350 2439 1418 quodam
2463 1390 2476 1414 ,
2529 1360 2718 1406 contra
2758 1360 3088 1419 praereptum
3119 1351 3332 1406 Domini
3375 1353 3429 1408 in

1847 1439 2036 1492 eodem
2067 1438 2184 1492 loco
2213 1439 2447 1492 comedit
2495 1449 2551 1494 et
2596 1440 2764 1505 bibit,
2801 1440 2896 1495 Dei
2917 1440 3125 1511 judicio
3148 1442 3291 1497 leoni
3318 1451 3430 1497 tra-

1847 1528 2024 1591 ditus,
2055 1536 2109 1580 et
2149 1528 2214 1581 ab
2236 1543 2302 1582 eo
2327 1528 2683 1597 interemptus
2713 1530 2984 1584 occubuit.
3036 1530 3169 1584 Nam
3197 1532 3340 1600 quod
3373 1531 3428 1584 in

1848 1617 2027 1671 Veteri
2077 1617 2424 1670 Testamento
2471 1617 2709 1687 religiosi
2753 1616 2923 1672 Judzci
2953 1617 3236 1689 diligenter
3264 1621 3430 1673 absti-

1845 1715 2079 1772 nuerunt
2122 1723 2153 1761 a
2192 1707 2315 1762 cibo
2351 1715 2407 1762 et
2444 1715 2575 1775 potu
2604 1706 2922 1770 inﬁdelium,
2967 1707 3059 1762 ubi
3088 1707 3192 1761 illis
3223 1723 3426 1777 praere-

1845 1805 1996 1865 ptum
2026 1797 2148 1851 sita
2173 1795 2402 1850 Domino
2428 1811 2534 1850 non
2558 1794 2714 1850 facile
2741 1796 3074 1863 advertitur;
3105 1800 3426 1852 documenta

1774 1875 1819 1933 Β
1849 1895 2030 1941 tamen
2057 1894 2273 1942 exstant
2300 1887 2368 1940 de
2389 1886 2649 1954 exemplis
2674 1899 2983 1942 sanctorum
3011 1927 3028 1954 ,
3048 1877 3209 1944 .sicut
3230 1891 3296 1945 de
3323 1890 3429 1944 Da-

1847 1975 1987 2030 niele
2014 1977 2279 2046 scriptum
2307 1983 2389 2031 est
2414 1994 2426 2028 :
2457 1975 2739 2046 Proposuit
2764 1987 2939 2030 autem
2965 1976 3156 2031 Daniel
3180 1981 3235 2033 in
3270 1981 3427 2033 corda

1845 2083 1939 2120 suo
1971 2084 2035 2120 ne
2055 2066 2374 2137 pollueretur
2399 2067 2462 2120 de
2505 2083 2685 2120 mensa
2733 2071 2887 2138 regis,
2915 2084 3080 2137 neque
3109 2069 3172 2122 de
3195 2071 3312 2123 riuo
3338 2087 3428 2140 po-

1845 2165 1928 2209 tus
1954 2157 2104 2226 ejus;
2133 2165 2182 2208 et
2208 2156 2406 2226 rogavit
2429 2158 2788 2212 eunuchorum
2812 2159 3150 2229 praepositum
3168 2200 3182 2225 ,
3216 2174 3278 2212 ne
3304 2176 3428 2212 con-

1844 2246 2212 2298 taminaretur.
2268 2244 2707 2316 Coneessumque
2745 2255 2829 2300 est
2875 2246 3120 2312 Danieli,
3181 2247 3425 2312 Ananizn,

1842 2335 2052 2389 Aza‘ria:
2070 2375 2085 2400 ,
2123 2343 2179 2389 et
2205 2335 2469 2400 Misaheli,
2508 2351 2634 2390 cum
2664 2338 2844 2391 caeteri
2872 2338 3026 2408 pueri
3046 2337 3301 2394 Israelita:
3330 2352 3424 2391 ve-

1845 2438 2127 2484 scerentur
2176 2431 2297 2486 cibo
2332 2431 2502 2501 regio.
2557 2430 2687 2498 Quae
2725 2433 3067 2487 observantia
3111 2434 3165 2488 in
3213 2439 3426 2489 tantum

1844 2520 2068 2576 inolevit
2097 2521 2238 2592 apud
2265 2518 2510 2585 Iudaeos,
2544 2529 2606 2575 ut
2644 2529 2884 2591 tempore
2909 2523 3173 2578 adventus
3212 2525 3423 2579 Domini

1844 2613 2121 2682 generalis
2149 2621 2293 2667 esset
2325 2613 2565 2667 omnium
2592 2629 2608 2679 ;
2639 2613 2713 2668 ita
2736 2622 2798 2668 ut
2817 2614 3060 2668 dicerent
3082 2616 3230 2686 impii
3254 2613 3428 2674 ιιιιὼιή

1845 2702 2128 2772 discipulis
2152 2700 2367 2757 Domini
2394 2720 2406 2754 :
2441 2701 2618 2768 Quare
2642 2719 2760 2757 cum
2786 2702 3078 2773 publicanis
3115 2715 3163 2758 et
3185 2714 3428 2775 peccato-

1845 2792 1989 2846 ribus
2027 2793 2365 2846 manducetis
2410 2803 2457 2847 et
2493 2793 2707 2848 bibitis?
2758 2802 2815 2847 et
2857 2809 2964 2849 non
2996 2794 3168 2849 solum
3199 2796 3288 2862 bi,
3330 2795 3428 2852 sed

1844 2886 2010 2940 etiam
2039 2884 2288 2939 inﬁdeles
2326 2884 2693 2954 disceptarent
2741 2885 3001 2940 adversus
3038 2885 3290 2951 Petrum,
3334 2885 3428 2956 qui

1841 2986 2000 3034 erant
2028 2992 2094 3032 ex
2125 2977 2554 3040 circumcisione,
2586 2977 2828 3031 dicentes
2855 2995 2866 3030 :
2904 2975 3079 3041 Quare
3108 2977 3334 3052 introisti
3359 2976 3429 3031 ad

1840 3070 1978 3124 viros
2006 3069 2320 3139 pritputium
2349 3067 2625 3134 habentes,
2663 3076 2711 3144 et
2737 3067 3093 3121 manducastis
3132 3084 3249 3120 cum
3274 3067 3379 3121 illis
3402 3068 3430 3121 !

1842 3161 2051 3229 Quibus
2081 3160 2289 3215 reddita
2335 3160 2555 3214 ratione
2584 3158 2861 3227 subiunxit
2887 3200 2901 3222 ,
2942 3160 3286 3229 respondisse
3323 3160 3427 3215 sibi

1842 3269 2035 3309 vocem
2066 3253 2133 3308 de
2157 3252 2297 3308 00310
2324 3252 2561 3308 secundo
2585 3266 2600 3305 :
2633 3250 2763 3316 Qua:
2790 3251 2931 3312 Deus
2959 3253 3252 3317 mandavit,
3282 3263 3339 3307 tu
3363 3247 3428 3308 ns

1843 3359 2117 3397 commune
2156 3342 2376 3396 dixeris.
2418 3341 2496 3394 Ex
2538 3357 2646 3410 quo
2684 3350 2925 3410 tempore
2963 3343 3127 3411 coepit
3156 3342 3424 3397 declarari

1842 3433 1987 3503 quod
2012 3433 2203 3486 beatus
2230 3430 2430 3485 Paulus
2452 3431 2669 3501 scripsit
2696 3449 2725 3503 :1
2746 3429 2934 3484 Omnia
2960 3432 3156 3486 munda
3192 3433 3422 3498 mundis,

1841 3523 2190 3593 coinquinatis
2217 3532 2391 3576 autem
2427 3532 2474 3575 et
2515 3521 2812 3590 inﬁdelibus
2851 3521 2982 3575 nihil
3010 3525 3262 3577 mundum
3292 3521 3420 3595 (Tit.

1843 3632 1884 3678 ι,
1915 3615 2022 3686 15).
2065 3614 2192 3681 Ουο,
2214 3603 2523 3669 testimonio
2559 3613 2688 3668 licet
2716 3613 2962 3682 plerique
3001 3614 3054 3666 in
3087 3615 3422 3668 contrarium

1843 3712 2089 3768 utantur,
2120 3703 2305 3769 idest,
2339 3711 2397 3757 ut
2440 3711 2661 3773 propter
2699 3703 2803 3757 hoc
2841 3711 3030 3772 putent
3068 3699 3177 3756 sibi
3217 3703 3425 3757 licitum

1842 3795 2140 3848 inﬁdelium
2179 3805 2394 3848 sumere
2436 3795 2625 3859 cibos,
2684 3802 2863 3849 tamen
2911 3802 3153 3847 nostram
3204 3794 3426 3848 omnino

1842 3885 2127 3940 conﬁrmat
2155 3887 2577 3953 observantiam,
2608 3895 2669 3940 ut
2693 3885 3092 3940 immundorum
3119 3884 3426 3940 immundas

1839 3975 2155 4030 noverimus
2179 3989 2302 4031 esse
2332 3991 2578 4040 mensas,
2611 3977 2737 4045 quia
2765 3976 3057 4044 inquinatas
3087 3983 3216 4028 sunt
3237 3989 3425 4029 eorum

1842 4074 1895 4122 et
1922 4083 2076 4122 mens
2103 4076 2160 4122 et
2201 4068 2553 4123 conscientia.
2611 4067 2892 4134 Quomodo
2914 4075 3107 4146 autem
3136 4066 3428 4122 immunda

1843 4174 1953 4213 non
1978 4166 2140 4213 erunt
2169 4174 2399 4224 mensat,
2427 4174 2656 4228 quorum
2681 4159 2964 4212 maledicta
2997 4167 3125 4213 sunt
3153 4160 3351 4214 horrea
3371 4166 3429 4215 et

1844 4250 2119 4318 apotheca:
2142 4249 2166 4302 ?

1914 4338 2081 4392 XXV.
2125 4337 2230 4393 Sed
2266 4340 2389 4408 quia
2435 4339 2503 4393 ad
2537 4339 2942 4394 maledictiones
2984 4338 3291 4396 inﬁdelibus
3330 4339 3426 4394 Ju-

1845 4431 1975 4484 dzcis
2005 4445 2034 4482 a
2064 4429 2174 4485 Deo
2204 4431 2487 4501 impositas
2530 4431 2819 4486 scribendo
2855 4433 3232 4501 pervenimus,
3268 4435 3432 4502 paulo

150 4545 262 4584 non
290 4544 413 4584 esse
444 4529 576 4584 alios
614 4545 777 4599 quam
821 4546 917 4586 eos
949 4532 1040 4600 qui
1068 4547 1100 4584 ει
1130 4532 1289 4586 domo
1319 4532 1486 4587 David
1511 4549 1569 4588 se
1600 4534 1745 4602 ipsos
1773 4551 1823 4609 Β
1849 4522 2208 4591 diligentiusa
2233 4522 2608 4592 superioribus
2636 4539 2730 4577 eas
2756 4532 3084 4592 repetamus.
3133 4526 3226 4581 Ait
3248 4528 3432 4597 itaque

147 4619 491 4682 exciderant,
521 4618 800 4674 evidenter
827 4619 1110 4690 Scriptura
1144 4621 1420 4688 designat;
1454 4623 1593 4676 sicut
1615 4632 1668 4676 et
1690 4625 1746 4678 hi

150 4708 328 4778 impii,
359 4716 414 4760 et
435 4706 644 4761 inimici
673 4721 888 4777 semper
939 4707 1030 4761 Dei
1058 4707 1169 4762 lilio
1197 4705 1387 4773 Judzei,
1432 4724 1464 4764 a
1500 4710 1613 4764 veri
1645 4710 1748 4764 Da-

149 4799 245 4854 vid
269 4800 430 4854 domo
449 4840 463 4863 ,
496 4814 616 4868 quae
642 4807 726 4853 est
751 4799 994 4855 Ecclesia
1016 4841 1029 4864 ,
1059 4815 1117 4855 se
1149 4801 1266 4870 ipso
1293 4811 1608 4874 segregant,
1636 4813 1692 4858 et
1715 4821 1745 4859 a

150 4903 324 4958 regno
344 4887 546 4943 Christi
571 4887 804 4951 abscisi,
835 4905 1062 4960 regnum
1087 4899 1407 4960 exspectant
1447 4907 1509 4946 ac
1536 4892 1747 4946 deside-

151 4989 281 5036 rant
317 4977 642 5035 Antichristi
668 5021 684 5046 ,
741 4996 904 5051 quem
948 4982 1211 5037 Dominus
1249 4983 1408 5039 Jesus
1452 4985 1751 5040 interﬁciet‘

150 5072 352 5141 spiritu
382 5071 496 5126 oris
551 5073 668 5137 sui,
711 5083 767 5128 et
812 5075 1055 5133 destruet
1088 5074 1448 5133 illustratione
1483 5079 1748 5133 adventus

151 5166 257 5222 sui.
301 5162 420 5218 Non
446 5163 623 5218 solum
649 5173 828 5218 autem
860 5166 1057 5235 ipsum,
1087 5167 1180 5221 sed
1201 5175 1255 5221 et
1284 5168 1417 5222 istos
1445 5169 1535 5236 qui
1565 5168 1749 5222 volue-

153 5266 282 5309 runt
313 5269 544 5325 regnare
577 5244 741 5323 super
765 5269 823 5308 se
842 5295 856 5319 ,
889 5255 1183 5310 secundum
1214 5257 1488 5327 Evangelii
1517 5260 1750 5327 parabo-

151 5348 301 5411 lam,
359 5355 586 5415 accepto
630 5345 891 5399 caelorum
941 5363 1140 5416 regno,
1188 5351 1501 5420 regrediens
1538 5351 1749 5420 iubebit

154 5437 390 5492 interﬁci
419 5449 478 5500 se
505 5445 797 5505 przeseute.

223 5527 418 5584 XXIV.
480 5526 669 5596 Erepti
724 5527 890 5598 igitur
949 5527 1017 5581 de
1084 5536 1351 5597 potestate
1401 5533 1746 5585 tenebrarum

153 5613 488 5681 Christiani,
541 5626 596 5671 et
642 5615 891 5672 translati
935 5618 990 5672 in
1043 5635 1269 5689 regnum
1320 5621 1414 5674 ﬁlii
1465 5623 1750 5678 eharitutis
1792 5625 1798 5630 '

152 5711 279 5775 Dei,
333 5709 648 5765 nullatenus
687 5709 947 5764 debemus
992 5724 1177 5764 eorum
1222 5711 1468 5765 convictu
1498 5721 1552 5766 et
1581 5715 1749 5769 socie-

154 5811 261 5856 tate
281 5801 473 5872 pollui,
503 5816 534 5853 a
565 5813 795 5870 quorum
827 5800 1106 5853 erroribus
1143 5801 1288 5854 omni
1330 5815 1524 5871 genere
1551 5804 1748 5872 proba-

1852 4612 2060 4682 Moyses
2106 4613 2254 4667 omni
2297 4613 2494 4682 populo
2534 4614 2834 4669 Israelitico
2869 4624 3018 4670 trans
3054 4614 3344 4671 Jordanem
3377 4618 3432 4672 in

1850 4705 2136 4759 solitudine
2157 4705 2453 4774 campestri
2481 4720 2494 4757 :
2525 4705 2609 4758 En
2630 4723 2861 4776 propono
2885 4707 2936 4760 in
2965 4718 3239 4777 conspectu
3263 4697 3431 4761 restio

1848 4796 2002 4849 hodie
2025 4796 2430 4850 benedictionem
2452 4805 2498 4848 et
2518 4796 2975 4861 maledictionem;
3000 4797 3429 4861 benedictionem,

1847 4891 1894 4944 si
1937 4889 2235 4944 obedieritis
2279 4890 2544 4942 mandatis
2587 4891 2836 4977 Domini;
2884 4889 3335 4954 maledictionem,
3384 4893 3431 4944 si

1851 5002 1951 5038 non
1982 4984 2255 5037 audieritis
2285 4982 2538 5036 mandata
2569 4982 2667 5035 Dei
2698 4985 2871 5036 vestri.
2922 4982 3051 5046 Cum
3079 4984 3432 5039 introduxerit

1849 5085 1896 5128 te
1924 5075 2180 5128 Dominus
2209 5073 2352 5128 Deus
2387 5082 2508 5126 tuus
2539 5073 2595 5125 in
2625 5081 2817 5126 terram
2850 5072 2920 5126 ad
2946 5089 3102 5143 quam
3142 5074 3315 5143 pergis
3337 5073 3433 5127 ha-

1851 5167 2119 5219 bitandam
2143 5206 2157 5228 ,
2187 5181 2344 5234 pones
2373 5163 2778 5219 benedictionem
2818 5180 2975 5233 super
3006 5173 3232 5217 montem
3271 5163 3428 5218 Cari-

1851 5258 1951 5309 zim
1979 5297 1992 5320 ,
2039 5257 2454 5309 maledictionem
2499 5271 2654 5324 super
2697 5266 2921 5307 montem
2950 5254 3142 5319 Hebal,
3183 5255 3273 5324 qui
3307 5265 3433 5312 sunt

1849 5358 1996 5401 trans
2033 5347 2342 5401 Iordanem.
2378 5345 2507 5412 Qum
2536 5348 2701 5400 verba
2737 5361 2858 5399 cum
2884 5343 3283 5423 permaguilleis
3308 5360 3433 5402 scn-

1850 5438 1999 5492 sibus
2026 5439 2182 5508 plena
2226 5439 2362 5500 sint,
2409 5454 2514 5491 non
2543 5449 2667 5490 ante
2703 5446 2996 5506 potuerunt
3029 5437 3284 5511 impleri,
3325 5435 3432 5495 nisi

1848 5529 2087 5583 Jordane
2126 5527 2384 5590 transito,
2431 5529 2480 5581 id
2509 5536 2622 5590 est,
2659 5528 2909 5594 baptismi
2938 5537 3278 5584 sacramento
3305 5539 3429 5584 eor-

1849 5635 1981 5688 pore
2013 5617 2213 5672 Christi
2243 5619 2400 5672 tactis
2428 5618 2582 5687 aquis
2608 5616 2916 5671 Jordanicis
2946 5617 3211 5672 dedicato.
3268 5616 3432 5672 Gari-

1853 5711 1960 5763 zim
2003 5723 2277 5778 namque,
2334 5710 2427 5777 qui
2481 5709 2869 5776 interpretatur
2895 5708 3108 5772 divisio,
3162 5708 3433 5780 signiﬁcat

1851 5801 2197 5872 aposmlicam
2228 5800 2437 5869 plebem
2468 5799 2696 5854 divisam
2726 5800 2793 5854 ab
2820 5797 3117 5854 inﬁdelium
3135 5795 3424 5873 svn'agoga,
