3918 6320
447 379 516 431 99
1441 380 1498 435 S.
1541 377 1893 437 AGOBARDI
1935 378 2245 436 EPlSCOPl
2283 381 2770 439 LUGDUNENSIS

3645 383 3749 437 ἴω

440 498 591 551 sicut
618 494 818 551 Paulus
846 495 913 551 de
944 511 1004 553 se
1034 496 1151 566 ipso
1182 496 1261 551 ait
1294 514 1306 549 :
1358 494 1491 552 Cum
1517 507 1694 551 autem
1732 495 2045 566 complacuit
2076 505 2127 562 Α
2151 496 2316 551 donec
2358 507 2407 551 te
2448 509 2703 552 conterat.
2770 497 2884 553 lloc
2921 499 3167 569 profecto
3195 506 3281 553 cst
3310 498 3454 568 quod
3488 512 3659 567 supra
3690 499 3755 552 de

447 589 497 669 ei
526 588 616 657 qui
645 605 724 642 me
750 589 1039 659 segregavit
1061 588 1127 642 de
1152 598 1298 642 utero
1324 589 1510 642 matris
1530 604 1681 653 meas,
1710 596 1765 641 ut
1798 586 2049 640 reuelaret

449 678 621 749 [ilium
648 695 802 732 suum
836 680 889 733 in
920 695 1003 746 me
1027 720 1042 743 ,
1094 696 1199 733 non
1247 679 1489 749 adquievi
1515 679 1664 733 carni
1688 688 1737 732 et
1778 679 2045 748 sanguini.

452 768 621 823 Hebal
647 778 853 833 autem,
880 770 974 840 qui
1006 770 1403 838 interpretatur
1432 784 1633 841 vorago
1662 776 1850 831 vetus,
1881 768 2052 840 signi-

452 861 582 915 ﬁcat
617 861 899 916 carnalem
940 869 996 917 et
1032 845 1312 917 infidelem
1359 860 1699 932 Synagogam
1722 901 1735 921 ,
1790 876 1911 929 qua:
1940 875 2051 914 non

451 950 725 1020 acquievit
757 952 995 1006 transire
1024 952 1091 1004 ad
1124 952 1425 1006 novitatem
1448 953 1673 1022 spiritus
1698 952 2047 1018 vivilieantis,

448 1042 546 1095 sed
570 1042 763 1097 maluit
792 1058 1079 1099 remanere
1106 1044 1163 1098 in
1198 1051 1471 1100 vetustate
1499 1046 1697 1100 littera:
1725 1042 2047 1099 occidentis.

447 1129 638 1199 ibique
682 1132 765 1191 eis
810 1135 1330 1202 perseverantibus,
1387 1137 1702 1205 supervenit
1751 1135 2053 1189 immensus

443 1220 647 1277 ﬂuvius
692 1224 1135 1279 maledictionum
1165 1267 1179 1291 ,
1228 1227 1384 1297 juxta
1429 1227 1576 1297 quod
1621 1226 1883 1297 scriptum
1918 1233 2047 1280 est:

447 1311 609 1368 Facti
637 1324 760 1368 sunt
783 1316 1047 1387 principes
1075 1315 1225 1370 Juda
1248 1357 1263 1381 ,
1296 1317 1449 1387 quasi
1490 1316 1822 1370 adsumentes
1868 1316 2052 1367 termi-

446 1420 601 1457 num.
646 1402 818 1473 Super
839 1421 926 1458 eos
948 1406 1246 1475 effundam,
1279 1406 1433 1477 quasi
1454 1422 1669 1476 aquam,
1695 1406 1833 1458 iram
1858 1420 2049 1458 meam.

448 1493 519 1547 Et
542 1494 683 1549 sicut
714 1510 905 1549 omnes
941 1497 1166 1551 omnino
1210 1496 1602 1566 promissiones
1640 1503 1695 1551 et
1720 1495 2055 1549 benedictio-

444 1600 550 1641 nes
585 1588 972 1655 requieverunt
1035 1602 1202 1658 super
1262 1588 1619 1659 apostolicam
1666 1587 1908 1658 plebem,
1972 1588 2054 1642 sic

447 1696 644 1737 omnes
688 1681 1146 1736 comminatioues
1190 1690 1245 1735 et
1285 1681 1694 1741 maledictiones
1720 1679 2057 1735 confirmatae

448 1780 580 1826 sunt
608 1786 770 1841 super
806 1786 1137 1842 synagogam
1167 1771 1385 1827 Satanae
1410 1812 1424 1836 ,
1460 1766 1577 1842 ipso
1613 1771 1807 1826 ordine
1837 1770 1917 1825 rei
1946 1785 2055 1841 quo

2154 587 2446 658 Evangelio
2470 588 2786 658 posuimus:
2819 587 2989 643 Erunt
3016 589 3295 643 novissima
3322 587 3555 641 hominis
3583 585 3755 648 illius.

2154 676 2340 744 idest,
2370 678 2437 733 ad
2461 694 2623 749 quem
2652 679 2878 749 spiritus
2901 679 3216 734 immundus
3244 693 3369 734 eum
3396 678 3520 732 aliis
3545 684 3757 746 septem

2155 785 2214 826 se
2242 771 2359 842 ipso
2405 771 2761 841 aequioribus
2806 772 3080 843 ingressus
3126 771 3327 835 fuerit,
3378 772 3567 842 pejora
3607 770 3757 840 prio-

2156 862 2322 917 ribus.

2225 952 2415 1008 XXVI.
2458 953 2526 1008 Et
2570 955 2689 1009 haec
2716 953 2936 1024 quidem
2982 952 3226 1009 breviter
3268 953 3543 1017 diximus,
3589 966 3662 1006 ac
3694 950 3761 1006 de

2155 1043 2342 1098 multis
2382 1059 2553 1114 pauca
2602 1044 2919 1113 libavimus;
2969 1047 3208 1101 strictim
3255 1046 3464 1101 scilicet
3510 1044 3763 1099 volentes

2154 1134 2442 1189 ostendere
2466 1137 2686 1205 quantis
2714 1136 3155 1193 benedictionum
3188 1135 3507 1191 muneribus
3537 1135 3762 1205 dignam

2154 1226 2544 1296 praeparaverit
2583 1227 2724 1281 Deus
2760 1227 3112 1297 apostolicam
3138 1226 3380 1295 plebem,
3428 1224 3765 1295 quantisque

2155 1315 2487 1371 econtrario
2532 1315 3001 1371 maledictionibus
3054 1316 3170 1371 suis
3221 1315 3431 1370 meritis
3493 1314 3766 1383 repletam

2156 1406 2429 1463 infidelem
2459 1408 2720 1478 repulerit
2750 1423 3112 1480 synagogam;
3153 1415 3424 1478 quatenus
3463 1413 3519 1460 et
3552 1405 3605 1460 in
3650 1404 3767 1459 ele-

2157 1499 2263 1553 ctis
2288 1499 2606 1570 impleretur
2632 1499 2777 1568 quod
2812 1500 3128 1569 praedictum
3170 1497 3379 1563 fuerat;
3426 1496 3635 1551 etenim
3671 1494 3768 1548 be-

2158 1584 2499 1645 nedictiones
2529 1588 2679 1643 dabit
2724 1588 2818 1658 qui
2861 1588 3036 1658 legem
3086 1587 3268 1653 dedit,
3298 1586 3635 1641 benedicens
3674 1597 3769 1638 eos

2156 1679 2409 1734 videlicet
2427 1677 2585 1748 juxta
2621 1676 2941 1750 Apostolqu
2970 1680 3027 1733 in
3076 1678 3219 1732 omni
3267 1675 3629 1731 lienedictione
3663 1674 3770 1744 spi-

2159 1771 2305 1826 ritali
2334 1774 2392 1827 in
2417 1771 2709 1827 caelestibus
2748 1773 2804 1825 in
2833 1769 3061 1825 Christo.
3100 1769 3170 1823 Et
3198 1768 3305 1823 illis
3337 1768 3430 1837 qui
3460 1782 3561 1822 nec
3591 1764 3769 1835 Moysi

450 1860 666 1931 Moyses
711 1860 1046 1930 prmdixerat
1079 1862 1261 1915 verbis
1308 1861 1495 1916 dicens
1537 1879 1549 1913 :
1588 1859 1905 1913 Maledictus
1953 1860 2057 1914 eris
2086 1849 2133 1909 Β
2161 1864 2390 1929 litteris,
2434 1879 2537 1919 nec
2567 1863 2751 1919 verbis
2781 1861 2983 1917 Christi
3017 1860 3387 1924 crediderunt,
3434 1874 3498 1912 ac
3532 1874 3634 1928 per
3668 1858 3771 1912 hoc

450 1952 506 2004 ίη
534 1950 743 2004 Civitati?
772 1989 789 2015 ε
839 1950 893 2003 id
922 1957 1009 2005 εει
1032 1990 1047 2015 ν
1097 1948 1470 2014 Hierusalem;
1512 1947 1822 2001 maledicum
1848 1948 1904 2001 ίη
1927 1964 2056 2018 agro
2155 1952 2305 2023 justo
2327 1953 2423 2009 Dei
2450 1952 2660 2023 judicio
2680 1946 2960 2023 reprobati
3001 1959 3128 2007 sunt
3152 1990 3165 2015 ,
3220 1950 3311 2004 illa
3337 1949 3654 2005 maledictio
3684 1964 3771 2003 su-

451 2042 639 2097 mundi
674 2042 984 2112 dispersus;
1030 2040 1368 2095 maledictum
1408 2041 1655 2108 horreum
1688 2048 1859 2092 tuum.
1901 2038 2059 2105 Quod

451 2134 558 2189 alia
588 2134 875 2189 translatio
899 2134 981 2188 sic
1008 2133 1143 2188 dicit
1171 2151 1185 2185 :
1230 2132 1532 2187 Maledicta:
1558 2131 1823 2203 apotheca:
1853 2140 1981 2193 tum,
2008 2139 2058 2184 et

453 2244 633 2281 omnes
673 2226 911 2297 reliquid:
949 2236 1090 2291 tum,
1138 2224 1448 2279 maledictus
1493 2223 1699 2293 fructus
1732 2222 1925 2276 ventris
1956 2222 2054 2285 tui,

452 2330 501 2372 et
528 2319 732 2389 fructus
764 2327 919 2372 terra:
944 2326 1073 2371 tum.
1104 2316 1422 2371 Maledictus
1452 2316 1557 2369 erit
1590 2314 1914 2386 ingrediens,
1962 2328 2061 2367 na-

454 2409 657 2485 scendo
686 2409 738 2463 in
767 2409 910 2463 hanc
944 2408 1145 2472 vitam;
1175 2416 1220 2461 et
1243 2406 1558 2461 maledictus
1582 2405 1852 2476 egrediens
1876 2403 2054 2475 (Deut.

457 2516 659 2566 xxvm,
688 2500 776 2565 l7,
812 2500 898 2563 18,
936 2499 1046 2569 l9),
1075 2497 1357 2553 moriendo
1392 2497 1668 2560 videlicet,
1702 2496 1768 2550 de
1796 2495 1899 2549 hac
1927 2503 2057 2547 rita.

455 2592 527 2647 Et
553 2601 677 2662 post
706 2592 877 2647 multa
914 2610 926 2645 :
956 2591 1174 2646 Advena
1198 2631 1213 2655 ,
1248 2590 1462 2659 inquit,
1491 2590 1582 2660 qui
1620 2597 1795 2642 tecum
1825 2596 2063 2641 versatur

454 2683 511 2737 in
542 2693 706 2746 terra,
736 2683 789 2736 id
819 2691 925 2748 est,
957 2681 1189 2752 populus
1214 2681 1490 2751 gentium,
1539 2679 1782 2733 ascendet
1818 2695 1977 2746 super
2013 2687 2063 2731 te

456 2775 661 2844 eritque
680 2772 980 2837 sublimior,
1010 2772 1242 2827 effectus
1271 2771 1523 2825 videlicet
1554 2768 1695 2824 filius
1722 2768 2066 2838 patriarcha-

455 2878 600 2928 rum,
649 2872 706 2918 et
730 2864 910 2918 socius
942 2863 1144 2918 radicis
1186 2862 1346 2917 oliva:
1388 2868 1445 2915 et
1486 2859 1831 2932 piuguedinis
1866 2858 2061 2913 factus.

460 2953 542 3008 Tu
592 2964 767 3008 autem
811 2954 1113 3017 descendes,
1162 2962 1209 3007 et
1259 2952 1363 3006 eris
1413 2950 1654 3019 inferior,
1708 2950 1957 3005 abscisus
1997 2949 2064 3003 ab

456 3046 598 3111 olea,
624 3056 679 3101 et
707 3048 884 3101 siccus
909 3047 961 3101 in
993 3055 1136 3100 terra
1161 3044 1388 3113 .jacens,
1430 3043 1544 3111 igni
1572 3042 1898 3096 destinatus.
1944 3039 2066 3110 Ipse

2160 2045 2493 2114 perveniret,
2542 2060 2663 2114 qua:
2704 2044 2772 2098 ab
2807 2044 2925 2113 ipso
2954 2042 3138 2112 Moyse
3169 2042 3244 2096 ita
3288 2040 3472 2095 fuerat
3510 2054 3774 2109 praenun-

2163 2135 2297 2188 tiata
2324 2152 2337 2188 :
2377 2132 2697 2187 Maledictus
2729 2135 2899 2187 omnis
2922 2133 3013 2203 qui
3044 2148 3149 2185 non
3177 2132 3527 2201 permanserit
3558 2131 3615 2183 in
3659 2146 3775 2184 ver-

2164 2225 2241 2279 bis
2278 2224 2406 2294 legis
2438 2224 2625 2297 hujus,
2668 2231 2730 2277 ut
2761 2218 2926 2278 faciat
2951 2238 3047 2287 ea,
3094 2222 3290 2276 nolens
3318 2221 3509 2276 audire
3535 2222 3687 2290 quod
3720 2222 3770 2275 in

2163 2331 2227 2370 ea
2278 2315 2543 2384 scriptum
2594 2321 2714 2369 est:
2748 2313 2915 2368 Juxta
2959 2322 3008 2366 te
3050 2321 3125 2366 est
3160 2311 3371 2386 verbum
3414 2310 3566 2365 valde
3593 2311 3650 2363 in
3684 2327 3773 2364 ore

2164 2419 2277 2472 tuo,
2310 2415 2358 2461 et
2387 2407 2441 2460 in
2461 2402 2618 2459 corde
2647 2415 2758 2470 tuo,
2797 2414 2854 2458 ut
2893 2404 3062 2473 facias
3095 2401 3251 2457 illud.
3286 2400 3440 2469 Quod
3470 2401 3775 2472 Apostolus

2165 2497 2248 2553 sic
2276 2498 2538 2568 exponit:
2578 2494 2694 2549 Hoc
2721 2504 2797 2549 est
2823 2494 3035 2549 verbum
3066 2493 3191 2563 ﬁdei
3225 2492 3366 2563 quod
3390 2492 3772 2562 praedicamus.

2169 2588 2435 2656 Quoniam
2456 2590 2503 2643 si
2538 2587 2807 2657 confessus
2835 2586 3002 2657 [ueris
3031 2586 3087 2640 in
3112 2601 3202 2638 ore
3229 2593 3319 2655 tuo
3346 2578 3638 2638 Dominum
3681 2583 3776 2636 Jc-

2166 2697 2305 2743 sum,
2328 2688 2377 2733 et
2398 2679 2686 2734 credideris
2709 2680 2766 2733 in
2790 2677 2947 2733 corde
2982 2686 3071 2731 tuo
3103 2676 3242 2747 quod
3279 2675 3422 2729 Deus
3451 2691 3574 2729 eum
3601 2678 3778 2729 susci—

2166 2771 2297 2825 tavit
2322 2787 2354 2823 a
2378 2770 2619 2834 mortuis,
2668 2767 2845 2823 salvus
2894 2769 3016 2822 eris.
3076 2764 3247 2821 Corde
3268 2766 3412 2820 enim
3435 2767 3676 2821 creditur
3705 2766 3775 2819 ad

2169 2858 2453 2929 iustitiam,
2476 2877 2565 2913 ore
2585 2869 2765 2913 autem
2790 2859 3050 2929 confessio
3075 2858 3136 2927 ﬁt
3161 2858 3231 2911 ad
3261 2856 3508 2912 salutem.

2210 3016 2213 3017 ν
2242 2950 2462 3005 XXVII.
2503 2950 2752 3005 Breviter
2776 2965 2905 3021 ergo
2931 2951 3034 3005 ista
3067 2964 3098 3002 a
3130 2948 3288 3003 nobis
3315 2947 3612 3019 perstricta
3639 2947 3776 3003 sint.

2172 3041 2309 3096 Nam
2354 3050 2407 3096 et
2436 3041 2738 3096 cedendum
2772 3050 2858 3096 est
2885 3041 3185 3111 majoribus
3210 3079 3225 3105 ,
3261 3039 3643 3095 subtilioribus
3664 3079 3681 3103 ,
3718 3055 3782 3095 ac

459 3141 556 3193 erit
580 3139 637 3193 in
663 3147 843 3208 caput,
874 3147 922 3191 et
951 3147 1007 3190 tu
1043 3136 1148 3190 eris
1186 3135 1242 3189 in
1270 3131 1519 3189 caudam.
1572 3132 1640 3187 Et
1674 3147 1818 3187 nunc
1844 3132 2070 3186 veniunt
2113 3206 2131 3208 _
2173 3134 2618 3201 fecundioribus,
2666 3134 2865 3205 quibus
2895 3134 3153 3204 perfacile
3179 3142 3263 3189 est
3289 3132 3481 3188 altiora
3520 3142 3575 3188 et
3596 3134 3785 3189 occul-

462 3229 683 3299 quidam
726 3244 825 3297 per
869 3244 928 3283 se
970 3243 1065 3282 eos
1109 3235 1373 3281 conantes
1420 3224 1603 3279 levare
1648 3224 1701 3277 in
1739 3233 1901 3292 caput
1925 3215 2069 3276 unde
2096 3206 2141 3267 C
2174 3228 2315 3282 riora
2356 3225 2520 3295 hujus
2566 3227 2644 3281 rei
2690 3226 2930 3296 pandere

465 3320 821 3384 ceciderunt,
876 3319 1034 3388 quasi
1083 3333 1191 3372 non
1247 3317 1482 3371 debeant
1527 3329 1649 3370 esse
1687 3315 1741 3368 in
1785 3313 2065 3368 caudam:

464 3410 609 3480 quod
633 3410 820 3478 utique
850 3424 1067 3478 semper
1090 3414 1288 3473 erunt,
1321 3408 1494 3461 donec
1518 3404 1799 3476 plenitudo
1827 3405 2069 3475 gentium

460 3502 720 3564 introeat,
753 3508 810 3554 et
844 3501 924 3574 sic
953 3500 1131 3555 omnis
1167 3498 1331 3555 Israel
1358 3497 1540 3553 salvus
1569 3496 1681 3561 ﬁat,
1716 3496 1896 3550 omnis
1927 3494 2076 3548 vide-

461 3591 592 3647 licet
625 3593 938 3647 salvandus.
1000 3591 1137 3645 Nam
1179 3592 1406 3646 istorum
1438 3591 1528 3657 qui
1553 3603 1699 3642 nunc
1724 3595 1851 3641 sunt
1880 3585 2070 3640 infide-

462 3682 596 3736 lium
627 3682 845 3753 augebit
882 3682 1144 3737 Dominus
1169 3681 1376 3751 plagas,
1410 3678 1595 3749 plagas
1622 3694 1843 3747 magnas
1881 3685 1927 3729 et
1954 3692 2070 3745 per-

462 3781 758 3827 severantes
785 3812 800 3837 ,
849 3772 1188 3841 inﬁrmitates
1221 3774 1474 3842 pessimos
1502 3780 1547 3824 et
1574 3780 1852 3840 perpetuas
1876 3784 1896 3822 :
1924 3768 2070 3837 quod

465 3864 573 3918 alia
601 3863 889 3917 translatio
917 3862 1071 3927 dicit,
1094 3862 1280 3933 plagas
1303 3862 1634 3929 verissimus,
1660 3870 1707 3913 et
1732 3859 2070 3927 inﬁrmitates

463 3969 637 4008 veras.
671 3953 806 4008 Item
830 3952 905 4007 ibi
935 3970 947 4005 :
988 3953 1058 4006 Et
1082 3964 1338 4006 convertet
1372 3953 1427 4005 in
1466 3962 1514 4005 te
1552 3968 1728 4005 omnes
1768 3951 2070 4021 aﬂlictiones

471 4042 696 4113 {Egi/pii
717 4059 850 4113 quas
881 4043 1122 4107 timuisti,
1154 4053 1203 4097 et
1237 4044 1580 4098 adha'rebuut
1609 4042 1722 4095 tibi.
1767 4041 1995 4111 Insuper
2021 4049 2073 4093 et

468 4137 739 4188 universos
763 4134 1045 4205 languores
1063 4175 1079 4200 ,
1112 4145 1161 4189 et
1184 4133 1370 4205 plagas
1387 4176 1401 4200 ,
1442 4152 1559 4201 quae
1584 4152 1687 4188 non
1709 4143 1833 4188 sunt
1860 4133 2072 4202 scripta:

469 4223 526 4275 in
547 4222 812 4279 volumine
852 4224 981 4296 legis
1017 4224 1197 4296 hujus,
1237 4226 1449 4279 inducet
1494 4226 1753 4280 Dominus
1810 4241 1969 4295 super
1999 4234 2068 4289 te,

2973 3244 2987 3279 :
3039 3227 3185 3295 quod
3226 3227 3339 3296 jam
3388 3226 3617 3296 jamque
3660 3225 3785 3281 ﬁeri

2173 3326 2412 3390 oportet,
2444 3317 2774 3387 frigescente
2809 3317 3101 3372 multorum
3134 3318 3428 3382 eharitate,
3459 3318 3786 3373 abundante

2176 3411 2379 3481 ubique
2407 3410 2699 3480 iniquitate
2721 3450 2734 3474 ,
2786 3410 3190 3465 incredulorum
3228 3408 3651 3464 convalescente
3684 3411 3788 3464 im-

2173 3502 2466 3573 probitate,
2498 3502 2821 3557 Antichristi
2838 3501 3059 3556 .fallacia
3086 3501 3577 3571 appmpinquante.
3603 3501 3788 3570 Atque

2176 3592 2386 3644 utinam
2419 3589 2639 3658 juberet
2675 3590 3070 3661 religiosissimi
3106 3589 3459 3660 imperatoris
3510 3591 3786 3645 industria

2179 3682 2343 3737 alicui
2375 3681 2442 3737 de
2493 3684 2608 3737 suis
2653 3690 2714 3737 ut
2758 3683 3035 3753 colligeret
3076 3684 3258 3737 omnia
3286 3698 3407 3753 quae
3444 3699 3475 3736 a
3505 3674 3789 3753 magistris

2179 3775 2548 3829 Ecelesiarum
2605 3776 2659 3829 in
2721 3774 3019 3846 Scripturis
3069 3775 3275 3831 sanctis
3330 3775 3399 3830 de
3443 3775 3788 3832 Antichristo

2178 3865 2548 3937 intelligenda,
2595 3866 2680 3919 vel
2709 3866 2953 3936 exposita
2973 3908 2985 3929 ,
3014 3866 3097 3920 vel
3128 3868 3339 3939 signata
3367 3876 3512 3923 sunt.
3570 3867 3789 3923 Valeret

2176 3953 2424 4027 profecto
2471 3956 2540 4009 ad
2583 3956 2856 4010 cautelam
2900 3956 3058 4020 ﬁdei,
3088 3957 3157 4011 ad
3184 3958 3521 4016 erectionem
3550 3959 3690 4027 spei,
3721 3958 3788 4012 ad

2176 4046 2541 4102 roborandam
2570 4056 2625 4102 et
2649 4048 3140 4104 commendandam
3166 4048 3511 4105 dulcedinem
3540 4051 3790 4106 dilectio-

2176 4138 2263 4192 nis
2295 4136 2522 4193 Christi.
2564 4138 2759 4192 Amen.

1406 4479 2127 4594 AGOBARDI
2214 4479 2860 4593 EPISCOPI

1513 4700 1647 4776 AD
1724 4697 2240 4775 PBOCERES
2299 4695 2724 4773 PALATII

554 4871 581 4902 ι
613 4850 1176 4913 CONSULTATIO
1228 4853 1332 4912 ET
1391 4848 1917 4914 SUPPLICATIO
1967 4849 2076 4907 DE
2122 4846 2530 4908 BAPTISMO
2563 4847 3081 4910 JUDAICORUM
3110 4848 3709 4914 MANCIPIORUM.

546 5077 1040 5135 Reverendissimis
1070 5091 1134 5132 ae
1155 5076 1487 5133 beatissimis
1518 5074 1733 5131 domuis
1757 5082 1812 5129 et
1834 5071 2073 5127 dominis
2102 5055 2157 5114 Ῑ)
2182 5079 2236 5127 et
2256 5070 2510 5127 Pati-ibus
2524 5072 2751 5135 sanctis,
2770 5070 3099 5139 1>Adalardo,
3120 5072 3334 5129 Waleet
3350 5085 3371 5113 ο
3406 5074 3786 5136 Helisacharo.

1863 5180 2140 5237 BALUle
2179 5178 2392 5238 NOTAE

548 5317 573 5345 ι
602 5299 955 5373 Consultatio.
986 5299 1050 5373 In
1070 5300 1255 5373 codice
1282 5298 1438 5373 regio
1466 5297 1647 5373 nullus
1682 5296 1871 5351 titulus
1900 5304 2082 5373 cx_sta—

2185 5296 2343 5374 Upde
2372 5304 2428 5374 et
2474 5297 2527 5351 in
2576 5296 2698 5374 aula
2743 5296 2956 5374 Pippini
2986 5298 3266 5374 educatus
3307 5308 3539 5374 est,__ut,
3584 5312 3788 5374 praeter

475 5378 570 5431 hat
600 5374 657 5427 in
698 5371 804 5426 hoc
844 5370 984 5426 loco.
1019 5370 1127 5425 Sed
1158 5372 1211 5423 in
1242 5366 1618 5424 vetustissimo
1664 5383 1889 5437 operum
1940 5366 2083 5437 Δεο-
2184 5367 2340 5433 alios,
2372 5368 2721 5438 docet_etiam
2752 5366 3070 5438 Agebardus
3100 5370 3153 5422 in
3184 5385 3303 5438 cap.
3333 5370 3369 5423 2
3410 5370 3531 5426 libri
3565 5366 3642 5429 De
3667 5376 3788 5431 Dis-

474 5444 632 5501 bardi
662 5441 907 5505 elenebo,
936 5442 1030 5511 qui
1058 5441 1363 5511 descriptus
1387 5447 1473 5494 est
1496 5439 1553 5493 in
1575 5438 1740 5511 finitio
1768 5438 2081 5511 voluminis,

478 5514 668 5570 titulus
689 5512 850 5567 istius
876 5507 1001 5566 libri
1029 5510 1109 5566 sic
1133 5507 1332 5582 legitur
1356 5509 1812 5580 quemadmodum
1842 5523 1941 5562 nos
1969 5507 2084 5563 edi-

482 5587 922 5716 d‘Tufldalardo,
972 5650 1218 5707 Corbeice
1263 5650 1462 5705 veteris
1510 5648 1713 5710 abbati,
1762 5648 1814 5701 in
1856 5646 2083 5701 dioecesi

478 5722 853 5779 Ambianensi.
887 5721 1057 5777 Filius
1085 5722 1186 5776 fuit
1227 5720 1508 5783 Bernardi,
1542 5718 1729 5773 fratris
1756 5717 1971 5787 Pippini
2002 5732 2082 5771 re-

478 5796 586 5868 gis,
630 5794 773 5850 utin
816 5792 934 5865 ejus
978 5793 1103 5847 Vita
1148 5799 1337 5871 narrat
1382 5789 1706 5846 Paschasius
1750 5788 2079 5843 Radbertus.

2184 5439 2505 5563 pensatione
2536 5436 2738 5491 Rerum
2768 5436 3295 5493 Ecclesiasticarum.
3322 5440 3535 5507 Mortuo
3564 5445 3787 5501 demum

2231 5508 2438 5563 ionino.
2466 5506 2805 5563 Adalhardus
2842 5508 2986 5562 inter
3026 5509 3246 5563 intimos
3289 5508 3643 5563 familiarium
3687 5516 3787 5563 Cn-

2231 5508 2438 5579 ippino,
2466 5506 2805 5563 Adalhardus
2842 5508 2986 5562 inter
3026 5509 3246 5564 intimos
3289 5506 3643 5569 familiarium
3687 5516 3788 5571 Ca-

3683 5588 3785 5641 roli

2261 5727 2284 5757 ο
2331 5715 2696 5784 Helisacharo,
2746 5716 3067 5788 presbytero
3116 5724 3171 5773 et
3213 5716 3390 5773 abbati
3437 5716 3788 5801 Centulensis

3443 5797 3785 5855 monasterii,
